4034 6206
324 456 399 510 49
1262 442 1488 501 CODEX
1524 439 1849 497 CANONUM
1892 416 2256 495 UNIVERSJE
2298 438 2675 499 ECCLESL/E.
3523 442 3619 495 50'

325 590 481 633 τους,
516 569 584 628 ὥς
614 564 770 636 μηδὲν
807 563 1163 637 ἡμαρτηκότας
1204 557 1670 635 [ἁμαρτήσαντας],
1705 560 1745 611 εί
1784 560 1867 610 καί
1889 559 1917 614 ἡ

2054 555 2284 624 iderunt,
2316 556 2382 611 ad
2405 556 2646 610 ordinem
2675 556 3003 624 promoveri.
3035 554 3220 611 Visum
3249 566 3334 612 est
3360 571 3507 627 ergo,
3543 568 3598 612 et

330 660 663 739 προλαϐοῦσα
692 658 979 732 εὑρίσκοιτο
1009 654 1126 731 ὀρθὴ
1152 651 1379 722 τοῦ,βίου
1415 651 1674 713 πολιτεία,
1704 669 1801 724 προ
1807 672 1846 717 /_
1853 668 1919 701 ει-

332 757 433 827 [alii
442 752 587 807 σθαι.

401 841 496 896 κδ’.
530 843 647 915 Περί
666 843 766 893 τῶν
792 838 923 912 πρὸς
952 836 1069 907 βίαν
1098 834 1384 897 θυσάντων,
1416 832 1501 886 ἐπί
1527 828 1580 885 δέ
1609 829 1809 888 τούτοις
1839 830 1922 882 καί

328 942 433 988 τῶν
462 932 836 989 δειπνησάντων
866 933 940 988 είς
976 931 1041 982 τά
1070 925 1248 981 εἴδωλα
1273 942 1285 953 ·
1318 924 1429 980 ὅσοι
1456 928 1545 994 μέν
1584 924 1922 995 ἀπαγόμενοι,

334 1026 423 1077 καί
454 1027 693 1092 σχήματι
720 1017 1042 1091 σφοδροτέρῳ
1078 1012 1437 1090 [φαιδροτέρῳ]
1460 1014 1662 1071 ἀνῆλθον
1683 1053 1698 1077 ,
1730 1016 1812 1067 καί
1843 1013 1927 1065 ἐσ-

330 1118 443 1172 θῆτι
476 1114 770 1183 ἐχρήσαντο
789 1108 1226 1181 πολυτελεστέρα,
1254 1108 1332 1159 καί
1356 1107 1615 1175 μετέσχον
1640 1110 1729 1159 τοῦ
1757 1123 1929 1177 παρα-

332 1206 703 1265 σκευωσθέντος
720 1202 923 1257 δείπνου
948 1197 1249 1274 ἀδιαφόρως,
1273 1194 1435 1260 ἔδοξεν
1458 1196 1679 1249 ἐνιαυτὸν
1700 1197 1929 1265 ἀκροᾶσ-

334 1302 439 1363 θαι,
470 1300 749 1353 ὑποπεσεῖν
772 1292 826 1346 δέ
857 1294 980 1369 τρία
1007 1290 1092 1349 ἔτη
1112 1330 1128 1355 ,
1152 1288 1319 1360 εὐχῆς
1362 1286 1415 1341 δὲ
1446 1287 1597 1357 μόνης
1635 1292 1930 1342 κοινωνῆσαι

335 1386 424 1444 ἔτη
456 1386 572 1449 δύο,
595 1388 678 1439 καί
703 1386 816 1439 τότε
846 1382 1003 1435 ἐλθεῖν
1044 1381 1126 1434 ἐπὶ
1148 1381 1205 1434 τὸ
1230 1379 1429 1434 τέλειον.

409 1576 466 1608 κε
483 1594 498 1608 .
528 1552 677 1609 Ὀσοι
703 1552 756 1608 δί
780 1553 981 1609 ἀνῆλθον
1009 1552 1140 1620 μετά
1164 1550 1370 1607 ἐσθῆτος
1399 1548 1630 1605 πενθικῆς
1648 1584 1664 1609 ,
1698 1548 1785 1599 καί
1810 1546 1927 1598 άναι

337 1647 586 1704 πεσόντες
625 1645 806 1717 ἔφαγον
843 1645 1031 1711 μεταξύ
1072 1640 1136 1695 δι’
1170 1640 1287 1699 ὅλης
1329 1654 1422 1698 τῆς
1483 1638 1790 1696 ἀνακλίσεως
1845 1634 1934 1690 δα·

336 1736 604 1811 ιροὶοντες.
628 1738 671 1788 εἰ
689 1735 990 1805 ἐπλήρωσαν
1006 1734 1088 1786 τὸν
1110 1740 1202 1793 τῆς
1229 1733 1583 1791 ὑποπτὼσεως
1609 1732 1780 1803 τριέτη
1805 1728 1935 1802 χρό-

337 1850 444 1890 νον.
469 1831 638 1903 χωρίς
658 1831 952 1900 προσφορᾶς
980 1824 1341 1895 δεχθὰτωσαν.
1369 1826 1424 1877 Ei
1450 1822 1505 1877 δὲ
1531 1826 1599 1893 μή
1619 1820 1821 1895 ἔφαγον,
1845 1819 1934 1874 δύο

2026 660 2141 713 eos,
2158 654 2216 699 ut
2230 647 2320 714 qui
2335 647 2467 700 nihil
2488 654 2817 715 peccassent,
2833 646 2878 701 si
2898 646 3060 701 etiam
3081 645 3390 717 prtecedens
3409 663 3596 703 eorum

2023 736 2146 790 vitae
2172 736 2509 791 instituendas
2530 737 2669 792 ratio
2698 745 2845 792 recta
2870 738 3189 804 inveniatur,
3212 740 3538 808 promoveri.

2100 826 2283 881 XXIV.
2316 862 2386 869 —
2412 828 2463 881 4.
2509 829 2583 883 De
2608 828 2693 883 his
2722 830 2813 898 qui
2840 844 2937 899 per
2964 829 3073 883 vim
3102 829 3601 895 immolaverunt,et

2026 927 2285 988 praeterea
2328 918 2395 973 ad
2435 919 2575 973 idola
2613 927 2959 975 cmnaverunt
2990 938 3003 972 :
3036 921 3339 991 quicunque
3385 922 3603 979 abducti

2026 1008 2240 1078 quidem
2271 1019 2324 1062 et
2366 1008 2569 1063 laetiore
2597 1010 2782 1064 habitu
2818 1002 3187 1078 accesserunt,
3212 1019 3268 1067 et
3293 1020 3445 1068 veste
3472 1028 3601 1083 pre-

2028 1099 2236 1152 tiosiori
2278 1100 2357 1152 usi
2388 1107 2530 1164 sunt,
2578 1107 2635 1153 et
2676 1108 2988 1169 praeparata:
3033 1116 3199 1158 omna).
3240 1098 3605 1160 indiﬂ'erenter

2028 1188 2317 1257 participes
2352 1186 2586 1257 fuerunt,
2616 1190 2817 1259 placuit
2856 1205 2951 1246 eos
2999 1193 3141 1248 inter
3179 1194 3461 1250 audientes
3496 1210 3604 1249 uno

2031 1293 2172 1333 anno
2202 1280 2473 1344 constitui,
2506 1281 2675 1335 tribus
2704 1290 2881 1336 autem
2912 1284 3067 1337 annis
3090 1284 3359 1339 substerni
3388 1301 3453 1341 ac
3474 1302 3606 1356 sup-

2030 1370 2199 1439 plices
2220 1371 2471 1433 esse,soli
2502 1380 2679 1427 autem
2711 1374 2941 1428 orationi
2962 1375 3169 1431 duobus
3195 1378 3348 1432 annis
3369 1393 3612 1433 eommu~

2033 1463 2233 1526 nicare,
2264 1471 2319 1517 et
2349 1472 2474 1517 tunc
2509 1463 2575 1517 ad
2604 1466 2991 1533 perfectionem
3014 1468 3293 1523 accedere.

2107 1552 2266 1607 XXV.
2297 1581 2368 1592 ο·-
2394 1552 2443 1607 5.
2486 1549 2799 1625 Quicunque
2836 1566 3016 1612 autem
3060 1574 3179 1614 cum
3207 1570 3357 1615 veste
3401 1562 3612 1631 lugubri

2036 1653 2417 1711 accesserunt,
2469 1654 2523 1699 et
2563 1647 2937 1703 accumbentes
2988 1651 3358 1717 comederunt,
3406 1653 3613 1710 interea

2037 1741 2153 1787 toto
2185 1743 2424 1803 tempore
2470 1737 2745 1792 accubitus
2772 1737 3037 1809 laerymas
3066 1741 3367 1808 fundentes,
3398 1745 3443 1799 si
3473 1760 3617 1800 comv

2036 1822 2319 1891 pleverunt
2343 1824 2719 1880 substrationis
2744 1828 3009 1884 triennale
3046 1838 3276 1901 tempus,
3310 1834 3426 1889 sine
3465 1835 3616 1889 obla-

339 1919 691 1977 ὑποπεσόντες
708 1916 821 1979 ἔτη,
838 1924 911 1986 τῷ
931 1920 1087 1990 τρίτῳ
1104 1916 1555 1973 κοινωνησάτωσαν
1580 1918 1747 1989 χωρὶς
1772 1932 1933 1985 προσ-

2052 1914 2183 1969 :ione
2215 1917 2559 1984 recipiantur.
2584 1916 2641 1972 Si
2662 1926 2841 1974 autem
2870 1936 2977 1975 non
2999 1923 3369 1992 comederunt,
3399 1926 3639 1982 biennio.

341 2016 524 2084 φορᾶς,
551 2011 636 2063 ἶνα
661 2009 718 2062 τὸ
740 2009 993 2078 τέλει’,ντῇ
1016 2011 1287 2077 τετραετίᾳ
1321 2006 1565 2060 λάϐωσιν.
1588 2007 1716 2063 Τοὺς
1746 2003 1800 2059 δὲ
1830 2005 1937 2057 ἐπι-

343 2102 570 2161 σκόπους
600 2103 835 2163 ἐξουσίαν
864 2100 1008 2171 ἔχειν
1043 2098 1324 2168 (Subinlel.
1350 2098 1508 2167 ἔδοξε)
1536 2100 1618 2152 τὸν
1642 2097 1939 2172 τρόπονιτῆς

344 2194 655 2267 ἐπιστροφῆς
684 2193 1060 2261 δοκιμάσαντας
1098 2193 1613 2269 “meammeam,
1652 2190 1682 2249 ἣ
1735 2191 1941 2246 πλείονα

344 2286 667 2356 προστιθέναι
692 2285 903 2359 χρόνον.
937 2286 1034 2359 Πρὸ
1075 2286 1275 2338 πάντων
1382 2283 1511 2338 καὶὸ
1542 2285 1781 2359 προάγων
1804 2284 1937 2352 βίος,

346 2379 428 2428 καί
457 2376 483 2430 ὁ
512 2378 643 2445 μετὰ
670 2383 857 2440 ταῦτα,
893 2377 1199 2440 ἐξεταζέσθω
1222 2389 1237 2404 ⁸
1280 2378 1363 2428 καί
1390 2374 1550 2433 οἷτως
1593 2376 1623 2430 ἡ
1671 2374 1938 2448 φιλανθρω-

348 2468 442 2520 πία
472 2469 856 2540 ἐπιμετρείσθω.

424 2644 519 2704 ις’.
560 2647 679 2718 Περὶ
709 2650 810 2698 τῶν
847 2643 1029 2716 ἀπειλῇ
1067 2642 1214 2713 μόνον
1262 2644 1496 2707 εἰξάντων
1538 2642 1821 2707 κολάσεως,
1861 2646 1945 2697 καί

349 2734 406 2803 ἐξ
418 2736 658 2806 ωρέσεως
689 2734 1051 2809 ὑπαρχόντων,
1076 2733 1104 2790 ἧ
1136 2734 1389 2803 μετοικίας
1407 2772 1421 2797 ,
1443 2735 1525 2786 καί
1548 2733 1834 2795 θυσάντων,
1859 2732 1946 2784 καί

346 2825 513 2895 μεχρι
537 2832 633 2879 τοῦ
652 2826 903 2900 παρόντος
927 2832 1103 2898 καιροῦ
1126 2830 1197 2896 μή
1221 2825 1659 2895 μετανοησάντων,
1686 2822 1811 2896 μηδὲ
1833 2825 1946 2878 ἐπι-

350 2916 705 2989 στρεψάντων,
728 2924 814 2969 νῦν
842 2915 893 2970 δέ
918 2920 1062 2989 παρὰ
1088 2917 1171 2969 τόν
1196 2918 1369 2988 καιρόν
1382 2926 1475 2976 τῆς
1494 2913 1707 2971 συνόδου
1731 2914 1945 2988 προσελ-

348 3009 558 3074 θόντων,
590 3012 676 3062 καί
699 3014 769 3067 είς
796 3008 1016 3063 διάνοιαν
1036 3017 1129 3070 τῆς
1150 3009 1456 3082 ἐπιστροφῆς
1483 3011 1773 3082 γενομένων
1800 3006 1945 3071 ἔδοξε

350 3103 517 3173 La
570 3112 661 3161 τῆς
700 3104 917 3175 μεγάλης
957 3105 1149 3177 ἡμέρας
1180 3106 1251 3163 εἰς
1278 3104 1521 3179 ἀκρόασιν
1554 3103 1832 3172 δεχθῆναι,
1864 3105 1948 3157 καὶ

352 3198 486 3261 μετὰ
522 3199 613 3251 τήν
649 3195 863 3264 μεγάλην
894 3196 1080 3268 vigilata
1102 3196 1382 3249 ὑποπεσεῖν
1408 3199 1526 3267 τρία
1559 3195 1674 3261 ἔτη,
1702 3199 1786 3250 καί
1816 3198 1945 3265 μετά

2041 2004 2313 2068 substrati,
2347 2007 2504 2059 tertio
2545 2021 2686 2062 anno
2734 2011 3148 2065 communicent
3175 2014 3291 2069 sine
3319 2015 3641 2082 oblatione,

2042 2100 2102 2146 ut
2123 2094 2507 2161 perfectionem
2534 2096 2888 2163 quadriennio
2916 2110 3335 2169 consequantur.
3367 2104 3617 2176 Episcopi
3644 2156 3645 2159 η

2042 2192 2222 2238 autem
2250 2194 2575 2254 potestatem
2592 2188 2849 2258 habeant,
2879 2191 3098 2245 modum
3126 2195 3494 2252 conversionis
3522 2214 3618 2253 eo-

2041 2288 2158 2326 rum
2187 2278 2574 2343 examinantes,
2590 2287 2682 2332 aut
2707 2281 2991 2335 humanius
3018 2283 3208 2350 agendi
3236 2285 3316 2338 vel
3344 2286 3463 2355 plus
3484 2296 3622 2343 tem-

2042 2362 2191 2430 poris
2232 2362 2534 2431 adjicieudi.
2589 2365 2727 2422 Ante
2776 2368 2957 2422 omnia
3006 2378 3186 2425 autem
3216 2382 3272 2426 et
3314 2377 3622 2442 praecedens

2042 2451 2172 2517 vita,
2219 2461 2274 2507 et
2315 2469 2436 2523 quae
2463 2466 2749 2512 consecuta
2779 2466 2881 2525 est,
2931 2460 3287 2529 examinetur,
3330 2474 3382 2519 et
3418 2466 3495 2522 sic
3546 2470 3624 2523 eis

2043 2540 2326 2596 clementia
2359 2544 2714 2614 impertiatur.

2115 2629 2305 2686 XXVI.
2334 2666 2405 2675 —
2431 2636 2479 2689 6.
2526 2636 2602 2693 De
2630 2638 2713 2693 his
2752 2642 2842 2708 qui
2883 2643 3039 2698 minis
3079 2652 3285 2700 tantum
3323 2664 3623 2719 pmnarum,

2045 2731 2138 2777 aut
2164 2725 2479 2793 privationis
2516 2728 2848 2800 facultatum,
2882 2744 2974 2789 aut
3018 2735 3409 2805 deportationis
3445 2756 3626 2797 cesse-

2046 2823 2191 2881 runt,
2222 2826 2277 2871 et
2316 2818 2744 2888 immolaverunt,
2777 2833 2832 2879 et
2857 2826 2922 2880 ad
2946 2843 3180 2896 praesens
3216 2847 3384 2902 usque
3416 2840 3625 2903 tempus

2044 2905 2416 2973 paenitentiam
2456 2924 2564 2963 non
2593 2920 2847 2981 egerunt,
2878 2930 2977 2971 nec
3017 2920 3265 2974 conversi
3294 2934 3451 2988 sunt;
3485 2939 3627 2978 nunc

2048 3005 2226 3052 autem
2256 2999 2396 3053 circa
2430 3010 2639 3072 tempus
2666 3005 2853 3074 synodi
2875 3022 2935 3061 se
2965 3008 3290 3077 obtulerunt,
3324 3022 3378 3067 et
3405 3030 3628 3069 conver-

2047 3090 2214 3144 sionis
2244 3092 2623 3160 cogitationem
2667 3095 2955 3152 induerunt
2986 3117 2999 3151 :
3031 3100 3233 3168 placuit
3262 3103 3328 3155 ad
3376 3120 3627 3173 magnum

2048 3195 2219 3249 usque
2242 3181 2383 3235 diem
2412 3198 2505 3238 eos
2532 3185 2672 3239 inter
2702 3188 2979 3244 audientes
3018 3190 3245 3257 admitti,
3290 3202 3343 3248 et
3372 3203 3493 3262 post
3517 3212 3629 3249 ma-

353 3281 479 3337 οῗεὶα
510 3284 604 3337 δύο
629 3283 789 3357 [τρία]
817 3284 910 3343 ἔτη
931 3325 944 3348 ,
978 3295 1278 3344 κοινωνῆσαι
1315 3290 1482 3360 χωρίς
1510 3292 1835 3361 προσφορᾶς,
1864 3288 1945 3340 καί

2052 3284 2209 3338 gnum
2235 3272 2375 3327 diem
2416 3276 2647 3331 triennio
2678 3279 2945 3334 substerni
2981 3299 2992 3333 :
3025 3290 3081 3336 et
3108 3285 3449 3352 postmodum
3497 3287 3630 3343 duo-

359 3377 521 3436 οὕτως
557 3378 707 3429 ἐλθεῖν
736 3380 822 3430 ἐπὶ
859 3378 917 3430 τὸ
946 3379 1162 3443 τέλειον,
1206 3379 1341 3431 ὥστε
1371 3382 1461 3435 τὴν
1502 3383 1678 3432 πᾶσαν
1722 3379 1947 3441 ἐξαετξαν

360 3471 647 3541 πληρῶσαι.
678 3475 736 3521 Εἰ
758 3468 813 3522 δέ
840 3490 966 3529 τινες
996 3471 1095 3544 πρὸ
1126 3478 1216 3529 τῆς
1238 3468 1452 3524 συνόδου
1484 3473 1639 3530 αὐτῆς
1663 3469 1949 3541 ὶδέχθησαν

361 3563 431 3619 εἰς
457 3562 743 3627 μετάνοιαν,
772 3560 861 3613 ἀπ’
890 3562 1073 3613 ἐκείνου
1102 3568 1192 3614 τοῦ
1223 3562 1411 3635 χρόνου
1451 3562 1733 3635 λεληίσθαι
1771 3565 1948 3623 αὐτοῖς

361 3658 449 3705 τήν
475 3653 647 3722 ἀρχὴν
684 3658 775 3708 τῆς
804 3651 1047 3712 ἐξαετίας.
1078 3655 1137 3703 Ei
1159 3653 1247 3720 μέν
1283 3673 1361 3705 τοι
1382 3650 1599 3711 κίνδυνος
1627 3655 1709 3704 καί
1730 3653 1945 3707 θανάτου

363 3738 643 3812 προτδοκία
682 3741 738 3792 ὲκ
777 3741 924 3793 νόσου
950 3740 979 3797 ἦ
1008 3738 1158 3801 ἄλλης
1198 3745 1328 3802 τινὸς
1356 3745 1653 3815 προφάσεως
1687 3744 1946 3814 συμϐαίη,

364 3830 583 3887 τούτους
608 3829 692 3881 ἐπὶ
721 3826 821 3902 ὅρῳ
853 3828 1118 3899 δεχθῆναι.

440 4000 532 4060 κζ.
564 4002 680 4072 Περὶ
706 4007 803 4053 τῶν
831 4003 1260 4056 συνεστιαθέντων
1290 4004 1338 4057 ἐν
1365 4003 1513 4078 ἑορτῇ
1534 4004 1694 4077 ἐθνικῇ
1727 4006 1779 4059 ἐν
1812 4004 1953 4076 τόπῳ

367 4093 692 4165 ἀφωρισμέναι
718 4101 825 4152 τοῖς
861 4095 1059 4154 ἐθνικοῑς
1077 4138 1091 4159 ,
1117 4093 1219 4149 ἴδια
1246 4096 1498 4167 βρώματα
1529 4097 1956 4168 ἔπικομισαμένων

374 4186 459 4233 καί
478 4182 725 4251 φαγόντων
741 4221 757 4246 ,
782 4180 921 4245 ἔδοξε
949 4180 1136 4237 διετίαν
1155 4186 1512 4245 ὑποπεσόντας
1534 4184 1791 4256 δεχθῆναι.
1816 4190 1881 4241 Τὸ
1899 4185 1954 4243 δέ

372 4276 419 4324 εἰ
458 4277 565 4343 χρή
604 4275 731 4341 μετὰ
766 4282 856 4331 τῆς
896 4280 1189 4349 προσφορᾶς
1213 4315 1227 4337 ,
1273 4276 1481 4329 ἕκαστον
1522 4284 1621 4330 τῶν
1665 4278 1956 4334 ἐπισκόπων

371 4362 643 4434 δοκιμάσαι
661 4406 673 4429 ,
703 4368 785 4419 καί
810 4368 895 4419 τόν
937 4361 1079 4419 ἄλλον
1106 4362 1218 4436 βίον
1246 4367 1317 4437 ἐφ’
1340 4368 1557 4421 ἑκάστου
1586 4371 1800 4432 ἀξιῶσαι
1824 4369 1954 4442 [ἔξεο

370 4453 573 4524 {iam}.

452 4547 542 4604 κη’.
587 4548 646 4599 Oi
683 4545 735 4600 δὲ
765 4544 996 4622 δεύτερον
1034 4549 1116 4599 καί
1157 4548 1324 4615 τρίτον
1360 4549 1607 4609 θύσαντες
1636 4552 1766 4621 μετὰ
1805 4552 1952 4621 βίας,

2049 3362 2149 3415 bus
2171 3363 2326 3417 annis
2346 3364 2462 3419 sine
2486 3366 2759 3423 oblatione
2777 3373 3171 3427 communicare
3196 3392 3208 3426 :
3235 3383 3289 3429 et
3310 3375 3385 3430 sic
3415 3376 3630 3432 demum

2049 3468 2145 3506 sex
2172 3454 2326 3507 annis
2353 3457 2602 3524 peractis,
2638 3459 2703 3512 ad
2744 3459 3127 3528 perfectionem
3159 3466 3361 3521 venire.
3416 3468 3471 3522 Si
3500 3484 3630 3525 vero

2050 3544 2264 3612 quidam
2295 3554 2421 3600 ante
2449 3547 2588 3603 hanc
2616 3548 2877 3619 synodum
2904 3552 2972 3606 ad
3012 3555 3383 3623 paenitentiam
3414 3559 3633 3616 admissi

2051 3644 2195 3697 sunt,
2222 3636 2290 3690 ab
2318 3637 2410 3691 illo
2456 3647 2697 3707 tempore
2726 3640 2804 3695 eis
2830 3644 3070 3697 sexenuii
3113 3645 3323 3700 initium
3352 3659 3635 3720 compute-

2054 3733 2157 3782 tur.
2209 3726 2313 3781 Sed
2360 3729 2405 3781 si
2459 3730 2752 3798 perieulum
2806 3724 3101 3805 mortisque
3150 3740 3503 3806 exspectatio,
3561 3757 3631 3797 ex

2054 3819 2243 3873 morbo
2285 3829 2379 3875 aut
2424 3821 2601 3890 aliqua
2644 3824 2948 3893 occasione,
2996 3827 3308 3897 contigerit,
3340 3832 3632 3889 secundum

2054 3926 2315 3966 canonem
2342 3914 2690 3983 recipiantur.

2126 3999 2465 4057 XXVII.—7.
2490 4003 2566 4058 De
2588 4004 2670 4060 his
2693 4006 2784 4074 qui
2808 4006 2861 4060 in
2892 4006 3028 4063 festo
3056 4022 3408 4083 paganorum,
3436 4015 3486 4069 in
3518 4016 3638 4074 loco

2055 4092 2342 4159 gentilibus
2364 4092 2641 4163 deputato,
2674 4097 2945 4151 convivali
2978 4106 3121 4165 sunt,
3147 4108 3201 4155 et
3222 4104 3470 4172 proprios
3490 4107 3640 4164 cibos
3728 4083 3735 4090 ’

2055 4182 2352 4263 attulerunt
2386 4192 2441 4238 et
2470 4185 2839 4253 comederunt,
2872 4188 3090 4258 placuit,
3122 4206 3244 4245 cum
3273 4193 3490 4251 biennio
3517 4199 3643 4253 sub-

2059 4274 2213 4327 strati
2238 4272 2454 4339 fuerint,
2470 4290 2590 4331 esse
2610 4278 2963 4346 recipiendos.
2981 4278 3168 4335 Utrum
3191 4296 3322 4337 vero
3352 4299 3474 4340 cum
3492 4288 3639 4343 obla-

2058 4366 2205 4421 tione
2220 4381 2314 4421 eos
2334 4367 2581 4436 recipere
2608 4376 2878 4439 oporteat,
2910 4386 3341 4443 unumquemque
3363 4377 3645 4448 episcopo-

2057 4471 2176 4509 rum
2197 4457 2505 4511 examinare
2526 4459 2751 4513 etaliam
2771 4460 2933 4514 vitam
2948 4460 3000 4515 in
3015 4477 3337 4533 unoquoque
3353 4466 3642 4537 inquirere.

2130 4546 2363 4602 XXVIII.
2388 4581 2458 4591 —
2485 4547 2539 4604 8.
2566 4549 2667 4616 Qui
2696 4560 2873 4605 autem
2901 4552 2983 4607 bis
3009 4553 3090 4607 vel
3122 4562 3205 4609 ter
3231 4555 3646 4615 immolaverunt

373 4641 671 4709 τετραετίαν
694 4640 1117 4707 ὐποπεσίτωσαν,
1144 4637 1234 4693 δύο
1270 4638 1322 4693 δὲ
1346 4638 1437 4698 ἔτη
1476 4646 1641 4711 χωρὶς
1668 4649 1945 4719 προσφορᾶς

2063 4638 2255 4703 coacti,
2288 4650 2519 4706 quatuor
2547 4640 2701 4694 annis
2731 4641 3141 4697 substernantur
3170 4662 3181 4695 :
3207 4644 3417 4703 duobus
3463 4657 3643 4704 autem

374 4730 837 4791 κοςσωνησάτωσαν,
872 4732 957 4783 καί
984 4737 1058 4801 τῷ
1079 4728 1279 4799 ἑϐδόμῳ
1305 4730 1502 4791 τελείως
1533 4730 1883 4801 δεχθήτωσαν.

452 4906 504 4955 λθ
521 4944 533 4954 .
560 4902 705 4958 Ὀσοι
726 4903 777 4957 δέ
809 4910 877 4973 μὴ
900 4904 1043 4975 μόνον
1068 4906 1367 4961 ἀπέστησαν
1385 4946 1399 4969 ,
1428 4907 1549 4960 ἀλλὰ
1572 4909 1655 4959 καί
1685 4907 1953 4965 ἐπανέστη·

368 5018 474 5048 σαν
498 4999 578 5048 καί
599 4996 888 5067 ἠνάγκασαν
914 4993 1176 5067 ἀδελφοὺς,
1192 5000 1273 5049 καί
1293 4993 1440 5051 αἴτιοι
1460 4999 1682 5068 ἐγένοντο
1696 5006 1786 5053 τοῦ
1807 5001 1961 5071 ἀναγ-

369 5090 619 5145 ιασθὴναι
638 5126 653 5149 ,
687 5084 830 5141 οὗτοι
859 5086 945 5147 ἔτη
968 5091 1055 5160 μὲν
1088 5090 1204 5161 τρία
1234 5089 1315 5142 τίν
1340 5097 1430 5147 τῆς
1459 5091 1746 5165 ἀκροάσεως
1777 5088 1960 5154 δεξάσ-

367 5181 544 5233 εωσαν
573 5180 725 5232 τόπον
745 5220 759 5241 ,
795 5182 847 5232 ἓν
870 5178 923 5233 δὲ
959 5176 1078 5252 ἄλλῃ
1107 5180 1308 5254 ἐξαετίᾳ
1344 5180 1430 5234 τόν
1458 5189 1548 5241 τῆς
1577 5182 1963 5244 ὑποπτὼσεως,

366 5270 520 5325 ἄλλον
551 5270 604 5325 δὲ
629 5272 852 5325 ἐνιαυτὸν
882 5263 1332 5329 κοινωνησάτωσαν
1355 5265 1519 5345 χωρίς
1543 5278 1859 5346 πρνρσφορᾶς,
1882 5273 1966 5339 ἶνα

364 5370 463 5420 τήν
508 5363 774 5417 δεκαετίαν
805 5364 1198 5437 πληρώσαντες,
1240 5371 1331 5420 τοῦ
1373 5365 1561 5419 τελείου
1608 5364 1962 5433 μετάτχωσιν.

364 5454 451 5507 Ἐν
472 5456 647 5522 μέντοι
668 5455 833 5523 τούτῳ
872 5462 946 5526 τῷ
977 5456 1174 5527 χρόνῳ,
1207 5455 1394 5509 καὶτὸν
1424 5452 1569 5509 ἄλλον
1599 5455 1760 5507 αὐτῶν
1787 5460 1963 5511 imm-

364 5546 575 5617 μεῖσθαι
596 5544 726 5612 βίον.

450 5659 509 5709 λ’.
546 5660 765 5711 Δάκςνοι
785 5656 895 5713 ὅσοι
933 5660 1287 5721 καθίστανται,
1320 5678 1427 5733 παρ
1471 5658 1627 5714 αὐτήν
1690 5661 1778 5714 τήν
1816 5658 1969 5711 κατά·

360 5768 565 5803 στασιν
588 5748 630 5799 εί
648 5749 1000 5821 ἐμαρτύραντο
1015 5743 1475 5824 [ἐμαρτυρήσαντο]
1502 5750 1585 5799 καί
1614 5744 1805 5817 ἔφασαν
1831 5754 1968 5816 χρῆ·

362 5862 464 5894 ναι
500 5847 738 5909 γαμῆσαι
780 5837 1028 5912 hquis],
1059 5845 1127 5910 μή
1156 5839 1417 5908 δυνάμενοι
1446 5839 1580 5895 οὕτω
1608 5842 1790 5911 μένειν,
1823 5834 1965 5892 οὗτοι

361 5934 515 6001 μετὰ
556 5936 715 5985 ταῦτα
743 5936 1085 6001 γαμήσαντες,
1118 5930 1343 5987 ἴστωσαν
1376 5932 1421 5985 ίν
1452 5938 1510 6001 τῇ
1556 5932 1809 6005 ὑπηρεσίᾳ
1837 5969 1849 5996 ,
1881 5927 1965 5984 διὰ

2066 4730 2219 4784 annis
2248 4730 2363 4785 sine
2386 4731 2659 4786 oblatione
2695 4734 3118 4799 communicent,
3152 4742 3207 4790 et
3233 4737 3463 4805 septimo
3503 4753 3646 4795 anno

2066 4822 2301 4893 perfecte
2324 4824 2670 4893 recipiantur.

3676 4884 3684 4905 f

2138 4911 2327 4965 XXIX.
2357 4941 2429 4951 --
2452 4913 2503 4967 9.
2546 4914 2859 4984 Quicunque
2888 4929 3066 4972 autem
3109 4931 3213 4971 non
3259 4916 3431 4970 solum
3469 4917 3646 4973 desci-
3673 4912 3681 4957 ί

2066 5009 2278 5064 verunt,
2302 5000 2395 5054 sed
2417 5001 2578 5055 etiam
2609 5002 3033 5065 insurrexerunt,
3059 5013 3112 5057 et
3133 5002 3327 5057 fratres
3355 5018 3482 5057 suos
3498 5019 3648 5059 com-

2066 5090 2341 5160 pulerunt,
2387 5098 2443 5144 et
2470 5105 2644 5146 causa:
2690 5090 2905 5146 fuerunt
2951 5100 3008 5145 ut
3055 5099 3395 5158 cogerentur,
3427 5092 3462 5145 ii
3492 5093 3650 5149 annis

2068 5180 2281 5249 quidem
2310 5180 2476 5235 tribus
2500 5181 2788 5235 auditionis
2822 5181 2995 5234 locum
3038 5178 3347 5248 suscipiant,
3382 5196 3480 5249 per
3503 5181 3666 5235 aliud-

2069 5285 2199 5326 vero
2229 5273 2542 5327 sexennium
2571 5272 2998 5334 substernantur,
3024 5271 3129 5323 alio
3159 5279 3337 5325 autem
3364 5288 3505 5327 anno
3534 5273 3650 5327 sine

2075 5362 2350 5416 oblatione
2380 5360 2778 5415 communicent
2813 5377 2826 5412 :
2860 5367 2920 5413 ut
2960 5360 3221 5415 deeennio
3251 5370 3494 5430 peracto,
3527 5376 3651 5430 per-

2072 5450 2357 5505 fectionem
2387 5459 2805 5518 consequantur.
2836 5448 2893 5501 In
2920 5464 2986 5503 eo
3026 5458 3204 5503 autem
3248 5449 3365 5519 ipso
3406 5457 3652 5520 tempore

2077 5552 2135 5597 et
2153 5543 2255 5596 alia
2288 5558 2473 5598 eorum
2500 5544 2604 5595 vita
2636 5541 2967 5596 observanda
2990 5550 3089 5596 est.

2147 5650 2309 5705 XXX.
2340 5682 2408 5691 —
2439 5651 2523 5704 10.
2554 5651 2773 5706 Diaconi
2802 5652 3109 5720 quicunque
3156 5650 3495 5718 ordinantur,
3518 5652 3561 5706 si
3589 5652 3646 5707 in

2075 5744 2187 5812 ipsa
2220 5742 2558 5797 ordinatione
2609 5743 2892 5811 protestati
2944 5749 3087 5804 sunt,
3118 5748 3171 5793 et
3198 5740 3449 5795 dixerunt
3480 5755 3646 5808 opor-

2076 5844 2190 5889 tere
2219 5850 2275 5889 se
2305 5850 2503 5890 uxores
2533 5835 2751 5899 ducere,
2780 5850 2900 5890 cum
2933 5849 3039 5888 non
3065 5832 3271 5901 possint
3296 5832 3373 5886 sic
3402 5844 3638 5895 manere,

2074 5925 2125 5979 hi
2156 5926 2197 5981 si
2229 5925 2569 5997 postmodum
2598 5941 2789 5981 uxores
2811 5924 3077 5986 duxerint,
3096 5921 3202 5975 sint
3231 5922 3283 5975 in
3311 5920 3639 5985 ministerio;
