4034 6206
598 469 656 523 Μ
1869 468 2226 525 DIONYSIUS
2257 470 2574 527 EXIGUL'S.
3798 474 3852 529 5‘5

595 586 651 637 τό
678 586 1013 658 ἐπιτραπῆναι
1053 588 1238 647 αὐτοὺς
1274 589 1376 641 ὑπὸ
1406 592 1493 640 τοῦ
1524 586 1803 640 ἐπισκόπου
1851 594 2012 641 Τοῦτο
2041 585 2093 641 δέ
2133 607 2152 639 ε

2280 599 2345 640 eo
2373 586 2518 655 quod
2548 588 2625 641 eis
2650 586 2934 655 episcopus
2956 587 3057 641 hoc
3086 588 3433 641 concesserit.
3460 587 3516 642 Si
3540 580 3636 657 qui
3675 601 3852 645 autem

594 694 722 735 τινες
746 679 1130 741 σιωπήσαντες,
1160 680 1246 729 καί
1278 678 1657 745 καταδεξάμενοι
1696 678 1748 730 ἐν
1783 684 1845 751 τῇ
1891 678 2176 749 χειροτονίᾳ

594 767 749 835 μένειν
777 765 941 830 οὕτω,
972 769 1104 836 μετὰ
1140 773 1304 823 ταῦτα
1343 763 1487 827 ἦλθον
1510 769 1593 823 ἐπί
1634 769 1793 840 γάμον
1815 807 1833 834 ,
1879 771 2173 825 πεπαῦσθαι

591 856 774 917 αὐτοὺς
794 866 884 923 τῆς
910 856 1183 921 διακονίας.

659 947 752 1002 λα’.
782 950 885 1017 Τάς
929 950 1329 1018 μνηστευθείσας
1361 950 1535 1024 κόρας,
1574 955 1659 1006 καί
1697 953 1827 1024 μετά
1864 957 2031 1007 ταῦτα
2074 950 2174 1005 ὑπὸ

591 1034 748 1090 ἄλλων
776 1038 1115 1112 ἁρπαγείσας,
1147 1038 1310 1106 ἔδοξεν
1340 1040 1670 1101 άποδιδόσθαι
1698 1051 1803 1104 τοῖς
1832 1063 2174 1113 προμνηστευ-

590 1130 845 1195 σαμένοις,
872 1132 916 1183 εἰ
942 1133 1029 1183 καί
1052 1130 1169 1199 βίαν
1190 1129 1280 1183 ὑπ’
1316 1133 1476 1186 αὐτῶν
1503 1132 1726 1186 πάθοιεν.

658 1216 757 1270 λς’.
792 1221 921 1278 Τοὺς
948 1220 1049 1294 πρὸ
1071 1227 1165 1280 ,τοῦ
1192 1220 1552 1290 βαπτίσματος
1585 1221 1857 1282 τεθυκότας
1875 1260 1889 1282 ,
1929 1226 2014 1276 καί
2041 1228 2170 1293 μετά

590 1314 754 1364 ταῦτα
778 1310 1173 1379 βαπτισθέντας,
1216 1309 1387 1376 ἔδοξεν
1429 1315 1500 1372 είς
1544 1315 1681 1376 τάξιν
1722 1314 2068 1385 προάγεσθαι,
2103 1316 2170 1374 ὡς

590 1394 1061 1473 ἀπολουσαμένους.

656 1493 747 1565 λγ’.
778 1495 1188 1570 Χωρεπισκόποις
1218 1502 1285 1569 μή
1316 1500 1511 1562 ἐξεῖναι,
1532 1499 1913 1572 πρεσϐυτέρους
1941 1497 1969 1556 ἦ
1999 1497 2167 1554 διακό-

592 1601 696 1644 νους
716 1593 1049 1659 χειροτονεῖν,
1072 1586 1195 1640 ἀλλὰ
1219 1586 1345 1656 μηδὲ
1370 1588 1597 1659 πρεσϐυτ
1609 1590 1754 1663 έρους
1776 1587 1987 1655 πόλεως,
2011 1593 2173 1664 χωρίς

590 1679 679 1725 τοῦ
707 1676 1042 1748 ἐπιτραπῆναι
1078 1678 1178 1731 ὑπὸ
1223 1683 1309 1730 τοῦ
1352 1679 1632 1735 ἐπισκόπου
1660 1679 1787 1747 μετά
1824 1682 2166 1750 γραμμάτων,

593 1770 642 1820 ἰν
669 1767 816 1840 ἑτέρᾳ
841 1765 1073 1837 [ἑκάστῃ]
1099 1771 1338 1842 παροικίᾳ
1371 1776 1408 1821 ⁸.

656 1857 743 1913 λό’.
773 1862 903 1920 Τοὺς
924 1861 972 1912 ἐν
994 1861 1156 1932 κλήρῳ
1176 1862 1553 1936 πρεσϐυτέρους
1573 1862 1601 1919 ἦ
1626 1859 1882 1920 διακόνους
1904 1859 2069 1925 ὄντας,
2084 1865 2167 1914 καί

2279 676 2563 740 tacuerint,
2592 684 2648 731 et
2695 676 2748 730 in
2776 674 3149 741 ordinatione,
3193 684 3251 731 ut
3296 677 3371 732 ita
3401 687 3703 745 manerent,
3737 697 3852 737 sus-

2277 770 2418 838 cepti
2440 756 2583 838 sunt,
2612 777 2798 829 postea
2828 769 2896 824 ad
2920 770 3132 840 nuptias
3152 770 3420 837 venerint,
3447 771 3480 824 ii
3510 786 3541 825 a
3567 772 3852 828 diaconatu

2278 869 2508 935 cessent.

2348 949 2535 1005 XXXI.
2560 983 2630 994 —
2665 951 2750 1007 11.
2783 951 3143 1022 Desponsatas
3168 952 3390 1022 puellas,
3410 961 3467 1007 et
3495 951 3562 1007 ab
3582 952 3706 1007 aliis
3734 968 3852 1023 pos-

2278 1052 2361 1097 tea
2391 1052 2593 1113 raptas,
2636 1044 2839 1113 placuit
2877 1043 2942 1099 iis
2967 1043 3120 1099 reddi
3159 1044 3352 1114 quibus
3375 1044 3715 1114 desponsata
3744 1044 3852 1099 fue-

2276 1140 2415 1195 rant,
2447 1134 2607 1189 etiam
2636 1134 2681 1188 si
2704 1134 2810 1189 vim
2841 1150 3011 1205 passa:
3040 1142 3185 1192 sunt.
3227 1191 3238 1200 _

2348 1223 2563 1278 XXXII.
2587 1254 2655 1265 —-
2685 1224 2771 1279 i2.
2798 1223 2905 1281 Eos
2925 1224 3018 1293 qui
3066 1232 3191 1279 ante
3215 1224 3483 1293 baptisma
3539 1224 3852 1280 Immolave-

2275 1323 2419 1379 runt,
2460 1325 2516 1371 et
2561 1324 2749 1385 postea
2795 1315 3050 1385 baptizati
3079 1323 3223 1378 sunt,
3267 1315 3465 1384 placuit
3512 1313 3580 1369 ad
3611 1314 3852 1370 ordinem

2275 1405 2525 1475 provehi,
2559 1414 2618 1459 ut
2642 1405 2734 1477 qui
2763 1404 2930 1459 abluti
2960 1413 3085 1459 sunt

2347 1495 2574 1549 XXXIII.
2598 1528 2665 1538 --
2690 1495 2775 1549 15.
2812 1494 3223 1564 Chorepiscopis
3250 1510 3357 1549 non
3403 1494 3597 1559 licere,
3629 1493 3851 1563 presby-

2274 1593 2419 1643 teros
2444 1586 2527 1642 vel
2548 1585 2806 1641 diaconos
2837 1586 3105 1640 ordinare.
3139 1584 3246 1638 Sed
3276 1600 3376 1639 nec
3405 1584 3734 1655 presbyteris
3779 1585 3852 1638 ci-

2272 1677 2470 1741 vitatis,
2506 1677 2623 1732 sine
2651 1676 2845 1731 litteris
2873 1675 3132 1744 episcopi,
3165 1675 3219 1728 in
3267 1675 3439 1728 aliena
3470 1674 3709 1743 paruacia
3754 1675 3852 1729 ali-

2272 1767 2400 1837 quid
2434 1783 2613 1837 agere.
3490 1786 3491 1789 η

2342 1858 2575 1915 XXXIV.
2606 1892 2677 1903 --
2708 1846 2793 1913 14.
2826 1858 2890 1912 lli
2918 1860 3008 1927 qui
3054 1858 3105 1911 in
3161 1857 3307 1913 clero
3353 1865 3495 1923 sunt,
3528 1856 3851 1927 presbyteri,

587 1951 938 2020 ἀπεχομένους
968 1958 1141 2020 κρεῶν,
1186 1950 1352 2014 ἔδοξεν
1398 1952 1731 2019 ἐφάπτεσθαι,
1772 1955 1854 2006 καὶ
1898 1951 2079 2016 οὕτως,
2126 1972 2160 2004 ει

2276 1951 2360 2005 vel
2392 1949 2646 2016 'diaconi,
2677 1958 2733 2004 et
2780 1964 2810 2003 a
2859 1949 3109 2004 carnibus
3166 1948 3437 2004 abstinent
3470 1966 3481 1999 :
3513 1947 3716 2016 placuit
3759 1962 3852 2001 eas

589 2040 841 2109 βούλοιντο
861 2078 875 2104 ,
902 2048 1104 2110 κρατεῖν
1127 2040 1335 2096 ἑαυτῶν.
1361 2042 1415 2093 Εἰ
1455 2038 1506 2093 δὲ
1530 2041 1810 2111 βούλοιντο,
1837 2044 1903 2101 ὡς
1941 2038 2068 2110 μηδὲ
2106 2041 2171 2095 τά

588 2131 716 2196 μετά
751 2136 906 2201 κρεῶν
948 2129 1226 2200 βαλλόμενα
1268 2129 1475 2199 λάχανα
1506 2130 1709 2191 ἐσθίειν,
1743 2134 1828 2184 καί
1854 2132 1896 2183 εἰ
1921 2134 1990 2199 μὴ
2023 2130 2170 2184 ὑπεί-

588 2236 710 2271 κοιεν
736 2224 808 2287 τῷ
830 2218 1013 2281 κανόνι,
1037 2219 1331 2274 πεπαῦσθαι
1350 2220 1532 2278 αὐτοὺς
1559 2226 1649 2281 τῆς
1676 2220 1880 2283 τάξεως.

655 2389 739 2443 λε’.
766 2393 884 2463 Περὶ
906 2398 1005 2445 τῶν
1033 2389 1364 2463 διαφερόντων
1384 2398 1455 2461 τῷ
1487 2400 1730 2467 κυριακῷ,
1765 2390 1863 2447 ὅσα
1893 2394 2167 2447 ἐπισκόπου

587 2489 655 2550 μὴ
675 2479 818 2541 ὄντος
838 2483 1183 2556 πρεσϐύτεροι
1208 2484 1471 2540 ἐπώλησαν
1487 2523 1502 2549 ,
1534 2483 1882 2538 ἀνακαλεῖσθαι
1911 2486 1969 2538 τό
1994 2506 2170 2559 κυριαφ

586 2576 688 2628 κόν.
707 2572 781 2627 Ἐν
801 2572 854 2629 δέ
887 2583 947 2647 τῇ
979 2577 1143 2648 κρίσει
1164 2580 1253 2628 τοῦ
1278 2575 1561 2629 ἐπισκόπου
1593 2570 1739 2641 εἶναι,
1758 2572 1903 2649 εἴπερ
1923 2580 2169 2650 προσήκει

586 2664 854 2719 ἀπολαϐεῖν
876 2670 965 2723 τήν
981 2669 1149 2734 τιμὴν,
1168 2662 1265 2719 εἴτε
1288 2666 1373 2718 καί
1396 2669 1488 2735 μὴ,
1512 2663 1594 2719 διὰ
1614 2665 1669 2719 τὸ
1686 2664 1921 2726 πολλάκις
1940 2672 2026 2725 τήν
2041 2665 2168 2721 εἵσο-

587 2753 669 2807 ὂον
691 2751 978 2827 [πρόσοδον]
992 2762 1092 2807 τῶν
1114 2754 1480 2829 πεπραγμένων
1494 2750 1650 2822 (Lege
1669 2756 2019 2829 πεπραμένων.
2036 2771 2069 2808 a
2083 2776 2169 2809 πι-

591 2845 858 2917 πράσκειν)
878 2843 1253 2901 ἀποδεδωκέναι
1275 2848 1453 2906 αὐτοῖς
1471 2849 1673 2905 τούτοις
1688 2847 1891 2902 πλείονα
1901 2852 2164 2919 τὴντιμήν.

653 2933 748 2994 λς’.
792 2938 909 3008 Περὶ
954 2942 1055 2989 τῶν
1116 2936 1529 3007 ἀλογευσαμένων
1582 2935 1613 2994 ἦ
1666 2938 1753 2991 καί
1805 2938 2167 3010 ἀλογευομένων

588 3027 725 3100 [Περὶ
749 3031 847 3081 τῶν
877 3026 1065 3097 άλογῶς
1095 3023 1366 3097 διαγόντων
1395 3025 1423 3084 ἦ
1454 3024 1754 3099 διάγονται]’
1799 3025 1910 3083 ὅσοι
1958 3032 2079 3106 πρὶν
2099 3034 2169 3083 εἰ·

585 3127 849 3180 κοσαετεῐς
875 3119 1131 3191 γενέσθαι,
1155 3119 1398 3191 ἥμαρτον,
1422 3119 1565 3173 πέντε
1602 3122 1685 3173 καί
1707 3117 1823 3174 δέκα
1847 3117 2018 3175 ἔτεσιν
2039 3124 2167 3175 ὑπο-

586 3213 843 3280 πεσόντες,
868 3215 1121 3273 κοινωνίας
1152 3215 1558 3283 τυγχανέτωσαν
1594 3222 1685 3274 τῆς
1712 3215 1781 3275 είς
1813 3216 1904 3275 τὰς
1943 3236 2167 3288 προσευ-

2273 2039 2486 2109 quidem
2533 2040 2816 2106 attingere,
2840 2047 2895 2092 et
2943 2038 3040 2101 sic,
3073 2038 3123 2097 si
3161 2036 3445 2102 voluerint,
3471 2037 3539 2090 ab
3561 2036 3641 2110 eis
3686 2035 3852 2090 absti-

2274 2143 2401 2184 nere
2418 2128 2576 2200 (Sic).
2599 2128 2655 2183 Si
2675 2139 2853 2183 autem
2875 2128 3143 2183 noluerint
3159 2127 3306 2183 olera
3321 2143 3440 2198 quin
3455 2143 3577 2183 cum
3598 2128 3850 2183 carnibus

2272 2228 2595 2288 coquuntur,
2627 2217 2933 2282 comedere,
2964 2218 3241 2274 et‘canoni
3284 2234 3391 2273 non
3418 2218 3630 2283 cedant,
3660 2218 3729 2273 ab
3759 2234 3849 2273 or-

2270 2312 2393 2366 dine
2420 2326 2649 2366 cessare.
2865 2376 2874 2385 ο

2342 2399 2548 2455 XXXV.
2574 2400 2751 2459 -15.
2770 2400 2846 2455 De
2866 2401 2948 2456 his
2968 2414 3087 2468 quae
3116 2400 3385 2469 pertinent
3412 2399 3479 2453 ad
3496 2399 3842 2464 dominicum,

2270 2505 2602 2559 quaacunque
2632 2505 2753 2544 cum
2782 2489 3067 2558 episcopus
3088 2504 3195 2545 non
3217 2498 3377 2555 esset,
3403 2489 3699 2560 presbyteri
3725 2504 3843 2543 ven-

2269 2581 2538 2647 diderint,
2570 2579 2899 2635 dominicum
2950 2594 3208 2635 revocare
3254 2598 3266 2632 :
3312 2580 3365 2633 in
3410 2578 3615 2648 judicio
3663 2587 3841 2632 autem

2270 2671 2507 2740 episcopi
2536 2685 2675 2736 esse,
2710 2684 2781 2724 an
2825 2678 3074 2740 oporteat
3115 2670 3344 2739 pretium
3374 2668 3561 2737 recipi,
3594 2682 3660 2721 an
3710 2683 3840 2729 non,

2269 2769 2555 2830 propterea
2583 2758 2727 2830 quod
2754 2774 2897 2830 saepe
2918 2774 3096 2814 rerum
3124 2759 3455 2815 venditarum
3495 2759 3699 2814 reditus
3724 2774 3839 2812 ma-

2263 2852 2353 2921 jus
2380 2851 2610 2921 pretium
2637 2850 2723 2906 his
2750 2851 2875 2920 ipsis
2896 2850 3203 2907 reddiderit.

2341 2940 2577 2999 XXXVI.
2600 2973 2672 2982 —
2691 2940 2776 2995 16.
2803 2941 2881 2997 De
2914 2941 2997 3009 his
3037 2941 3129 3010 qui
3171 2940 3615 2996 irrationabiliter
3640 2940 3839 2994 versati

2268 3039 2411 3099 sunt,
2441 3032 2528 3088 vel
2560 3039 2859 3099 versantur,
2905 3032 3213 3101 quicunque
3240 3040 3365 3086 ante
3395 3048 3466 3085 xx
3493 3046 3691 3087 annum
3720 3045 3837 3100 pec-

2267 3133 2476 3189 carunt,
2508 3131 2792 3193 postquam
2821 3121 2976 3178 annis
3003 3120 3306 3190 quindecim
3334 3120 3589 3176 substrati
3618 3119 3835 3184 fuerint,

2266 3215 2696 3273 comunionem
2722 3212 2982 3268 orationis
3006 3220 3378 3281 assequamur.
3412 3211 3614 3266 Deinde
3636 3226 3758 3266 cum
3780 3210 3833 3264 in

586 3304 711 3374 χάς.
741 3299 862 3358 Εἶτα
902 3303 950 3356 ἐν
975 3311 1037 3377 τῇ
1072 3305 1297 3375 κοινωνίᾳ
1323 3300 1698 3365 διατελέσαντες
1730 3302 1816 3363 ἔτη
1846 3305 2022 3370 πέντε,
2048 3306 2160 3362 τότε

2268 3304 2355 3360 illa
2377 3304 2755 3365 communione
2770 3304 3006 3372 quinque
3026 3302 3181 3357 annis
3208 3302 3688 3373 perseveraverint,
3711 3310 3835 3357 tunc

585 3399 777 3454 καὶτῆς
800 3400 1093 3471 προσφορᾶς
1122 3396 1528 3467 ἐφαπτέσθωσαν.
1560 3393 1893 3460 Ἐξεταζέσθω
1919 3395 1970 3451 δὲ
2004 3400 2166 3452 αὐτῶν

585 3491 667 3540 καὶ
687 3486 712 3540 ό
734 3487 781 3539 έν
805 3495 865 3561 τῇ
892 3490 1189 3542 ὐποπτώσει
1210 3488 1338 3559 βίος,
1366 3490 1449 3541 καὶ
1470 3488 1631 3549 οὕτως
1653 3490 2054 3559 τυγχανέτωσαν
2074 3488 2164 3552 τῆς

580 3577 965 3653 φιλανθρωπίας.
994 3581 1047 3630 Εἰ
1073 3575 1126 3632 δέ
1153 3598 1282 3638 τινες
1312 3578 1607 3653 κατακόρως
1628 3582 1676 3632 ἐν
1702 3587 1809 3639 τοῖς
1830 3581 2163 3655 ἁμαρτήμασι

580 3667 844 3739 γεγόνασι,
883 3672 972 3726 τὴν
1012 3670 1208 3742 μακράν
1246 3669 1511 3739 ἐχέτωσαν
1553 3671 1869 3726 ὑπόπτωσιν.
1915 3666 2062 3729 Ὀἓῖοι
2108 3675 2163 3730 δέ

579 3756 887 3832 ὑπερϐάντες
925 3760 1017 3814 τήν
1062 3756 1252 3814 ἠλικίαν
1286 3755 1511 3824 ταύτην,
1541 3763 1625 3813 καὶ
1668 3768 1910 3831 γυναῖκας
1949 3761 2159 3834 ἔχοντες

578 3851 971 3921 πριπεπτὼκασι
1020 3856 1092 3922 τῷ
1137 3851 1494 3926 ἁμαρτήματι,
1545 3855 1693 3908 πέντε
1742 3858 1822 3907 καί
1874 3853 2030 3910 εῗκοσι
2073 3855 2160 3915 ἔτη

576 3940 971 3994 ύποπεσὲτωσαν
1025 3939 1438 4013 [exortae-owed,
1483 3946 1567 3996 καί
1610 3947 1864 4004 κοινωνίας
1903 3950 2159 4017 τυγχανέο

577 4052 741 4087 τωσαν
766 4040 857 4092 τῆς
887 4036 956 4093 ε⁷ς
979 4036 1073 4093 τάς
1111 4038 1415 4109 προσευχὰς
1434 4074 1448 4099 ,
1488 4030 1600 4091 εἶτα
1643 4036 1987 4097 ἐκτελέσαντες
2012 4039 2157 4092 πέντε

576 4122 662 4179 ἐτη
691 4123 739 4175 ἐν
762 4130 822 4195 τῇ
849 4128 1079 4196 κοινωνίᾳ
1118 4132 1215 4178 τῶν
1237 4127 1425 4194 εὐχῶν,
1456 4128 1855 4195 τυγχανέτωσαν
1881 4136 1971 4186 τῆς
1995 4148 2158 4200 προσ-

575 4219 751 4286 φορᾶς.
774 4215 829 4266 Εἰ
860 4211 910 4267 δέ
933 4234 1060 4275 τινες
1086 4217 1164 4267 καὶ
1196 4223 1434 4286 γυναῖκας
1460 4213 1671 4285 ἔχοντες
1690 4257 1705 4282 ,
1735 4221 1817 4271 καί
1844 4219 2156 4291 ὑπερϐάντες

573 4306 658 4356 τὶν
695 4306 1089 4362 πεντηκονταέτη
1133 4304 1320 4376 χρόνον
1362 4305 1613 4379 ἥμαρτον,
1652 4308 1741 4361 ἐπὶ
1773 4314 1835 4379 τῇ
1870 4305 2024 4379 ἐξόδῳ
2065 4316 2154 4363 τοῦ

572 4398 687 4467 βίον
710 4397 1105 4467 τυγχανέτωσαν
1133 4404 1223 4455 τῆς
1245 4418 1273 4448 κ
1304 4400 1519 4457 ινωνίας.

640 4486 727 4550 λζ’.
759 4489 887 4547 Τοὺς
916 4486 1345 4560 ἀλογευσαμένους
1374 4490 1459 4540 καὶ
1486 4487 1701 4561 λεπροὺς
1735 4482 1912 4552 ὄντας,
1937 4488 2047 4545 ἤτοι
2071 4490 2153 4544 λε-

571 4579 883 4651 πρὼσαντας
910 4616 925 4639 ,
974 4577 1188 4636 το-ἓτονς
1234 4578 1544 4650 προσέταξεν
1582 4579 1611 4635 ἡ
1653 4575 1772 4649 ἁγία
1812 4577 2049 4643 σύνοδος,
2084 4583 2153 4643 εἰς

570 4671 687 4728 τοὺς
720 4669 1119 4737 χειμαζομένους
1142 4665 1417 4737 εὔχεσθαι.

637 4757 731 4815 λη’.
757 4756 817 4809 Εἴ
837 4777 966 4818 τινες
993 4758 1265 4813 ἐπίσκοποι
1297 4758 1713 4822 κατασταθέντες,
1743 4762 1825 4813 καὶ
1846 4765 1915 4830 μή
1945 4760 1997 4816 δε
2006 4764 2148 4830 χθέν-

567 4868 649 4908 τες
677 4848 777 4902 ὑπό
810 4854 900 4905 τῆς
923 4851 1191 4920 παροικίας
1217 4848 1424 4912 ἐκείνης,
1452 4849 1522 4907 εἰς
1552 4849 1610 4905 ἣν
1633 4850 2015 4919 ὠνομάσθησαν,
2040 4852 2152 4905 ἑτέ·

566 4961 675 5011 ραις
706 4936 965 5013 βούλοιντο
993 4942 1283 5012 παροικίαες
1330 4939 1547 5003 ἐπιέναι,
1590 4941 1676 4992 καί
1723 4939 1992 5012 βιάζεσθαι
2030 4944 2151 5002 τοὺς

567 5036 908 5097 γαθεστῶτας,
938 5036 1020 5088 καί
1041 5036 1245 5092 στάσεις
1271 5040 1414 5086 κινεῖν
1441 5031 1548 5088 κατ’
1569 5034 1730 5088 αὐτῶν
1747 5073 1762 5098 ,
1788 5036 2118 5107 τούτουςοάφο
2136 5065 2148 5074 ·

567 5149 587 5193 ί.
600 5127 645 5185 ίζ
649 5127 803 5177 εσθαι.
820 5124 928 5178 Ἐάν
952 5126 1040 5197 μέν
1058 5144 1133 5179 τοι
1157 5124 1412 5194 βούλοιντο
1441 5125 1513 5183 είς
1539 5124 1596 5177 τὸ
1616 5125 1983 5199 πρεσϐυτέριον
2007 5128 2151 5181 nos-

564 5216 754 5279 ζεσθαι,
787 5214 899 5269 ἔνθα
924 5215 1055 5275 ἦσαν
1081 5217 1326 5293 πρότερον
1348 5217 1711 5292 πρεσϐύτεροι,
1736 5223 1806 5288 μή
1830 5206 2145 5274 ἀποϐάλλεσ-

562 5309 642 5359 θαι
656 5308 839 5361 αὐτοὺς
855 5316 943 5366 τῆς
963 5318 1132 5378 τιμῆς.
1149 5309 1258 5364 Ἐάν
1280 5309 1331 5365 δέ
1354 5310 1725 5375 διστασιάζωσι
1740 5314 1867 5386 πρὸς
1880 5316 2000 5373 τοὺς
2024 5317 2141 5368 καθ-

564 5406 789 5461 εστῶτας
819 5402 925 5454 ἐκεῖ
945 5403 1251 5464 ἐπισκόπους
1271 5446 1285 5470 ,
1319 5407 1641 5481 ἀφαιρεῖσθαι
1661 5407 1841 5465 αὐτοὺς
1862 5409 1941 5460 καί
1957 5412 2045 5465 τήν
2066 5429 2139 5461 τι-

565 5498 658 5550 αήν
683 5499 772 5548 τοῦ
790 5493 1185 5566 πρεσϐυτερίου,
1215 5500 1297 5551 καί
1325 5501 1551 5577 γίνεσθαι
1577 5501 1759 5559 αὐτοὺς
1780 5499 2139 5573 ἐκκηρύκτους.

630 5667 868 5725 λθ’.’⁷οσοι
880 5670 1149 5744 παρθενίαν
1170 5671 1595 5744 ἐπαγγελλόμενοι,
1612 5677 1847 5730 ἀθετοῦσι
1871 5679 1960 5733 τήν
1975 5675 2138 5745 ἐπαγ-

640 5866 655 5882 ⁹
696 5861 794 5916 Ille
823 5878 993 5918 canon
1016 5863 1067 5916 in
1099 5863 1246 5929 gravi
1282 5860 1475 5915 mendo
1519 5862 1713 5917 cubare
1739 5863 1963 5918 videtur.
2001 5863 2135 5927 Qui,

562 5934 605 5990 si
629 5932 808 5993 latium
839 5934 1069 5993 t'crsieui
1098 5932 1249 5997 ﬁdes.
1282 5932 1355 5990 ita
1378 5939 1473 6016 aut
1500 5931 1783 6015 aliosirmli
1805 5933 1965 5989 modo
1996 5946 2136 5991 esset

2266 3394 2426 3449 etiam
2475 3393 2803 3451 oblationem
2850 3394 3132 3461 attingant.
3181 3393 3511 3448 Discutiatur
3554 3400 3734 3447 autem
3783 3401 3834 3447 et

2266 3488 2373 3541 vita
2402 3502 2609 3553 eorum,
2633 3486 2815 3556 qualis.
2852 3487 2907 3542 in
2935 3485 3296 3541 substratione
3337 3482 3516 3551 fuerit,
3542 3493 3598 3540 et
3637 3485 3710 3539 ita
3737 3483 3834 3537 hu-

2266 3578 2575 3633 inanitatem
2598 3586 3014 3647 consequantur.
3038 3574 3192 3644 Quod
3219 3576 3265 3631 si
3293 3576 3385 3644 qui
3408 3578 3834 3646 perseverantius

2265 3669 2349 3723 his
2376 3668 2612 3737 peccatis
2642 3667 2985 3731 adhaeserint,
3020 3667 3075 3725 hi
3104 3668 3398 3735 longiorem
3418 3667 3832 3723 substrationem

2265 3757 2513 3811 habeant.
2547 3756 2862 3825 Quicunque
2888 3765 3069 3815 autem
3092 3758 3229 3811 hanc
3254 3764 3469 3812 aetatem
3496 3758 3830 3825 transgressi,

2264 3857 2316 3901 et
2337 3847 2596 3902 habentes
2628 3861 2822 3901 uxores
2852 3846 2903 3900 in
2936 3848 3041 3902 hoc
3081 3855 3361 3916 peccatum
3408 3847 3727 3911 inciderunt,
3751 3848 3830 3901 vi-

2261 3940 2393 4008 ginti
2415 3939 2651 4007 quinque
2673 3937 2825 3992 annis
2853 3939 3126 4003 substrati,
3150 3937 3587 3993 communionem
3630 3938 3830 3991 oratio-

2262 4028 2346 4082 nis
2392 4037 2766 4098 assequantur.
2798 4028 3000 4084 Deinde
3051 4044 3171 4083 cum
3207 4029 3260 4084 in
3288 4029 3548 4084 orationis
3592 4043 3828 4083 commu-

2262 4119 2424 4174 nione
2447 4118 2685 4189 quinque
2739 4133 2913 4176 annos
2939 4120 3263 4189 peregerint,
3305 4119 3631 4174 oblationem
3684 4132 3828 4172 asse-

2259 4218 2509 4279 quamur.
2534 4209 2594 4266 Si
2621 4212 2714 4281 qui
2743 4220 2921 4267 autem
2968 4220 3027 4266 et
3054 4227 3250 4268 uxores
3277 4212 3564 4279 habentes,
3595 4220 3650 4267 et
3674 4212 3828 4281 quiu-

2258 4296 2632 4367 quagesimum
2660 4313 2860 4353 annum
2878 4301 3192 4366 transgressi
3223 4306 3600 4368 peccaverunt,
3628 4299 3683 4352 in
3709 4299 3828 4354 vita:

2246 4386 2405 4439 exitu
2435 4387 2866 4443 communionem
2887 4395 3259 4455 assequantur.

2329 4472 2689 4529 XXXVll.—l
2702 4478 2752 4530 7.
2772 4475 2879 4532 Eos
2898 4477 2989 4545 qui
3016 4476 3448 4531 irrationabiliter
3466 4477 3659 4531 versati
3680 4488 3822 4542 sunt,

2259 4574 2314 4620 et
2334 4567 2425 4635 qui
2445 4566 2643 4636 leprosi
2666 4573 2814 4631 sunt,
2837 4567 2923 4622 vel
2943 4567 3178 4631 fuerunt,
3198 4566 3447 4636 praecepit
3465 4575 3646 4621 sancta
3667 4583 3824 4637 syno~

2184 4686 2234 4747 D
2260 4660 2360 4715 dus
2378 4661 2518 4714 inter
2540 4675 2635 4715 eos
2655 4674 2813 4715 orare
2833 4661 2923 4729 qui
2938 4661 3127 4729 spiritu
3146 4660 3517 4730 periclitantur
3534 4660 3817 4714 immundo.

2328 4749 2704 4804 XXXVlll.—
2755 4749 2841 4804 18.
2872 4750 2929 4805 Si
2971 4751 3062 4819 qui
3112 4751 3350 4820 episcopi
3399 4752 3694 4816 constituti,
3729 4768 3823 4808 nec

2254 4843 2486 4911 suscepti
2534 4841 2602 4896 ab
2654 4842 2739 4895 illa
2770 4843 3001 4911 parmcia
3060 4843 3110 4895 iu
3151 4858 3257 4910 qua
3284 4842 3541 4895 nominati
3592 4842 3817 4905 luerunt,

2255 4935 2387 4988 alias
2416 4934 2684 4989 voluerint
2707 4935 2967 5003 parmcias
2996 4932 3274 4997 invadere,
3304 4939 3359 4987 et
3398 4931 3462 4987 iis
3488 4932 3579 5001 qui
3621 4933 3817 4987 consti-

2255 5026 2353 5078 tuti
2409 5032 2534 5079 sunt
2581 5024 2695 5078 vim
2732 5022 2943 5091 afferre,
2975 5031 3030 5076 et
3082 5022 3375 5077 seditiones
3405 5021 3658 5079 adversus
3704 5023 3818 5077 illos

2255 5117 2515 5181 excitare,
2560 5117 2660 5170 hos
2706 5114 2862 5184 abjici
2893 5114 3113 5182 placuit.
3145 5112 3203 5167 Si
3230 5122 3410 5168 autem
3454 5114 3722 5169 voluerint
3767 5115 3816 5166 in

2250 5206 2587 5277 presbyterio
2636 5205 2893 5269 residere,
2926 5206 2978 5258 in
3004 5219 3114 5273 quo
3142 5206 3289 5274 prius
3315 5213 3467 5261 erant
3503 5206 3812 5276 presbyteri,

2251 5298 2396 5366 ipsos
2425 5298 2628 5353 honore
2675 5312 2781 5351 non
2809 5296 3033 5350 moveri.
3073 5286 3225 5362 Quod
3266 5297 3310 5350 si
3340 5297 3501 5352 etiam
3530 5295 3813 5349 seditiones

2248 5387 2639 5442 concitaverint
2683 5386 2939 5441 adversus
2983 5401 3079 5441 eos
3106 5386 3195 5453 qui
3240 5386 3348 5441 illic
3372 5384 3645 5440 constituti
3672 5393 3814 5450 sunt,

2248 5479 2549 5546 episcopos,
2582 5477 2901 5548 presbyterii
2921 5491 3137 5547 quoque
3160 5478 3368 5534 honore
3400 5478 3518 5531 illos
3546 5475 3738 5546 privari
3758 5484 3811 5531 et

2244 5568 2517 5621 abdicatos
2552 5568 2709 5622 emci.
3430 5552 3435 5556 ’

2232 5728 2233 5731 η
2316 5654 2552 5709 XXXIX.
2578 5688 2649 5697 —
2670 5655 2754 5710 19.
2783 5654 3096 5728 Quicunque
3119 5654 3473 5724 virginitatem
3496 5654 3803 5725 promitten-

2242 5855 2586 5931 corrigeudlts
2738 5857 2853 5910 θ’).λέ
2884 5854 3005 5927 μηδέ
3046 5854 3432 5931 πρεσξυτέροις.
3470 5892 3481 5907 .
3516 5848 3650 5924 ἄγειν
3682 5871 3727 5908 τι
3754 5852 3801 5913 ἐν

2242 5930 2313 5984 Et.
2347 5949 2469 5991 παρ.
2505 5923 2655 5981 Εοιῒ.
