4034 6206
329 421 401 476 εἴ)
756 468 765 477 .
1279 421 1505 478 CODEX
1539 417 1761 476 CANON
1770 418 1863 474 UM

2038 412 2303 472 lVERS/E
2344 414 2713 471 ECCLESIAE.
3523 407 3607 466 Si.

334 541 509 612 γελίαν
530 578 546 604 ,
570 537 659 594 τὸν
702 546 796 593 τῶν
822 535 1044 609 διγάμων
1076 535 1193 614 ὅρον
1224 534 1665 609 ἐκπληρούτωσαν.
1711 535 1812 592 Τὰς
1837 533 1923 605 μέν

2038 536 2130 594 tes,
2160 527 2358 582 irritam
2404 526 2601 581 faciunt
2647 534 3007 594 sponsnonem,
3042 521 3076 574 ii
3105 520 3437 589 digamorum
3464 518 3593 574 deti-

337 652 419 686 τοι
457 632 844 705 συνερχομένας
875 628 1153 702 παρθένους
1200 629 1357 691 τισὶν,
1382 628 1448 685 ὡς
1478 623 1704 693 ἀδελφὰς,
1736 622 1920 677 ἐκωλύ-

341 742 529 791 σαμεν.

410 812 491 880 μ’.
516 810 623 865 Ἐάν
644 830 777 870 τινος
798 812 919 882 γυνὴ
950 808 1220 879 μοιχευθῇ,
1250 805 1280 864 ἦ
1303 805 1565 876 μοιχεύσῃ
1592 824 1689 869 τις,
1721 800 1921 856 ἐνέπτὰ

337 901 510 959 ἔτεσιν
540 900 677 957 δοκεῖ
702 900 869 969 ταύτὸν
898 907 989 954 τοῦ
1020 899 1205 953 τέλείου
1235 902 1452 965 τυχεῖν,
1484 895 1613 949 κατὰ
1646 895 1763 952 τοὺς
1799 893 1922 963 βαθ-

338 997 475 1062 μοὺς
498 996 616 1052 τούς
644 992 979 1067 προάγοντας.

410 1170 522 1240 μα’.
553 1171 671 1243 Περὶ
690 1175 787 1224 τῶν
809 1174 1052 1237 γυναικῶν
1081 1174 1179 1221 τῶν
1204 1166 1633 1240 ἐκπορνευουσῶν,
1679 1165 1760 1215 καί
1789 1161 1896 1215 ἀναι

342 1266 549 1332 ρουσῶν
578 1262 641 1312 τὰ
666 1259 922 1331 γενόμενα,
949 1258 1031 1309 καὶ
1060 1253 1457 1317 σπουδαζουσῶν
1485 1253 1662 1325 φθόρια
1684 1257 1863 1305 ποιεῖν·
1900 1248 1924 1301 ὁ

344 1356 437 1416 μὲν
471 1352 715 1427 πρότερος
743 1349 887 1424 ὄρς,
917 1353 1106 1423 μέχρις
1136 1348 1303 1412 ἐξόδου
1338 1349 1612 1412 ἐκώλυσεν,
1653 1349 1732 1399 καὶ
1760 1342 1925 1413 τούτῳ

347 1446 670 1499 συντίθενται
697 1440 955 1513 [Subaud.
984 1438 1151 1510 τινές].
1195 1438 1649 1512 Φιλανθρωπὸτερον
1676 1435 1729 1490 δέ
1766 1456 1815 1488 τι
1846 1435 1927 1486 εύ-

349 1538 544 1609 ρόντες,
561 1539 817 1607 ὡρίσαμεν
834 1532 1039 1590 δεκαετῆ
1061 1532 1243 1609 χρόνον
1272 1533 1400 1587 κατὰ
1421 1534 1539 1591 τοὺς
1561 1530 1782 1599 βαθμούς
1807 1530 1926 1587 τούς

349 1630 685 1697 ὡρισμένους.

424 1719 533 1789 με’.
565 1720 680 1789 Περὶ
709 1718 953 1771 ἑκουσίων
981 1716 1133 1788 φόνων
1159 1714 1176 1784 (
1200 1712 1289 1768 Sic
1318 1728 1411 1782 pro
1454 1713 1635 1782 φονέων
1667 1710 1707 1777 ),
1734 1710 1925 1764 ύποπι-

348 1812 617 1864 πτὲτωσαν
646 1811 754 1877 μὲν,
787 1813 872 1861 τοῦ
901 1807 1085 1861 τελείου
1111 1804 1163 1860 δὲ
1191 1805 1239 1862 ἐν
1264 1811 1335 1875 τῷ
1364 1804 1488 1857 τέλει
1522 1808 1612 1856 τοῦ
1643 1801 1755 1872 βίου
1803 1820 1924 1852 κατ·

353 1895 721 1956 αξιούσθωσαν.
955 1956 962 1962 ἱ

425 1982 527 2054 μγ.
558 1985 676 2054 Περὶ
703 1983 957 2034 ἀκουσίων
992 1979 1157 2051 φόνων,
1192 1976 1215 2032 ὁ
1247 1980 1334 2047 μὲν
1362 1982 1606 2050 πρότερος
1632 1972 1746 2050 ὅρος
1767 1976 1815 2027 ἐν
1839 1973 1929 2027 ἔπ-

356 2074 530 2144 ταετίᾳ
571 2073 757 2124 κελεύει
782 2077 872 2123 τοῦ
913 2069 1099 2123 τελείου
1140 2075 1451 2138 μετασχεῖν,
1478 2067 1607 2120 κατὰ
1635 2067 1752 2124 τοὺς
1785 2066 1932 2140 ὡρισ-

356 2166 534 2228 arma;
566 2160 808 2231 βαθμούς.
824 2159 883 2211 “Ο
901 2156 953 2212 δέ
979 2156 1234 2232 δεύτερος.
1262 2158 1318 2211 τὸ
1348 2157 1587 2215 πενταέτη
1607 2155 1793 2226 χρόνον
1814 2154 1933 2210 πλη-

358 2259 537 2317 σῶσαι.

433 2417 529 2487 μδ.
591 2418 650 2471 Oi
694 2416 1175 2487 καταμαντευόμενοι
1220 2419 1305 2470 καὶ
1351 2424 1463 2476 ταῖς
1502 2416 1782 2474 συνηθείαις
1835 2420 1926 2467 τῶν

359 2512 505 2561 ἐθνῶν
542 2509 1021 2579 κατακολουθοῦντες
1050 2503 1560 2576 [ἕξακολουθοῦντες],
1592 2504 1621 2563 ἦ
1652 2506 1933 2576 εἰσάγοντές

358 2619 493 2658 τινας
520 2600 587 2657 εἰς
623 2601 743 2657 τούς
780 2598 973 2651 ἑαυτῶν
1003 2594 1170 2656 οἴκους
1199 2598 1279 2650 ἐπὶ
1308 2588 1568 2670 ἀνευρέσει
1596 2601 1928 2668 φαρμακειῶν,

360 2691 388 2744 ἡ
414 2692 490 2741 καὶ
516 2690 779 2763 καθάρσει,
803 2687 906 2741 ὑπὸ
932 2688 1018 2742 τὶν
1042 2686 1219 2740 κανόνα
1259 2686 1589 2741 πιπτέτωσαν
1615 2693 1705 2743 τῆς
1730 2704 1935 2738 πενταε-

360 2783 470 2839 τίας
492 2779 618 2831 κατᾶ
656 2782 772 2836 τοὺς
799 2779 1027 2848 βαθμούς
1058 2778 1386 2849 ὡρισμένους·
1421 2779 1539 2851 τρία
1571 2775 1657 2834 ἔτη
1692 2776 1932 2830 ύποπτὼ-

360 2890 511 2932 σεως,
540 2874 622 2925 καὶ
646 2868 737 2922 δύο
760 2868 847 2927 ἔτη
868 2871 1029 2939 εὐχῆς
1059 2872 1224 2941 χωρὶς
1253 2874 1569 2944 προσφορᾶς.

430 2962 525 3030 μέ.
557 2959 1006 3029 Μνηστευσὰμενός
1030 2978 1107 3019 τις
1136 2959 1301 3034 κόρην,
1327 2959 1649 3031 προσεφθὰρη
1670 2965 1731 3031 τῇ
1753 2956 1934 3030 ἀδελφῇ

362 3052 708 3125 [προσέφθειρε
738 3056 827 3107 τὴν
850 3047 1082 3120 ἀδελφήν]
1110 3052 1285 3112 αὐτῆς,
1318 3054 1385 3111 ὡς
1414 3054 1495 3103 καὶ
1526 3052 1821 3124 ἐπιφορῆσαι
1840 3051 1932 3103 αύ-

364 3147 467 3202 τιέν,
496 3140 680 3211 ἔγημεν
719 3139 774 3195 δὲ
808 3146 897 3198 τήν
923 3146 1141 3211 μνηστὴν
1163 3144 1293 3211 μετά
1321 3145 1503 3201 ταῦτα,
1537 3145 1568 3200 ἡ
1608 3141 1661 3197 δὲ
1689 3145 1934 3214 φθαρεῖσα

2026 621 2285 675 nitionem
2332 619 2605 689 impleant.
2645 614 2888 682 Virgines
2932 619 3133 675 autem,
3177 624 3297 679 qua:
3339 616 3592 676 tanquam

2026 724 2240 766 sorores
2268 724 2388 763 cum
2417 706 2734 777 quibusdam
2765 703 3026 769 habitant,
3053 701 3415 771 prohibemus.

2094 798 2201 852 XL.
2227 830 2297 840 —-
2332 796 2420 851 20.
2454 796 2511 852 Si
2557 794 2779 864 alicujus
2800 808 2934 847 uxor
2967 791 3284 861 adulterium
3313 789 3594 845 commise-

2026 889 2117 957 rit,
2138 889 2223 942 vel
2270 889 2385 957 ipse
2409 886 2726 941 adulterium
2748 881 3095 947 commiserit,
3121 879 3401 949 septennia
3431 893 3596 948 opor-

2028 988 2105 1035 tet
2131 994 2250 1035 eum
2272 977 2657 1049 perfectionem
2687 974 2932 1044 assequi,
2967 971 3258 1028 secundum
3286 970 3480 1039 gradus
3505 968 3607 1038 qui

2028 1086 2094 1127 eo
2120 1068 2408 1125 deducunt.

2098 1159 2234 1214 XLI.
2251 1168 2327 1201 '—
2356 1158 2443 1211 21.
2473 1159 2547 1212 De
2567 1156 2879 1210 mulieribus
2905 1168 3023 1222 quae
3045 1152 3390 1217 fornicamur,
3409 1157 3463 1205 et
3482 1165 3601 1219 par-

2028 1259 2113 1304 tus
2160 1264 2283 1305 suos
2322 1249 2614 1318 perimunt,
2645 1253 2699 1300 et
2738 1243 3139 1299 medicamentis
3182 1240 3475 1297 abortiouis
3516 1240 3598 1293 fa-

2028 1340 2231 1394 ciendis
2282 1339 2535 1393 student:
2566 1337 2712 1405 prior
2764 1333 2978 1403 quidem
3028 1330 3262 1386 definitio
3318 1345 3486 1399 usque
3534 1328 3600 1383 ad

2031 1430 2154 1483 vitae
2183 1428 2385 1483 exitum
2414 1426 2755 1496 prohibebat,
2778 1430 2834 1478 et
2861 1424 2911 1477 ei
2938 1422 3152 1491 quidam
3195 1422 3557 1477 assentiuntur
3583 1435 3595 1469 :
3655 1424 3663 1433 '

2029 1519 2313 1573 humanius
2358 1522 2535 1571 autem
2584 1522 2825 1584 agentes,
2854 1512 3137 1567 definimus
3182 1519 3240 1565 ut
3286 1509 3601 1565 decennium

2030 1624 2129 1679 per
2152 1608 2347 1676 gradus
2375 1606 2663 1677 prmlinitos
2692 1605 2964 1675 impleant.

2101 1697 2254 1752 XLII.
2275 1726 2345 1737 -—
2367 1696 2454 1751 22.
2484 1696 2585 1762 Qui
2615 1695 2909 1750 voluntarie
2938 1692 3276 1746 homicidium
3322 1690 3601 1745 commise-

2032 1796 2174 1853 runt,
2202 1787 2468 1857 supplices
2497 1786 2710 1855 quidem
2761 1785 3167 1839 substet-nentur
3192 1799 3205 1834 :
3237 1782 3291 1835 in
3333 1781 3477 1835 exitu
3507 1795 3602 1834 au-

1959 1896 2007 1956 B
2035 1886 2141 1934 tem
2171 1879 2294 1933 vitae
2317 1876 2650 1947 perfectione
2677 1874 2820 1943 digni
2843 1873 3158 1927 habeantur.

2104 1968 2285 2027 XLIII.
2308 2001 2380 2012 ——
2407 1968 2499 2022 25.
2529 1966 2633 2033 Qui
2657 1981 2762 2021 non
2784 1972 2975 2035 sponte
3002 1979 3103 2019 nec
3127 1963 3401 2018 voluntate
3430 1961 3602 2016 homi-

2036 2061 2231 2117 cidium
2287 2061 2707 2126 commiserunt,
2749 2058 2899 2127 prior
2941 2056 3158 2124 quidem
3202 2054 3442 2111 definitio
3487 2061 3609 2123 post

2033 2150 2371 2221 septennium
2401 2147 2785 2218 perfectionem
2838 2146 3095 2213 consequi
3126 2144 3384 2213 praecipit,
3417 2158 3607 2197 secun-

2035 2241 2161 2296 dum
2204 2239 2495 2311 praeﬁnitas
2539 2239 2734 2309 gradus
2765 2256 2777 2290 :
2809 2236 3043 2292 secunda
3073 2251 3224 2302 vero,
3258 2232 3605 2303 quinquennii

2037 2340 2246 2400 tempus
2271 2332 2512 2401 implere.

2107 2421 2360 2474 XLIV.—
2372 2420 2459 2473 24.
2480 2419 2578 2486 Qui
2593 2417 2948 2473 divinationes
2964 2423 3237 2487 expetunt,
3255 2423 3307 2469 et
3320 2423 3576 2469 consuetu
3589 2444 3606 2454 -

2036 2511 2186 2566 dines
2206 2511 2441 2579 gentium
2463 2509 2881 2577 subsequuntur,
2904 2507 3060 2560 autin
3074 2505 3263 2560 domos
3284 2519 3407 2559 suas
3423 2505 3606 2572 hujus-

2035 2600 2180 2654 modi
2213 2600 2459 2654 homines
2488 2598 2869 2663 introducunt,
2902 2596 3218 2666 exquirendi
3261 2594 3463 2664 aliquid
3494 2602 3608 2649 arte

2038 2693 2263 2761 magica,
2287 2700 2380 2746 aut
2409 2689 2660 2761 expiandi
2686 2705 2868 2752 causa,
2892 2690 2944 2743 in
2968 2703 3229 2743 canonem
3258 2688 3609 2757 quinquennii

2038 2781 2294 2847 incidant,
2316 2779 2609 2835 secundum
2641 2777 2836 2847 gradus
2860 2778 3109 2833 definitos
3141 2795 3153 2830 :
3191 2784 3300 2832 tres
3329 2792 3499 2831 annos
3521 2778 3607 2845 ja-

2038 2880 2212 2935 ceaut,
2238 2871 2373 2926 duos
2393 2870 2791 2926 communicent
2818 2869 2871 2922 in
2897 2869 3142 2922 oratione
3170 2867 3286 2922 sine
3315 2866 3603 2921 oblatione.

2110 2962 2432 3017 XLV.—‘25.
2453 2962 2682 3029 Quidam
2710 2975 2961 3031 sponsam
2991 2960 3215 3025 habens,
3237 2974 3477 3015 sororem
3495 2959 3610 3028 ejus

2037 3052 2307 3122 corrupit,
2340 3053 2412 3106 ita
2455 3060 2513 3105 ut
2542 3058 2596 3106 et
2628 3051 2740 3121 ipsa
2768 3050 3111 3118 conciperet,
3140 3063 3389 3118 sponsam
3431 3056 3609 3103 autem

2038 3150 2224 3212 postea
2245 3143 2417 3207 duxit,
2444 3142 2533 3195 illa
2562 3157 2693 3196 vero
2719 3155 2839 3210 qua:
2866 3148 3119 3209 corrupta
3149 3146 3250 3203 est,
3298 3154 3483 3195 necem
3511 3139 3609 3194 sibi

358 3232 653 3301 ἀπήγξατοο
685 3234 731 3285 οἷ
761 3231 1039 3293 συνειδότες
1062 3234 1421 3291 ἐκελεύσθησαν
1446 3234 1493 3287 ἐν
1522 3232 1752 3305 δεκαετέα
1792 3230 1933 3301 [δέκα

2041 3231 2235 3284 intulit.
2268 3229 2331 3284 Hi
2358 3232 2449 3299 qui
2477 3231 2681 3286 conscii
2708 3229 3100 3297 fuerunt,jussi
3122 3236 3246 3283 sunt
3271 3228 3457 3284 decem
3508 3244 3607 3283 an-

368 3320 524 3393 ἴτεσι]
553 3321 797 3393 δεχθῆναι
840 3326 909 3385 εἰς
932 3327 1049 3383 τοὺς
1072 3330 1395 3384 συνεστῶτας
1416 3327 1540 3378 κατά
1569 3327 1685 3382 τούς
1710 3325 1930 3394 ὡρισμέ-

364 3434 476 3473 νους
503 3413 750 3483 βαθμούς.

2040 3325 2122 3378 nis
2143 3325 2283 3378 inter
2310 3339 2405 3379 eos
2432 3326 2523 3393 qui
2545 3324 2863 3388 consistunt,
2886 3322 3072 3391 recipi,
3102 3320 3393 3377 secundum
3417 3320 3610 3390 gradus

2042 3412 2307 3469 deﬁnitos.

3372 3518 3612 3537 *ιιι-η

1104 3619 1649 3724 CONCILII
1724 3613 2859 3724 NEOCJESARIENSIS

1429 3781 1786 3845 CANONES
1829 3782 1977 3843 xw
2011 3780 2153 3862 (An.
2186 3783 2329 3845 Chr.
2368 3780 2530 3847 3m.

847 3905 967 3982 Qui
994 3904 1233 3985 quidem
1262 3914 1410 3967 sunt
1440 3907 1786 3986 Ancyram’s
1811 3905 2213 3984 posteriores,
2247 3906 2518 3968 Nicwnis
2555 3922 2697 3965 vero
2729 3905 3128 3982 antiquiores.

442 4092 544 4157 μέ.
589 4094 931 4169 Πρεσϐύτερος
962 4093 1047 4146 ἐὰν
1072 4096 1227 4164 γήμῃ,
1264 4099 1353 4150 τῆς
1390 4093 1577 4153 τάξεως
1606 4092 1751 4146 αὑτὸν
1788 4111 1941 4160 μετα·

377 4188 608 4240 τίθεσθαι.
645 4188 753 4239 Ἐὰν
782 4184 835 4239 δέ
869 4191 1123 4259 πορνεῦσῃ
1152 4183 1180 4242 ἦ
1209 4186 1489 4256 μοιχεύσῃ,
1528 4184 1811 4246 ἂξωθεῖσθαι
1855 4184 1943 4235 αύ-

378 4276 461 4330 τὸν
489 4276 661 4339 τέλεον,
688 4279 773 4330 καὶ
799 4272 1010 4346 ἄγεσθαι
1032 4275 1185 4328 αὐτὸν
1211 4277 1279 4334 εἰς
1310 4276 1590 4343 μετάνοιαν.

443 4455 542 4526 μζ.
582 4459 707 4513 Γυνή
738 4455 821 4508 ἐὰν
847 4458 1068 4524 γήμηται
1103 4452 1194 4508 δύο
1218 4452 1464 4525 ἀδελφοῖς,
1489 4454 1756 4516 ἐξωθείσθω
1785 4453 1946 4523 μέχρι

372 4548 609 4611 θανάτου,
638 4547 764 4605 πλὴν
794 4549 839 4599 ἐν
866 4554 938 4618 τῷ
962 4548 1159 4616 θανάτῳ
1188 4550 1427 4607 εἰποῦσα,
1468 4546 1536 4605 ὡς
1571 4544 1821 4616 ύγιάνασα
1856 4544 1943 4594 λύ-

375 4658 452 4690 σει
478 4640 563 4691 τείν
586 4638 766 4707 γάμον,
790 4634 872 4691 διὰ
900 4644 987 4695 τήν
1015 4637 1380 4711 φιλανθρωπίαν
1408 4637 1504 4698 ἔξει
1534 4640 1624 4692 τήν
1657 4636 1937 4705 μετάνοιαν.

374 4725 485 4779 ἐ’ἁν
519 4725 574 4781 δὲ
605 4728 879 4800 τελευτήσῃ
914 4733 1039 4799 γυνή
1063 4730 1113 4780 ἐν
1142 4729 1356 4797 τοιούτῳ
1397 4726 1543 4797 γάμῳ
1577 4720 1729 4787 οὖσα,
1763 4726 1868 4782 ἦτοι
1918 4723 1942 4778 ὁ

378 4818 516 4893 ἀνὴρ,
541 4815 807 4890 δυσχερὴς
825 4825 897 4887 τῷ
920 4819 1144 4887 μείναντι
1165 4819 1193 4874 ἡ
1214 4817 1467 4887 μετάνοια.

448 5080 545 5145 ptri.
586 5081 703 5152 Περί
736 5085 835 5132 τῶν
861 5079 1118 5138 πλείστοις
1147 5080 1325 5149 ’γάμοις
1352 5077 1776 5152 περιπιπτόντων,
1807 5077 1831 5131 ὁ
1858 5082 1943 5147 μὲν

379 5170 560 5241 χρόνος
590 5175 747 5241 σαφὴς
774 5174 799 5221 ὀ
834 5170 1130 5243 ὡρισμένος,
1154 5171 1183 5227 ἡ
1208 5168 1260 5224 δὲ
1300 5171 1587 5243 ἀναστροφὴ
1610 5174 1691 5225 καὶ
1719 5172 1748 5227 ἡ
1772 5173 1945 5230 πίστις

379 5262 542 5314 αὐτῶν
564 5262 826 5332 σύντεμνει
848 5260 933 5313 τὸν
956 5260 1163 5332 χρόνον.

446 5353 547 5415 μθ.
587 5352 702 5408 Ἐὰν
723 5354 980 5429 πρόθηταί
1000 5375 1100 5418 τις,
1132 5354 1449 5423 ἐπιθυμήσας
1476 5376 1729 5425 γυναικος,
1759 5376 1947 5428 συγκα-

376 5442 613 5501 θευδῆσαι
632 5444 741 5514 μετ’
770 5446 928 5504 αὐτῆς
956 5442 1150 5519 [auria],
1177 5450 1245 5512 μὴ
1276 5442 1395 5514 ἔλθῃ
1418 5443 1471 5499 δέ
1500 5447 1570 5504 εἰς
1607 5443 1761 5520 ἔργον
1790 5448 1944 5502 αὐτοῦ

379 5536 409 5591 ἡ
433 5535 716 5604 ἱνθύμησις,
747 5538 971 5606 φαίνεται
999 5535 1075 5591 ὄτι
1103 5537 1204 5591 ύπό
1229 5546 1320 5597 τῆς
1349 5538 1565 5610 χάριτος
1586 5539 1825 5613 ἕβρύσθη.

451 5624 508 5677 ν’.
547 5628 942 5697 Κατηχούμενος
965 5629 1048 5682 ἐὰν
1071 5627 1429 5698 εἰσερχόμενος
1461 5631 1531 5690 εἰς
1559 5631 1614 5684 τὸ
1642 5632 1874 5705 κυριακὸν
1897 5632 1947 5684 ἐν

380 5726 442 5774 τῆ
470 5725 565 5770 τῶν
584 5720 976 5789 κατηχουμὲνων
999 5720 1135 5782 τάξει
1161 5726 1340 5790 etiam,
1366 5716 1513 5781 οὗτος
1543 5719 1595 5776 δέ
1625 5722 1947 5796 ἁμαρτάνων,

381 5808 463 5858 ἐὰν
492 5808 580 5873 μέν
616 5810 734 5879 γόνυ
766 5809 953 5873 κλίνων,
979 5812 1240 5884 ἀκροάσθω
1280 5811 1452 5879 μηκέτι
1497 5812 1819 5887 ἁμαρτάνων.
1848 5814 1951 5879 Ἐὰν

382 5894 433 5948 δὲ
468 5901 544 5952 καί
568 5899 877 5971 ἀκροώμενος
904 5900 974 5957 ἔτι
998 5900 1278 5976 ὰμαρτᾶνῃ,
1309 5902 1593 5965 ἐξωθείσθω.

2116 4085 2299 4142 XLVI.
2330 4084 2615 4156 Presbyter
2656 4085 2700 4140 si
2749 4099 2971 4139 uxorem
3013 4086 3244 4151 duxerit,
3278 4087 3467 4142 ordine
3514 4104 3613 4145 suo

2047 4185 2356 4242 moveatur;
2386 4177 2431 4231 si
2460 4183 2637 4230 autem
2668 4175 2959 4232 fornicatus
2987 4176 3163 4243 fuerit,
3187 4177 3272 4231 vel
3293 4177 3612 4235 adulterium

2047 4268 2398 4335 commiserit,
2428 4267 2640 4339 penitus
2685 4267 3020 4333 extrudatur,
3070 4276 3124 4321 et
3153 4268 3217 4321 ad
3249 4269 3616 4336 paenitentiam

2048 4361 2336 4430 redigatur.
3612 4348 3615 4349 ⁷

2127 4448 2329 4503 XLVII.
2361 4448 2612 4503 Muliersi
2632 4447 2837 4503 duobus
2863 4446 3119 4503 fratribus
3167 4450 3429 4519 nupserit,
3481 4451 3615 4518 abji-

2048 4542 2221 4596 ciatur
2242 4555 2409 4610 usque
2435 4539 2502 4593 ad
2540 4546 2801 4604 mortem;
2831 4546 3201 4594 verumtamen
3248 4540 3300 4595 in
3350 4549 3545 4609 morte,
3573 4543 3617 4595 si

2048 4629 2353 4700 promiserit
2403 4627 2545 4696 quod
2596 4627 2685 4681 ubi
2734 4628 3089 4692 convaluerit,
3121 4630 3296 4685 solvet
3339 4632 3617 4685 matrimo-

1998 4751 2005 4760 ο
2048 4723 2215 4785 nium,
2246 4726 2469 4791 propter
2514 4718 2919 4785 humanitatem,
2952 4721 3323 4789 paenitentiam
3380 4724 3613 4777 habebit.

2050 4810 2154 4865 Sed
2180 4811 2223 4865 si
2253 4816 2463 4864 mortua
2494 4807 2653 4863 fuerit
2674 4808 2887 4873 mulier,
2918 4810 2973 4863 in
3018 4809 3322 4878 huiusmodi
3368 4814 3618 4881 conjugio

2052 4901 2308 4967 existens,
2338 4900 2422 4955 vel
2444 4898 2559 4970 ejus
2603 4900 2848 4965 maritus,
2881 4898 3107 4955 difficilis
3153 4902 3255 4956 erit
3306 4902 3615 4971 pmnitentia

2048 4990 2361 5046 remanenti.

2120 5079 2345 5135 XLVIII.
2379 5080 2452 5135 De
2480 5081 2547 5136 iis
2592 5082 2681 5149 qui
2714 5082 2765 5135 in
2796 5081 3053 5151 plurimas
3095 5081 3308 5150 nuptias
3358 5079 3616 5141 incidunt.

2052 5180 2261 5240 tempus
2286 5170 2499 5239 quidem
2517 5170 2797 5226 deﬁnitum
2825 5169 3163 5225 manifestum
3193 5178 3277 5224 est
3300 5187 3311 5222 :
3337 5172 3620 5226 conversio

2049 5272 2225 5317 autem
2250 5277 2313 5317 ac
2340 5262 2472 5316 fides
2492 5262 2727 5330 ipsorum
2751 5269 2959 5331 tempus
2978 5260 3261 5314 contrahit.

2127 5352 2308 5408 XLIX.
2332 5354 2389 5409 Si
2411 5354 2531 5424 quis
2545 5352 2825 5407 mulierem
2852 5351 3256 5420 concupiscens,
3282 5352 3623 5422 proposuerit

2056 5461 2175 5501 cum
2206 5461 2269 5501 ea
2288 5444 2665 5510 concumbere,
2695 5442 2812 5511 ejus
2838 5449 3017 5498 autem
3047 5443 3368 5499 desiderium
3399 5444 3465 5499 ad
3486 5459 3623 5516 opus

2056 5553 2164 5595 non
2186 5539 2408 5602 venerit,
2433 5535 2643 5590 videtur
2661 5550 2777 5590 esse
2798 5536 2965 5604 gratia
2995 5547 3251 5592 servatus.

2124 5628 2184 5682 L.
2216 5627 2645 5683 Catechumenus
2673 5628 2718 5681 si
2766 5627 2818 5680 in
2848 5626 3173 5683 dominicum
3214 5628 3539 5697 ingrediens,
3569 5631 3621 5683 in

2052 5724 2239 5780 ordine
2280 5721 2783 5777 catcchumenorum
2821 5723 3055 5788 steterit,
3084 5722 3127 5775 is
3156 5730 3333 5777 autem
3391 5730 3617 5791 peccat:

2052 5817 2094 5869 si
2126 5830 2261 5880 genu
2293 5812 2505 5882 quidem
2536 5812 2782 5879 ﬂectens,
2817 5814 2995 5868 audiat
3052 5830 3156 5866 non
3210 5814 3440 5880 amplius
3490 5826 3617 5878 pec-

2056 5920 2183 5961 cans
2216 5922 2226 5958 :
2260 5904 2341 5961 sin
2364 5912 2540 5960 autem
2572 5905 2733 5963 etiam
2764 5902 2985 5960 audiens
3033 5911 3249 5974 peccet,
3299 5901 3607 5967 expellatur,
