4034 6206
584 416 654 472 53
1853 407 2208 466 DIONYSIUS
2246 406 2559 464 EXIGUUS.
3576 452 3580 456 .
3761 402 3827 459 56

655 528 747 584 να’.
789 530 905 603 Περί
932 528 1295 604 κυοφορούσης,
1322 525 1400 582 ὅτι
1426 525 1506 582 δεῖ
1530 523 1829 598 φωτίζεσθαι
1858 521 2003 578 ὀπτότε
2029 523 2137 593 βού-

2326 516 2409 571 LI.
2442 517 2517 572 De
2538 530 2601 571 ea
2629 530 2748 585 qua:
2774 524 2986 571 uterum
3037 516 3193 583 gerit,
3221 515 3363 584 quod
3416 524 3665 587 oporteat
3708 533 3824 572 eam

585 619 742 678 λεται.
776 618 925 675 οὐδέν
943 622 1043 695 γὰρ
1074 621 1121 673 ίν
1141 619 1309 691 τούτῳ
1334 625 1557 673 κοινωνεῖ
1577 619 1607 675 ἡ
1629 617 1878 673 τίκτουσα
1897 623 1968 685 τῷ
1987 634 2151 670 τικτοο

585 711 713 779 μένῳ
746 708 829 767 διὰ
869 710 946 774 τὸ,
975 709 1190 765 ἑκάστου
1216 707 1347 765 ἰδίαν
1374 714 1462 768 τήν
1501 710 1803 783 προαίρεσιν
1843 711 1933 766 τὴν
1968 707 2052 761 ἐπὶ
2088 715 2150 777 τῇ

584 800 820 874 ὁμολογίᾳ
847 800 1165 860 δείκνυσθαι.,
1526 856 1527 859 η

650 892 743 945 νϐ’.
787 893 1131 966 Πρεσϐύτερον
1159 892 1229 952 εἰς
1263 891 1461 964 γάμους
1493 889 1834 965 διγαμούντων
1861 894 1933 960 μὴ
1972 889 2149 945 έστιᾶ-

585 985 722 1050 σθαι,
753 983 861 1037 ἐπεὶ
882 984 1146 1053 μετάνοιαν
1169 984 1430 1043 αἰτοῦντος
1461 988 1550 1037 τοῦ
1573 979 1809 1053 διγάμου,
1838 982 1917 1041 τίς
1937 976 2090 1036 ἕσται
2123 979 2149 1034 ὁ

582 1075 949 1149 πρεσϐύτερος,
977 1072 1105 1129 όδιά
1127 1082 1217 1134 τῆς
1242 1074 1518 1134 ἑστιάσεως
1543 1073 2022 1143 συγκατατιθέμενος
2044 1078 2151 1131 τοῖς

581 1182 782 1236 γαμοις;

649 1256 740 1327 νγ’.
778 1261 905 1316 Γυνή
925 1277 1056 1317 τινος
1078 1262 1413 1327 μοιχευθεῖσα
1435 1257 1602 1309 λαίκοῦ
1629 1254 1788 1322 ὄντος,
1813 1256 1895 1309 ἓάν
1933 1254 2150 1327 ἐλίγχθῃ

581 1355 819 1418 φανερῶς,
865 1346 890 1401 ὁ
927 1354 1155 1406 τοιοῦτος
1197 1349 1268 1406 εἰς
1313 1348 1591 1413 ὑπηρεσίαν
1628 1348 1775 1405 ἐλθεῖν
1817 1348 1874 1401 οὐ
1920 1345 2147 1401 δύναται.

516 1444 522 1450 “
580 1433 691 1490 Ἐὰν
718 1435 772 1491 δὲ
801 1440 883 1490 καὶ
907 1438 1035 1507 μετά
1052 1436 1141 1495 την
1172 1439 1489 1509 χειροτονίαν
1516 1437 1794 1509 μοιχευθῇ,
1824 1435 2001 1507 ὀφείλει
2023 1437 2151 1490 ἀπο-

579 1524 730 1580 λῦσαι
759 1529 936 1585 αὐτήν.
964 1526 1073 1582 Ἐὰν
1099 1525 1152 1581 δὲ
1195 1531 1345 1600 συζῇ,
1375 1528 1433 1579 οὐ
1462 1523 1672 1580 δύναται
1709 1524 1919 1595 ἔχεσθαι
1947 1533 2038 1586 τῆς
2067 1527 2150 1595 ἑγ-

581 1634 698 1684 χειρ
721 1616 922 1676 σθείσης
948 1615 1082 1686 αὐτῷ
1101 1616 1385 1689 ὑπηρεσίας
1409 1612 1723 1686 [διακονίας].

646 1784 735 1841 νδ’.
775 1789 1143 1863 Πρεσϐύτερος,
1180 1789 1268 1842 ὶὰν
1306 1790 1712 1864 προημαρτηκὼς
1752 1793 1955 1860 σώματι
1984 1810 2147 1861 προαεο

2253 608 2512 681 baptizari
2531 606 2747 677 quando
2776 607 3023 662 voluerit.
3050 606 3191 661 Nihil
3220 607 3360 662 enim
3386 607 3437 661 in
3460 607 3595 675 hoc,
3619 622 3682 664 ea
3709 624 3827 679 qua

2252 701 2413 771 parit,
2440 700 2682 756 nascenti
2710 700 3105 765 communicat,
3143 698 3267 778 quia
3313 700 3592 769 proprium
3645 702 3824 758 unius-

2253 790 2509 860 cujusque
2529 791 2866 861 propositum
2894 790 2948 843 in
2969 788 3306 845 confessione
3326 790 3655 846 ostendatur.
3678 837 3687 846 .
3764 862 3767 863 ν

2321 879 2431 934 LII.
2456 879 2745 952 Presbyter
2772 880 2827 934 in
2854 879 3187 948 digamorum
3212 879 3413 949 nuptiis
3462 895 3531 935 ne
3577 882 3823 938 convive-

2251 976 2358 1024 tur.
2398 968 2535 1023 Cum
2562 969 2704 1025 enim
2729 968 3100 1039 paenitentiam
3130 968 3370 1037 requirat
3394 970 3657 1039 digamus,
3705 974 3823 1043 quis

2251 1059 2354 1115 erit
2374 1059 2656 1132 presbyter
2703 1060 2794 1129 qui
2834 1060 2951 1114 illas
3006 1060 3218 1129 nuptias
3267 1060 3369 1117 isto
3397 1062 3645 1119 convivio
3673 1077 3820 1120 com-

2250 1150 2442 1220 probet
2454 1150 2478 1205 ?

2324 1240 2454 1296 LIII.
2484 1240 2542 1297 Si
2568 1242 2793 1312 alicujus
2820 1255 3065 1307 uxorem,
3097 1231 3381 1301 cum'esset
3408 1244 3595 1311 laicus,
3625 1245 3825 1302 adulte-

2250 1341 2424 1390 ratam
2448 1332 2612 1391 fuisse
2653 1333 2927 1389 evidenter
2968 1333 3129 1389 fuerit
3155 1334 3581 1405 comprobatum,
3614 1337 3732 1392 talis
3753 1337 3823 1393 ad

2248 1426 2607 1481 ministerium
2653 1425 2847 1480 venire
2885 1440 2993 1480 non
3048 1433 3248 1495 potest.
3279 1425 3374 1480 Sin
3428 1435 3607 1481 autem
3658 1428 3818 1484 etiam

2252 1522 2376 1586 post
2404 1514 2797 1570 ordinationem
2827 1514 3124 1570 adulterata
3154 1515 3335 1580 fuerit,
3381 1515 3650 1572 dimittere
3700 1533 3817 1572 eam

2251 1608 2520 1661 convenit.
2542 1605 2697 1673 Quod
2729 1608 2774 1661 si
2798 1622 2923 1661 cum
2952 1606 3041 1660 illa
3073 1606 3390 1672 convixerit,
3413 1622 3521 1667 non
3550 1616 3725 1677 potest
3740 1610 3818 1665 si-

2251 1696 2307 1752 bi
2333 1696 2675 1752 commissum
2700 1696 3055 1750 ministerium
3085 1697 3299 1751 habere.

2322 1786 2454 1841 LIV.
2479 1785 2535 1841 Si
2563 1786 2844 1856 presbyter
2872 1785 2964 1856 qui
2990 1786 3268 1862 corporale
3290 1794 3568 1856 peccatum
3598 1786 3821 1845 admise-

578 1878 707 1948 χθῇ,
738 1881 819 1932 καὶ
858 1877 1138 1952 ὁμολογήσῃ
1167 1877 1245 1935 ὅτι
1292 1882 1514 1953 ἥμαρτεν
1552 1881 1650 1955 πρὸ
1678 1887 1769 1941 τῆς
1799 1882 2137 1955 χειροτονίας·

2252 1874 2337 1939 rit,
2362 1880 2644 1944 promotus
2669 1873 2850 1938 fuerit,
2902 1881 2958 1927 et
3011 1873 3287 1929 confessus
3312 1873 3493 1941 fuerit,
3526 1876 3670 1944 quod
3697 1885 3820 1931 ante

576 1972 643 2038 μή
686 1970 1032 2043 προσφερὲτω,
1077 1971 1235 2040 μένων
1261 1971 1309 2023 ἐν
1338 1980 1447 2031 τοῖς
1483 1971 1700 2035 λοιποῖς.
1743 1970 1825 2035 διὰ
1866 1976 1956 2033 τήν
2000 1969 2146 2030 ἄλλην

575 2057 821 2117 σπουδήν.
849 2061 922 2115 Τά
948 2061 1047 2135 γὰρ
1075 2061 1228 2115 λοεπά
1265 2058 1467 2131 [πολλὰ]
1512 2061 1854 2138 ἁμαρτήματα
1880 2060 2069 2135 ἔφασαν
2102 2062 2148 2117 οἱ

575 2150 747 2207 πολλῖὶ
785 2154 868 2213 καὶ
913 2158 1003 2209 τήν
1041 2152 1359 2226 χειροθεσίαν
1399 2155 1611 2223 ἀφιέναι.
1641 2156 1751 2207 Ἐἀν
1790 2151 1845 2207 δὲ
1880 2154 2037 2215 αὐτὸς
2077 2159 2147 2225 μή

574 2238 810 2312 ὁμολογῇ,
856 2241 1154 2312 ἐλεγχθῆναι
1195 2240 1249 2295 δὲ
1290 2249 1513 2315 φανερῶς
1539 2248 1608 2313 μή
1636 2241 1822 2316 δυνηθῇ
1845 2286 1860 2312 ,
1894 2242 1975 2298 ἔπ’
2013 2244 2146 2313 αὐτῷ

573 2332 740 2400 ἐκείνῳ
764 2333 1022 2386 ποιεῖσθαι
1044 2336 1130 2390 τὴν
1155 2333 1401 2397 ἐξουσίαν.
1716 2342 1719 2343 ⁷

642 2506 725 2559 νε”.
767 2505 979 2574 Ὁμοίως
1008 2506 1094 2557 καί
1128 2501 1350 2571 διάκονος
1389 2508 1432 2558 εὶ
1463 2505 1512 2557 ἓν
1552 2512 1625 2574 τῷ
1656 2505 1791 2575 αὐτῷ
1820 2506 2142 2580 ἁμαρτήματι

571 2594 841 2669 περιπέσῃ,
872 2598 960 2651 τήν
979 2600 1067 2648 τοῦ
1093 2597 1348 2666 ὑπηρέτου
1370 2594 1508 2657 τάξιν
1536 2592 1722 2663 ἐχέτω.

639 2683 733 2746 νς·’.
773 2684 1120 2756 Πρεσϐύτερος
1145 2685 1245 2757 πρὸ
1274 2690 1375 2737 τῶν
1418 2686 1691 2757 τριάκοντα
1720 2685 1841 2742 ἑτῶν
1867 2690 1936 2754 μή
1968 2706 2141 2759 χειρο-

569 2776 825 2840 τονεὶσθω,
850 2776 931 2829 ἐὰν
959 2779 1043 2829 καὶ
1064 2775 1194 2830 πάνυ
1281 2775 1305 2828 ὁ
1329 2772 1588 2848 ἅνθρωπος
1615 2773 1771 2843 ἄξιος,
1800 2777 1923 2831 ἀλλά
1946 2779 2141 2836 ἀποτη-

569 2870 772 2941 ρείσθω.
806 2877 862 2921 '0
895 2869 992 2943 γὰρ
1015 2869 1181 2941 κύριος
1202 2866 1392 2926 Ἰησοῦς
1432 2868 1647 2937 Χριστὸς
1679 2868 1726 2919 ἐν
1753 2875 1827 2939 τῷ
1854 2875 2138 2942 τριακοστῷ

566 2962 669 3017 ἔτει
688 2963 931 3034 ἕφωτίσθη
959 2949 1301 3032 [mamma],
1328 2962 1413 3013 καί
1439 2959 1622 3033 ἤρξατο
1647 2956 1898 3013 διδάσκειν

633 3050 719 3114 νζ.
751 3053 860 3105 Ἐὰν
886 3057 1046 3103 νοσῶν
1070 3070 1145 3109 τις
1161 3052 1397 3123 φωτισθῇ,
1423 3050 1491 3108 εἰς
1517 3049 1863 3124 πρεσϐύτερον
1888 3047 2140 3124 [πρεσϐυε

562 3140 773 3216 τερεῖον]
796 3138 1007 3214 ἄγεσθαι
1035 3141 1094 3194 οὐ
1124 3139 1355 3205 δᾶναται,
1394 3142 1481 3194 ούκ
1512 3141 1569 3194 ἐκ
1597 3141 1942 3217 προαιρέσεως
1982 3142 2076 3218 γὰρ

2250 1963 2641 2019 ordinationem
2688 1963 2995 2033 peccaverit
3025 1980 3038 2015 :
3068 1978 3175 2018 non
3223 1962 3446 2031 offerat,
3494 1979 3716 2021 manens
3765 1968 3819 2021 in

2250 2054 2392 2117 aliis,
2422 2067 2646 2124 propter
2670 2053 2816 2108 aliud
2842 2052 2959 2122 ejus
2988 2054 3111 2109 vitae
3136 2054 3397 2121 studium;
3428 2055 3630 2125 reliqua
3675 2059 3821 2118 enim

2249 2152 2467 2212 peccata
2509 2144 2763 2199 dixerunt
2810 2144 2965 2198 multi
3017 2159 3116 2213 per
3170 2160 3360 2200 manus
3425 2146 3821 2216 impositionem

2249 2231 2383 2287 tolli.
2406 2231 2563 2297 Quod
2609 2233 2655 2288 si
2700 2233 2816 2303 ipse
2865 2249 2974 2288 non
3021 2232 3360 2303 conﬁteatur,
3407 2246 3591 2306 aperte
3640 2248 3821 2295 autem

2252 2322 2502 2378 convinci
2531 2337 2638 2378 non
2664 2324 2923 2392 potuerit,
2953 2324 3235 2394 potestatis
3261 2339 3371 2380 sum
3408 2324 3610 2393 judicio
3658 2330 3820 2384 relin-

2246 2420 2458 2480 quatur.

2318 2503 2426 2560 LV.
2476 2504 2735 2561 Similiter
2772 2515 2829 2562 et
2870 2506 3143 2573 diaconus,
3174 2508 3220 2562 si
3262 2507 3315 2562 in
3349 2507 3490 2564 idem
3536 2518 3815 2578 peccatum

2246 2592 2514 2663 inciderit,
2544 2596 2773 2652 ministri
2802 2596 3042 2656 ordinem
3072 2597 3284 2652 habeat.

2316 2682 2446 2746 LVI.
2471 2684 2757 2757 Presbyter
2783 2696 2908 2741 ante
2936 2688 3152 2755 triginta
3181 2702 3352 2751 annos
3379 2703 3489 2743 non
3515 2689 3812 2757 ordinetur,

2243 2775 2453 2829 etiamsi
2478 2775 2633 2832 valde
2679 2777 2869 2845 dignus
2897 2778 3074 2844 fuerit,
3104 2778 3198 2833 sed
3227 2778 3332 2839 hoc
3381 2787 3591 2850 tempus
3630 2783 3812 2837 obser-

2243 2874 2352 2921 vet.
2394 2867 2651 2923 Dominus
2695 2869 2838 2923 enim
2870 2867 3026 2924 Jesus
3071 2868 3313 2925 Christus
3355 2870 3627 2939 trigesimo
3673 2887 3815 2929 anno

2243 2957 2544 3027 baptizatus
2570 2967 2674 3024 est,
2703 2969 2758 3014 et
2785 2960 2946 3027 cmpit
2971 2959 3168 3015 docere

2310 3047 2464 3107 LVII.
2487 3048 2545 3104 Si
2563 3050 2684 3119 quis
2705 3050 2757 3104 in
2780 3051 2970 3105 morbo
2999 3051 3323 3107 constitutus
3343 3051 3671 3106 illuminatus
3701 3054 3816 3108 Ine-

2241 3139 2333 3202 rit,
2360 3140 2427 3195 ad
2456 3140 2718 3196 honorem
2757 3142 3073 3213 presbyterii
3105 3144 3409 3212 promoveri
3454 3159 3563 3199 non
3590 3152 3770 3213 potest
3797 3164 3812 3199 ι

562 3236 736 3293 πίστις
758 3234 937 3300 αὐτοῦ,
966 3230 1066 3293 ἀλλ’
1094 3232 1141 3294 ἐξ
1168 3232 1380 3302 ἀνάγκης
1401 3247 1414 3261 ⁶
1440 3233 1483 3285 εἰ
1510 3236 1579 3301 μὴ
1607 3233 1752 3301 τάχα
1780 3230 1863 3289 διὰ
1886 3237 1976 3290 τήν
2004 3235 2133 3304 μετά

2241 3227 2536 3285 Iidesenim
2564 3230 2680 3300 ejus
2712 3247 2818 3286 non
2852 3240 2935 3287 est
2963 3247 3028 3286 ex
3057 3232 3357 3301 proposito,
3389 3232 3484 3287 sed
3507 3248 3573 3287 ex
3619 3248 3813 3290 neces-

560 3329 723 3388 ταῦτα
765 3326 921 3377 αὐτοῦ
960 3319 1192 3379 σπουδήν
1223 3324 1307 3374 καί
1348 3324 1540 3385 πίστιν,
1585 3320 1777 3375 καὶδιά
1823 3323 2002 3376 σπάνιν
2048 3326 2134 3376 ἀν-

560 3416 791 3489 θρώπων.

628 3507 719 3568 νη’.
757 3506 1052 3580 Ἐπιχὼριοι
1091 3506 1437 3582 πρεσϐύτεροι
1466 3508 1513 3559 ἐν
1558 3514 1630 3579 τῷ
1658 3514 1880 3583 κυριακῷ
1916 3514 2008 3567 τῆς
2040 3507 2132 3561 πό·-

558 3595 683 3657 λεως
732 3597 1032 3671 προσφέρειν
1074 3598 1130 3650 ού
1176 3595 1434 3660 δύνανται,
1483 3594 1729 3671 παρόντος
1780 3596 2061 3652 ἐπισκόπου
2101 3597 2131 3655 ἢ

558 3686 925 3758 πρεσϐυτέρων
948 3686 1161 3754 πόλεως,
1193 3683 1310 3741 οὔτε
1340 3690 1435 3756 μὴν
1475 3676 1628 3759 ἄρτον
1667 3682 1859 3739 διδόναι
1887 3686 1946 3739 ἕν·
1972 3687 2130 3757 εὐχῇ,

556 3775 663 3829 ούδὲ
691 3782 952 3851 ποτήριον·
981 3776 1061 3829 ἐὰν
1086 3774 1139 3829 δὲ
1171 3778 1366 3839 ἀπώσι,
1394 3778 1477 3828 καὶ
1510 3776 1580 3835 εἰς
1602 3777 1760 3845 εὐχὴν
1788 3774 1935 3844 κληθῇ
1963 3774 2128 3844 μόνος,

554 3863 777 3920 δίδωσιν.
811 3865 869 3919 Οἱ
908 3864 961 3920 δὲ
1004 3869 1414 3939 χωρεπίσκοποι,
1451 3867 1552 3917 ε’σὶ
1594 3868 1686 3933 μὲν
1735 3866 1806 3923 εἰς
1847 3865 2005 3918 τύπον
2032 3871 2131 3919 τῶν

552 3952 918 4026 ἑϐδομήκοντα,
947 3959 1014 4015 ὡς
1054 3955 1107 4009 δέ
1142 3954 1533 4031 σνλλειτουρίοί,
1565 3953 1647 4010 διὰ
1679 3965 1768 4013 την
1812 3952 2041 4014 σπουδήν
2059 3958 2131 4015 εἰς

553 4049 672 4108 τοὺς
692 4052 959 4118 πτωχούς,
988 4048 1333 4119 προσφέρουσι
1354 4051 1642 4117 τιμώμενοι.

619 4225 711 4280 νϐ’.
748 4227 968 4280 Διάκονοι
996 4227 1127 4281 ἐπτά
1160 4226 1434 4297 ὀφείλουσιν
1477 4222 1601 4281 εἶναι
1636 4228 1766 4280 κατά
1809 4228 1895 4281 τὸν
1924 4229 2121 4291 κανόνα,

550 4315 637 4388 κᾷν
670 4315 803 4371 πάνυ
829 4318 1019 4391 μεγάλη
1050 4315 1124 4375 εἴη
1153 4319 1183 4375 ἡ
1213 4318 1378 4377 πόλις·
1408 4318 1672 4388 πειτθείσῃ
1694 4315 1747 4370 δὲ
1770 4321 1786 4338 ⁶
1814 4318 1915 4372 ἀπὸ
1942 4327 2031 4379 τῆς
2054 4320 2128 4389 βί-

551 4409 671 4460 ϐλου
700 4415 798 4464 τῶν
829 4409 1080 4483 πράξεων.

2237 3322 2393 3376 sitate
2423 3340 2435 3375 :
2463 3322 2561 3378 nisi
2586 3320 2722 3377 forte
2752 3332 2971 3393 propter
2997 3339 3227 3394 sequens
3249 3323 3363 3393 ejus
3383 3324 3613 3393 studium
3645 3335 3699 3382 et
3748 3326 3812 3377 Ii-

2235 3413 2379 3477 dem,
2406 3422 2569 3482 atque
2590 3414 2865 3468 hominum
2893 3415 3191 3469 raritatem.

2307 3502 2480 3558 LVIII.
2517 3502 2824 3573 Regionarii
2853 3505 3170 3577 presbyteri,
3196 3506 3252 3561 in
3287 3506 3557 3564 dominico
3578 3507 3811 3562 civitatis

2236 3592 2433 3649 oil‘erre
2461 3609 2568 3648 non
2592 3603 2834 3663 possunt,
2867 3604 3130 3665 praesente
3152 3597 3438 3666 episcopo,
3469 3596 3555 3652 vel
3584 3597 3812 3668 presby-

2237 3685 2365 3738 teris
2380 3684 2562 3752 urbis,
2592 3698 2767 3752 neque
2788 3699 2983 3754 panem
3003 3686 3131 3741 dare
3157 3686 3209 3740 in
3233 3687 3498 3750 oratione,
3531 3700 3708 3754 neque
3730 3702 3815 3741 ca-

2235 3776 2421 3841 licem;
2451 3777 2533 3830 sin
2555 3784 2735 3830 autem
2773 3776 2969 3839 absint,
3001 3785 3057 3831 et
3080 3777 3147 3831 ad
3196 3778 3494 3832 orationem
3535 3776 3683 3832 solus
3712 3792 3813 3832 vo-

2234 3874 2386 3921 catus
2412 3865 2592 3931 fuerit,
2616 3864 2745 3917 dare
2787 3865 3002 3932 poterit.
3029 3862 3412 3934 Chorepiscopi
3449 3872 3648 3931 autem,
3681 3874 3811 3920 sunt

2231 3954 2446 4023 quidem
2476 3952 2544 4006 ad
2567 3951 2869 4021 exemplum
2890 3953 3247 4020 septuaginta,
3272 3964 3330 4007 ut
3354 3961 3533 4008 autem
3574 3954 3807 4009 commi-

2235 4044 2410 4109 nistri,
2459 4052 2681 4115 propter
2725 4042 2957 4096 studium
3012 4042 3065 4095 in
3095 4057 3380 4114 pauperes,
3424 4042 3656 4100 oderunt
3710 4043 3812 4098 ho-

2234 4137 2427 4192 norati.

2304 4226 2437 4281 LIX.
2465 4226 2683 4282 Diaconi
2706 4236 2911 4295 septem
2941 4242 3059 4282 esse
3084 4227 3283 4282 debent
3317 4226 3606 4283 secundum
3643 4240 3813 4289 cano-

2234 4332 2378 4385 nein,
2410 4317 2618 4372 etiamsi
2642 4318 2711 4372 sit
2738 4330 2928 4385 magna
2954 4318 3145 4372 civitas
3170 4337 3182 4370 :
3211 4318 3325 4386 ejus
3346 4326 3525 4372 autem
3547 4317 3625 4371 rei
3650 4315 3808 4372 ﬁdem

2235 4410 2394 4465 faciet
2422 4409 2555 4474 liber
2580 4409 2835 4486 Actorum
2869 4409 3006 4477 (Act.
3035 4410 3130 4477 vi).

629 4589 647 4605 '
666 4583 782 4638 Non
813 4582 1266 4656 videoquomodo
1287 4590 1535 4639 constare
1563 4582 1733 4654 possit
1771 4584 1980 4654 phrasis
2008 4600 2129 4641 cum
2159 4586 2262 4641 hoc
2308 4585 2588 4656 parllClpIO
2620 4585 2892 4641 feminino.
2921 4585 3081 4655 Forte
3123 4583 3403 4652 legendum
3453 4584 3806 4651 πεισθήσεται,

544 4653 648 4717 vel,
674 4657 947 4725 πεισθήσῃ.
982 4654 1135 4709 EDIT.

1458 4852 2009 4966 CONCILII
2088 4853 2903 4957 GANG-RENSIS

1633 5013 1993 5089 CANONES
2022 5013 2146 5072 xx
2179 5011 2339 5093 (An.
2369 5013 2515 5074 Chr.
2553 5012 2715 5090 325).

610 5205 671 5267 ξ.
718 5200 783 5255 Εἴ
811 5223 888 5263 τις
922 5203 1007 5256 τὸν
1044 5203 1201 5275 γάμον
1226 5201 1492 5270 μέμφοιτο,
1534 5202 1612 5252 καὶ
1641 5202 1731 5255 τήν
1765 5196 2114 5251 καθεύδουσαν

2291 5195 2402 5252 LX.
2432 5230 2503 5240 -—
2532 5196 2581 5250 l.
2612 5196 2668 5253 Si
2697 5196 2815 5266 quis
2845 5186 3058 5265 nuptias
3084 5202 3321 5255 accuset,
3352 5202 3407 5249 et
3433 5194 3789 5256 dormientem

541 5295 671 5365 μετά
711 5298 802 5347 τοῦ
846 5290 1025 5365 ἀνδρὸς
1071 5294 1244 5357 αὐτῆς,
1278 5286 1437 5345 οὖσαν
1475 5295 1661 5347 πιστην
1696 5293 1782 5342 καί
1822 5288 2009 5345 εὐσεϐῆ
2036 5291 2122 5341 καὶ

538 5387 752 5451 εὐλαϐῆ,
785 5383 1117 5459 βδελύσσοιτο
1151 5386 1182 5445 ἦ
1221 5388 1479 5460 μέμφοιτο,
1513 5387 1581 5445 ὡς
1624 5380 1682 5439 ἂν
1722 5388 1791 5455 μὴ
1841 5381 2119 5453 δυναμένην

537 5482 607 5539 εἰς
635 5477 895 5547 βασιλείαν
924 5476 1182 5542 εἰσελθεῖν,
1213 5479 1433 5548 ἀνάθεμα
1461 5476 1617 5532 ἔστω.

606 5567 696 5631 ξα’.
729 5565 791 5619 Εἴ
806 5587 883 5626 τις
913 5567 1141 5621 ἐσθίοντα
1165 5568 1306 5642 κρέα,
1332 5569 1499 5641 χωρὶς
1529 5568 1767 5637 αἳματος,
1802 5568 1884 5619 καί
1910 5562 2115 5619 εἰδωλο-

535 5661 687 5712 θύτου
729 5660 814 5710 καὶ
859 5663 1084 5722 πνικτοῦ,
1113 5660 1219 5730 μετ’
1242 5657 1499 5719 εὐλαϐείας
1550 5662 1632 5713 καί
1676 5660 1932 5724 πίστεως,
1960 5676 2117 5710 κατα·

535 5753 705 5823 κρίνει,
736 5751 801 5808 ὡς
829 5744 886 5801 ἂν
915 5747 997 5805 διὰ
1022 5751 1080 5807 τό
1117 5751 1537 5821 μεταλαμϐάνειν,
1572 5750 1747 5808 ἐλπίδα
1786 5757 1854 5821 μή
1892 5750 2108 5821 ἔχοντα,

535 5842 759 5908 ἀνάθεμα
792 5840 943 5896 ἴστω.

1832 5964 1856 5987 Ι

2225 5302 2347 5341 cum
2377 5288 2492 5342 viro
2519 5302 2647 5353 suo,
2681 5286 2890 5341 ﬁdelem
2918 5285 3170 5354 piamque
3200 5298 3264 5337 ac
3291 5282 3613 5351 religiosam,
3644 5284 3798 5341 dete-

2223 5386 2396 5434 stetur
2423 5394 2487 5434 ac
2516 5379 2821 5449 vituperet,
2853 5376 3005 5448 quasi
3034 5391 3143 5432 non
3171 5375 3341 5445 possit
3369 5375 3423 5433 in
3449 5389 3672 5447 regnum
3702 5376 3797 5434 Dei

2219 5473 2461 5536 introire,
2488 5474 2770 5527 anathema
2801 5470 2890 5526 sit.

2290 5562 2421 5617 LXI.
2450 5595 2521 5606 --
2548 5563 2604 5617 2.
2635 5561 2691 5616 Si
2720 5561 2839 5630 quis
2878 5574 3095 5615 carnem
3134 5558 3411 5625 edentem,
3444 5560 3642 5627 absque
3669 5572 3797 5614 san-

2218 5654 2382 5722 guine
2404 5691 2419 5717 ,
2453 5661 2506 5708 et
2533 5652 2688 5707 idolis
2718 5650 2993 5706 immolato
3021 5657 3076 5704 et
3118 5648 3377 5703 suil‘ocato
3400 5690 3415 5716 ,
3445 5662 3566 5704 cum
3594 5648 3797 5719 pietate

2219 5755 2276 5802 et
2300 5745 2421 5813 ﬁde,
2453 5745 2796 5812 condemnat,
2829 5744 2906 5800 uti
2935 5757 3085 5814 spem
3113 5758 3221 5798 non
3250 5741 3556 5805 habentem,
3580 5748 3796 5827 propter

2222 5837 2523 5909 hujusmodi
2556 5838 2979 5909 perceptionem,
3013 5835 3292 5893 anathema
3323 5833 3410 5902 sit.
