4034 6206
212 402 278 456 57

1144 364 1372 423 CODEX
1408 362 1739 421 CANONUM
1781 358 2150 417 υΝινΕΒδΑε
2193 356 2569 415 ECCLESIIE.
3443 363 3511 421 58

294 494 391 563 εἴ.
420 491 484 548 ιιῖ
498 514 575 553 τις
606 489 782 546 δοῦλον
810 485 1064 561 προφάσει
1092 482 1380 542 θεοσιϐιῖας
1403 478 1633 536 διδάσκει
1658 501 1816 534 κατα·
1840 528 1848 539 .

1992 473 2235 528 LXII.—
2258 474 2310 528 ’5.
2342 472 2399 528 Si
2419 474 2540 542 quis
2563 487 2799 538 servum,
2829 470 2997 528 divini
3021 472 3198 529 cultus
3222 481 3508 544 praetextu,

223 595 419 664 φρονεῖν
446 582 717 641 δεσπότου,
740 580 826 635 καί
854 579 1151 648 ἀναχωρεῖν
1176 582 1268 633 τῆς
1305 574 1609 648 ὑπηρεσίας,
1639 574 1723 624 καί
1747 573 1818 640 μὴ

225 662 342 749 μετ’
361 677 553 734 εὐνοίας
581 676 665 729 καί
690 673 873 732 πάσης
892 676 1043 741 τιμῆς
1069 674 1142 739 τῷ
1172 665 1359 721 έαυτοῦ
1386 662 1610 737 δεσπότῃ
1639 663 1824 725 ἐξυπη-

229 773 506 849 ρετεῑσθαι,
535 768 761 839 ἀνάθεμα
791 763 949 819 ἴστω.

302 866 394 935 ξγ’.
426 861 490 916 Εἴ
502 882 580 921 τις
602 858 898 931 διακρίνοιτο
912 854 1055 926 παρά
1074 850 1431 928 πρεσϐυτέρου
1452 844 1820 921 γεγαμηκότος,

233 978 301 1016 υς
331 960 402 1026 μή
431 961 623 1028 χρῆναι
649 953 1109 1023 λειτουργήσαντπ
1148 946 1302 999 αὐτοῦ
1341 945 1642 1020 προσφορᾶς
1677 958 1830 1011 μετα-

230 1044 531 1117 λαμϐάνειν,
556 1042 782 1111 ἀνάθεμα
809 1037 840 1094 ἶ
842 1060 969 1094 στω.

303 1136 397 1202 ξδ’.
428 1135 582 1195 εἴτις
603 1132 832 1189 διδάσκει
850 1133 935 1186 τόν
959 1125 1094 1185 οἷκον
1119 1133 1212 1185 τοῦ
1239 1132 1367 1181 Θεοῦ
1398 1124 1828 1198 εὐκαταφρόνητον

236 1224 385 1293 εἶναι,
419 1230 504 1281 καί
530 1227 619 1287 τάς
649 1226 699 1278 ἓν
730 1225 865 1294 αὶτῷ
894 1220 1143 1287 συνάξεις,
1174 1219 1399 1287 ἀνάθεμα
1427 1214 1582 1270 ἔστω.

310 1410 395 1474 ξε’.
432 1407 495 1462 εἴ
534 1429 612 1468 τις
656 1406 798 1482 παρά
824 1409 913 1463 τήν
943 1402 1206 1460 ἐκκλησίαν
1247 1399 1351 1473 ἰδία
1391 1398 1722 1460 ἐκκλησιάζει,
1753 1397 1833 1449 καὶ

238 1506 559 1571 καταφρονῶν
587 1506 678 1557 τῆς
701 1496 982 1559 ἒκκλησέας,
1007 1496 1072 1547 τά
1101 1500 1191 1552 τῆς
1213 1492 1471 1550 ἐκκλησίας
1499 1489 1649 1542 ἐθέλοι
1677 1489 1834 1561 πράτ-

238 1612 341 1645 τειν
379 1595 452 1662 μὴ
494 1590 732 1647 συνόντος
782 1594 874 1644 τοῦ
927 1585 1287 1660 πρεσϐυτέρου
1334 1583 1463 1636 κλτά
1502 1584 1702 1651 γνώμην
1743 1584 1833 1634 τοῦ

240 1681 549 1739 ἐπισκόπου,
578 1679 806 1746 ἀνάθεμα
833 1674 861 1729 ἕ
867 1697 997 1730 στω.

308 1772 407 1835 ξς’.
432 1768 493 1823 Εἴ
511 1792 595 1829 τις
623 1769 973 1841 καρποφορίας
1005 1764 1416 1821 έκκλησιαστικάς
1444 1762 1593 1815 ἐθέλει
1633 1760 1835 1831 λαμϐά-

1924 568 2203 623 dominum
2253 575 2601 622 contemnere
2642 566 2835 621 doceat
2860 606 2874 631 ,
2917 573 2975 621 et
3003 565 3069 620 ab
3099 565 3215 635 ejus
3243 566 3506 637 obsequio

1925 658 2204 714 discedere
2228 697 2245 723 ,
2278 673 2376 713 nec
2404 658 2453 713 ei
2480 659 2623 713 bona
2653 657 2756 713 lide
2798 667 2853 714 et
2880 659 3026 714 omni
3055 658 3263 714 honore
3288 659 3516 729 servire,

1926 751 2210 805 anathema
2241 752 2331 805 sit.

1998 843 2176 897 LXIII.
2204 873 2277 881 —
2297 843 2354 902 ,4.
2387 843 2444 897 Si
2473 844 2592 912 quis
2631 845 2887 899 discernit
2916 844 3289 915 presbyterum
3320 845 3512 915 conju-

1929 944 2111 1004 gatum
2137 977 2152 1001 ,
2197 936 2351 1004 quasi
2400 950 2507 991 non
2555 943 2840 1005 oporteat,
2885 950 2951 990 eo
2995 935 3369 1001 ministrante,
3402 935 3519 1006 ejus

1931 1024 2192 1079 oblationi
2222 1025 2650 1088 communicare,
2679 1024 2963 1078 anathema
2993 1023 3081 1078 sit.

2002 1112 2185 1168 I.XIV.
2212 1145 2276 1154 -—
2305 1112 2356 1167 5.
2384 1114 2440 1168 Si
2470 1114 2591 1182 quis
2618 1115 2777 1169 docet
2804 1106 3022 1169 domum
3046 1114 3139 1169 Dei
3165 1122 3519 1170 contemnen-

1932 1207 2055 1263 dam
2086 1221 2205 1261 esse
2224 1248 2238 1274 ,
2271 1215 2327 1262 et
2355 1214 2650 1262 conventus
2677 1207 2768 1275 qui
2798 1208 2850 1260 in
2891 1222 2954 1262 ea
2984 1206 3356 1274 celebrantur,
3392 1223 3521 1261 ana-

1934 1301 2113 1355 thema
2144 1301 2234 1356 sit.

2009 1391 2165 1449 LXV.
2198 1427 2266 1436 -—
2295 1393 2347 1447 6.
2388 1391 2444 1448 Si
2474 1394 2595 1462 quis
2623 1401 2774 1447 extra
2805 1392 3089 1448 ecclesiam
3118 1394 3365 1462 privatim
3394 1409 3524 1448 con-

1936 1490 2121 1545 ciones
2171 1489 2333 1543 habet
2365 1506 2378 1540 :
2411 1497 2465 1542 et
2496 1486 2790 1542 Ecclesiam
2821 1495 3174 1541 contemnens
3200 1528 3214 1553 ,
3256 1501 3376 1555 qum
3404 1497 3527 1543 sunt

1937 1582 2191 1637 Ecclesia:
2223 1582 2337 1636 vult
2383 1596 2583 1650 agere,
2637 1596 2745 1634 non
2792 1586 3003 1634 astante
3041 1578 3357 1649 presbytero
3406 1593 3527 1633 cum

1936 1675 2217 1730 voluntate
2246 1673 2507 1743 episcopi,
2539 1672 2824 1726 anathema
2849 1671 2938 1723 sit.

2010 1765 2191 1820 LXVI.
2224 1797 2294 1806 -——
2322 1765 2373 1818 7.
2417 1764 2475 1819 Si
2504 1764 2624 1832 quis
2653 1762 3048 1818 ecclesiasticas
3076 1762 3344 1816 fructuum
3375 1761 3529 1816 obla—

242 1883 359 1927 νειν,
390 1862 423 1921 ἦ
448 1860 640 1916 διδόναι
668 1859 768 1924 ἔξω
803 1868 894 1919 τῆς
924 1858 1181 1915 έκκλησίας
1214 1858 1356 1930 παρά
1387 1857 1585 1927 γνώμην
1615 1860 1701 1909 τοῦ
1732 1855 1836 1908 ἐπι·

1982 1874 2114 1914 ones
2161 1866 2314 1913 extra
2359 1853 2642 1913 ecclesiam
2687 1856 2938 1925 accipere
2987 1862 3079 1908 aut
3107 1853 3235 1909 dare
3272 1854 3528 1919 voluerit,

245 1958 443 2010 σκόπου
470 1954 501 2013 ἧ
530 1961 623 2009 τοῦ
654 1953 1103 2025 έγκεχειρισμένου
1128 1950 1192 2005 τά
1218 1954 1461 2013 τοιαῦτα,
1490 1952 1576 2003 καί
1602 1953 1673 2018 μή
1712 1948 1841 2017 μετά

245 2052 444 2119 γνώμης
469 2051 632 2101 αἰτοῦ
659 2046 810 2099 ἐθέλει
837 2045 1102 2119 πράττειν,
1131 2042 1357 2113 ἀνάθεμα
1387 2040 1554 2095 ἔστω.

314 2222 407 2288 ξε.
438 2222 503 2277 Εἴ
521 2244 600 2283 τις
625 2220 759 2277 διδοῖ
780 2220 810 2280 ἦ
836 2221 1083 2292 λαμϐάνοι
1105 2220 1452 2293 καρποφορίαν
1480 2215 1726 2293 παρεκτὸς
1749 2221 1840 2269 τοῦ

250 2317 554 2380 ἐπισκόπου,
585 2313 616 2373 ἦ
643 2320 735 2367 τοῦ
766 2312 1155 2383 ἐπιτεταγμένον
1186 2312 1256 2369 είς
1289 2311 1570 2379 οἰκονομίαν
1592 2306 1840 2372 εὐποιΐας,

251 2412 332 2462 καί
358 2406 385 2461 ὃ
416 2405 610 2471 διδοὺς,
638 2408 718 2458 καί
745 2404 768 2458 ὁ
790 2398 1078 2474 λαμϐάνων,
1109 2401 1331 2470 ἀνάθεμα
1355 2398 1512 2453 ἴστω.

320 2589 416 2653 ἔνι’.
446 2586 511 2642 Εἴ
531 2608 611 2646 τις
640 2586 936 2662 παρθενεύοι
967 2583 996 2643 ἦ
1026 2582 1395 2657 ἄγκρατεύοιτο.
1427 2581 1495 2641 ὡς
1542 2574 1601 2634 ἂν
1634 2576 1847 2649 βδελύτ-

253 2700 353 2732 των
380 2685 480 2731 τῶν
505 2678 681 2749 γάμων
703 2673 1117 2747 [βδελυττόμενος
1150 2674 1235 2726 τὸν
1271 2669 1450 2744 γάμον]
1475 2673 1843 2747 ἀναχωρήσας,

254 2776 334 2823 καί
360 2776 433 2841 μή
462 2769 548 2824 διά
574 2777 669 2823 τοῦ
703 2767 799 2838 [δι’
818 2768 940 2822 αὐτό
968 2764 1057 2837 τό]
1088 2766 1233 2821 καλὸν
1262 2768 1349 2819 καὶ
1378 2764 1518 2836 ἅγιον
1539 2771 1630 2825 τῆς
1656 2765 1844 2839 παρθι-

258 2866 383 2922 νέας,
411 2864 632 2935 ἀνάθεμα
662 2861 823 2915 ἔστω.

325 2956 411 3020 £5".
449 2956 512 3008 Εἴ
530 2977 609 3016 τις·
646 2962 747 3010 τῶν
783 2952 1185 3028 παρθενευόντων
1211 2950 1296 3007 διά
1325 2951 1412 3007 τόν
1436 2951 1623 3027 κύριον,
1654 2969 1846 3004 κατεπ-

262 3051 451 3117 uipereo
479 3051 579 3099 τῶν
601 3043 980 3117 γεγαμηκότων,
1012 3043 1233 3113 ἀνάθεμα
1260 3038 1417 3095 ἔστω.
1441 3111 1444 3114 γ

332 3135 385 3189 θ’.
418 3135 482 3189 Εἴ
498 3156 578 3196 τις
604 3136 937 3206 καταφρονοίη
961 3141 1060 3189 τῶν
1090 3132 1141 3184 ἐκ
1163 3133 1387 3189 πίστεως
1415 3130 1618 3201 ἀγάπας
1643 3128 1844 3183 ποιούν-

1946 1959 2141 2021 praeter
2169 1964 2490 2005 consensum
2523 1947 2791 2018 episcopi,
2826 1946 2910 2000 vel
2942 1945 3058 2015 ejus
3095 1946 3178 2000 cui
3229 1946 3532 2015 hujusmodi

1946 2040 2122 2096 ofﬁcia
2150 2041 2435 2097 commissa
2465 2048 2626 2106 sunt,
2658 2055 2759 2095 nec
2800 2055 2923 2094 cum
2953 2039 3069 2108 ejus
3113 2039 3348 2094 voluerit
3374 2054 3534 2110 agere

1945 2131 2171 2187 consilio
2191 2174 2205 2198 ,
2236 2131 2523 2184 anathema
2553 2130 2640 2185 sit.

2017 2217 2223 2273 LXVII.
2245 2250 2313 2260 —
2335 2217 2387 2271 8.
2413 2217 2469 2272 Si
2490 2219 2609 2287 quis
2630 2217 2841 2273 dederit
2858 2218 2945 2273 vel
2971 2219 3241 2288 acceperit
3266 2218 3534 2275 fructuum

1947 2309 2269 2374 oblationes,
2298 2318 2494 2379 prazter
2522 2310 2854 2380 episcopum,
2887 2311 2973 2364 vel
3000 2325 3123 2364 eum
3151 2312 3244 2379 qui
3270 2313 3536 2367 constitu-

1951 2409 2033 2456 tus
2062 2409 2144 2458 est
2171 2401 2237 2455 ad
2267 2400 2724 2471 dispensationem
2766 2400 3133 2457 beneﬁcentia:
3169 2420 3183 2455 :
3216 2411 3271 2459 et
3300 2405 3391 2474 qui
3420 2404 3534 2473 dat,

1948 2503 2003 2551 et
2030 2495 2122 2565 qui
2151 2495 2365 2565 accipit,
2396 2495 2682 2550 anathema
2712 2495 2800 2549 sit.

2022 2586 2251 2641 LXVIII.
2283 2618 2355 2627 —-
2382 2588 2434 2642 9.
2468 2587 2527 2642 Si
2554 2586 2675 2657 quis
2710 2588 3070 2656 virginitatem
3108 2589 3416 2647 custodiens
3446 2599 3538 2647 aut

1949 2680 2294 2735 continentia:
2318 2680 2568 2745 studens,
2600 2681 2751 2736 velut
2779 2682 3083 2737 abhorrens
3108 2686 3347 2755 nuptias,
3382 2700 3536 2741 sece-

1949 2769 2076 2838 dat,
2107 2786 2215 2824 non
2246 2770 2365 2824 ideo
2393 2771 2516 2840 quia
2547 2780 2731 2827 sancta
2762 2773 2833 2827 sit
2870 2773 3179 2843 virginitas,
3211 2790 3384 2846 neque
3412 2792 3538 2847 pro-

1950 2872 2073 2934 pter
2099 2865 2269 2932 ipsum
2300 2864 2619 2935 virginitatis
2648 2865 2867 2941 bonum,
2900 2869 3184 2925 anathema
3211 2871 3297 2925 sit.

2023 2951 2205 3008 LXIX.
2235 2985 2306 2994 —
2336 2953 2417 3008 I0.
2451 2954 2507 3010 Si
2536 2956 2655 3024 quis
2684 2957 3045 3025 virginitatem
3074 2973 3293 3013 servans
3320 2967 3540 3031 prepter

1951 3046 2259 3114 Dominum,
2276 3062 2334 3101 se
2355 3062 2513 3117 supra
2538 3047 2855 3116 conjugatos
2876 3050 3119 3115 extollat,
3143 3052 3428 3106 anathema
3447 3052 3536 3107 sit.

2023 3135 2284 3191 LXX.'—
2318 3137 2404 3190 11.
2446 3136 2503 3192 Si
2534 3138 2654 3206 quis
2684 3138 2805 3193 illos
2834 3139 3089 3210 despicit,
3122 3142 3213 3210 qui
3248 3155 3444 3211 agapas
3472 3157 3539 3197 ex

270 3249 377 3290 των,
403 3229 490 3280 καί
518 3225 603 3281 διά
640 3230 791 3297 τιμήν
818 3230 909 3279 τοῦ
942 3226 1117 3297 κυρίου
1149 3222 1536 3293 συγκαλούντων
1564 3223 1685 3280 τοὺς
1712 3218 1848 3273 ἀδελ-

1980 3227 2059 3282 ide
2098 3226 2337 3293 faciunt,
2371 3235 2427 3281 et
2457 3237 2680 3299 propter
2708 3229 2971 3285 honorem
3003 3230 3212 3286 Domini
3241 3241 3541 3287 convocant

274 3322 405 3390 ρους,
431 3321 521 3372 καί
542 3322 612 3388 μὴ
636 3317 791 3372 ἐθέλοι
818 3322 1061 3369 κοινωνεῖν
1090 3321 1199 3373 ταῖς
1222 3313 1455 3377 κλήσεσι,
1477 3309 1562 3366 διὰ
1583 3311 1640 3365 τὸ
1661 3312 1850 3375 ἐξευτε-

275 3405 409 3472 λιζειν
434 3410 493 3461 τό
521 3408 801 3481 γινόμενον,
826 3407 1047 3475 ἀνάθεμα
1078 3402 1235 3458 ἔστω.

338 3502 429 3556 σα.
460 3500 525 3554 Εἴ
552 3521 635 3561 τις
672 3498 864 3574 ἀνδρῶν
901 3496 987 3552 δςά
1031 3498 1355 3567 νομιζομένην
1388 3493 1606 3553 ἄσκησιν
1634 3495 1845 3573 περιϐοο

276 3590 385 3660 λείῳ
412 3599 608 3666 χρῆται
625 3584 947 3665 [κέχρηται],
971 3592 1053 3641 καί
1078 3590 1144 3647 ὡς
1168 3581 1225 3640 ἂν
1254 3588 1306 3639 ἐκ
1330 3588 1515 3641 τούτου
1543 3590 1633 3643 τὴν
1663 3583 1852 3640 δικαιο-

278 3688 423 3742 σύνην
457 3684 633 3754 ἔχων,
682 3682 1084 3753 κατα-ρηφίσοιτο
1136 3687 1237 3735 τῶν
1290 3678 1399 3750 μετ’
1422 3679 1682 3738 εὐλαϐείας
1731 3681 1852 3738 τοὺς

280 3778 460 3853 βὴρους
502 3778 804 3855 sepedum-1,
833 3777 915 3829 καί
962 3782 1024 3847 τῇ
1065 3770 1185 3841 ἄλλῃ
1224 3780 1362 3848 κοινῇ
1405 3772 1487 3826 καί
1528 3770 1578 3825 έν
1616 3771 1853 3845 συνηθείᾳ

280 3866 401 3940 εὖση
422 3869 598 3927 ἆσθῆτι
627 3867 968 3943 κεχρημένων,
996 3866 1221 3935 ἀνάθεμα
1249 3862 1403 3945 ἴστω.

346 3960 433 4013 οϐ’.
465 3959 528 4014 Εἴ
544 3980 625 4019 τις
644 3963 770 4031 γυνή
799 3956 884 4012 διά
911 3957 1232 4027 νομιζομένην
1253 3953 1471 4013 ἄσκησιν
1495 3954 1856 4023 μεταϐάλλοιτο

282 4055 560 4125 ἀμφίνισμα,
588 4056 671 4106 καί
718 4054 831 4107 ἀντὶ
858 4057 946 4105 τοῦ
994 4051 1226 4109 εἰωθότος
1249 4052 1533 4121 γυναικείου
1563 4050 1859 4117 ἀμφιάσμα-

282 4164 383 4210 τος,
403 4143 627 4219 ἀνδρεῖον
649 4138 918 4219 [ἀνδρῶον]
938 4141 1177 4195 ἀναλάϐοι
1198 4136 1609 4211 [ἀναλαμϐάνοι],
1633 4139 1858 4208 ἀνάθεμα

283 4234 436 4289 ἴστω.
1779 4236 1787 4244 ”

345 4326 439 4399 ιη’.
470 4324 626 4387 εἴτις
648 4330 775 4399 γυνή
800 4325 1171 4395 καταλιμπάνοι
1198 4324 1285 4378 τόν
1315 4320 1477 4398 ἄνδρα
1494 4366 1509 4391 ,
1541 4324 1625 4376 καὶ
1647 4323 1861 4393 ἀναχω-

285 4425 386 4491 ρεῖν
405 4418 580 4479 έθῦοι.
610 4415 986 4487 βδηλυττομένη
1017 4416 1105 4471 τόν
1132 4416 1314 4484 γάμον,
1338 4415 1565 4485 ἀνάθεμα
1594 4412 1748 4468 ἴστω.

349 4506 436 4561 οἵ.
480 4506 547 4561 Εἴ
581 4527 661 4566 τις
703 4507 1067 4576 καταλιμπάνει
1113 4506 1180 4559 τά
1228 4504 1415 4558 ἑαυτοῦ
1463 4505 1638 4568 τέκνα,
1670 4505 1757 4557 καί
1794 4507 1863 4571 μή

1948 3319 2162 3385 fratres,
2193 3328 2247 3375 et
2273 3320 2507 3375 noluerit
2546 3321 2846 3390 hujusmodi
2875 3324 3250 3379 vocationibus
3299 3338 3541 3380 commu—

1950 3409 2151 3472 nicare,
2183 3410 2578 3479 parvipendens
2603 3411 2747 3480 quod
2777 3413 2972 3480 agitur,
2996 3415 3280 3469 anathema
3310 3415 3395 3470 sit.

2026 3498 2206 3554 LXXI.
2236 3534 2307 3543 —
2336 3499 2423 3555 12.
2456 3500 2513 3556 Si
2543 3502 2662 3570 quis
2690 3502 2799 3569 vir,
2833 3503 2902 3557 ob
2931 3519 3051 3557 eam
3090 3519 3209 3573 qua:
3268 3505 3545 3560 existima--

1956 3601 2041 3647 tur
2086 3593 2307 3663 pietatis
2352 3595 2796 3649 exercitationem
2822 3634 2839 3659 ,
2871 3604 3054 3651 utatur
3081 3596 3369 3671 peribolteo
3393 3640 3409 3666 ,
3440 3599 3546 3656 hoc

1955 3692 2037 3739 est
2083 3685 2283 3740 amictu
2331 3685 2480 3755 pallii
2516 3703 2529 3738 :
2561 3693 2616 3741 et
2650 3687 2798 3741 velut
2835 3688 2890 3741 in
2926 3687 3030 3742 hoc
3053 3687 3313 3756 justitiam
3341 3690 3545 3746 consti-

1959 3786 2148 3846 tuens,
2178 3778 2503 3833 condemnet
2540 3793 2635 3834 eos
2672 3780 2762 3847 qui
2804 3794 2925 3834 cum
2956 3780 3157 3849 pietate
3186 3780 3329 3835 beris
3356 3789 3412 3836 et
3441 3780 3545 3836 alia

1955 3868 2225 3923 communi
2255 3868 2521 3938 solitaque
2550 3877 2697 3924 veste
2727 3878 2967 3933 utuntur,
3000 3869 3285 3924 anathema
3313 3872 3401 3924 sit.

2031 3958 2238 4013 LXXII.
2263 3992 2336 4003 —
2366 3959 2452 4012 13.
2485 3960 2540 4012 Si
2570 3974 2675 4029 qua
2728 3960 2917 4013 mulier
2941 3999 2956 4023 ,
2996 3968 3219 4029 propter
3264 3976 3383 4016 eam
3429 3980 3547 4034 qua:

1960 4051 2301 4106 existimatur
2343 4050 2558 4121 pietatis
2598 4050 3067 4115 exercitationem,
3108 4059 3312 4108 vestem
3356 4063 3548 4122 mutet,

1962 4150 2017 4197 et
2042 4158 2142 4213 pro
2170 4142 2328 4199 solita
2358 4150 2509 4197 veste
2538 4142 2781 4197 muliebri
2800 4184 2814 4209 ,
2848 4143 3054 4198 virilem
3084 4152 3288 4212 sumat,
3323 4146 3552 4203 anathe-

1961 4247 2050 4286 ma
2079 4233 2168 4287 sit.

2037 4326 2266 4382 LXXIII.
2292 4358 2365 4368 —
2389 4328 2476 4381 14.
2500 4327 2556 4383 Si
2579 4343 2682 4397 qna
2705 4328 2895 4383 mulier
2917 4343 2947 4383 a
2971 4330 3165 4385 marito
3184 4328 3282 4385 suo
3302 4331 3552 4398 divertat,

1966 4428 2020 4475 et
2049 4420 2303 4475 secedere
2329 4419 2475 4480 velit,
2503 4419 2716 4483 nuptias
2743 4419 3057 4485 abhorrens,
3083 4422 3366 4476 anathema
3391 4424 3479 4477 sit.

2040 4508 2267 4563 LXXIV.
2300 4538 2373 4548 -—
2401 4506 2488 4561 15.
2536 4509 2591 4563 Si
2622 4510 2743 4578 quis
2772 4509 2911 4564 Iilios
2938 4525 3064 4565 suos
3092 4510 3308 4566 deserat
3332 4554 3345 4578 ,
3378 4522 3434 4568 et
3460 4529 3558 4572 eos

289 4599 444 4671 ιμηὸέ]
475 4605 817 4673 τικνοτροφεῖ,
843 4602 928 4653 καί
956 4598 1015 4653 τό
1043 4595 1164 4652 ὅσον
1202 4597 1364 4666 έαυτῷ
1401 4592 1493 4668 [ἐφ’
1513 4591 1703 4667 ἐαυτῷ]
1735 4594 1848 4663 πρός

1980 4615 2079 4655 non
2111 4599 2220 4653 alat
2242 4639 2258 4665 ,
2279 4607 2343 4654 'et
2371 4607 2629 4668 quantum
2658 4599 2712 4653 in
2741 4615 2801 4655 se
2830 4608 2913 4655 est
2936 4601 3004 4655 ad
3036 4601 3295 4671 pietatem
3325 4611 3380 4658 ct
3406 4603 3558 4661 debi-

290 4692 566 4746 θιοσέεειαν
595 4695 686 4749 τήν
712 4695 1073 4763 προσήκουσαν
1117 4690 1296 4762 ἀνάγοι
1321 4685 1497 4760 [ἄγει],
1520 4687 1647 4741 ἀλλά
1673 4690 1869 4764 προφά-

290 4800 363 4835 σει
388 4790 476 4840 τῆς
502 4783 766 4841 ἀσκήσεως
787 4782 1011 4851 ἆμελοίη,
1039 4782 1261 4850 ἀνάθεμα
1285 4779 1418 4836 ἴστω

356 4872 440 4925 σε’.
470 4872 540 4924 Εἴ
557 4894 671 4928 τινα
699 4874 847 4928 τέκνα
864 4872 1065 4946 γονέων,
1089 4872 1311 4943 μάλιστα
1332 4878 1547 4934 πιστῶν,
1572 4872 1868 4943 ἀναχωροίη

293 4968 533 5037 προφάσει
560 4965 864 5030 θεοσεϐείας,
890 4968 975 5019 καὶ
1014 4970 1084 5037 μὴ
1110 4969 1200 5023 τήν
1243 4964 1561 5024 καθήκουσαν
1590 4968 1738 5033 τιμήν
1765 4970 1873 5022 τοῖς

291 5064 512 5119 γονεῦσιν
552 5058 811 5127 ἀπονέμει,
860 5060 1249 5132 προτιμωμίνης
1292 5055 1515 5115 δηλονότι
1560 5054 1682 5131 παρ’
1699 5044 1873 5117 αὐτοῖς

293 5157 377 5209 τίς
399 5150 714 5213 Θιοσεϐεἰαε,
748 5150 968 5220 ἀνάθεμα
1003 5148 1164 5205 ἔστω.

356 5245 453 5297 οῖ’.
484 5242 549 5299 εἴ
574 5264 651 5304 τις
677 5251 924 5318 γυναικῶν
974 5242 1057 5298 διά
1082 5244 1403 5315 νομιζομένην
1432 5239 1650 5301 ἄσκησιν
1680 5240 1876 5314 [θεοσε-

295 5335 452 5407 Cum]
480 5337 801 5413 ἀποκιίροιτο
826 5337 919 5397 τάς
948 5335 1125 5407 κόμας,
1156 5334 1218 5396 ἃς
1244 5333 1429 5390 ἔδωκεν
1453 5334 1480 5390 ό
1503 5335 1624 5397 Θεὸς
1650 5335 1723 5397 εἰς
1748 5332 1880 5390 ὑπό-

296 5452 470 5497 μνητιν
493 5439 582 5490 τῆς
603 5431 894 5503 ὑποταγῆς,
920 5432 987 5490 ὡς
1014 5428 1302 5486 ἀναλύουσα
1329 5424 1723 5505 [παραλύσασα]
1749 5426 1879 5503 πρό-

297 5544 505 5595 στάγμα
538 5533 625 5583 τῆς
653 5526 934 5595 ὑποταγῆς,
963 5523 1182 5592 ἀνάθεμα
1218 5523 1378 5577 ἴστω.

364 5616 448 5679 οζ.
479 5612 543 5668 Εἴ
562 5636 639 5673 τις
678 5613 760 5669 διά
783 5616 1107 5687 νομιζομένην
1133 5611 1353 5671 ἄσκησιν
1384 5613 1432 5666 έν
1460 5620 1521 5690 τῇ
1549 5621 1761 5688 κυριακῇ
1789 5635 1876 5672 νη-

299 5712 483 5770 στείοι,
513 5707 656 5759 civ-i9:
660 5728 734 5775 μα
763 5704 917 5761 ἴστω.

375 5903 434 5941 η
452 5922 467 5936 .
510 5882 565 5936 Εἴ
583 5905 661 5946 τις
690 5892 788 5940 τῶν
832 5884 1185 5955 ἀσκουμένων,
1220 5884 1387 5958 χωρίς
1414 5888 1706 5954 σωματικῆς
1731 5880 1882 5952 ἀνάγσ

1970 4698 2084 4743 tum
2130 4688 2227 4744 Dei
2271 4689 2473 4744 cultum
2520 4704 2627 4744 non
2676 4690 2917 4745 instituat
2956 4708 2970 4744 :
3019 4690 3114 4746 sed
3160 4693 3561 4751 exercitationis

1973 4786 2257 4851 praetextu,
2281 4778 2521 4847 negligit,
2553 4778 2838 4835 anathema
2867 4780 2957 4836 sit.

2045 4870 2255 4926 LXXV.
2292 4900 2362 4909 —
2390 4870 2475 4925 16.
2527 4870 2586 4926 Si
2631 4873 2724 4942 qui
2766 4871 2857 4927 ﬁlii
2886 4873 3141 4929 secedant
3169 4890 3200 4929 a
3229 4875 3559 4946 parentibus,

1975 4966 2209 5021 maxime
2232 4963 2495 5031 ﬁdelibus,
2517 4964 2684 5020 divini
2713 4966 2887 5023 cultus
2910 4974 3192 5039 praetextu,
3219 4966 3563 5037 debitumque

1976 5055 2291 5128 parentibus
2319 5053 2583 5111 honorem
2610 5071 2719 5111 non
2746 5057 3067 5121 exhibeant,
3099 5057 3385 5128 praeposito
3413 5057 3564 5115 vide-

1979 5146 2106 5202 licet
2130 5146 2269 5215 apud
2300 5146 2445 5216 ipsos
2467 5146 2649 5202 divino
2675 5147 2842 5211 cultu,
2872 5148 3160 5203 anathema
3186 5148 3275 5203 sit.

2052 5235 2281 5292 LXXVI.
2312 5269 2385 5280 —
2413 5236 2503 5292 I7.
2550 5237 2609 5292 Si
2637 5253 2742 5308 qua
2778 5239 2971 5294 mulier
2993 5280 3009 5306 ,
3050 5248 3273 5310 propter
3297 5255 3419 5298 eam
3446 5257 3581 5313 qua,

1982 5328 2323 5385 existimatur
2352 5329 2567 5400 pietatis
2591 5329 3054 5397 exercitationem,
3086 5346 3297 5387 comam
3325 5333 3565 5404 tondeat,

1984 5433 2147 5489 quam
2192 5418 2335 5475 Deus
2371 5419 2420 5474 ei
2449 5418 2599 5475 dedit
2629 5418 2684 5473 in
2719 5419 3035 5475 memoriam
3079 5420 3428 5491 subjectionis
3452 5463 3468 5490 ,
3509 5433 3571 5482 ut

1983 5524 2103 5581 quae
2130 5508 2481 5578 subiectionis
2509 5516 2837 5580 praeceptum
2860 5509 3137 5579 dissolvat,
3160 5514 3448 5570 anathema
3474 5515 3567 5573 sit.

2056 5600 2306 5658 LXXVII.
2340 5632 2411 5645 --
2445 5600 2531 5655 18.
2573 5602 2630 5658 Si
2655 5603 2775 5671 quis
2795 5644 2812 5670 ,
2843 5603 2914 5659 ob
2940 5620 3060 5659 eam
3088 5619 3207 5673 qua:
3235 5606 3573 5663 existimatur

1986 5695 2205 5765 pietatis
2239 5693 2682 5750 exercitationem
2703 5733 2718 5761 ,
2750 5693 3029 5753 Dominice
3058 5695 3147 5752 die
3170 5695 3404 5765 jejunat,
3437 5712 3569 5751 ana-

1990 5788 2167 5843 thema
2197 5788 2285 5842 sit.

2063 5878 2337 5936 LXXVIII.
2376 5911 2438 5921 —
2470 5881 2553 5936 I9.
2585 5881 2639 5938 Si
2670 5889 2787 5954 quis
2816 5896 3023 5951 eorum,
3050 5879 3141 5951 qui
3169 5879 3382 5953 pietatis
3412 5887 3565 5933 exer-
