4034 6206
567 404 631 459 59
1830 399 2186 459 DIONYSIUS
2223 399 2543 457 manus.
3763 419 3833 474 σο

559 539 649 578 am;
693 518 1150 594 ὑπερηφανεύοιτο,
1194 523 1275 574 καί
1318 521 1413 579 τὰς
1461 515 1873 593 παραδεδομένας
1912 518 2146 575 νηστείας

2272 513 2495 568 :itationi
2521 512 2764 578 student,
2796 516 3000 585 absque
3030 520 3354 576 necessitate
3382 527 3651 594 corporis,
3684 528 3835 585 inso-

559 614 629 671 εἰς
670 610 727 665 τὸ
776 612 967 671 κοινὸν,
1018 615 1099 665 καί
1154 611 1541 681 ρυλασσομένας
1596 610 1699 664 ὑπὸ
1744 617 1837 669 τῆς
1891 608 2147 668 ἐικλησιας

557 700 827 773 παραλύει,
857 704 1230 778 ἀποκυροῦντος
1254 701 1421 774 [Ζοη.
1453 698 1917 778 ύποικουροῦντος]
1944 699 1993 755 ἐν
2012 702 2150 773 αὐτῷ

558 795 747 849 τελείου
774 794 1044 867 λογισμοῦ,
1074 796 1296 866 ἀνάθεμα
1326 794 1480 850 ἴστω.

631 884 716 940 σθ’.
746 883 809 939 Εἴ
833 907 912 943 τις
949 889 1155 957 αἰτιῷτο
1184 884 1455 957 [αἰτιᾶται]
1492 888 1792 963 ὑπερηφάνῳ
1818 883 2040 939 διαθέσει
2066 903 2150 937 κε·-

555 999 596 1047 χ
601 976 837 1054 ρημένος,
855 976 938 1029 καί
955 974 1140 1050 βδελυο
1152 978 1361 1046 σὸμνος
1375 976 1467 1035 τὰς
1483 976 1711 1039 συνάξεις
1728 981 1827 1028 τῶν
1845 974 2141 1048 μαρτύρων,

554 1068 582 1127 ἧ
626 1071 719 1127 τὰς
751 1068 801 1121 ἓν
845 1068 1015 1127 αὐτοῖς
1040 1068 1307 1139 γινομένας
1340 1066 1676 1140 λειτουργίας,
1708 1067 1791 1119 καί
1828 1066 1922 1125 τάς
1950 1067 2147 1137 μνήμας

555 1160 734 1223 αὐτῶν,
769 1158 995 1229 ἀνάθεμα
1022 1156 1054 1213 ἕ
1056 1181 1187 1213 στω.

2252 603 2437 670 lescat,
2470 615 2525 660 et
2554 606 2746 660 tradita
2790 608 2842 661 in
2871 624 3155 668 commune
3177 612 3381 683 jejunia
3409 625 3465 671 et
3499 620 3567 673 ab
3595 619 3839 678 Ecclesia

2254 693 2536 748 observata
2556 696 2829 762 dissolvat,
2859 699 3109 755 nimirum
3134 703 3390 773 perfecta,
3418 722 3534 778 qua:
3562 711 3613 765 in
3641 728 3709 769 eo
3732 724 3834 780 est,

2255 790 2664 846 ratiocinatione
2694 791 2781 845 illa
2811 793 3175 863 improbante,
3206 800 3491 856 anathema
3522 804 3609 858 sit.

2326 879 2560 935 LXXIX.
2592 912 2659 922 —
2688 881 2774 936 Ἃ).
2816 882 2873 938 Si
2901 886 3019 953 quis
3045 882 3278 958 superbo
3316 890 3509 948 affectu
3538 902 3697 951 utens
3719 938 3735 963 ,
3788 910 3844 952 et

2254 970 2551 1025 abhorrens
2580 981 2881 1028 conventus
2907 983 3200 1048 martyrum
3221 1019 3235 1043 ,
3267 988 3321 1034 et
3350 997 3497 1036 sacra
3525 999 3644 1054 qua:
3673 986 3728 1041 in
3764 989 3845 1043 eis

2255 1063 2615 1130 celebrantur,
2640 1075 2698 1121 et
2724 1079 2912 1121 eorum
2941 1070 3258 1138 memorias,
3286 1075 3570 1131 anathema
3598 1078 3686 1136 sit.

2369 1304 3829 1331 ___—__________________

1484 1392 2042 1500 CONCILII
2097 1386 2891 1505 ANTIOCHENI

1613 1558 1976 1621 CANONES
2021 1559 2203 1619 xxv
2241 1560 2399 1638 (An.
2434 1562 2581 1624 Chr.
2610 1562 2777 1642 3M).

2064 1680 2356 1697 ᾑ-

628 1776 699 1830 π’.
725 1777 918 1837 Πάντας
939 1778 1057 1837 τοῦς
1072 1777 1357 1847 τολμῶντας
1383 1774 1656 1848 παραλύειν
1670 1770 2039 1847 [παραϐαίνειν]
2062 1771 2145 1825 τὸν

2322 1774 2528 1829 LXXX.
2560 1810 2629 1819 —
2661 1778 2710 1833 I.
2754 1780 2953 1835 Omnes
2980 1782 3071 1851 qui
3099 1784 3297 1838 audent
3325 1786 3620 1842 dissolvere
3647 1789 3840 1844 delini-

560 1871 673 1945 ὅρον
704 1880 793 1933 τῆς
828 1872 972 1942 ἁγίας
1003 1875 1084 1925 καί
1117 1870 1337 1943 μεγάλης
1371 1866 1586 1923 συνόδου
1616 1876 1708 1927 τῆς
1742 1868 1788 1919 ἐν
1816 1868 1994 1940 Νικαίᾳ
2019 1885 2149 1935 συγ-

2272 1868 2455 1919 ionem
2484 1874 2679 1921 sancta:
2708 1876 2763 1922 et
2789 1882 2993 1937 magna:
3022 1872 3230 1941 synodi,
3254 1889 3371 1943 qua:
3393 1874 3580 1931 Νίσαια)
3606 1892 3836 1947 congre-

561 1966 880 2037 >ροτηθείσης
909 1963 991 2017 ἐπί
1016 1966 1279 2036 παρουσίᾳ
1308 1969 1397 2020 τῆς
1422 1959 1687 2018 εὐσεϐείας
1722 1963 1811 2013 τοῦ
1840 1958 2156 2029 θεοφιλεστά-

565 2072 657 2105 του
691 2051 940 2119 βασιλέως
974 2051 1379 2115 Κωνσταντίνου,
1420 2050 1653 2121 περὶτῆς
1685 2046 1836 2117 ἁγίας
1863 2046 2040 2121 ἑορτῆς
2067 2053 2154 2101 τοῦ

561 2141 919 2217 σωτηριὼδους
947 2141 1165 2212 πάσχα,
1188 2141 1667 2202 άκοινωνήτους,καί
1694 2138 2015 2200 άποϐλήτους
2038 2135 2159 2193 εἶναι

560 2243 653 2295 τῆς
694 2234 957 2292 ἐκκλησίας
984 2273 998 2298 ,
1045 2236 1087 2286 εί
1118 2234 1396 2304 ἐπιμένοιεν
1425 2228 1808 2306 φιλονεικότερον
1848 2232 2159 2301 ἐνιστάμενοι

565 2326 696 2394 πρὸς
723 2326 787 2378 τὰ
817 2325 981 2384 καλῶς
1009 2323 1302 2395 δεδογμένα.
1338 2327 1437 2375 Καί
1470 2330 1636 2377 ταῦτα
1667 2323 1884 2397 εἰρήσθω
1915 2326 2034 2395 περί
2058 2330 2157 2378 τῶν

562 2416 623 2471 λα
646 2426 765 2471 κῶν.
798 2418 852 2469 Εἰ
879 2415 932 2471 δέ
958 2437 1035 2475 τις
1058 2423 1158 2469 τῶν
1189 2415 1535 2488 προεστώτων
1558 2420 1647 2471 τῆς
1672 2412 1958 2477 ἐκκλησίας,
1992 2414 2155 2469 ἐπίσ-

563 2528 716 2566 κοπος
744 2506 773 2565 ἦ
803 2507 1159 2579 πρεσϐύτερος
1187 2504 1217 2563 ἦ
1257 2503 1511 2563 διάκονος,
1542 2503 1673 2572 μετά
1699 2503 1784 2556 τὸν
1826 2499 1935 2579 ὅρον
1978 2511 2157 2559 τοῦτον

562 2598 858 2667 τολμήσων
886 2598 970 2649 ἐπὶ
1001 2595 1279 2673 διαστροφῇ
1311 2603 1410 2663 τῶν
1439 2597 1570 2649 λαῶν
1597 2599 1677 2649 καί
1703 2604 1912 2671 ταραχῇ
1943 2604 2041 2651 τῶν
2074 2599 2156 2650 ἐκ·

564 2690 779 2745 κλησιῶν
804 2730 818 2752 ,
856 2685 1066 2751 ίδιοὶζειν
1094 2690 1175 2740 καί
1214 2690 1345 2758 μετά
1386 2692 1486 2739 τῶν
1516 2683 1765 2739 Ἰουδαίων
1809 2686 2053 2740 ἐπιτελεῖν
2098 2688 2156 2741 τό

565 2782 792 2851 πάσχα,
822 2786 998 2835 τοῦτον
1036 2782 1065 2838 ἡ
1099 2779 1217 2851 ὀιγά
1253 2775 1466 2837 σύνοδος
1508 2779 1727 2831 ἐντεῦθεν
1775 2776 1871 2834 ἤδη
1900 2777 2155 2851 ἀλλότριον

565 2872 729 2947 ἴκρινε
750 2880 839 2930 τῆς
861 2872 1154 2931 ἐκκλησίας,
1177 2872 1245 2929 ὡς
1266 2871 1322 2922 οὐ
1350 2866 1500 2939 μόνον
1530 2869 1697 2937 ἑαυτῷ
1726 2868 2007 2941 ἁμαρτίας,
2030 2870 2155 2924 άλλά

567 2965 764 3023 πολλοῖς
806 2961 1080 3037 διαφθορᾶς
1110 2966 1193 3016 καί
1222 2959 1531 3034 διαστροφῆς
1570 2962 1827 3031 γινόμενον
1858 2957 2037 3014 αἴτιον
2075 2962 2158 3016 καί

568 3060 626 3113 οὐ
651 3059 799 3128 μόνον
825 3060 943 3117 τούς
966 3058 1228 3115 τοιούτους
1256 3057 1484 3131 καθαίρει
1511 3063 1603 3114 τῆς
1638 3053 1956 3127 λειτουργίας
1976 3096 1988 3119 ,
2033 3053 2158 3109 ἀλλὰ

569 3154 651 3205 καί
679 3152 797 3209 τούς
821 3149 1112 3217 τολμῶντας
1133 3149 1333 3206 τούτοις
1357 3152 1603 3199 κοινωνεῖν
1634 3146 1765 3213 μετά
1801 3150 1890 3202 τήν
1928 3145 2157 3219 καθαίρε-

2256 1965 2378 2024 gata
2402 1965 2500 2024 est,
2533 1957 2584 2011 in
2616 1961 2898 2028 praesentia
2928 1961 3309 2030 religiosissimi
3334 1966 3672 2036 imperatoris
3694 1968 3839 2024 Con-

2256 2049 2498 2115 stantini,
2523 2050 2591 2104 de
2621 2059 2807 2107 sancto
2838 2052 2977 2108 festo
3005 2055 3265 2111 salutiferi
3294 2056 3589 2127 Paschalis,
3615 2075 3837 2116 excom-

2256 2140 2560 2194 municatos
2612 2149 2667 2193 et
2715 2139 2947 2196 Ecclesia
3000 2144 3203 2213 ejectos
3249 2162 3366 2202 esse
3414 2152 3695 2205 statuimus
3727 2194 3742 2219 ,
3794 2153 3839 2207 si

2258 2230 2627 2285 contentiosus
2670 2230 2926 2288 adversus
2952 2249 3047 2302 ea,
3084 2253 3201 2306 qua:
3238 2248 3387 2295 recte
3430 2233 3645 2297 decreta
3689 2251 3834 2305 sunt,

2260 2321 2612 2390 perstiterint.
2670 2321 2736 2376 Et
2764 2323 2876 2379 htec
2903 2326 3117 2393 quidem
3148 2328 3215 2382 de
3243 2330 3392 2385 laicis
3418 2329 3557 2385 dicta
3603 2333 3730 2387 sint.
3781 2332 3839 2388 Si

2259 2412 2379 2482 quis
2405 2421 2583 2467 autem
2613 2424 2799 2468 earum
2829 2417 2919 2483 qui
2948 2427 3179 2485 praesunt
3219 2419 3499 2489 Ecclesize,
3532 2425 3835 2495 episcopus,

2258 2505 2342 2558 vel
2372 2505 2671 2574 presbyter,
2706 2507 2791 2561 vel
2819 2506 3076 2563 diaconus
3118 2520 3239 2579 post
3285 2512 3425 2569 hanc
3471 2514 3838 2571 definitionem

2260 2610 2420 2649 ausus
2447 2594 2643 2664 fuerit,
2675 2599 2740 2651 ad
2772 2598 3093 2668 populorum
3137 2603 3540 2660 subversionem
3568 2614 3623 2660 et
3648 2606 3837 2663 Eccle-

2258 2686 2456 2740 siarum
2476 2688 2932 2757 perturbationem
2953 2706 3196 2746 seorsum
3218 2706 3397 2762 agere,
3416 2705 3472 2750 et
3490 2694 3692 2753 Pascha
3717 2714 3839 2753 cum

2259 2775 2452 2831 Judmis
2479 2777 2758 2835 celebrare
2781 2821 2796 2846 ,
2828 2781 2972 2837 hunc
3016 2793 3199 2839 sancta
3226 2784 3459 2857 synodus
3485 2787 3680 2843 abhinc
3709 2790 3839 2844 alie-

2259 2882 2386 2922 num
2414 2882 2533 2923 esse
2552 2870 2619 2925 ab
2641 2868 2878 2925 Ecclesia
2897 2870 3173 2940 judicavit.
3203 2883 3261 2928 ut
3286 2876 3377 2944 qui
3403 2892 3509 2932 non
3538 2878 3637 2933 sibi
3665 2879 3839 2933 solum

2260 2960 2512 3030 peccati,
2552 2959 2646 3016 sed
2685 2970 2740 3017 et
2780 2963 2961 3017 multis
2999 2964 3149 3019 exitii
3199 2974 3253 3021 et
3285 2967 3650 3024 subversionis
3678 2984 3837 3025 causa

2262 3051 2424 3107 fuerit
2449 3071 2462 3106 :
2488 3060 2543 3108 et
2571 3068 2678 3115 non
2703 3052 2877 3107 solum
2902 3069 2997 3109 eos
3021 3070 3053 3109 a
3082 3055 3380 3113 ministerio
3404 3058 3644 3130 deponit,
3670 3060 3763 3116 sed
3789 3068 3843 3116 et

2262 3158 2376 3208 eos,
2406 3144 2499 3214 qui
2526 3144 2723 3199 audent
2752 3146 2816 3200 iis
2846 3148 3247 3205 communicare
3281 3158 3403 3219 post
3427 3149 3838 3221 depositionem.

570 3244 816 3300 σιν.Τούς
841 3240 893 3295 δέ
922 3240 1302 3313 καθαιρεθέντας
1331 3237 1733 3311 ἀποστερεῖσθκι
1759 3238 1841 3289 καί
1868 3244 1959 3297 τῆς
1982 3233 2160 3300 ἔξωθεν

2272 3234 2550 3306 Depositos
2587 3246 2768 3292 autem
2820 3240 2965 3294 omni
3003 3255 3218 3310 quoque
3262 3242 3592 3298 extrinsecus
3642 3244 3848 3298 honore

572 3338 741 3400 τιμῆς,
774 3328 879 3389 ἧςὸ
910 3328 1052 3403 ἄγος
1080 3331 1235 3382 κανῶν
1270 3330 1352 3382 καί
1376 3329 1434 3382 τὸ
1469 3332 1557 3381 τοῦ
1582 3327 1696 3379 θεοῦ
1727 3325 1969 3402 ίερατεῖον
1994 3330 2161 3397 μετεί-

573 3421 738 3495 ληφεν.

643 3510 751 3567 ποτ’.
780 3515 971 3571 Πάντας
997 3514 1117 3572 τούς
1149 3513 1395 3569 εἰσιόντας
1417 3510 1488 3571 εἰς
1508 3518 1600 3573 τήν
1627 3510 1888 3569 ἐκκλησίαν
1909 3518 1999 3565 τοῦ
2029 3512 2162 3573 θεοῦ,

575 3605 659 3657 καί
686 3610 784 3657 τῶν
827 3604 970 3673 ἱερῶν
1009 3610 1210 3675 γραφῶν
1248 3604 1551 3661 ἀκούοντας,
1599 3606 1667 3671 μὴ
1705 3606 2062 3661 κοινωνοῦντας
2111 3598 2163 3655 δέ

575 3697 735 3764 εὐχῆς
758 3692 865 3763 ἅμα
892 3700 964 3765 τῷ
988 3693 1108 3761 λαῷ,
1125 3692 1154 3752 ἦ
1181 3693 1651 3763 ἀποστρεφομένους
1668 3696 1756 3750 την
1774 3690 2052 3761 μετάληψιν
2078 3699 2168 3751 τῆς

577 3779 914 3859 εὐχαριστίας
946 3791 1076 3838 κατά
1103 3805 1214 3837 τινα
1243 3784 1473 3847 ἀταξίαν,
1505 3785 1720 3842 τούτους
1749 3782 2069 3841 ἀποϐλήτους
2092 3785 2172 3853 γί-

577 3879 751 3933 νεσθαι
779 3885 869 3937 τῆς
893 3878 1186 3939 ἐκκλησίας,
1218 3876 1313 3935 ἕως
1350 3871 1406 3927 ἂν
1438 3875 1914 3947 ἐξομολογησάμενοι
1947 3877 2036 3928 καί
2069 3872 2170 3928 δεί-

578 3971 754 4033 ξαντες
780 3971 1009 4044 καρπούς
1038 3970 1324 4040 μετανοίας,
1357 3971 1442 4021 καί
1482 3968 1957 4041 παραγαλέσαντες,
1992 3976 2175 4039 τυχεῖν

579 4064 833 4123 δυνηθῶσι
871 4065 1195 4135 συγγνώμης.
1231 4068 1304 4121 Μὴ
1340 4064 1516 4127 ἐξεῖναι
1550 4062 1602 4118 δέ
1633 4049 1871 4119 κοινωνεῖν
1900 4072 2007 4122 τοῖς
2036 4064 2175 4119 ἀκοι-

580 4157 821 4213 νωτήτοις
856 4149 978 4222 μηδὲ
1010 4150 1118 4204 κατ’
1139 4150 1307 4209 οἴκους
1336 4153 1661 4213 συνελθόντας
1690 4154 2045 4221 συνεύχεσθαι
2066 4161 2176 4214 τοῖς

581 4248 655 4313 μή
770 4242 1008 4315 ἐκκλησίᾳ
1038 4243 1469 4321 συνευχομένοις,
1504 4241 1631 4311 μηδὲ
1670 4243 1719 4297 ἕν
1758 4244 1909 4318 ἑτέρᾳ
1947 4244 2179 4321 ἐκκλησίᾳ

582 4333 936 4403 ὑποδέχεσθαι
961 4334 1079 4392 τούς
1108 4332 1155 4385 ἐν
1179 4332 1325 4405 ἑτέρᾳ
1349 4332 1583 4405 ἐκκλησίᾳ
1608 4336 1676 4403 μὴ
1702 4336 2091 4406 συναγομένους.
2124 4338 2179 4390 Ei

586 4425 641 4481 δὲ
670 4429 839 4496 φανείη
860 4444 937 4483 τις
959 4430 1057 4477 τῶν
1089 4423 1378 4477 ἐπισκόπων
1406 4421 1435 4481 ἦ
1469 4424 1837 4497 πρεσϐυτέρων
1865 4424 1894 4483 ἦ
1925 4423 2178 4493 διακόνων,

586 4518 618 4576 ὅ
643 4536 719 4575 τις
746 4522 838 4569 τοῦ
866 4512 1070 4575 κανόνος
1098 4520 1201 4574 τοῖς
1234 4514 1581 4575 ἀκοινωνὴτοις
1610 4523 1858 4570 κοινωνῶν
1879 4556 1894 4579 ,
1930 4519 2013 4571 καί
2060 4524 2183 4573 τοῦ·

2265 3327 2487 3397 privari,
2512 3344 2671 3399 quem
2698 3338 2914 3386 sanctus
2941 3346 3113 3387 canon
3142 3342 3198 3388 et
3219 3332 3313 3388 Dei
3341 3334 3700 3391 sacerdotium
3721 3350 3846 3404 pro-

2267 3420 2483 3474 meruit.

2339 3511 2572 3568 LXXXI.
2603 3547 2672 3557 ——
2700 3513 2753 3569 2.
2804 3513 3000 3572 Omnes
3040 3518 3131 3587 qui
3174 3519 3545 3589 ingrediuntur
3575 3521 3628 3575 in
3668 3520 3844 3575 eccle-

2270 3603 2405 3658 siam
2436 3603 2552 3670 Dei,
2583 3612 2638 3659 et
2664 3620 2845 3660 sacras
2873 3604 3180 3676 Scripturas
3208 3608 3452 3677 audiunt,
3484 3624 3584 3664 nec
3610 3624 3849 3664 commu-

2273 3695 2456 3749 nicant
2482 3697 2533 3749 in
2565 3696 2811 3752 oratione
2847 3712 2968 3753 cum
2998 3700 3232 3769 populo,
3271 3709 3363 3755 aut
3388 3708 3704 3757 aversantur
3731 3716 3851 3772 par-

2272 3783 2639 3854 ticipationem
2707 3796 2906 3843 sanctae
2968 3786 3315 3844 Eucharistiae
3348 3832 3364 3856 ,
3418 3805 3515 3861 per
3565 3792 3850 3861 quamdam

2274 3877 2717 3947 perversitatem,
2749 3878 2848 3934 hos
2874 3880 2941 3933 ab
2966 3880 3196 3935 ecclesia
3233 3881 3355 3950 ejici
3384 3891 3627 3952 oportet,
3657 3884 3849 3948 donec,

2276 3975 2559 4037 postquam
2610 3966 2841 4024 confessi
2889 3969 3124 4035 fuerint,
3172 3969 3481 4041 fructusque
3526 3974 3853 4043 paenitentia)

2276 4060 2626 4125 ostenderint,
2645 4069 2701 4116 et
2717 4061 3140 4131 imploraverint,
3166 4062 3374 4118 veniam
3392 4066 3605 4134 assequi
3628 4068 3852 4135 possint.

2277 4150 2395 4206 Non
2416 4151 2581 4206 licere
2601 4162 2779 4207 autem
2801 4154 3198 4209 communicare
3218 4170 3340 4210 cum
3362 4156 3853 4223 excommunicatis,

2277 4258 2454 4310 neque
2482 4258 2605 4298 cum
2651 4245 2733 4299 his
2776 4260 2935 4299 orare
2964 4247 3055 4314 qui
3085 4246 3139 4299 in
3183 4246 3430 4303 domibus
3455 4248 3853 4311 convenientes,

2278 4336 2529 4406 precibus
2557 4335 2808 4391 Ecclesiae
2854 4352 2964 4391 non
3012 4340 3440 4406 communicant,
3469 4342 3645 4409 neque
3672 4341 3726 4394 in
3754 4341 3856 4395 alia

2280 4426 2509 4481 ecclesia
2546 4425 2749 4496 recipi,
2781 4427 2871 4496 qui
2902 4427 2955 4480 in
2983 4426 3088 4480 alia
3115 4427 3340 4483 ecclesia
3375 4443 3481 4483 non
3511 4430 3854 4484 conveniunt.

2282 4516 2339 4572 Si
2366 4517 2484 4587 quis
2513 4526 2695 4573 autem
2721 4533 2789 4572 ex
2823 4516 3121 4587 episcopis,
3152 4525 3246 4570 aut
3282 4516 3606 4588 presbyteris
3634 4518 3719 4573 vel
3746 4518 3858 4573 dia-

587 4629 675 4662 τον
704 4608 1027 4664 ἀκοινώνητον
1056 4602 1200 4675 εἶναι,
1237 4608 1303 4668 ὡς
1332 4601 1391 4662 ἂν
1419 4609 1714 4680 συγχέοντα
1741 4610 1824 4666 τὸν
1859 4610 2039 4669 κανόνα
2077 4617 2165 4671 τῆς

2278 4610 2453 4677 conis,
2482 4609 2567 4663 vel
2597 4608 2826 4679 quilibet
2852 4623 2918 4662 ex
2946 4622 3173 4671 canone,
3206 4607 3682 4664 excommunicatis
3707 4625 3858 4665 com-

589 4698 875 4759 ἐκκλησίας.

659 4877 765 4933 πϐ’.
793 4875 854 4932 Εἴ
870 4899 949 4938 τις
984 4878 1369 4951 πρεσϐύτερος,
1402 4875 1430 4934 ἦ
1460 4873 1685 4935 διάκονος
1708 4920 1719 4942 ,
1753 4875 1782 4933 ἦ
1814 4875 1937 4935 ὅλως
1966 4884 2063 4931 τῶν
2088 4885 2176 4931 τοῦ

588 4972 841 5049 ἱερατείου
863 4990 941 5030 τις
962 4968 1251 5025 καταλιπών
1280 4972 1368 5025 τὴν
1390 4967 1568 5021 ἑαυτοῦ
1595 4968 1876 5042 παροικίαν.
1905 4970 1975 5027 εἰς
2003 4968 2178 5043 ἑτέραν

590 5066 812 5129 ἀπέλθοι,
844 5061 1030 5119 ἔπειτα
1052 5061 1310 5121 παντελῶς
1333 5060 1596 5130 μεταστὰς
1618 5099 1632 5122 ,
1664 5058 1942 5135 διατρίϐειν
1979 5062 2026 5114 ἐν
2053 5058 2175 5131 ἄλλῃ

591 5160 832 5230 παροικίᾳ
854 5159 1095 5230 πειρᾶται
1132 5152 1214 5208 ἐπί
1238 5152 1405 5225 πολλῷ
1426 5152 1622 5229 χρόνῳ,
1655 5152 1827 5221 μηκέτι
1852 5150 2176 5223 λειτουργεῖν,

584 5251 633 5307 εἰ
656 5248 877 5318 μάλιστα
901 5244 1132 5300 καλοῦντι
1158 5251 1231 5314 τῷ
1259 5242 1524 5314 ἐπισκόπῳ
1553 5250 1626 5315 τῷ
1647 5241 1758 5312 ἰδίῳ
1786 5246 1869 5297 καί
1902 5242 2181 5297 ἐπανελθεῖν

587 5344 663 5401 εἰς
683 5342 773 5398 τὴν
801 5341 1074 5413 παροικίαν
1100 5342 1193 5396 την
1218 5336 1402 5391 εαυτοῦ
1439 5342 1767 5411 παραινοῦντι
1797 5339 1867 5405 μή
1905 5334 2178 5388 ὑπακούοι.

591 5435 651 5486 Ei
678 5430 731 5487 δέ
756 5434 841 5485 καί
878 5431 1096 5500 ἐπιμένοι
1204 5432 1404 5503 ἀταξίᾳ,
1432 5427 1691 5486 παντελῶς
1718 5428 1868 5481 αὐτὸν
1901 5427 2183 5500 καθαιρεῖσ-

588 5526 674 5579 θαι
694 5531 786 5584 τῆς
810 5522 1148 5595 λειτουργίας,
1167 5525 1233 5581 ὡς
1249 5524 1423 5595 μηκέτι
1441 5523 1621 5597 χώραν
1637 5518 1667 5575 ἕ
1671 5541 1786 5590 χειν
1810 5519 2174 5574 ἀποκαταστά-

590 5635 744 5674 σεως.
778 5618 835 5668 Εί
864 5610 917 5668 δέ
943 5614 1297 5687 καταιρεθέντα
1331 5612 1413 5667 διά
1436 5614 1625 5670 ταύτην
1652 5616 1742 5670 την
1771 5612 1934 5665 αἰτίαν
1966 5607 2177 5679 δέχοιτο

591 5709 759 5785 ἕτερος
789 5711 1088 5776 ἔπίσκοπος,
1122 5712 1339 5782 κᾴκεῖνον
1362 5710 1620 5781 ἐπιτιμίας
1646 5707 1927 5779 τυγχάνειν
1953 5706 2054 5760 ύπὸ
2081 5725 2178 5758 κοι-

590 5810 678 5861 νῆς
701 5801 1016 5866 συνὸδου,ὡς
1037 5801 1361 5877 παραλύοντα
1376 5803 1490 5861 τοὺς
1510 5803 1727 5871 θεσμοὺς
1745 5804 1859 5860 τοὺς
1880 5799 2175 5856 ἒκκλησιασ·

594 5895 763 5955 τικοὺς
790 5894 895 5968 [τὸν
924 5896 1101 5965 θισμόν
1126 5902 1211 5955 τῆς
1236 5890 1547 5962 ἐκκλησίας].

2280 4701 2555 4757 municare
2582 4699 2912 4770 apparuerit,
2944 4715 3067 4755 eum
3103 4714 3321 4769 quoque
3346 4715 3465 4756 esse
3494 4704 3859 4759 excommuni—

2278 4800 2476 4857 catum,
2503 4801 2561 4846 ut
2588 4792 2679 4860 qui
2707 4806 2969 4846 canonem
2996 4789 3245 4846 Ecclesia:
3271 4790 3581 4848 confundat.

2352 4882 2609 4937 LXXXII.
2637 4914 2709 4924 —
2738 4881 2789 4935 5.
2819 4882 2874 4937 Si
2905 4882 3026 4951 quis
3051 4882 3331 4953 presbyter
3357 4882 3444 4937 vel
3470 4881 3745 4948 diaconus,
3776 4886 3856 4939 vel

2279 4976 2399 5043 quis
2424 4973 2644 5028 omnino
2678 4988 2747 5027 ex
2783 4972 3104 5028 sacerdotali
3132 4972 3347 5038 ordine,
3380 4987 3530 5028 suam
3571 4974 3857 5041 parmciam

2278 5062 2535 5117 deserens
2559 5101 2575 5125 ,
2625 5062 2678 5115 in
2707 5062 2867 5115 aliam
2896 5061 3091 5118 abierit
3110 5101 3125 5127 ,
3155 5060 3351 5117 deinde
3388 5062 3606 5118 omnino
3635 5064 3854 5119 commi-

2280 5168 2470 5223 grans,
2501 5154 2553 5207 in
2582 5152 2685 5207 alia
2714 5153 2946 5223 parmcia
2985 5152 3155 5208 multo
3198 5161 3441 5222 tempore
3470 5154 3737 5208 immorari
3765 5170 3859 5210 co-

2283 5253 2442 5299 natur
2473 5263 2486 5297 :
2519 5259 2589 5299 ne
2616 5243 2844 5315 amplius
2872 5244 3159 5311 ministret,
3189 5245 3420 5300 maxime
3447 5245 3492 5303 si
3523 5246 3733 5301 voeanti
3759 5262 3857 5302 suo

2283 5334 2537 5405 episcopo
2566 5343 2622 5389 et
2646 5334 2711 5389 ad
2740 5350 2896 5390 suam
2942 5335 3231 5404 parmciam
3260 5335 3470 5405 regredi
3498 5340 3855 5393 commonenti

2285 5427 2729 5497 exhortantique,
2758 5443 2866 5483 non
2891 5435 3099 5498 pareat.
3138 5426 3195 5482 Si
3221 5436 3399 5482 autem
3427 5427 3481 5481 in
3509 5428 3856 5496 perversitate

2283 5517 2559 5587 perdurat,
2588 5517 2807 5572 omnino
2837 5532 2866 5570 a
2895 5516 3194 5572 ministerio
3223 5514 3541 5586 deponatur,
3572 5515 3647 5570 ita
3676 5523 3734 5571 ut
3760 5532 3853 5571 ne-

2280 5623 2548 5677 quaquam
2573 5608 2750 5663 locum
2772 5607 3125 5663 restitutionis
3152 5606 3405 5661 inveniat.
3428 5603 3486 5660 Si
3511 5612 3687 5660 autem
3710 5621 3849 5676 eum,

2282 5698 2373 5768 qui
2403 5706 2624 5769 propter
2650 5698 2791 5755 hanc
2812 5714 3028 5755 causam
3057 5698 3331 5770 depositus
3355 5706 3457 5761 est,
3490 5697 3624 5754 alius
3649 5698 3852 5769 episco-

2282 5807 2384 5861 pus
2410 5788 2726 5861 susceperit,
2751 5789 2840 5845 ille
2870 5805 3081 5860 quoque
3111 5806 3142 5843 a
3171 5790 3440 5844 communi
3469 5788 3673 5859 synodo
3697 5804 3849 5847 coero

2285 5890 2504 5951 ccatur;
2548 5890 2607 5939 ut
2635 5882 2725 5951 qui
2756 5880 3117 5940 ecclesiastica
3146 5886 3342 5935 statuta
3372 5878 3645 5936 dissolvat.
