4034 6206
220 442 280 498 GI

1173 431 1399 490 CODEX
1436 427 1766 486 CANO'NUM
1811 425 2180 484 UNIVERSE
2213 423 2584 482 ECCLESL‘E.
3044 425 3046 427 ’
3387 455 3389 459 ι
3453 423 3523 478 6‘2.

297 578 405 628 πγ.
449 553 511 609 εἴ
548 576 624 614 τις
665 554 941 609 ἐπίσκοπος
980 547 1083 603 ὑπὸ
1125 545 1343 602 συνόδου
1400 549 1741 618 καθαιρεθείς,
1789 545 1817 604 ἦ

1997 541 2280 598 LXXXIII.
2311 575 2382 584 —
2407 541 2460 596 4.
2510 541 2723 611 Siquis
2750 540 3034 612 episcopus
3058 555 3088 593 a
3117 537 3322 610 synodo
3348 538 3518 608 depo-

224 647 585 723 πρεσϐὑτερος
611 643 642 703 ἦ
671 642 902 700 διάκονος
941 639 1042 694 ὑπὸ
1083 644 1179 694 τοῦ
1210 636 1338 692 ἰδίου
1363 639 1646 694 ἐπισκόπου
1668 683 1684 706 ,
1717 637 1830 692 το).-

231 741 440 800 ιιὸσειέν
467 761 516 794 τι
535 738 731 814 πρᾶξαι
753 743 848 795 τῆς
871 732 1205 806 λειτουργίας,
1223 730 1320 787 εἴτε
1351 731 1376 786 ό
1397 733 1672 792 ἐπίσκοπος
1701 733 1834 786 κατά

227 839 326 892 τήν
357 832 691 906 προάγουσαν
727 825 1025 887 συνήθειαν,
1057 821 1155 878 εέτε
1191 821 1218 878 ό
1259 823 1612 900 πρεσϐύτερος
1635 862 1651 888 ,
1683 820 1779 878 ε”τε
1809 821 1834 876 ό

231 921 456 982 διάκονος
477 961 492 984 ,
516 920 692 992 μηκέτι
730 918 840 982 ἐξὸν
880 911 1005 971 εἶναι
1039 916 1180 988 αὐτῷ
1203 955 1216 980 ,
1245 913 1366 986 μηδ’
1389 914 1436 969 ἐν
1463 915 1610 989 ἑτέρα
1641 910 1837 982 συνὲδῳ

234 1012 420 1070 aan
451 1009 921 1068 ἀποκαταστάσεως
940 1047 957 1074 ,
995 1011 1123 1077 μήτε
1146 1006 1422 1080 ἀπολογίας
1453 1008 1639 1078 χώραν
1667 1003 1833 1075 ἔχειν·

234 1107 361 1162 ἀλλὰ
391 1109 478 1161 καί
505 1107 625 1165 τοὺς
657 1108 1015 1161 κοινωνοῦντας
1041 1102 1182 1170 αὐτῷ
1229 1102 1426 1161 πάντας
1459 1100 1838 1156 ἀποῗάλλεσθαι

233 1207 326 1259 τῆς
362 1197 662 1262 ἐκκλησίας,
699 1197 780 1248 καὶ
803 1194 1062 1264 μάλιστα,
1101 1193 1143 1245 εἰ
1171 1191 1417 1262 μαθόντες
1452 1195 1540 1250 τὴν
1581 1187 1838 1262 ἀπόφασιν

234 1295 326 1348 τόν
348 1290 484 1343 κατά
516 1294 616 1342 τῶν
638 1288 1015 1362 προειρημένων
1039 1283 1419 1353 ἐξενεχθεῖσαν,
1437 1282 1727 1353 τολμήσειεν
1745 1283 1838 1336 αὐ-

232 1387 341 1441 τοῖς
370 1385 645 1434 κοινωνεῖν.

315 1493 388 1548 πδ
405 1530 422 1546 .
453 1491 608 1553 Εἷτις
632 1489 987 1567 πρεσϐύτερος
1009 1487 1040 1546 ἦ
1063 1485 1307 1552 διάκονος,
1340 1490 1724 1564 καταφρονήσας
1745 1491 1838 1540 τοῦ

233 1585 522 1639 ἐπισκόπου
571 1591 661 1639 τοῦ
703 1580 873 1648 ἰδίου,
913 1583 1170 1654 ἀφώρισεν
1199 1579 1379 1634 έαυτόν
1412 1585 1504 1638 τῆς
1541 1578 1838 1643 ἐκκλησίας,

233 1684 320 1734 καί
344 1677 449 1752 ἰδίᾳ
470 1683 776 1750 συνήγαγεν,
798 1680 882 1729 καί
895 1678 1259 1748 θυσιαστήριον
1282 1667 1730 1741 ἕστησεν[ἴπγεξε],
1756 1673 1843 1724 καὶ

235 1777 324 1823 τοῦ
357 1769 637 1823 ἐπισκόπου
674 1765 1156 1840 προσκαλεσαμένου
1195 1762 1450 1825 ἀπειθοίη,
1492 1764 1574 1813 καὶ
1610 1764 1679 1829 μὴ
1717 1759 1842 1828 βού-

235 1861 375 1914 λοιτο
416 1860 556 1931 αὐτῷ
593 1857 885 1920 πείθεσθαι,
926 1852 1052 1925 μηδέ
1089 1849 1380 1908 ὑπακούειν
1406 1855 1488 1905 καί
1521 1857 1720 1924 πρῶτον
1758 1851 1842 1902 καί

243 1951 482 2023 δεύτερον
527 1949 791 2014 καλοῦντι,
834 1953 1018 2002 τοῦτον
1050 1943 1685 2018 καθαιρεῖσθαιπαντελῶς
1709 1983 1723 2006 ,
1757 1943 1840 1994 καί

239 2044 422 2111 μηκέτι
453 2040 729 2116 θεραπείας
773 2039 1056 2109 τυγχάνειν
1108 2032 1370 2108 [τυχεῖν],
1414 2031 1540 2104 μηδὲ
1588 2031 1841 2088 δύνασθαι

239 2135 514 2204 λαμϐάνειν
553 2138 643 2192 τὴν
685 2132 872 2187 ἑαυτοῦ
913 2134 1082 2200 τιμήν·
1115 2131 1158 2182 εί
1193 2126 1246 2184 δὲ
1278 2128 1565 2197 παραμένοι
1605 2123 1840 2195 θορυϐῶν

241 2231 328 2280 καὶ
352 2229 652 2281 ἀνιπατῶν
670 2231 761 2284 τήν
780 2224 1065 2283 ἐκκλησίαν,
1090 2220 1173 2277 διὰ
1195 2229 1288 2282 τῆς
1309 2218 1489 2284 ἔξωθεν
1517 2219 1746 2282 ἐξουσίας
1774 2220 1842 2278 ὡς

244 2317 510 2378 στασιώδη
540 2320 691 2374 αὐτόν
717 2317 1131 2391 ἐπιστρέφεσθαι.

311 2410 413 2467 πε.
445 2411 513 2464 Εἴ
533 2431 612 2471 τις
635 2411 738 2465 ὑπὸ
764 2417 853 2466 τοῦ
891 2407 1017 2463 ίδίου
1057 2406 1338 2462 ἐπισκόπου
1381 2408 1713 2468 ἀκοινώνητος
1759 2408 1843 2477 γέ-

241 2525 404 2575 γονεν,
435 2507 508 2573 μή
537 2502 783 2576 πρότερον
805 2500 953 2554 αὐτόν
979 2498 1104 2575 παρ’
1131 2499 1314 2571 ἑτέρων
1337 2495 1556 2573 [ἑτέρου]
1581 2497 1838 2570 δεχθῆναι,

243 2600 288 2648 εέ
307 2600 380 2666 μή
404 2593 498 2648 ὑπ’
522 2595 674 2648 αὐτοῦ
696 2590 1051 2666 παραδεχθείη
1074 2596 1165 2644 τοῦ
1191 2588 1317 2646 ἰδίου
1343 2589 1648 2653 ἐπισκόπου,
1678 2590 1708 2648 ἢ
1731 2611 1848 2645 συν-

242 2685 365 2741 όδου
387 2686 677 2757 γενομένης,
726 2685 1020 2742 ἀπαντησας
1054 2681 1444 2754 ἀπολογήσεται,
1473 2681 1656 2741 πείσας
1677 2700 1731 2735 τε
1757 2685 1846 2740 τήν

243 2776 494 2842 σύνοδον,
526 2775 848 2840 καταδέξοιτο
879 2774 1052 2850 ἑτέραν
1084 2772 1356 2845 ἀπόφασιν.
1388 2783 1444 2827 ‘0
1468 2774 1619 2834 αὐτὸς
1653 2771 1705 2827 δέ
1728 2770 1846 2848 ὄρος
1877 2797 1880 2800 ’

246 2873 328 2924 ixi
345 2871 536 2924 λαῐκῶν
555 2872 641 2924 καὶ
663 2867 1026 2953 πρεσϐυτέρων
1046 2863 1131 2919 καί
1153 2863 1396 2920 διακόνων
1415 2868 1496 2922 καί
1518 2867 1721 2923 πάντων
1745 2871 1845 2919 τῶν

248 2965 297 3016 έν
323 2969 403 3032 τῷ
429 2961 618 3015 κανόνι.

317 3054 430 3115 τες-ὀ
462 3050 661 3110 Μηδένα
686 3057 810 3107 ἄνευ
845 3053 1097 3128 εἰρηνικῶν
1129 3049 1377 3122 δέχεσθαι
1404 3055 1502 3106 τῶν
1533 3049 1701 3114 ξένων.

315 3239 422 3297 πζ.
454 3231 589 3291 Μηδέ
626 3233 1006 3308 πρεσϐυτέρους
1035 3227 1155 3292 τοὺς
1185 3231 1234 3287 ἐν
1271 3240 1388 3293 ταῖς
1419 3235 1618 3309 χώραις
1644 3252 1843 3286 κανονι-

1934 636 2090 700 situs,
2116 635 2200 689 vel
2231 635 2513 704 presbyter
2540 640 2634 686 aut
2657 631 2916 686 diaconus
2942 646 2971 685 a
2998 631 3218 701 proprio
3244 629 3522 701 episcoyio,

1935 746 2098 785 ausus
2126 729 2287 784 fuerit
2315 726 2510 796 aliquid
2541 725 2610 782 de
2639 725 2937 780 ministerio
2967 737 3147 792 agere,
3175 723 3289 778 sive
3317 725 3512 793 episco-

1935 839 2037 894 pus
2062 861 2077 886 ,
2109 820 2405 877 secundum
2446 818 2839 890 praecedentem
2885 816 3324 873 consuetudinem
3348 857 3367 882 ,
3413 817 3526 873 sive

1937 913 2238 986 presbyter,
2270 911 2383 966 sive
2410 909 2668 966 diaconus
2688 951 2703 978 ,
2735 909 2934 963 nullam
2965 908 3194 978 amplius
3222 908 3273 962 in
3304 907 3406 962 alia
3436 924 3528 978 sy—

1938 1005 2084 1062 nodo
2114 1019 2264 1074 spem
2292 1002 2682 1077 restitutionis,
2715 1014 2892 1069 neque
2919 999 3245 1054 defensionis
3273 999 3448 1054 locum
3479 1000 3530 1053 ei

1939 1099 2139 1155 habere
2167 1098 2345 1153 liceat.
2397 1094 2505 1151 Sed
2534 1103 2588 1149 et
2610 1109 2799 1149 omnes
2840 1093 2891 1148 ei
2929 1093 3391 1148 communicantes
3414 1131 3430 1155 ,
3463 1093 3532 1146 ab

1938 1188 2174 1246 Ecclesia
2203 1187 2552 1257 abjiciantur,
2595 1192 2650 1240 et
2690 1187 2924 1240 maxime
2949 1186 2995 1239 si
3023 1195 3304 1256 postquam
3330 1199 3533 1253 cogno-

1939 1280 2117 1334 verint
2135 1277 2458 1333 sententiam
2481 1276 2736 1332 adversus
2757 1276 3038 1346 praedictos
3058 1274 3223 1331 fuisse
3243 1275 3530 1344 prolatam,

1944 1370 2026 1426 eis
2052 1369 2455 1424 communicare
2483 1365 2599 1422 ausi
2627 1365 2845 1422 fuerint.

2014 1457 2392 1512 LXXXIV.-——
2421 1455 2472 1512 5.
2520 1456 2578 1512 Si
2615 1457 2738 1526 quis
2783 1456 3068 1528 presbyter
3111 1465 3204 1511 aut
3251 1455 3533 1519 diaconus,

1944 1558 2256 1618 contemplo
2284 1566 2383 1604 suo
2412 1549 2688 1619 episcopo,
2718 1549 2787 1604 ab
2815 1547 3058 1603 Ecclesia
3087 1548 3324 1618 seipsum
3354 1561 3536 1616 segre-

1944 1643 2184 1710 gaverit;
2213 1651 2268 1697 ct
2291 1657 2535 1697 seorsum
2558 1641 3031 1711 congregationem
3054 1640 3276 1708 fecerit,
3291 1648 3345 1695 et
3366 1641 3537 1694 altare

1947 1733 2288 1788 constituerit
2311 1767 2338 1798 ,η
2365 1741 2420 1787 et
2448 1733 2706 1803 episcopo
2734 1717 2983 1786 evecanti
3032 1747 3138 1786 non
3181 1731 3533 1801 acquieverit,

1947 1839 2048 1878 nec
2075 1824 2124 1878 ei
2155 1825 2406 1890 obedire,
2436 1841 2537 1883 nec
2560 1841 2764 1881 morem
2793 1839 2982 1895 gerere
3003 1823 3254 1901 voluerit
3280 1823 3452 1893 primo
3484 1831 3538 1878 rt

1875 1929 1918 1986 Β
1947 1916 2185 1970 secundo
2215 1918 2452 1982 vocanti,
2495 1917 2539 1971 is
2569 1917 2790 1972 omnino
2819 1915 3142 1985 deponatur,
3185 1928 3284 1968 nec
3310 1914 3538 1983 amplius

1945 2006 2242 2060 remedium
2271 2009 2503 2078 assequi,
2535 2023 2636 2063 nec
2663 2008 2925 2062 honorem
2954 2022 3108 2061 suum
3139 2005 3386 2075 accipere
3415 2019 3538 2075 pos-

1944 2096 2034 2150 sit.
2069 2093 2227 2161 Quod
2256 2096 2300 2150 si
2328 2098 2687 2166 permanserit
2712 2097 2899 2152 turbas
2939 2095 3139 2152 facieus
3165 2104 3218 2152 et
3247 2096 3540 2152 seditiones

1947 2186 2235 2257 Ecclesiae,
2267 2189 2312 2244 is
2343 2204 2440 2258 per
2466 2198 2747 2244 externam
2791 2190 2904 2244 sive
2941 2189 3255 2244 saecularem
3287 2195 3531 2257 potesta-

1949 2287 2058 2333 tem
2089 2288 2148 2333 ut
2174 2278 2463 2335 seditiosus
2492 2289 2836 2336 coerceatur.

2021 2369 2282 2426 LXXXV.
2313 2400 2385 2414 --
2411 2370 2465 2426 6.
2497 2371 2555 2426 Si
2584 2373 2705 2441 quis
2727 2387 2756 2426 a
2783 2373 3003 2442 proprio
3032 2373 3286 2446 episcopo
3313 2371 3413 2426 fuit
3439 2387 3536 2426 ex-

1949 2462 2377 2518 communicatus
2399 2503 2413 2527 ,
2456 2477 2526 2517 ne
2564 2463 2713 2532 prius
2753 2463 2822 2517 ab
2859 2463 2978 2518 aliis
3003 2464 3346 2532 suscipiatur,
3376 2477 3538 2532 quam

1947 2567 2048 2607 suo
2072 2554 2456 2610 reconcilietur
2482 2555 2738 2626 episcopo
2776 2555 2863 2610 vel
2901 2554 3132 2626 synodo,
3163 2570 3282 2625 qua:
3307 2569 3537 2623 congre-

1948 2652 2124 2712 gatur,
2154 2644 2417 2700 accedens
2463 2661 2523 2702 se
2569 2645 2860 2702 defenserit
2883 2685 2898 2711 ,
2943 2655 3001 2701 et
3041 2662 3291 2717 persuasa
3329 2645 3539 2718 synodo

1950 2738 2110 2792 aliam
2138 2739 2461 2794 sententiam
2501 2740 2765 2796 retulerit.
2812 2739 2938 2796 Hcce
2965 2749 3143 2795 autem
3172 2738 3412 2795 deﬁnitio
3441 2740 3538 2794 ad-

1949 2843 2138 2884 versus
2165 2829 2352 2896 laicos,
2384 2839 2438 2886 et
2463 2832 2825 2902 presbyteros,
2856 2839 2912 2887 et
2939 2831 3218 2900 diaconos,
3241 2847 3541 2902 omnesque

1950 2922 2043 2992 qui
2071 2932 2195 2978 sunt
2225 2924 2278 2978 in
2307 2939 2514 2980 canone
2543 2925 2879 2980 observetur.

2023 3013 2305 3072 LXXXVI.
2338 3049 2408 3058 —
2437 3017 2491 3071 7.
2528 3017 2714 3073 Nullus
2735 3018 3140 3088 peregrinorum
3167 3019 3284 3076 sine
3304 3020 3543 3092 paciﬁcis

1950 3108 2292 3178 suscipiatur.

2022 3202 2324 3258 LXXXVII.
2361 3237 2429 3246 —-
2458 3203 2510 3258 8.
2546 3203 2655 3260 Nec
2677 3203 2979 3276 presbyteri
3006 3204 3096 3273 qui
3128 3212 3254 3259 sunt
3282 3203 3335 3257 in
3365 3203 3541 3275 regio-

256 3327 337 3385 ιάς
385 3325 664 3384 έπιστολάς
708 3321 922 3391 διδόναι,
969 3324 1000 3384 ἦ
1045 3326 1176 3399 πρός
1225 3325 1411 3398 μόνους
1452 3328 1574 3386 τοὺς
1620 3327 1845 3396 γείτονας

1955 3296 2129 3359 nibus,
2157 3295 2287 3351 dent
2313 3296 2604 3352 canonicos
2640 3296 2919 3366 epistolas,
2951 3296 3036 3350 vel
3067 3293 3134 3350 ad
3162 3293 3309 3349 solos
3340 3293 3542 3348 vicinos

256 3419 562 3476 ὶπισκίπσυς
601 3417 875 3476 ἐπιστολάς
916 3418 1210 3488 ἐκπέμπειν*
1241 3419 1362 3478 τοὺς
1392 3415 1444 3472 δέ
1474 3417 1845 3476 ἀνεπιλήπτους

260 3509 714 3584 χωρεπισκόπσυς,
746 3507 940 3564 διδόναι
969 3508 1242 3585 εἰρηνικάς.

324 3603 428 3661 πη’.
459 3606 594 3662 Τοὺς
635 3601 736 3656 καθ’
761 3602 976 3659 ἑκάστην
1020 3603 1283 3678 ἐπαρχίαν
1320 3598 1632 3660 ἐπισκόπους
1672 3597 1849 3654 είδζναι

260 3697 366 3765 χρη
385 3692 470 3746 τόν
500 3692 549 3744 έν
579 3699 643 3766 τῇ
671 3691 970 3766 μητροπόλει
998 3699 1307 3767 προεστῶτα
1331 3693 1634 3753 ἐπίσκοπον,
1655 3694 1740 3744 καὶ
1760 3696 1849 3749 τὴν

256 3780 493 3856 φροντίδα
525 3778 875 3850 ἀναδέχεσθαι
916 3782 1088 3840 πάσης
1130 3787 1218 3840 τῆς
1261 3782 1540 3856 ἐπαρχίας,
1572 3776 1655 3833 διά
1695 3779 1753 3832 τό
1798 3781 1848 3832 ἐν

259 3885 318 3951 τῇ
355 3877 672 3952 μητροπόλει
705 3876 1032 3947 πανταχόθεν
1074 3877 1378 3947 συντρέχειν
1412 3873 1608 3932 πάντας
1634 3874 1755 3932 τοὺς
1784 3874 1850 3927 τά

259 3967 542 4040 πράγματα
573 3965 815 4038 ἔχοντας.
837 3963 984 4026 Ὅθεν
1007 3963 1148 4029 ἔδοξε
1169 3968 1254 4018 καί
1280 3972 1341 4037 τῇ
1371 3971 1492 4035 τιμῇ
1519 3965 1851 4038 προηγεῖσθαι

260 4064 429 4124 αὐτόν,
442 4058 599 4132 μηδέν
612 4079 666 4115 τε
680 4061 922 4134 πράττειν
933 4058 1301 4132 περιττόντοὺς
1313 4055 1427 4110 λοιπ
1435 4057 1520 4114 οὺς
1543 4056 1598 4108 ἐπ
1608 4056 1852 4114 ισκὸπους

261 4157 380 4210 ἔνευ
407 4157 588 4219 αὐτοῦ,
619 4155 750 4209 κατά
773 4155 860 4208 τόν
884 4152 1112 4224 ἀρχαῖον
1141 4153 1466 4224 κρατήσαντα
1493 4155 1590 4202 τῶν
1620 4147 1852 4218 πατέρων

261 4250 403 4316 ἡμῶν
429 4246 625 4310 κανόνα,
651 4244 683 4304 ἦ
723 4249 895 4298 ταῦτα
933 4242 1063 4312 μόνα
1100 4237 1201 4295 ὅσα
1236 4246 1299 4314 τῇ
1339 4239 1557 4294 ἑκάστου
1600 4237 1855 4292 ἐπιϐάλλει

263 4340 533 4412 παροεχέξι,
575 4337 660 4388 καί
703 4340 823 4394 ταῖς
868 4333 960 4389 ὑπ’
988 4333 1148 4390 αὐτὴν
1193 4331 1420 4406 χώραις.
1465 4326 1706 4383 Ἐκαστον
1752 4329 1854 4404 γάρ

264 4428 535 4482 idem”
559 4426 791 4489 ἐξουσίαν
817 4423 849 4478 ἐ
851 4444 968 4495 χειν
989 4432 1079 4484 τῆς
1107 4423 1292 4478 ἑαυτοῦ
1319 4423 1611 4495 παροικίας,
1651 4419 1854 4476 διοικεῖν

265 4539 317 4573 τε
345 4521 476 4575 κατά
518 4523 610 4576 τήν
651 4515 855 4587 έκάστῳ
883 4515 1255 4570 ἐπιϐάλλουσαν
1294 4512 1582 4575 εὐλάϐειαν,
1614 4513 1699 4564 καί
1725 4510 1854 4584 πρό-

266 4629 396 4663 nam
443 4611 696 4662 ποιεῖσθαι
731 4608 905 4666 πάσης
949 4613 1041 4664 τῆς
1071 4605 1254 4678 χώρας
1289 4609 1383 4661 τῆς
1415 4602 1516 4656 ὑπὸ
1547 4606 1638 4658 τήν
1667 4599 1851 4656 ἑαυτοῦ

268 4705 425 4759 πόλιν*
458 4706 530 4762 ὦς
555 4706 642 4756 καί
683 4707 1000 4777 χειροτονεῖν
1041 4718 1113 4766 πρ

269 4801 351 4848 καὶ
389 4797 521 4865 μετά
568 4796 783 4868 κρίσεως
828 4794 1025 4847 ἕκαστα
1069 4787 1443 4859 διαλαμϐάνειν,
1489 4781 1853 4862 περαιτέρωδέ

267 4887 422 4959 μηδὲν
462 4888 704 4962 πράττειν
747 4887 1050 4958 ίπιχειρεῖν,
1074 4881 1207 4953 δίχα
1242 4887 1331 4936 τοῦ
1361 4888 1455 4940 τῆς
1493 4876 1854 4954 μητροπόλεως

270 4979 576 5042 ἐπισκόπου,
607 4974 732 5048 μηδὲ
760 4977 907 5030 αὐτόν
931 4970 1051 5028 ἄνευ
1079 4981 1171 5033 τῆς
1196 4978 1294 5026 τῶν
1319 4971 1506 5026 λοιπῶν
1531 4971 1752 5041 γνώμης.

341 5146 439 5201 πα.
467 5147 597 5204 τοὺς
625 5145 672 5197 ἐν
695 5149 807 5203 ταῖς
835 5145 1024 5213 κώμαις
1049 5140 1080 5200 ἦ
1101 5147 1212 5200 ταῖς
1236 5141 1460 5213 χώρους,
1485 5136 1516 5196 ἦ
1541 5138 1660 5197 τοὺς
1686 5136 1858 5190 καλου-

269 5241 448 5310 μένους
479 5235 934 5308 χωρεπισκόπους,
967 5235 1008 5286 εί
1039 5235 1126 5286 καί
1157 5233 1481 5306 χειροθεσίαν
1526 5225 1622 5283 εἶεν
1655 5227 1860 5281 ἐπισκό-

267 5351 383 5384 πων
412 5326 683 5397 εἴληφότες,
715 5323 857 5388 ἔδοξε
883 5331 947 5399 τῇ
976 5323 1097 5396 ἁγία
1140 5320 1337 5391 συνόδῳ
1366 5319 1548 5374 εἰδέναι
1575 5320 1642 5371 τά
1670 5317 1863 5370 ἑαυτῶν

266 5421 468 5494 μέτρα,
497 5419 583 5472 καί
611 5414 812 5472 διοικεῖν
853 5417 947 5475 τάς
994 5415 1328 5484 ὑποκειμένας
1366 5413 1534 5470 αὐτοῖς
1577 5409 1860 5467 ἐκκλησίας.

265 5517 362 5567 καί
393 5520 458 5584 τῇ
495 5513 690 5568 τούτων
735 5509 1006 5584 ἀρκεῖσθαι
1032 5504 1254 5583 φροντίδι
1291 5505 1374 5559 καί
1403 5501 1689 5575 κηδεμονίᾳ·
1722 5500 1863 5554 καθι-

268 5614 404 5679 uti?
454 5606 508 5662 δέ
557 5607 882 5674 ἀναγνώστας
925 5604 1010 5655 καί
1036 5597 1396 5656 ὑποδιακόνους
1425 5598 1511 5649 καί
1553 5594 1862 5670 έπορκιστάς

271 5694 648 5774 ζὶοορκιστάςὶ,
675 5697 759 5750 καί
786 5701 848 5770 τῇ
881 5689 1079 5747 τούτων
1107 5689 1370 5766 ἀρκεῖσθαι
1415 5691 1711 5763 προαγωγῇ,
1739 5687 1861 5747 μήτε

269 5790 328 5846 δέ
361 5773 708 5864 πρεσϐύτερον
742 5790 868 5858 μήτε
897 5783 1123 5839 διάκονον
1153 5785 1458 5856 χειροτονεῖν
1484 5777 1705 5846 τολμᾷν,
1732 5773 1866 5845 δίχα

272 5889 374 5936 τοῦ
402 5883 451 5934 έν
479 5887 542 5954 τῇ
574 5878 714 5933 πόλει
744 5872 1050 5936 ἐπισκόπου,
1143 5871 1435 5926 ὑπόκεινται
1463 5869 1610 5928 αὐτός
1642 5887 1693 5920 τε
1727 5870 1806 5919 καί
1838 5868 1865 5922 ἦ

277 5988 456 6046 χωρας
488 5973 532 6026 εί
556 5969 610 6025 δὲ
639 5968 901 6037 τολμήσεεέ
927 5988 1002 6029 τις
1033 5965 1326 6030 παραϐῆναι
1355 5964 1418 6018 τά
1449 5961 1724 6034 ὁρισθέντα,
1750 5964 1866 6020 καθ’

1952 3387 2234 3457 episcopos
2265 3387 2522 3456 epistolas
2553 3387 2787 3442 mittant.
2818 3385 3206 3456 Chorepiscopi
3235 3393 3418 3440 autem
3451 3385 3542 3454 qui

1952 3487 2081 3534 sunt
2110 3479 2628 3548 irreprehcusihiles,
2665 3477 2798 3534 dent
2822 3477 3094 3550 paciﬁcas.

2028 3569 2346 3625 LXXXVIII.
2374 3604 2444 3612 —
2473 3569 2528 3625 9.
2561 3570 2878 3641 Episcopos,
2924 3570 3013 3640 qui
3044 3577 3168 3625 sunt
3211 3569 3261 3622 in
3294 3583 3538 3635 unaqua—

1952 3678 2060 3733 que
2090 3663 2389 3733 provincia,
2443 3663 2580 3717 scire
2625 3671 2840 3733 oportet
2878 3661 3190 3731 episcopum
3221 3661 3312 3730 qui
3343 3674 3543 3713 metro-

1952 3753 2064 3823 poli
2086 3761 2298 3823 prmcst,
2327 3768 2509 3807 curam
2538 3761 2592 3806 et
2620 3751 3036 3808 sollicitudinem
3065 3752 3228 3806 totius
3252 3751 3542 3821 provincia:

1953 3844 2230 3915 suscipere
2257 3861 2270 3897 :
2303 3858 2369 3898 eo
2391 3843 2534 3914 quod
2563 3842 2616 3897 in
2648 3842 2991 3913 metropolim
3024 3841 3383 3910 undequaque
3413 3856 3545 3894 cou-

1955 3942 2177 3990 currunt
2197 3919 2387 3988 o\nnes
2404 3934 2496 4002 qui
2520 3933 2722 3988 habent
2743 3932 2978 4000 negotia.
3005 3931 3156 3986 Unde
3176 3930 3401 3999 placuit,
3419 3945 3542 3983 eum

1863 4036 1872 4044 '
1955 4039 2170 4094 quoque
2196 4024 2406 4077 honore
2425 4021 2732 4092 praacedere
2760 4038 2772 4074 :
2796 4020 3037 4088 reliquos
3057 4026 3236 4073 autem
3259 4017 3548 4087 episcopos

1957 4115 2087 4169 nihil
2117 4121 2270 4168 extra
2317 4112 2561 4169 ordinem
2588 4112 2676 4167 vel
2719 4111 2858 4167 ultra
2905 4111 3165 4167 terminos
3210 4125 3337 4166 suos
3383 4124 3546 4178 agere

1955 4203 2251 4260 secundum
2301 4203 2579 4272 antiquum
2628 4200 2850 4257 Patrum
2899 4210 3209 4258 nostrorum
3254 4215 3546 4268 canonem,

1955 4299 2047 4367 qui
2077 4298 2338 4353 hactenus
2363 4293 2594 4352 obtinuit
2621 4313 2633 4348 :
2659 4304 2752 4351 aut
2775 4309 2839 4351 ea
2867 4303 3092 4358 tantum,
3117 4309 3237 4363 quae
3260 4292 3329 4346 ad
3359 4292 3544 4348 unius-

1955 4389 2218 4459 cujusque
2265 4387 2558 4460 paroeciam
2607 4387 2895 4458 pertinent,
2951 4393 3008 4440 et
3046 4385 3296 4452 regiones
3334 4398 3452 4454 quas
3491 4384 3545 4438 ei

1957 4482 2206 4537 subsunt.
2235 4479 2684 4550 Unumquemque
2713 4479 2853 4532 enim
2879 4478 3188 4548 episcopum
3218 4483 3542 4545 potestatem

1958 4571 2161 4627 habere
2188 4586 2298 4626 sua:
2325 4569 2595 4641 parmene,
2628 4582 2856 4639 eamque
2881 4567 3273 4632 administrare,
3305 4580 3406 4635 pro
3445 4581 3546 4620 suo

1159 4656 1171 4678 ⁸
1199 4656 1203 4657 ν
1230 4656 1246 4663 _
1303 4656 1313 4659 _
1340 4656 1375 4661 ,,
1598 4656 1606 4658 -

1119 4697 1428 4771 εσεῗυτέρους
1457 4697 1539 4750 καί
1565 4690 1848 4756 διακένους,

1957 4664 2185 4735 quisque
2213 4663 2390 4718 studio
2419 4676 2484 4716 ac
2525 4660 2803 4729 religione,
2857 4667 2912 4714 et
2939 4674 3123 4712 curam
3162 4671 3351 4726 gerere
3379 4656 3547 4712 totius

2031 4757 2069 4771 ,,o
2149 4755 2162 4768 ι
2230 4769 2240 4771 Α
2307 4750 2328 4771 ἰ
2373 4770 2378 4771 ,
2440 4769 2469 4771 η
2507 4770 2512 4771 ,
2569 4754 2618 4771 ιν
2655 4753 2739 4771 -.γι
2759 4759 2830 4771 --ι
2871 4749 2935 4771 ἰῖ.
2968 4749 3170 4771 -..-I:..-n
3202 4749 3542 4771 __A-L..n-__._

1960 4755 2194 4824 regionis
2219 4750 2338 4825 qua:
2367 4769 2477 4810 sua:
2505 4754 2620 4808 urbi
2649 4753 2851 4808 subest.
2871 4749 2941 4805 Ut
2961 4749 3176 4804 ordinet
3202 4749 3546 4820 presbyteros

1960 4861 2016 4906 et
2045 4849 2324 4913 diaconos,
2351 4855 2406 4902 et
2426 4862 2546 4902 cum
2570 4845 2770 4915 judicio
2791 4843 2995 4912 singula
3025 4842 3273 4911 disponat
3301 4858 3313 4893 :
3338 4847 3393 4895 et
3413 4840 3544 4894 nihil

1961 4943 2100 4998 ultra
2127 4940 2305 4997 facere
2333 4939 2692 5009 aggrediatur,
2737 4937 2854 4993 sine
2883 4933 3299 5004 metropolitano
3329 4931 3542 5002 episco-

1962 5051 2051 5104 po,
2085 5047 2262 5100 neque
2291 5032 2406 5102 ipse
2435 5029 2552 5084 sine
2579 5028 2908 5098 reliquorum
2931 5022 3216 5080 sententia.

2035 5121 2310 5177 LXXXIX.
2345 5154 2416 5164 —
2446 5119 2531 5174 I0.
2563 5119 2601 5174 li
2630 5119 2722 5188 qui
2743 5125 2867 5173 sunt
2892 5117 2941 5170 in
2970 5115 3100 5169 vicis
3128 5121 3183 5170 et
3211 5111 3547 5180 regionibus,

1962 5214 2046 5268 vel
2073 5213 2167 5285 qui
2196 5211 2571 5281 chorepiscopi
2606 5209 2970 5271 nominantur,
3001 5204 3209 5260 etiamsi
3241 5203 3544 5272 impositios

1963 5322 2084 5361 nem
2116 5318 2373 5360 manuum
2403 5303 2779 5373 episcoporum
2807 5298 3134 5366 acceperint,
3186 5295 3389 5366 placuit
3415 5309 3544 5348 san-

1963 5406 2064 5453 cta:
2092 5395 2302 5468 synodo
2330 5403 2390 5448 ut
2411 5408 2564 5449 suum
2595 5390 2814 5445 modum
2842 5397 3036 5452 serant,
3069 5394 3124 5441 et
3148 5386 3247 5441 sibi
3275 5384 3552 5453 subjectas

1963 5487 2221 5544 ecclesias
2263 5483 2659 5546 administrent,
2702 5492 2996 5548 earumque
3039 5493 3168 5532 cura
3216 5484 3273 5531 et
3296 5476 3546 5530 modera-

1965 5581 2110 5635 mine
2156 5575 2396 5632 contenti
2442 5575 2588 5630 sint:
2620 5573 2953 5629 constituant
3003 5576 3184 5624 autem
3224 5567 3458 5622 lectores
3492 5572 3549 5619 et

1966 5671 2346 5734 subdiaconos,
2369 5675 2424 5721 et
2449 5665 2765 5730 exorcistas,
2797 5671 2852 5719 et
2872 5675 3061 5717 eorum
3088 5656 3416 5730 prom'otioni
3438 5652 3550 5710 suf-

1969 5762 2130 5818 ﬁcere
2159 5758 2495 5821 existiment;
2524 5757 2897 5826 presbyterum
2938 5761 3116 5808 autem
3145 5756 3238 5803 aut
3265 5747 3550 5802 diaconum

1971 5855 2220 5912 ordinare
2251 5869 2353 5908 non
2376 5851 2608 5905 audeant
2630 5849 2744 5902 sine
2771 5846 3025 5914 episcopo
3048 5838 3296 5900 civitatis,
3323 5835 3406 5889 cui
3432 5833 3549 5900 ipse

1971 5965 2022 6011 et
2040 5951 2186 6023 regio
2211 5943 2504 6016 subjicitur.
2521 5939 2578 5996 Si
2601 5937 2718 6009 quis
2744 5946 2923 5992 autem
2945 5947 3006 5990 ea
3028 5945 3148 6019 qua:
3163 5924 3380 5984 deﬁnita
3400 5923 3545 5987 sunt,
