4034 6206
635 429 703 486 εδ
1897 422 2250 483 DIONYSIUS
2290 402 2613 489 EXICUUS.
3839 460 3884 513 ε.

631 545 888 616 αιρετσθαι
933 543 1081 597 αὐτόν
1124 546 1206 596 καί
1240 541 1297 603 ἧς
1343 546 1554 611 μετέχει
1606 552 1792 614 τιμῆς·
1826 546 2180 620 χωρεπίσκοπι

2284 574 2301 609 ι
2325 551 2625 616 transgredi
2655 553 2866 619 audeat,
2902 558 3014 625 ipse
3043 575 3259 630 quoque
3286 563 3491 621 honore
3532 584 3690 638 quem
3719 575 3874 635 habet

628 629 683 686 δὲ
706 634 930 705 γίνεσθαι
956 635 1056 688 ὑπὸ
1081 638 1173 688 τοῦ
1196 640 1285 692 τῆς
1313 632 1524 695 πόλεως,
1604 634 1889 703 ὑπόκειται,
1908 637 2212 691 ἐπισκόπου.

702 789 756 860 ζ.
788 787 851 844 Εἴ
867 811 945 850 τις
988 790 1269 850 ἐπίσκοπος
1296 787 1326 847 ἧ
1352 789 1756 862 πρεσϐύτεροςῆ
1791 791 1918 852 ὅλως
1949 800 2037 846 τοῦ
2065 794 2215 847 κανό-

625 901 729 944 νος,
761 877 878 934 ἄνευ
921 881 1124 951 γνώμης
1168 881 1252 931 καί
1291 880 1601 955 γραμμάτων
1636 887 1737 934 τῶν
1784 882 1835 934 ἐν
1880 890 1942 953 τῇ
1987 883 2216 959 ἐπαρχίᾳ

625 973 933 1037 ἐπισκόπων,
956 975 1042 1027 καὶ
1070 972 1404 1044 μάλιστατοῦ
1433 975 1561 1027 κατὰ
1587 976 1678 1030 τήν
1703 971 2031 1049 μητρόπολιν,
2064 976 2214 1050 ὁρμή-

622 1088 725 1122 σειε
755 1066 885 1142 πρὸς
927 1063 1145 1136 βασιλέα
1175 1064 1421 1127 ἀπελθεῖν,
1450 1070 1625 1118 τοῦτον
1651 1066 2101 1139 ἀποκηρύττεσθαι
2130 1070 2214 1121 καὶ

620 1165 903 1223 ἀπόϐλητον
928 1165 1178 1237 γίνεσθαι,
1205 1165 1260 1217 οὐ
1281 1164 1424 1235 μόνον
1445 1170 1534 1222 τῆς
1556 1165 1830 1227 κοινωνίας,
1855 1164 1979 1217 ἀλλὰ
2008 1167 2090 1217 καί
2116 1173 2212 1225 τῆς

619 1256 783 1319 ἀξίας,
817 1251 873 1314 ἧς
904 1255 1139 1323 μετέχων
1164 1254 1437 1323 τυγχάνει,
1470 1256 1536 1312 ὡς
1564 1254 1906 1324 παρενοχλεῖν
1950 1255 2210 1324 τολμῶντα

618 1351 712 1407 τὰς
756 1354 847 1402 τοῦ
895 1346 1277 1417 Θεοφιλεστάτου
1325 1346 1573 1416 βασιλέως
1613 1348 1753 1416 ἡμῶν
1802 1348 1952 1407 ἀκοὰς
1991 1346 2206 1418 [ἀκοαῖς]

618 1442 760 1515 παρά
784 1441 866 1493 τὸν
906 1441 1089 1511 θεσμὸν
1126 1446 1215 1497 τῆς
1259 1438 1545 1498 ἐκκλησίας.
1574 1441 1633 1490 Εἰ
1660 1437 1712 1493 δὲ
1744 1440 1993 1511 ἀναγκαία
2038 1443 2205 1500 καλοίη

618 1534 775 1604 χρεία
797 1534 925 1607 πρὸς
951 1531 1161 1602 βασιλέα
1185 1530 1363 1604 όρμᾷν,
1388 1537 1540 1584 τοῦτο
1561 1532 1801 1606 πράττειν
1820 1536 1950 1601 μετὰ
1978 1535 2206 1605 σκέψεως

617 1630 697 1680 καί
724 1628 923 1697 γνώμης
948 1630 1036 1678 τοῦ
1062 1626 1190 1679 κατὰ
1218 1628 1308 1681 τήν
1336 1623 1642 1697 μητρόπολιν
1672 1632 1763 1684 τῆς
1795 1626 2057 1700 ἐπαρχίας
2087 1629 2202 1680 ἑπι-

615 1717 828 1776 σκόπου,
856 1714 884 1773 ἦ
912 1721 1011 1769 τῶν
1040 1714 1087 1766 ἐν
1124 1714 1272 1787 αὐτῇ,
1302 1720 1412 1773 τοῖς
1442 1734 1497 1767 τε
1534 1714 1729 1768 τούτων
1753 1715 2051 1787 γράμμασιν
2076 1718 2202 1789 ἄφο-

614 1805 890 1868 διάζεσται.

686 1898 775 1967 ζα’.
800 1897 861 1951 Εἴ
877 1904 952 1956 τις
973 1897 1075 1951 ὑπὸ
1095 1903 1187 1951 τοῦ
1209 1894 1334 1950 ἰδίου
1360 1895 1634 1950 ἐπισκόπου
1654 1898 1959 1971 καθαιρεθείς
1979 1899 2201 1974 πρεσϐύ-

612 2008 755 2060 τερος
782 1988 811 2046 ἦ
842 1986 1081 2051 διάκονος,
1106 1985 1137 2043 ἦ
1162 1988 1245 2038 καί
1274 1985 1554 2046 ἐπίσκοπος
1583 1988 1684 2040 ὑπὸ
1713 1985 1950 2049 συνόδου,
1982 1989 2198 2058 ἐνοχλῆ-

611 2104 701 2136 σαι
743 2080 1007 2151 τολμήσειε
1052 2078 1145 2138 τὰς
1191 2076 1437 2146 βασιλέως
1483 2077 1639 2136 ἀκοὰς
1681 2075 1929 2148 [ἀκοαῖς].
1961 2077 2069 2133 δέον
2115 2080 2199 2134 ἐπί

610 2175 809 2239 μείζονα
850 2169 1140 2221 ἐπισκὶπων
1184 2164 1392 2220 σύνοδον
1438 2168 1746 2240 τρέπεσθαι,
1802 2169 1882 2221 καί
1931 2167 1963 2222 ἃ
2007 2172 2197 2239 νομίζει

608 2260 779 2315 δίκαια
809 2260 971 2329 ἔχειν,
1006 2259 1406 2331 προσαναφέρειν
1427 2258 1650 2312 πλείοσιν
1672 2259 1980 2328 ἐπισκόποις,
2004 2266 2087 2316 καί
2108 2269 2195 2321 την

608 2350 731 2426 παρ’
761 2352 929 2403 αὐτῶν
960 2349 1183 2409 ἐξέτασίν
1211 2368 1265 2400 τε
1296 2349 1375 2400 καί
1400 2348 1650 2424 ἐπίκρισιν
1689 2347 2011 2418 ἐκδέχεσθαι.
2053 2356 2112 2405 Ei
2139 2351 2192 2407 δέ

608 2443 800 2497 τούτων
826 2440 1162 2512 ὀλιγωρήσας,
1191 2437 1514 2504 ἐνοχλήσειεν
1540 2444 1612 2505 τῷ
1644 2436 1871 2506 βασιλεῖ,
1904 2445 1989 2494 καί
2016 2450 2191 2498 τοῦτον

607 2531 733 2601 μηδὲ
761 2535 882 2601 μιᾶς
910 2530 1211 2597 συγγνώμης
1242 2527 1520 2590 ἀξιοῦσθαι,
1552 2524 1678 2593 μηδέ
1710 2530 1889 2601 χώραν
1917 2532 2192 2604 ἀπολογίας

606 2620 765 2692 ἔχειν,
788 2617 912 2690 μηδέ
948 2615 1124 2671 ἐλπίδα
1151 2615 1428 2686 μελλούσης
1457 2606 1921 2679 ἀποκαθταστάσεως
1967 2622 2183 2693 προσδο-

606 2716 711 2765 κᾶν.

644 2770 653 2781 ί
680 2789 769 2860 4ϐ.
795 2787 990 2847 Μηδένα
1016 2788 1294 2842 ἐπίσκοπον
1309 2786 1491 2860 τολμᾷν
1520 2787 1601 2859 ἀφ’
1624 2788 1799 2861 ἑτέρας
1828 2791 2086 2865 ἐπαρχίας
2114 2799 2188 2855 είς

603 2885 775 2952 ἑτέραν
826 2880 1172 2952 μεταϐαίνειν,
1204 2881 1287 2931 καὶ
1330 2886 1644 2953 χειροτονεῖν
1682 2882 1732 2934 ἔν
1774 2882 2011 2958 ἐκκλησίᾳ
2043 2887 2185 2946 τινας

601 2978 673 3035 εἰς
698 2977 1000 3049 προαγωγὴν
1036 2971 1372 3044 λειτουργίας,
1403 2969 1529 3043 μηδέ
1558 2974 1602 3025 εί
1642 2975 1977 3047 συνεπὰγοιτο
2016 2978 2181 3049 ἑαυτῷ

600 3066 803 3140 ἐτέρους
830 3107 843 3129 ,
887 3065 929 3116 εί
969 3066 1038 3132 μὴ
1077 3063 1407 3134 παρακληθεὶς
1456 3063 1692 3133 ἀφήκοιτο
1737 3062 1818 3119 διά
1864 3070 2179 3141 γραμμάτων

600 3162 688 3211 τοῦ
722 3175 774 3210 τε
805 3153 1174 3228 μητροπολίτου
1203 3155 1285 3205 καί
1322 3159 1421 3207 τῶν
1463 3156 1557 3207 σὺν
1598 3156 1738 3228 αὐτῷ
1772 3156 2084 3224 ἐπισκόπων,
2111 3156 2176 3214 ὧν

598 3253 667 3309 είς
711 3254 799 3307 τήν
841 3250 1021 3321 χώραν
1066 3242 1401 3322 παρέρχοιτο.
1449 3248 1507 3297 Εἰ
1552 3243 1605 3299 δέ
1655 3246 1867 3318 μηδενὸς
1904 3251 2176 3311 καλοῦντος

596 3340 794 3393 ἁπέλθοι
825 3341 1058 3396 ἀτάκτως
1085 3336 1168 3388 ἐπί
1216 3338 1507 3413 χειροθεσίᾳ
1552 3344 1719 3404 τινῶν,
1754 3341 1838 3393 καί
1865 3343 2180 3398 καταστάσει

596 3437 694 3486 τῶν
724 3431 1141 3487 ἐκκλησιαστικῶν
1178 3430 1492 3499 πραγμάτων
1523 3433 1593 3499 μή
1635 3431 1990 3505 προσηκόντων
2020 3432 2177 3502 αὐτῷ,

596 3520 765 3595 ἄκυρα
807 3524 895 3590 μὲν
936 3522 1000 3573 τὰ
1038 3518 1129 3573 ὑπ’
1158 3520 1316 3573 αὐτοῦ
1366 3522 1697 3594 πεπραγμένα
1748 3523 2050 3594 τυγχάνειν·
2093 3529 2178 3580 καὶ

595 3615 748 3669 αὐτόν
770 3612 820 3666 δὲ
846 3613 1063 3682 ὑπέχειν
1091 3619 1180 3670 τῆς
1209 3612 1422 3674 ἀταξίας
1466 3613 1625 3665 αὐτοῦ
1655 3616 1739 3666 καὶ
1764 3623 1855 3673 τῆς
1880 3615 2174 3689 παραλόγου

593 3707 965 3777 ἐπιχειρήσεως
1010 3708 1101 3761 τὴν
1143 3708 1506 3779 προσήκουσαν
1545 3702 1703 3770 δίκην,
1731 3706 2070 3779 καθῃρημένον
2098 3708 2176 3760 ἐν·

591 3798 761 3852 τεῦθεν
787 3795 882 3854 ἤδη
911 3796 1011 3850 ὑπὸ
1036 3803 1127 3855 τῆς
1154 3794 1300 3867 ἁγίας
1331 3793 1573 3850 συνόδου.

663 3886 749 3959 έγ’.
798 3886 859 3940 Ετῖ
880 3909 957 3947 τις
998 3888 1270 3945 ἐπίσκοπος
1314 3887 1397 3941 ἐπί
1437 3907 1570 3942 τισιν
1615 3887 1885 3959 ἐγκλήμασι
1931 3891 2168 3965 κρίνοιτο,

590 3979 622 4033 ἴ
624 4000 775 4035 πειτα
815 3980 1044 4049 συμϐαίη
1085 3982 1205 4054 περὶ
1239 3980 1398 4034 αὐτοῦ
1444 3977 1703 4051 διαφωνεῖν
1730 3982 1848 4040 τοὺς
1877 3982 1926 4034 ἐν
1955 3980 2078 4052 [ἐπὶ]
2107 3990 2169 4056 τῇ

587 4072 820 4145 ἐπαρχίᾳ
845 4069 1174 4132 ἐπισκόπους,
1200 4076 1301 4123 τῶν
1328 4073 1419 4139 μὲν
1446 4071 1603 4123 ἀθῶον
1625 4070 1705 4124 τόν
1732 4071 2006 4146 κρινόμενον
2035 4073 2166 4127 ἁπο-

587 4161 875 4232 φαινόντων,
907 4166 1004 4211 τῶν
1043 4156 1095 4211 δέ
1126 4158 1329 4228 ἔνοχον,
1370 4159 1500 4231 ὑπὲρ
1531 4160 1825 4231 ἀπαλλαγῆς
1868 4163 2035 4222 πάσης
2069 4166 2167 4232 ἀμ-

584 4250 956 4321 φισϐητήσεως,
976 4245 1117 4310 ἔδοξε
1143 4254 1203 4320 τῇ
1228 4246 1346 4319 ἁγία
1370 4244 1562 4316 συνόδῳ
1585 4250 1667 4301 τόν
1691 4258 1779 4309 τῆς
1807 4254 2165 4324 μητροπόλεως

582 4340 885 4401 ἐπίσκοπον,
916 4339 1017 4392 ἀπὸ
1041 4344 1132 4396 τῆς
1161 4336 1528 4411 πλησιοχώρου
1568 4338 1831 4409 ἐπαρχίας
1871 4344 2165 4411 μετακαλεῖ-

582 4434 702 4486 οθαι
732 4432 934 4504 ἑτέρους
962 4431 1100 4491 τινὰς
1126 4432 1246 4488 τοὺς
1277 4432 1641 4504 ἐπικρὶνοντας.
1672 4435 1752 4483 καὶ
1775 4435 1864 4489 τήν
1904 4436 2160 4507 ἀμφισϐή-

580 4544 726 4582 τησιν
751 4520 1068 4585 διαλύοντας,
1097 4526 1187 4575 τοῦ
1218 4521 1502 4592 βεϐαιῶσαι
1523 4524 1616 4575 σὺν
1646 4530 1751 4584 τοῖς
1779 4532 1869 4583 τῆς
1901 4526 2159 4603 ἐπαρχίας

552 4630 560 4660 ῐ
579 4615 634 4668 τὸ
664 4614 1062 4689 παριστάμενον.

547 4701 562 4761 l
648 4703 732 4775 46'.
759 4703 820 4757 Εἴ
835 4724 911 4764 τις
933 4704 1205 4763 ἐπίσκοπος
1227 4702 1309 4757 ἐπί
1326 4723 1458 4757 τισιν
1477 4702 1756 4775 ἐγκλήμασι
1775 4707 2151 4779 κατηγορηθεὶς,

576 4799 759 4870 κριθείη
784 4796 887 4849 ὑπὸ
915 4796 1116 4850 πάντων
1141 4802 1239 4849 τῶν
1267 4796 1314 4848 ἐν
1336 4802 1397 4868 τῇ
1428 4796 1660 4871 ἐπαρχίᾳ
1687 4799 2002 4865 ἐπισκοπῶν,
2034 4801 2153 4853 πάν-

574 4908 658 4947 τες
701 4907 755 4942 τε
807 4888 1070 4959 σύμφωνοι
1114 4889 1233 4957 μίαν
1281 4887 1573 4941 κατάὐτοῦ
1621 4888 1913 4958 ἐξενίγκοιεν
1956 4889 2147 4962 ψῆφον

573 4985 746 5034 τοῦτον
782 4980 957 5051 μηκέτι
999 4979 1123 5053 παρ’
1139 4979 1325 5053 ἑτέροις
1369 4977 1823 5042 δικάζεσθαι,ἁλλὰ
1862 4984 2023 5052 μένειν
2064 4985 2153 5055 βε-

573 5070 719 5124 εαίαν
756 5075 845 5130 τήν
879 5068 1147 5142 σύμφωνον
1174 5077 1275 5126 τῶν
1298 5071 1384 5124 ἐπὶ
1428 5078 1520 5131 τῆς
1568 5073 1826 5146 ἐπαρχίας
1860 5077 2151 5131 ἐπισκόπων

569 5160 841 5230 ἀπόφασιν.

640 5252 720 5319 μ’.
751 5250 815 5306 Εἴ
843 5273 922 5313 τις
956 5254 1233 5312 ἐπίσκοπος
1258 5250 1534 5323 σχολάζων
1572 5253 1655 5308 ἐπὶ
1685 5255 2044 5324 σχολάζουσαν
2075 5259 2147 5313 ἐκ·

566 5342 774 5402 ειλησίαν
813 5342 989 5396 ἑαυτὸν
1023 5342 1325 5419 ἔπιρῥίψας,
1357 5345 1642 5417 ὑφαρπάζοι
1680 5347 1765 5399 τόν
1802 5347 1971 5418 θρόνον
2012 5347 2145 5420 δίχα

562 5431 777 5488 συνόδου
790 5432 1186 5494 τελείαςιτοῦτον
1197 5435 1482 5493 ἀπόϐλητον
1499 5432 1643 5498 εἶναι,
1669 5440 1752 5491 καὶ
1769 5440 1811 5491 εί
1829 5444 1932 5500 πᾶς
1949 5438 1974 5494 ὁ
1998 5441 2139 5508 λαός,

560 5522 616 5578 ὃν
638 5524 963 5600 ὑφήρπασεν,
990 5524 1147 5581 ἕλοιτο
1183 5525 1348 5582 αὐτόν·
1378 5528 1564 5583 τελείαν
1589 5527 1643 5583 δὲ
1667 5532 1850 5590 ἐκείνην
1877 5528 2001 5588 εἶναι
2021 5537 2142 5590 σύν-

556 5616 692 5684 οδον,
726 5615 755 5690 ᾖ
777 5615 867 5688 [είς
893 5614 972 5686 ἣν]
994 5620 1323 5695 σνμπάρεστι
1352 5623 1438 5675 καὶ
1461 5620 1599 5682 ὁτῆς
1619 5624 1992 5697 μητροπόλεως.

627 5792 721 5859 4ς’.
753 5789 819 5845 Εἴ
840 5812 918 5852 τις
947 5794 1221 5856 ἐπίσκοπος
1252 5797 1574 5866 χειροθεσίαν
1603 5798 1727 5872 παρ’
1753 5799 2031 5855 ἐπισκόπου
2051 5801 2140 5857 λα-

558 5883 680 5952 Εὼν,
704 5885 787 5941 κεί
812 5881 1030 5959 όρισθεὶς
1057 5888 1365 5957 προιστάναι
1392 5888 1544 5956 λαοῦ,
1578 5896 1647 5959 μή
1681 5890 2001 5957 καταδέξοιτο
2038 5900 2125 5955 την

2323 640 2583 708 privetur.
2614 640 3043 717 Chorepiscopus
3074 660 3256 707 autem
3287 653 3379 709 ﬁat
3400 658 3466 712 ab
3488 662 3739 735 episcopo
3770 669 3884 723 civi

2324 732 2470 791 tatis.
2504 734 2593 787 cui
2622 736 2923 804 subjicitur.

2393 818 2503 875 XC.
2538 854 2608 863 —
2648 825 2730 879 Il.
2768 826 2822 880 Si
2858 829 2976 896 quis
3005 831 3290 903 episcopus
3337 838 3421 892 vel
3474 842 3765 915 presbyter,
3814 866 3877 905 ve

2318 912 2538 967 omnino
2569 928 2634 968 ex
2666 931 2892 985 canone,
2943 920 3059 974 sine
3088 938 3357 981 consensu
3392 938 3446 984 et
3471 912 3663 990 litteris
3689 938 3884 1006 episco‘

2319 1016 2511 1073 porum
2544 1007 2872 1075 provinciae,
2902 1020 2957 1065 ct
2984 1015 3218 1071 maxime
3258 1024 3677 1093 metropolitani,
3706 1030 3770 1083 ad
3800 1032 3884 1084 im-

2318 1102 2624 1162 peratorem
2652 1097 2915 1165 proﬁcisci
2949 1115 3232 1170 aggressus
3262 1106 3456 1164 fuerit:
3484 1113 3529 1166 is
3550 1115 3825 1173 abdicetur
3844 1133 3884 1175 el

2315 1183 2559 1253 ejiciatur
2586 1203 2692 1242 non
2734 1191 2904 1244 solum
2936 1208 2965 1246 a
2995 1198 3397 1264 communione,
3443 1204 3538 1257 sed
3567 1206 3726 1260 etiam
3757 1223 3787 1261 a
3815 1210 3884 1264 di-

2313 1276 2535 1343 gnitate,
2568 1279 2720 1348 cujus
2745 1283 3015 1353 particeps
3041 1286 3251 1341 videtur
3278 1292 3510 1349 existere
3536 1314 3547 1348 :
3583 1305 3639 1350 ut
3661 1299 3750 1367 qui
3779 1301 3884 1355 reli-

2311 1367 2595 1435 giosissimi
2628 1372 2968 1440 imperatoris
3007 1379 3176 1432 nostri
3223 1381 3439 1437 auribus
3468 1387 3769 1445 molestiam
3816 1390 3884 1444 af-

2312 1456 2455 1514 ferre
2498 1461 2693 1515 audeat
2739 1474 2930 1519 contra
2977 1476 3235 1524 statutum
3273 1472 3545 1531 Ecclesize.
3606 1478 3661 1533 Si
3715 1492 3884 1538 autem

2309 1549 2457 1605 adire
2486 1550 2866 1622 imperatorem
2894 1560 3194 1614 necessaria
3221 1578 3383 1618 causa
3413 1568 3610 1636 exigat,
3644 1570 3745 1627 hoc
3773 1588 3884 1642 aga-

2308 1647 2397 1695 tur
2424 1656 2545 1696 cum
2587 1643 2977 1703 deliberatione
3026 1658 3083 1704 et
3111 1656 3377 1710 sententia
3408 1659 3645 1731 episc0pi
3686 1674 3884 1721 metro-

2305 1730 2529 1799 politani
2558 1734 2865 1802 provinciae,
2906 1738 2995 1794 vel
3024 1741 3403 1811 episcoporum
3437 1749 3526 1816 qui
3559 1730 3685 1804 sunt
3718 1753 3770 1807 in
3798 1770 3884 1809 ea-

2304 1820 2425 1875 dem
2460 1824 2756 1891 provincia,
2780 1836 2835 1880 et
2863 1843 2984 1886 cum
3014 1844 3200 1884 eorum
3228 1831 3422 1890 litteris
3444 1838 3834 1905 proﬁciscatur.

2229 1923 2279 1983 Β
2375 1910 2506 1968 XCI.
2536 1947 2607 1955 —
2636 1915 2721 1969 12.
2763 1915 2820 1971 Si
2848 1919 2969 1986 quis
2996 1935 3027 1973 a
3056 1923 3276 1990 proprio
3303 1924 3561 1996 episcopo
3590 1929 3882 2001 depositus,

2302 2004 2583 2074 presbyter
2601 2006 2687 2061 vel
2708 2006 2986 2077 diaconus,
3008 2012 3093 2065 vel
3117 2014 3400 2084 episcopus
3422 2033 3452 2071 a
3474 2022 3698 2090 synodo,
3720 2040 3883 2082 ausus

2298 2090 2461 2148 fuerit
2509 2096 2852 2165 imperatoris
2897 2102 3118 2157 auribus
3147 2104 3449 2162 molestiam
3499 2110 3709 2179 alTerre,
3759 2130 3881 2172 cum

2300 2191 2553 2253 oporteat
2580 2187 2647 2241 ad
2671 2189 2931 2258 majorem
2961 2194 3225 2263 synodum
3253 2201 3515 2268 converti,
3543 2208 3597 2256 et
3620 2202 3709 2271 jus
3736 2208 3881 2274 quod

2298 2290 2359 2330 se
2381 2275 2581 2331 habere
2606 2287 2780 2348 putat,
2812 2280 2881 2335 ad
2906 2282 3085 2351 plures
3113 2286 3395 2361 episcopos
3423 2289 3645 2356 referre,
3672 2308 3884 2348 eorum-

2295 2380 2402 2434 que
2432 2368 2885 2441 examinationem
2914 2380 2971 2426 et
2990 2373 3249 2441 judicium
3278 2379 3568 2448 suscipere.
3602 2380 3658 2435 Si
3696 2383 3881 2453 itaque

2294 2457 2377 2511 liis
2406 2460 2751 2529 contemptis,
2796 2462 3106 2530 imperatori
3134 2466 3393 2523 molestus
3433 2470 3612 2535 fuerit,
3654 2472 3700 2528 is
3728 2475 3876 2532 nulla

2293 2547 2448 2600 venia
2477 2546 2688 2616 dignus,
2742 2565 2915 2620 neque
2960 2553 3042 2608 sui
3071 2554 3389 2614 defendendi
3434 2561 3611 2617 locum
3654 2564 3873 2635 habeat,

2290 2651 2391 2691 nec
2417 2652 2569 2706 spem
2597 2640 2955 2697 restitutionis
2981 2654 3270 2716 exspectet.

2358 2808 2511 2865 XCII.
2549 2812 2635 2867 15.
2666 2812 2851 2870 Nullus
2879 2817 3161 2889 cpiscopus
3191 2820 3384 2877 audeat
3412 2825 3479 2879 ab
3515 2842 3620 2881 una
3650 2834 3869 2899 provin-

2286 2900 2368 2955 cia
2397 2901 2453 2956 iu
2481 2902 2639 2957 aliam
2667 2906 2913 2969 transire,
2963 2914 3018 2961 et
3058 2910 3126 2963 ad
3155 2914 3553 2979 promotionem
3581 2918 3867 2979 ministerii

2284 2992 2493 3063 aliquos
2520 2994 2574 3048 in
2604 2994 2841 3051 Ecclesia
2872 2998 3146 3069 ordinare,
3186 3018 3285 3059 nec
3314 3006 3359 3059 si
3388 3006 3521 3065 alios
3551 3025 3655 3064 una
3685 3027 3867 3068 secum

2282 3082 2518 3149 inducat,
2550 3085 2650 3139 nisi
2674 3086 3093 3144 veneritlitteris
3124 3094 3415 3148 accersitus
3439 3101 3866 3169 metmpolitani,

2280 3180 2335 3225 et
2363 3172 2739 3242 episcoporum
2765 3176 2855 3244 qui
2884 3187 3009 3231 sunt
3039 3194 3161 3234 cum
3193 3182 3330 3251 ipso,
3353 3184 3406 3237 in
3435 3200 3664 3254 quorum
3689 3192 3867 3259 regio-

2282 3276 2407 3316 nem
2434 3262 2662 3319 accedit.
2694 3263 2751 3319 Si
2776 3274 2955 3321 autem
2978 3270 3127 3324 nullo
3156 3282 3406 3342 vocante,
3441 3277 3743 3335 inordinate
3772 3282 3866 3336 ad-

2281 3353 2481 3421 veniat,
2506 3354 2574 3408 ad
2602 3354 2905 3425 aliquorum
2934 3359 3349 3430 ordinationem,
3394 3374 3448 3419 et
3475 3369 3866 3427 ecclesiastica-

2281 3460 2400 3499 rum
2426 3462 2627 3511 rerum,
2659 3448 2726 3502 ad
2753 3463 2813 3503 se
2844 3464 2951 3503 non
2972 3452 3377 3525 pertinentium,
3396 3461 3861 3530 constitutionem,

2274 3537 2387 3592 sint
2425 3539 2643 3607 quidem
2676 3541 2825 3594 irrita
2857 3557 2975 3611 quae
3005 3544 3071 3598 ab
3121 3546 3236 3615 ipso
3266 3560 3560 3616 geruntur:
3588 3555 3703 3622 ipse
3732 3571 3861 3611 vero

2277 3644 2385 3683 suae
2413 3631 2782 3700 perversitatis
2834 3640 2888 3687 et
2935 3643 3129 3703 pneter
3167 3639 3429 3693 rationem
3460 3640 3611 3697 facta:
3638 3658 3860 3713 aggres-

2274 3721 2442 3776 sionis
2471 3721 2677 3775 debitas
2707 3738 2897 3792 poenas
2925 3723 3035 3790 det,
3068 3727 3261 3782 exinde
3286 3730 3491 3785 scilicet
3510 3746 3541 3785 a
3570 3743 3755 3790 sancta
3779 3753 3862 3807 sy-

2272 3809 2417 3863 nodo
2441 3809 2735 3879 depositus.

2342 3899 2521 3955 XCIII.
2552 3901 2729 3954 -14.
2766 3901 2821 3956 Si
2852 3903 2967 3971 quis
2997 3903 3280 3974 cpiscopus
3307 3906 3373 3962 de
3400 3909 3720 3978 quibusdam
3750 3917 3859 3970 cri-

2270 3991 2503 4045 minibus
2527 3992 2813 4060 judicetur,
2866 3993 3059 4048 deinde
3088 3997 3363 4067 contingat
3402 4002 3685 4073 episcopos
3727 4023 3856 4076 pro-

2270 4082 2457 4137 vinciae
2486 4083 2557 4138 de
2587 4099 2652 4138 eo
2676 4084 2953 4150 dissidere,
2992 4085 3095 4141 illis
3123 4090 3338 4157 quidem
3368 4107 3489 4147 eum
3519 4095 3585 4150 de
3609 4112 3716 4166 quo
3746 4099 3854 4155 fer-

2269 4180 2357 4226 tur
2381 4175 2669 4238 sententia,
2716 4175 3056 4231 innocentem
3084 4183 3572 4253 pronuntiantibus,
3600 4188 3685 4245 his
3721 4206 3851 4247 vero

2266 4278 2457 4317 reum:
2489 4280 2588 4333 pro
2639 4273 2749 4319 tota
2796 4260 3170 4337 componenda
3212 4279 3596 4345 controversia,
3646 4282 3850 4351 placuit

2263 4348 2461 4409 sancta:
2486 4356 2714 4426 synodo,
2745 4364 2804 4411 ut
2832 4360 3115 4431 episcopus
3142 4367 3586 4435 metropolitanus
3615 4348 3847 4430 e_vicina

2262 4445 2537 4512 provincia
2560 4447 2767 4517 judices
2804 4449 2939 4505 alios
2966 4451 3250 4521 convocet,
3297 4458 3388 4525 qui
3418 4466 3843 4521 controversiam

2264 4535 2473 4603 tollant,
2504 4546 2558 4592 et
2586 4540 2730 4607 quod
2775 4556 2897 4596 cum
2925 4546 3213 4613 provincia:
3243 4548 3523 4619 episcopis.
3555 4556 3844 4622 probatum

2261 4623 2442 4690 fuerit,
2471 4626 2774 4683 confirmet.

2328 4713 2505 4770 XCIV.
2537 4750 2609 4759 ——
2639 4717 2726 4773 15.
2758 4718 2813 4773 Si
2855 4720 2975 4789 quis
3003 4722 3287 4793 episcopus
3316 4726 3614 4797 aliquorum
3655 4734 3841 4789 crimi-

2256 4820 2381 4859 num
2405 4816 2702 4872 accusatus,
2735 4809 2801 4863 ab
2829 4811 3075 4867 omnibus
3098 4815 3388 4882 provinciae
3413 4820 3681 4892 episc0pis
3708 4827 3840 4882 eon-

2255 4894 2536 4951 demnatus
2590 4897 2786 4965 fuerit,
2856 4908 2911 4956 et
2958 4917 3147 4957 omnes
3195 4920 3357 4960 unam
3407 4916 3837 4975 consentientem

2253 4983 2510 5039 adversus
2538 5001 2659 5041 eum
2690 4991 3012 5046 sententiam
3055 4995 3273 5049 tulerint
3300 5016 3313 5051 :
3347 4998 3391 5054 is
3417 5017 3486 5057 ne
3514 5005 3741 5075 amplius
3768 5011 3836 5065 ab

2254 5074 2372 5127 aliis
2394 5076 2664 5144 judicetur
2688 5098 2700 5134 :
2726 5082 2820 5136 sed
2839 5084 3127 5153 provincia:
3151 5089 3524 5161 episcoporum
3555 5096 3705 5153 ﬁrma
3729 5117 3833 5156 ma-

2254 5174 2379 5220 neat
2402 5170 2688 5224 sentcntia.
2722 5241 2727 5245 '

2323 5255 2479 5312 XCV.
2511 5291 2581 5300 —
2611 5258 2695 5313 16.
2726 5259 2783 5315 Si
2811 5264 2930 5331 quis
2972 5265 3255 5338 episcopus
3284 5287 3501 5342 vacans,
3553 5276 3605 5330 in
3650 5282 3829 5335 eccle-

2250 5347 2385 5403 siam
2410 5358 2691 5405 vacantem
2729 5353 2961 5422 seipsum
3010 5356 3275 5425 injiciens,
3323 5365 3610 5432 arripuerit
3643 5369 3827 5428 sedem

2249 5440 2451 5508 absque
2496 5440 2734 5510 perfecta
2790 5444 3023 5513 synodo,
3071 5447 3212 5503 hunc
3260 5452 3631 5521 expellendum
3683 5472 3825 5525 esse,

2246 5530 2455 5584 etiamsi
2484 5532 2659 5587 omnis
2688 5534 2935 5603 populus,
2967 5552 3126 5606 quem
3156 5541 3401 5611 arripuit,
3433 5557 3552 5599 eum
3580 5546 3822 5616 elegerit.

2244 5618 2484 5677 Perfecta
2513 5638 2642 5679 vero
2669 5628 2906 5696 synodus
2931 5629 3021 5685 illa
3050 5638 3150 5699 est,
3184 5634 3268 5688 eui
3297 5634 3520 5692 interest
3540 5647 3596 5693 et
3614 5651 3823 5700 metro-

2238 5714 2507 5783 politanus
2534 5717 2833 5789 episcopus.

2307 5802 2483 5859 XCVI.
2518 5839 2585 5848 —
2614 5807 2698 5861 l7.
2731 5809 2786 5863 Si
2828 5811 2947 5881 quis
2987 5812 3292 5885 episcopus,
3336 5827 3555 5889 accepta
3588 5822 3812 5893 imposi-

2233 5897 2378 5957 tionc
2409 5915 2659 5962 manuum
2693 5904 2758 5961 ab
2779 5906 3033 5979 episcopo
3060 5917 3112 5964 et
3136 5910 3336 5980 populo
3354 5928 3583 5985 praeesse
3601 5915 3803 5989 jussus,
