4034 6206
289 406 367 461 65
1232 407 1460 464 CODEX
1497 410 1823 467 CANONUM
1855 412 2218 473 UNIVERSIE
2257 417 2629 478 ECCLESUE.
3496 441 3566 496 66

291 514 642 591 λειτουργίαν,
680 517 807 589 μηδέ
834 520 1052 574 πείθοιτο
1088 520 1288 577 ἀπιέναι
1324 526 1396 584 εἰς
1438 528 1527 583 τήν
1557 527 1875 601 ἐγχειρισθεῖ·

1996 529 2348 587 ministerium
2383 549 2491 589 non
2517 538 2832 606 susceperit,
2883 555 3056 611 neque
3087 546 3414 614 acquieverit
3438 566 3565 621 ιιεοα

297 631 401 666 σαν
426 611 566 681 αὐτῷ
595 609 863 667 ἐκκλησίαν
882 650 896 674 ,
923 618 1103 665 τοῦτον
1138 606 1265 667 εἶναι
1303 617 1659 679 ἀκοινώνητον,
1699 615 1805 670 ἴστ’
1829 612 1887 669 ἄν

300 701 634 771 ἀναγκασθείς
658 698 1008 763 καταδέξοιτο,
1032 699 1423 773 [καταδέξηται],
1456 705 1484 763 ἧ
1512 706 1675 779 ὁρίσοι
1703 730 1753 761 τι
1772 710 1891 781 περὶ

297 794 454 847 αὐτοῦ
482 794 511 848 ἡ
532 791 697 844 τελεία
726 789 935 852 σύνοδος
961 798 1063 846 τῶν
1090 795 1223 848 κατά
1262 798 1350 852 τὴν
1395 792 1654 870 ἐπαρχίαν
1690 795 1891 851 ἐπισκό-

299 902 428 938 πων.

370 978 458 1046 ζξ.
490 978 552 1032 Εἴ
574 1001 650 1040 τις
690 981 975 1038 ἐπίσκοπος
1010 980 1384 1052 χειροτονηθείς
1423 984 1492 1039 εἰς
1521 984 1786 1055 παροικίαν
1819 988 1889 1053 μή

296 1068 505 1121 ἆπῐιθοι
528 1072 598 1127 εἰς
619 1069 677 1125 ἦν
704 1067 1038 1138 χειροτονὴοη
1079 1064 1503 1141 [ἐχειροτονήθη],
1537 1071 1591 1122 ού
1626 1072 1768 1146 παρὰ
1798 1078 1889 1131 τήν

296 1157 486 1212 ἔαυτοῦ
519 1162 710 1222 αἰτίαν,
738 1158 844 1211 ἀλλ’
871 1159 983 1216 ἦτοι
1012 1157 1096 1213 διὰ
1120 1165 1207 1217 τήν
1238 1166 1328 1213 τού
1349 1160 1469 1213 λαοῦ
1500 1168 1827 1235 παραίτησιν,
1860 1164 1890 1223 ἢ

295 1249 360 1304 δι’
384 1253 561 1323 ἑτέραν
586 1255 751 1305 α’τίαν
777 1254 863 1304 ούκ
889 1253 941 1315 ἐξ
966 1253 1123 1305 αὐτοῦ
1149 1254 1430 1324 γενομένην,
1454 1260 1630 1307 τοῦτον
1651 1257 1890 1325 μετέχειν

294 1351 385 1403 τῆς
402 1352 550 1411 τιμῆς
574 1346 655 1397 καί
678 1352 767 1402 τῆς
791 1344 1123 1419 λειτουργίας,
1140 1344 1283 1412 μόνον
1304 1343 1454 1413 μηδὲν
1473 1347 1890 1419 παρενοχλοῦντες

294 1442 397 1493 τοῖς
440 1438 711 1507 πράγμασι
737 1443 825 1494 τῆς
872 1434 1137 1503 ἐκκλησίας
1157 1473 1171 1499 ,
1199 1433 1312 1489 ἔνθα
1352 1430 1408 1487 ἂν
1438 1439 1721 1505 συνάγοιτσ
1754 1437 1890 1491 ἐκδέ-

291 1527 485 1597 χεσθαι
517 1524 571 1577 δέ
599 1528 804 1585 τοῦτον,
839 1520 863 1576 δ
906 1519 963 1575 ἄν
995 1525 1024 1580 n'
1057 1532 1148 1582 τῆς
1185 1525 1445 1598 ἐπαρχίας
1483 1526 1644 1581 τελεία
1676 1524 1889 1586 σύνοδος

290 1620 509 1690 κρίνασα
537 1617 595 1669 τὸ
624 1617 1004 1690 παριστάμενον
1037 1615 1211 1689 ὁρίσῃ.

362 1706 453 1774 έη”.
481 1705 789 1760 Ἐπίσκοπον
829 1711 899 1778 μή
947 1709 1346 1780 χειροτονεῖσθαι
1390 1705 1519 1778 δίχα
1555 1708 1765 1764 συνόδου
1802 1715 1885 1766 καί

291 1805 584 1874 παρουσίας
597 1806 689 1853 τοῦ
710 1801 759 1853 ἐν
782 1807 843 1870 τῇ
868 1800 1175 1871 μητροπόλει
1196 1808 1287 1859 τῆς
1312 1801 1592 1876 ἐπαρχίας,
1623 1805 1804 1856 τούτου
1830 1801 1884 1857 δὲ

1994 616 2155 673 ﬁcisci
2184 620 2251 673 ad
2278 622 2560 677 ecclesiam
2588 626 2689 679 sibi
2719 628 3079 695 commissam,
3102 634 3245 690 hunc
3264 652 3571 693 excommu-

1994 706 2227 762 nicatnm
2260 726 2379 765 esse
2408 711 2579 768 donec
2621 726 2845 771 coactus
2886 720 3162 790 suscipiat,
3213 733 3305 779 aut
3334 728 3568 796 perl‘tcta

1992 798 2229 866 synodus
2256 800 2627 871 episcoporum
2659 806 2945 873 provincia:
2976 810 3042 864 de
3080 811 3197 882 ipso
3247 814 3445 884 aliquid
3475 822 3568 871 de-

1993 886 2163 947 ﬁniat.
3544 912 3547 913 ⁷

2065 978 2267 1035 XCVII.
2298 984 2483 1040 -18.
2534 988 2589 1042 Si
2630 991 2749 1060 quis
2790 995 3075 1063 episcopus
3114 994 3413 1063 ordinatus,
3465 1013 3571 1053 non

1994 1073 2281 1126 accesserit
2321 1075 2388 1128 ad
2418 1079 2710 1144 parteciam
2756 1082 2841 1136 cui
2879 1092 2964 1137 est
3012 1084 3306 1151 ordinatus,
3338 1105 3444 1142 non
3473 1105 3570 1144 sua

1994 1161 2209 1230 quidem
2239 1166 2413 1235 culpa,
2463 1168 2556 1222 sed
2587 1178 2807 1240 propter
2847 1174 3029 1242 populi
3070 1178 3567 1246 contradictionem,

1994 1253 2078 1307 vel
2104 1253 2263 1332 aliam
2295 1272 2530 1324 causam,
2561 1276 2678 1329 qua:
2708 1278 2738 1316 a
2768 1278 2826 1317 se
2856 1280 2962 1319 non
2998 1268 3186 1333 oritur,
3219 1269 3265 1324 is
3289 1272 3358 1324 sit
3386 1282 3438 1325 et
3466 1272 3571 1328 ho-

1994 1345 2141 1397 noris
2165 1352 2220 1400 et
2248 1348 2529 1402 ministerii
2551 1351 2819 1421 particeps
2845 1354 3133 1410 dummodo
3164 1359 3293 1412 nihil
3315 1362 3571 1418 molestia:

1995 1435 2185 1503 afferat
2208 1440 2367 1494 rebus
2398 1440 2648 1496 Ecclesia:
2688 1444 2740 1496 in
2770 1461 2874 1515 qua
2904 1450 3175 1502 convenit.
3231 1450 3279 1505 Is
3310 1460 3488 1507 autem
3517 1454 3570 1507 id

1991 1528 2266 1597 suscipiat,
2291 1532 2433 1598 quod
2454 1530 2691 1602 perfecta
2713 1537 3001 1603 provincia:
3025 1540 3260 1609 synodus
3277 1541 3569 1611 judicando

1989 1621 2255 1672 statuerit.

2060 1707 2283 1762 XCVIII.
2313 1743 2387 1753 ——
2416 1711 2502 1766 19.
2531 1712 2825 1786 Episcopus
2848 1733 2917 1772 ne
2938 1720 3217 1775 ordinetur
3258 1723 3463 1794 absque
3488 1740 3569 1797 sy-

1987 1799 2130 1853 nodo
2157 1808 2211 1854 et
2238 1805 2522 1869 przesentia
2563 1810 2962 1877 metropolitani
3010 1814 3326 1882 provinciae,
3377 1832 3443 1872 eo
3473 1834 3569 1873 au-

290 1892 541 1966 παρόντος
580 1892 883 1953 ἐξαπαντος,
918 1891 1115 1957 βίλτκν
1145 1893 1235 1962 μὲν
1274 1898 1497 1945 συνεῖναι
1530 1894 1669 1964 αὐτῷ
1692 1895 1875 1954 πάντας

1988 1896 2096 1945 tem
2150 1902 2455 1961 praesente;
2514 1898 2734 1954 omnino
2795 1902 2988 1959 melius
3041 1914 3160 1968 est,
3220 1923 3407 1964 omnes
3462 1927 3566 1965 una

291 1984 409 2041 τοὺς
461 1983 511 2033 ἐν
553 1990 614 2055 τῇ
652 1980 885 2056 ἐπαρχίᾳ
930 1981 1384 2054 συλλειτουργούς,
1417 1985 1503 2035 καί
1539 1988 1785 2057 προσήκει
1821 1984 1887 2039 δι’

289 2072 561 2131 ὶπιστολὲς
598 2074 685 2126 τὸν
729 2073 889 2145 ἐν’τῇ
926 2071 1234 2143 μητροπόλει
1268 2073 1558 2143 συγκαλεῖν·
1596 2075 1675 2127 καὶ
1716 2076 1758 2126 εί
1796 2077 1884 2143 μὲν

287 2165 561 2218 ἆπαντοίεν
590 2162 636 2215 οἱ
667 2161 853 2223 πάντες
878 2202 893 2225 ,
924 2163 1137 2235 βέλτιον
1171 2166 1215 2215 εἰ
1243 2160 1296 2215 δὲ
1326 2161 1583 2238 δυσχερὲς
1604 2163 1677 2221 εἴη
1701 2172 1881 2233 τοῦτο,

289 2259 409 2315 τούς
436 2274 493 2324 γε
520 2256 725 2314 πλείους
747 2255 1022 2317 ἐξάπαντος
1045 2262 1282 2330 παρεῖναι
1306 2253 1404 2319 δεῖ,
1420 2256 1449 2313 ἣ
1467 2254 1551 2309 διὰ
1571 2258 1883 2331 γραμμάτων

291 2346 586 2415 ὁμοψήφους
614 2346 875 2414 γενέσθαι,
910 2348 991 2398 καί
1022 2345 1183 2404 οέτως
1218 2348 1346 2416 μετά
1383 2354 1473 2405 τῆς
1508 2354 1608 2400 τῶν
1646 2348 1882 2401 πλειόνων

290 2438 397 2496 ὅτοι
429 2441 720 2512 παρουσίας
748 2437 776 2496 ἧ
800 2436 968 2507 ψήφου
1005 2438 1231 2507 γίνεσθαι
1268 2442 1359 2496 τήν
1380 2444 1715 2493 κατάστασίν·
1748 2443 1791 2493 εί
1825 2439 1881 2495 δέ

291 2528 450 2591 illa;
486 2533 631 2599 παρά
658 2532 720 2583 τὰ
753 2532 1013 2604 ὡρισμένα
1054 2531 1300 2602 γίγνοιτο,
1346 2529 1502 2601 μηδὲν
1540 2532 1748 2601 ἰσχύειν
1790 2537 1882 2592 τὴν

289 2624 627 2695 χειροτονίαν
664 2624 704 2674 εί
730 2619 783 2674 δέ
823 2621 951 2675 κατὰ
979 2620 1062 2674 τόν
1101 2622 1380 2695 ὡρισμένον
1408 2620 1590 2675 κανόνα
1611 2626 1825 2693 ’γίγνοιτο
1850 2624 1881 2680 ἡ

289 2715 608 2772 κατάστασις
627 2754 642 2775 ,
675 2713 974 2783 ἀντιλέγοιεν
1004 2710 1058 2766 δέ
1102 2733 1231 2772 τινες
1258 2711 1321 2768 δι’
1343 2715 1523 2767 οἰκείαν
1552 2713 1841 2783 φιλονεικίαν
1863 2752 1879 2779 ,

288 2812 498 2877 κρατεῖν
522 2810 613 2863 τήν
638 2804 879 2857 πλειόνων
908 2803 1091 2875 ψῆφον.
1293 2809 1298 2813 ’

358 2956 440 3026 έθ.
474 2959 563 3010 Διὰ
588 2958 677 3018 τὰς
707 2958 1123 3017 ἔκκλησιαστικάς
1169 2960 1355 3029 χρείας
1376 2998 1391 3024 ,
1421 2961 1507 3013 καί
1532 2961 1625 3019 τὰς
1651 2967 1750 3015 τῶν
1782 2962 1880 3031 ἁμ-

287 3048 700 3118 φεσϐητουμένων
730 3048 985 3108 διαλύσεις
1010 3089 1025 3114 ,
1069 3048 1230 3109 καλῶς
1278 3046 1419 3118 ἔχειν
1451 3047 1591 3114 ἔδοξε
1636 3049 1880 3111 συνόδους

287 3137 394 3192 καθ’
419 3138 640 3195 ἑκάστην
672 3139 929 3211 ἐπαρχίαν
950 3145 1050 3193 τῶν
1079 3138 1370 3193 ἐπισκόπων
1389 3140 1616 3210 γίνεσθαι
1643 3137 1878 3215 δεύτερον

287 3236 372 3282 τοῦ
420 3227 592 3289 ἴτονς“
627 3226 763 3291 ἅπαξ
802 3231 928 3298 μὲν,
970 3231 1101 3298 μετὰ
1147 3233 1237 3286 τήν
1279 3231 1451 3301 τρίτην
1491 3226 1744 3297 ἑϐδομάδα
1786 3238 1878 3289 τῆς

286 3321 460 3393 ίορτῆς
496 3326 585 3373 τοῦ
625 3318 837 3390 πάσχα,
870 3321 1002 3374 ὥστε
1036 3327 1099 3393 τῇ
1136 3320 1358 3393 τετάρτη
1391 3317 1631 3391 έϐδομὰδι
1654 3318 1763 3391 [τήν
1792 3340 1875 3374 τε·

288 3412 468 3482 τάρτην
491 3407 769 3481 έίδομὸιδα]
793 3418 883 3469 τῆς
903 3419 1245 3471 πεντηκοστῆς
1275 3411 1611 3466 ἐπιτελεῖσθαι
1639 3418 1729 3472 τήν
1749 3414 1875 3467 σύν-

288 3502 432 3569 οδον,
477 3505 953 3574 ὑπομιμνήσκοντος
1005 3495 1129 3563 τούς
1178 3504 1516 3577 ἑπαρχιώτας
1562 3511 1652 3559 τοῦ
1708 3506 1758 3559 ἐν

288 3595 612 3668 μητρόπολιν
651 3599 743 3653 τήν
772 3592 824 3648 δὲ
856 3591 1097 3668 δευτέραν
1125 3586 1335 3648 σύνοδον
1372 3596 1594 3663 γίνεσθαι
1630 3594 1755 3656 ἴδοις
1786 3594 1876 3666 [εἱ-

288 3683 411 3754 δοῑς]
456 3686 799 3761 ὀκτωϐρίαις,
832 3688 939 3745 ἥτις
987 3686 1097 3740 ἐστὶ
1144 3684 1553 3745 πεντεκαιδεκάτη
1593 3687 1874 3764 ύπερϐερε-

287 3779 442 3829 κίον’
476 3777 615 3831 ὥστε
659 3777 707 3827 ἐν
738 3778 925 3835 αύταῐς
967 3777 1181 3836 ταύταις
1209 3784 1327 3838 ταῖς
1355 3776 1581 3837 συνόδοις
1610 3782 1874 3854 προσιέναι

285 3868 673 3941 πρεσϐυτέρους
699 3869 787 3920 καὶ
815 3864 1099 3931 διακόνους,
1124 3868 1208 3921 καί
1238 3868 1434 3928 πάντας
1458 3870 1579 3927 τούς
1608 3866 1871 3928 ἠδικῆσθαι

286 3964 593 4032 νομίζοντας,
623 3964 703 4016 καί
728 3964 870 4036 παρὰ
896 3969 983 4021 τῆς
1006 3959 1223 4016 συνόδου
1244 3962 1544 4035 ἐπικρίσεως
1570 3965 1868 4034 τυγχάνειν.

282 4058 354 4109 Iri
373 4054 555 4115 ἐξεῖναι
584 4049 637 4105 δέ
667 4072 802 4111 τινας
822 4052 929 4104 καθ’
959 4052 1174 4111 ἑαυτούς
1204 4050 1447 4112 συνόδους
1475 4056 1722 4108 ποιεῖσθαι
1750 4052 1869 4109 ἄνευ

281 4150 377 4195 τῶν
398 4144 815 4211 πεπιστευμένων
836 4142 926 4202 τὰς
948 4143 1306 4217 μητροπόλεις.

351 4234 418 4305 ρ’.
445 4234 739 4287 Ἐπίσκεπον
784 4234 886 4288 ἀπὸ
934 4236 1201 4307 παροικίας
1242 4234 1414 4308 ἐτέρας
1466 4237 1537 4295 εἰς
1582 4230 1758 4309 ἑτέραν
1798 4240 1867 4306 μῂ

281 4326 646 4393 μεθίστασθαι,
696 4328 823 4394 μήτε
872 4324 1178 4399 αὐθαιρέτως
1232 4325 1594 4397 ἑπιρῤίπτοντα
1644 4326 1822 4381 ἑαυτὸν
1848 4367 1864 4393 ,

279 4419 401 4483 μήτε
429 4416 532 4468 ύπό
556 4415 689 4469 λαῶν
720 4415 1082 4484 ἐκῗιαζόμενον,
1115 4419 1240 4485 μήτε
1266 4415 1365 4470 ὑπὸ
1397 4416 1684 4472 ἐπισκόπων
1712 4420 1868 4491 ἀναγ-

280 4504 565 4574 καζόμενον
599 4506 759 4576 μένειν
789 4502 842 4558 δὲ
870 4507 940 4565 είς
965 4505 1021 4561 ἢν
1047 4505 1291 4580 ἐκληρώθη
1323 4508 1425 4560 ὑπὸ
1448 4514 1539 4561 τοῦ
1572 4513 1698 4562 Θεοῦ
1724 4509 1867 4585 ἐξαρ-

1986 1994 2106 2033 cum
2137 1996 2204 2036 eo
2233 1983 2418 2038 adesse
2444 1989 2863 2054 comministros,
2908 1992 3000 2060 qui
3031 2002 3153 2047 sunt
3182 1995 3235 2048 in
3265 1998 3559 2065 provincia,

1985 2076 2041 2123 et
2068 2084 2165 2124 eos
2208 2086 2307 2140 per
2334 2073 2543 2129 litteras
2570 2080 3042 2148 metropolitanum
3075 2099 3394 2140 convocare.
3427 2086 3493 2143 Et
3519 2090 3563 2143 si

1984 2158 2201 2227 quidem
2230 2176 2418 2219 omnes
2441 2169 2785 2234 accesserint,
2816 2170 2954 2226 bene
2981 2181 3062 2227 est
3094 2192 3108 2226 :
3140 2176 3223 2229 sin
3253 2184 3433 2232 autem
3463 2179 3567 2235 hoc

1985 2247 2201 2305 difﬁcile
2246 2250 2426 2320 fuerit,
2478 2256 2659 2325 plures
2696 2262 2915 2315 omnino
2957 2263 3144 2319 adesse
3189 2275 3423 2336 oportet,
3473 2278 3565 2323 aut

1985 2346 2134 2396 certe
2162 2356 2260 2410 per
2304 2343 2513 2400 litteras
2542 2363 2646 2402 una
2675 2364 2796 2403 cum
2822 2350 2928 2405 illis
2972 2352 3277 2423 suffragium
3320 2357 3481 2427 ferre,
3512 2370 3563 2414 et

1983 2430 2060 2485 sic
2082 2445 2205 2487 cum
2250 2433 2481 2503 plurium
2521 2441 2805 2507 praesentia
2836 2450 2930 2496 aut
2969 2444 3223 2515 sull‘ragio
3265 2450 3564 2506 ordinatio-

1982 2535 2106 2575 nem
2138 2522 2273 2577 ﬁeri.
2322 2523 2417 2580 Sin
2446 2535 2623 2582 autem
2653 2530 2810 2585 aliter
2835 2541 3032 2602 praeter
3060 2535 3174 2590 haec
3201 2551 3318 2606 quae
3347 2540 3560 2595 decreta

1983 2618 2125 2674 sunt,
2156 2610 2266 2679 fiat,
2299 2629 2406 2669 non
2434 2617 2615 2673 valere
2639 2620 3054 2678 ordinationem.
3104 2624 3160 2680 Si
3193 2636 3368 2683 autem
3408 2629 3560 2699 juxta

1982 2699 2303 2768 praeﬁnitum
2343 2719 2603 2761 canonem
2632 2709 2902 2766 ordinatio
2938 2712 3079 2768 facta
3122 2712 3302 2785 fuerit,
3334 2727 3388 2773 et
3424 2736 3562 2774 non-

1983 2787 2114 2841 nulli
2143 2804 2239 2858 per
2266 2795 2669 2850 contentionem
2699 2801 3095 2870 contradicant,
3135 2804 3376 2862 obtineat
3398 2809 3561 2879 pluri-

1981 2892 2193 2933 morum
2214 2884 2502 2937 sententia.

2052 2965 2235 3023 XCIX.
2266 3003 2337 3011 —
2363 2970 2452 3025 20.
2483 2971 2713 3045 Propter
2756 2994 2884 3033 usus
2928 2983 3323 3042 ecclesiasticos
3363 2997 3419 3043 et
3464 3004 3563 3059 pro

1980 3059 2294 3118 dirimendis
2322 3071 2724 3138 controversiis,
2768 3084 2916 3129 recte
2944 3076 3142 3133 habere
3171 3081 3342 3137 visum
3372 3093 3473 3155 est,
3505 3095 3562 3141 ut

1979 3168 2079 3222 per
2102 3170 2532 3229 unamquamque
2577 3164 2909 3231 provinciam
2956 3171 3141 3240 synodi
3185 3176 3559 3247 episcoporum

1980 3239 2064 3295 bis
2086 3242 2139 3295 in
2165 3258 2309 3300 anno
2354 3244 2500 3301 ﬁant.
2532 3248 2610 3303 Ac
2638 3253 2810 3320 prima
2845 3239 3059 3324 quidem
3089 3239 3446 3329 postitertiam
3471 3282 3560 3322 se-

1980 3333 2275 3401 ptimanam
2304 3335 2425 3392 festi
2455 3338 2696 3410 Paschze,
2728 3352 2785 3398 ut
2809 3357 3000 3415 quarta
3029 3354 3328 3420 septimana
3358 3355 3560 3414 Pente-

1979 3433 2159 3479 costes
2189 3428 2502 3496 perﬁciatur
2523 3435 2776 3503 synodus,
2810 3443 3228 3510 metropolitano
3250 3448 3561 3516 provincia-

1976 3514 2054 3568 les
2080 3517 2364 3587 episcopos
2390 3519 2731 3578 admonente.
2763 3526 3011 3584 Secunda
3036 3548 3168 3588 vero
3196 3514 3435 3607 synodus
3465 3540 3559 3597 ﬁat

1978 3604 2152 3661 idibus
2179 3606 2449 3678 Octobris,
2480 3614 2571 3681 qui
2600 3624 2683 3669 est
2714 3616 2958 3677 decimus
2984 3625 3203 3692 quintus
3227 3604 3558 3700 ltyperbere-

1976 3696 2102 3749 taai:
2136 3699 2273 3753 utin
2316 3700 2398 3755 his
2426 3702 2555 3770 ipsis
2594 3707 2813 3775 synodis
2860 3712 3121 3768 accedant
3163 3696 3459 3790 presbyteri
3502 3731 3557 3777 et

1974 3786 2207 3849 diaconi.
2233 3799 2289 3844 et
2316 3807 2504 3848 omnes
2524 3797 2615 3864 qui
2645 3812 2703 3852 se
2734 3798 2922 3868 injuria
2951 3802 3174 3861 affectos
3215 3786 3423 3878 putant,
3450 3824 3501 3868 et
3525 3831 3554 3867 a

1974 3879 2181 3949 synodo
2201 3881 2464 3949 judicium
2490 3898 2861 3955 assequantur.
2914 3890 3083 3948 Nullis
3119 3912 3246 3951 vero
3276 3899 3432 3953 liceat
3459 3920 3555 3970 per

1972 3984 2031 4023 se
2054 3971 2288 4040 synodos
2316 3973 2589 4029 celebrare
2615 3977 2730 4031 sine
2753 3978 2815 4031 iis
2856 3981 3048 4048 quibus
3093 3989 3417 4056 metropoles
3442 4006 3551 4046 cre-

1973 4058 2097 4113 dita:
2125 4069 2267 4115 sunt.

2040 4246 2104 4303 C.
2134 4278 2203 4292 --
2233 4250 2321 4304 21.
2353 4250 2651 4322 Episcopus
2679 4254 2746 4308 ab
2785 4256 2887 4309 alia
2915 4258 3151 4325 partecia
3201 4260 3254 4314 in
3294 4262 3451 4315 aliam
3484 4279 3550 4320 ne

1971 4348 2229 4405 transeat,
2277 4358 2378 4398 nec
2417 4358 2476 4398 se
2516 4360 2611 4399 sua
2637 4356 2828 4415 sponte
2859 4347 3122 4426 ingerens,
3153 4365 3252 4406 nec
3281 4367 3309 4404 a
3338 4355 3549 4423 populis

1969 4430 2020 4484 vi
2049 4430 2292 4498 adactus,
2324 4448 2423 4487 nec
2452 4434 2518 4487 ab
2554 4435 2819 4504 episcopis
2846 4438 3170 4492 necessitate
3198 4443 3504 4509 compulsus
3529 4462 3543 4498 :

1968 4530 2187 4577 maneat
2231 4531 2409 4577 autem
2440 4523 2494 4577 in
2524 4538 2586 4578 ca
2617 4525 2862 4589 ecclesia,
2896 4542 3057 4596 quam
3086 4528 3154 4581 ab
3184 4530 3334 4585 initio
3363 4547 3391 4585 a
3435 4532 3546 4589 Deo

282 4604 379 4665 χῆς
420 4596 717 4659 ἐκκλησίαν,
757 4598 841 4648 καί
867 4596 1199 4665 μεθίστασθαι
1220 4599 1237 4618 ⁶
1269 4598 1445 4664 αὐτῆς,
1492 4602 1625 4654 κατά
1661 4599 1747 4653 τόν
1768 4596 1864 4657 ἤδη

1979 4613 2190 4668 sortitus
2218 4621 2319 4681 est,
2367 4628 2467 4669 nec
2512 4615 2579 4668 ab
2608 4630 2670 4669 ea
2700 4616 2916 4670 recedat
2958 4617 3250 4673 secundum
3279 4621 3544 4679 deﬁnitio-

280 4686 524 4760 κῴτερον
549 4687 873 4756 ἐξενεχθέντα
894 4687 1034 4764 ὅρον.

343 4777 440 4849 pd.
470 4779 779 4832 ἐπίσκοπον
816 4784 885 4850 μή
920 4779 1187 4834 ἐπιϐαίνειν
1228 4775 1598 4850 [μεθίστασθαι]
1628 4781 1865 4857 ἀλλοτρίᾳ

277 4868 408 4921 πόλει
552 4874 621 4938 μή
650 4871 941 4942 ύποκειμένῃ
967 4873 1138 4941 αύτῷ,
1172 4868 1297 4941 μηδὲ
1336 4873 1489 4945 χώρᾳ
1626 4874 1764 4946 αὐτῷ
1791 4876 1863 4944 μὴ

277 4956 577 5032 διαφερούσῃ
601 4999 617 5023 ,
647 4958 732 5013 ἐπὶ
758 4963 1052 5035 χειροτονίᾳ
1080 4962 1241 5027 τινὸς,
1274 4960 1401 5032 μηδέ
1436 4964 1673 5034 καθεστᾷν
1699 4985 1861 5039 πρεσ-

275 5052 520 5124 ϐυτέρους
560 5052 591 5110 ἦ
626 5051 891 5113 διακόνους
932 5058 1002 5114 εἰς
1034 5054 1223 5115 τόπους
1252 5055 1407 5125 ἕτίρῳ
1436 5056 1699 5127 ἐπισκόπῳ
1729 5060 1860 5113 ύπο·

274 5146 550 5211 κειμένους,
574 5148 617 5197 εἰ
636 5150 705 5212 μὴ
730 5142 830 5218 ἄρα
853 5147 982 5214 μετὰ
1007 5148 1214 5218 γνώμης
1232 5151 1324 5201 τοῦ
1352 5149 1535 5201 οἰκείου
1564 5155 1655 5207 τῆς
1676 5152 1855 5223 χώρας

272 5232 571 5287 ﬂventia-00'
605 5236 649 5286 εί
675 5232 729 5287 δὲ
757 5235 1023 5307 τολμήσειέ
1052 5258 1129 5297 τις
1160 5244 1382 5303 τοιοῦτο,
1412 5235 1594 5311 ἄκυρον
1623 5235 1854 5300 εἶναιτὴν

272 5328 593 5399 χειροθεσίαν
610 5364 624 5387 .
655 5332 737 5382 καὶ
764 5329 915 5383 αὐτὸν
942 5332 1195 5399 ἐπιτιμίας
1223 5330 1324 5385 ύπὸ
1362 5340 1453 5401 τῇς
1481 5330 1698 5386 συνόδου
1732 5354 1857 5403 τυγ-

271 5422 464 5488 καίοιεν.

337 5512 417 5583 pg
430 5551 445 5562 .
475 5511 783 5567 ἐπίσκοπον
802 5518 872 5583 μή
901 5515 1080 5577 ἐξεῖναι
1100 5516 1210 5570 ἀντ’
1239 5518 1395 5571 αὐτοῦ
1423 5519 1669 5588 καθιστᾷν
1692 5519 1857 5592 ἕτερον

270 5610 450 5655 εαυτοῦ
471 5600 743 5671 διάδοχον,
766 5599 856 5657 κᾶν
874 5606 1006 5677 πρὸς
1029 5613 1091 5677 τῇ
1119 5606 1322 5681 τελευτῇ
1342 5614 1430 5661 τοῦ
1458 5609 1574 5679 βίου
1600 5611 1852 5683 τυγχάνη⁶

270 5697 311 5745 εί
328 5694 381 5748 δέ
409 5717 461 5749 τι
498 5705 729 5750 τοιοῦτον
748 5700 995 5769 γίγνοιτο,
1032 5697 1225 5775 ἄκυρον
1250 5697 1375 5755 εἶναι
1403 5707 1493 5760 τὴν
1522 5706 1853 5759 κατάστασιν

270 5785 609 5853 φνλάττεσθαι
624 5785 677 5840 δὲ
692 5789 774 5841 τὸν
784 5791 969 5859 θεσμὸν
983 5790 1070 5844 τὸν
1083 5791 1504 5857 ἐκκλησιαστικὸν,
1521 5795 1852 5867 περιέχοντα,

334 5900 354 5961 τ
395 5896 703 5967 Legendutn
733 5906 802 5973 μὴ
826 5904 1183 5973 μεθίστασθαι,
1206 5913 1265 5961 ut
1293 5914 1501 5962 constet
1524 5920 1731 5964 sensus.
1766 5906 1921 5962 EDtT.

1967 4719 2089 4758 nem
2116 4704 2181 4759 de
2205 4719 2268 4759 ea
2297 4721 2357 4760 rc
2382 4705 2610 4775 primum
2637 4707 2855 4762 editam.

2037 4793 2121 4849 Cl.
2152 4826 2223 4836 —
2247 4793 2335 4848 22.
2363 4793 2657 4865 Episcopus
2678 4812 2785 4851 non
2812 4797 2971 4853 adeat
2991 4800 3223 4855 alienam
3246 4804 3540 4872 civitatem,

1966 4899 2083 4954 quze
2112 4886 2161 4940 ei
2183 4885 2422 4955 subjecta
2446 4904 2553 4943 non
2577 4896 2678 4953 est,
2703 4904 2877 4960 neque
2904 4892 3177 4959 regionem
3193 4908 3311 4963 qua:
3331 4896 3399 4949 ad
3420 4912 3539 4952 eum

1965 4992 2072 5033 non
2100 4978 2350 5049 pertinet,
2395 4978 2464 5034 ad
2495 4980 2722 5050 alicujus
2748 4982 3161 5049 ordinationem,
3214 4999 3314 5039 nec
3341 4988 3543 5041 consti-

1966 5074 2079 5121 tuat
2105 5068 2469 5139 presbyteros,
2519 5078 2612 5124 aut
2637 5071 2895 5128 diaconos
2924 5070 3081 5128 alteri
3124 5074 3396 5142 subjectos
3422 5078 3540 5147 cpi-

1963 5173 2154 5229 scopo,
2184 5159 2286 5214 nisi
2316 5159 2455 5216 forte
2483 5176 2605 5216 cum
2630 5164 2898 5218 sententia
2919 5164 3122 5234 proprii
3144 5164 3283 5220 illius
3304 5167 3541 5235 regionis

1964 5249 2220 5320 episc0pi.
2251 5247 2309 5304 Si
2337 5250 2456 5317 quis
2482 5259 2662 5305 autem
2693 5252 2800 5307 tale
2827 5254 2955 5322 quid
2986 5270 3147 5310 ausus
3173 5254 3356 5321 fuerit,
3387 5259 3538 5315 irrita

1960 5340 2032 5395 sit
2054 5339 2172 5408 ejus
2201 5339 2492 5408 ordinatio,
2524 5349 2578 5395 et
2607 5341 2719 5411 ipse
2749 5357 2781 5395 a
2808 5343 3017 5413 synodo
3046 5357 3378 5403 coerceatur.

2033 5428 2139 5484 CII.
2169 5460 2242 5470 -—
2268 5430 2353 5483 25.
2388 5430 2653 5502 Episcopo
2683 5447 2790 5487 non
2822 5434 2984 5491 licere
3012 5436 3173 5493 alium
3203 5456 3300 5509 pro
3330 5456 3388 5497 se
3414 5458 3537 5497 suc-

1961 5537 2232 5578 cessorem
2261 5524 2608 5591 constituere,
2634 5524 2843 5581 etiamsi
2872 5527 2941 5582 sit
2964 5528 3015 5583 in
3040 5530 3144 5584 ﬁne
3164 5532 3305 5585 vitm.
3333 5532 3386 5587 Si
3408 5534 3536 5602 quid

1961 5625 2138 5667 autem
2172 5612 2277 5667 tale
2307 5612 2418 5679 iiat,
2446 5615 2650 5669 irritam
2694 5630 2814 5671 esse
2844 5616 3150 5688 hujusmodi
3194 5622 3535 5676 constitutio-

1960 5721 2103 5761 nem.
2133 5704 2387 5761 Servetur
2412 5716 2591 5761 autem
2617 5716 2875 5763 statutum
2918 5710 3360 5777 ecclesiasticum,
3386 5716 3535 5784 quod

1959 5796 2197 5852 continet
2226 5812 2335 5852 non
2364 5798 2520 5856 aliter
2547 5798 2665 5855 ﬁeri
2710 5809 2980 5869 oportere,
3023 5803 3125 5858 nisi
3178 5817 3300 5858 cum
3326 5806 3527 5870 synodo
