4040 6202
512 451 578 506 67
1775 449 1930 500 DlUN
1940 448 2033 501 l'Sl
2046 446 2083 501 U

2189 446 2321 502 EXIG
2333 447 2483 505 UUS.
3722 450 3789 505 C8

510 572 577 635 μὴ
599 563 699 621 δεῖν
715 562 872 625 ἄλλως
894 566 1113 637 γίνεσθαι
1136 562 1426 623 ἐπίσκοπον,
1451 558 1623 630 ἧμετά
1652 558 1867 614 συνόδου
1890 565 1973 615 καί
1991 563 2086 616 ἔπι·

2193 563 2465 630 ctjudicio
2494 561 2890 633 epismporum,
2924 567 3013 634 qui
3039 576 3157 636 post
3188 566 3393 622 obitum
3424 568 3774 637 quiescentis.

510 664 721 733 κρίσεως
749 657 1057 719 ἐπισκόπων,
1081 661 1178 710 τῶν
1217 655 1343 723 μετὰ
1369 657 1457 712 τὴν
1491 654 1724 722 κοίμησιν
1749 658 1841 708 τοῦ
1862 655 2094 708 άναπαυ-

474 738 475 741 Ἴ
509 751 729 819 σαμένου
754 754 844 805 τήν
870 748 1095 810 ἐξουσίαν
1119 745 1344 816 ἑχόντων
1366 750 1459 799 τοῦ
1480 738 1797 819 προάγεσθαι
1822 748 1907 799 τίν
1936 742 2088 809 ἄξιον.

580 839 677 912 ργ’.
708 841 780 893 Τά
810 846 900 897 τῆς
922 835 1204 899 ἐκκλησίας,
1233 843 1295 908 τῇ
1324 835 1560 909 ἐκκλησίᾳ
1588 835 1745 893 καλῶς
1775 832 1890 905 ἔχει
1910 836 2095 908 φυλάτο

514 932 685 986 τεσθαι
717 928 820 983 δεῖν
861 930 989 1000 μετά
1014 930 1184 987 πάσης
1206 927 1493 995 ἐπιμελείας
1526 928 1609 981 καί
1639 927 1830 999 ἀγαθῆς
1858 924 2093 984 συνειδή-

514 1039 645 1080 σεως
675 1023 755 1072 καί
778 1022 1003 1079 πίστεως
1041 1025 1131 1077 τῆς
1162 1018 1233 1077 εἰς
1258 1018 1340 1072 τόν
1369 1019 1569 1071 πάντων
1603 1014 1773 1091 ἔφορον
1802 1019 1881 1070 καί
1923 1022 2096 1089 κριτήν

507 1112 641 1165 Θεόν.
671 1110 730 1166 Ἃ
751 1114 835 1165 καί
860 1108 1147 1164 διοικεῖσθαι
1173 1111 1425 1182 προσήκει
1456 1108 1585 1176 μετά
1611 1109 1822 1180 κρίσεως
1852 1109 1936 1159 καὶ
1956 1108 2094 1169 ἔξου-

506 1202 623 1260 σίας
668 1208 756 1253 τοῦ
804 1200 1085 1253 ἐπισκόπου
1125 1206 1217 1252 τοῦ
1267 1197 1675 1265 πεπιστευμένου
1706 1194 2093 1267 [ἐπισταμένου]

506 1294 673 1345 πάντα
695 1293 776 1345 τόν
801 1292 941 1347 λαόν.
985 1292 1157 1349 καὶτὰς
1180 1287 1364 1359 ψυχὰς
1385 1295 1483 1342 τῶν
1505 1290 1872 1360 συναγομένων.
1905 1290 2096 1363 Φανερά

509 1380 560 1434 δέ
591 1378 712 1437 εἱαι
748 1386 811 1435 τά
854 1382 882 1435 δ
895 1402 1147 1453 ,αφεροντα
1182 1387 1244 1452 τῇ
1290 1378 1521 1448 ἐκκλησίᾳ
1560 1378 1688 1449 μετὰ
1719 1380 1956 1449 γνώσεως
1993 1385 2094 1432 τῶν

513 1476 629 1546 περὶ
655 1473 805 1525 αὐτόν
836 1470 1196 1546 πρεσϐυτέρων
1232 1471 1319 1521 καί
1348 1466 1601 1528 διακόνων,
1633 1467 1763 1519 ὥστε
1792 1466 2005 1524 τούτους
2021 1467 2096 1518 εί·-

511 1560 641 1616 δέναι
671 1567 752 1615 καί
773 1567 841 1635 μή
872 1565 1084 1632 ἀγνοεῖν,
1113 1553 1223 1615 τίνα
1249 1559 1369 1612 ποτὲ
1400 1560 1510 1612 ἐστι
1534 1564 1623 1617 τῆς
1648 1556 1929 1620 ἐκκλησίας,
1961 1557 2092 1609 ὥστε

510 1654 663 1722 μηδὲν
701 1657 882 1714 αὐτούς
930 1655 1203 1708 λανθάνειν
1243 1651 1303 1704 ἶν’
1334 1652 1377 1704 εἰ
1418 1649 1646 1721 συμϐαίη
1690 1649 1773 1703 τόν
1816 1650 2094 1703 ἐπίσκοπον

508 1745 858 1816 μεταλλάττειν
888 1748 970 1799 τόν
994 1746 1101 1815 βίον
1122 1785 1136 1808 ,
1165 1748 1388 1817 φανερῶν
1426 1737 1581 1795 ὄντων
1623 1743 1725 1795 τῶν
1759 1736 2093 1812 διαφερόντων

505 1846 567 1896 τῆ
599 1838 829 1911 έκγλησῖᾳ
858 1838 1195 1912 πραγμάτων,
1221 1839 1344 1904 μήτε
1366 1834 1496 1889 αὐτὰ
1517 1831 1805 1887 διαπίπτειν
1828 1833 1911 1885 καί
1937 1829 2091 1886 ἀπόλ-

2197 659 2523 722 potestatem
2553 652 2767 718 habent,
2819 670 2941 709 eum
2972 657 3061 726 qui
3089 657 3278 727 dignus
3305 659 3593 727 exstiterit,
3644 677 3763 731 pro-

2196 756 2435 797 “IOVCI‘C.

2267 833 2396 889 Clll.
2422 867 2491 877 -—
2510 834 2597 888 2-4.
2623 835 2788 891 Recte
2811 837 2990 903 habet,
3014 852 3076 893 ea
3098 853 3218 909 quae
3243 850 3366 897 sunt
3383 839 3654 910 Ecclesiae,
3679 841 3778 899 Ec-

2196 924 2370 981 clesia:
2390 927 2589 981 servari
2612 943 2733 983 cum
2755 931 2900 983 omni
2922 929 3217 998 diligentia,
3244 940 3299 986 ει
3326 932 3466 987 bona
3496 935 3768 990 conscien-

2198 1017 2290 1079 tia,
2323 1026 2377 1071 et
2407 1016 2511 1071 tide
2545 1032 2662 1087 qua:
2691 1020 2744 1073 in
2775 1018 2942 1074 Deum
2985 1028 3084 1085 est,
3132 1022 3222 1091 qui
3265 1024 3446 1077 omnia
3477 1024 3691 1095 inspicit
3718 1036 3773 1080 et

2192 1106 2395 1176 judicat
2420 1125 2571 1178 :qua:
2586 1110 2744 1164 etiam
2762 1110 3118 1167 administrari
3142 1115 3391 1168 convenit
3421 1131 3541 1170 cum
3564 1114 3772 1185 judicio

2196 1207 2251 1254 et
2281 1208 2546 1270 potestate
2575 1202 2830 1272 episcopi,
2863 1204 2948 1257 cui
2978 1204 3153 1259 omnis
3199 1206 3426 1275 populus
3455 1209 3772 1263 commissus

2196 1296 2295 1351 est,
2343 1298 2397 1342 et
2438 1290 2627 1343 animre
2656 1304 2839 1345 eorum
2871 1293 2961 1360 qui
3006 1294 3057 1346 in
3087 1293 3314 1348 ecclesia
3357 1305 3767 1365 congregantur.

2196 1376 2473 1434 Manifesta
2505 1396 2631 1434 vero
2657 1382 2785 1449 sint,
2807 1397 2927 1450 qua:
2947 1382 3014 1437 ad
3034 1382 3325 1439 Ecclesiam
3359 1387 3629 1455 pertinent
3646 1368 3796 1455 cum}

2197 1469 2386 1522 notitia
2411 1473 2843 1543 presbyterorum
2860 1483 2915 1529 et
2929 1476 3296 1541 diaconorum,
3318 1451 3409 1547 qui
3430 1477 3571 1534 circa
3596 1451 3793 1550 ipsum?

2194 1570 2339 1630 sunt,
2383 1572 2439 1617 ut
2468 1565 2565 1633 ipsi
2608 1581 2714 1620 non
2761 1567 3028 1635 ignorent,
3075 1584 3192 1638 quze
3218 1578 3343 1625 sunt
3370 1569 3644 1638 Ecclesim,
3671 1536 3793 1628 neel

2196 1668 2290 1707 eos
2315 1654 2511 1721 aliquid
2550 1656 2729 1710 lateat.
2768 1656 2836 1711 Ut
2876 1659 2919 1712 si
2948 1660 3235 1727 contigerit
3263 1662 3574 1731 episc0pum
3601 1676 3632 1716 e
3664 1663 3763 1716 vita

2196 1746 2448 1813 migrare,
2496 1747 2561 1802 iis
2609 1750 2903 1804 manifestis
2932 1751 3285 1806 existentibus
3330 1768 3448 1822 qua:
3488 1753 3553 1807 ad
3582 1752 3770 1809 Eccle—

2194 1836 2327 1890 siam
2351 1838 2638 1906 pertinent.
2668 1854 2730 1893 ea
2754 1856 2858 1895 non
2893 1841 3231 1907 intercidant,
3264 1850 3355 1896 aut
3381 1851 3603 1912 pereant
3631 1862 3643 1896 :
3671 1859 3769 1899 nec

510 1930 720 1992 λυσθαι.
753 1934 877 1998 μήτε
909 1931 972 1983 τά
1006 1926 1110 1982 τδια
1138 1933 1224 1982 τοῦ
1255 1925 1542 1981 ἐπισκόπου
1573 1922 1921 1993 ἐνοχλεῖσθαι,
1969 1942 2086 1997 προ-

2197 1940 2316 1994 quae
2340 1934 2465 1981 sunt
2492 1929 2704 1997 propria
2734 1927 2992 2000 episcopi,
3024 1939 3286 2000 prietextu
3315 1947 3492 1987 rerum
3522 1934 3769 1988 ecclesia-

505 2022 651 2093 φάσει
683 2029 780 2075 τῶν
811 2022 1234 2077 ἐκκλησιαστικῶν
1266 2016 1603 2090 πραγμάτων.
1641 2015 1832 2065 Δίκαιον
1867 2013 1971 2086 γὰρ
2005 2016 2087 2065 καί

504 2113 713 2186 ἀρεστόν
734 2112 875 2185 παρά
901 2132 953 2165 τε
975 2118 1046 2182 τῷ
1061 2117 1170 2178 Θεῷ
1196 2111 1279 2160 καὶ
1301 2107 1599 2180 ἀνθρώποις,
1616 2105 1680 2157 τά
1709 2100 1813 2156 ἴδια
1830 2108 1920 2156 τοῦ
1944 2104 2088 2156 ἐστισ-

505 2206 687 2267 κόπου,
715 2200 785 2265 οἷς
817 2198 873 2257 ἂν
899 2202 1047 2260 αὐτός
1077 2198 1345 2271 βούληται,
1386 2193 1867 2265 καταλιμπάνεσθαι⁶
1905 2193 1968 2247 τά
1996 2193 2086 2262 μέν

503 2315 580 2347 τοι
606 2302 696 2353 τῆς
726 2294 1019 2353 ἐκκλ..σίας,
1065 2292 1195 2365 αὐτῇ
1225 2287 1578 2359 φυλάττεσθαιδ
1612 2287 1694 2337 καί
1723 2287 1845 2356 μήτε
1890 2288 1979 2337 τίν
2010 2285 2090 2336 Ez-

502 2385 706 2441 γλησίιν
744 2384 1010 2452 ύπομὲνειν
1047 2379 1340 2451 [ὑπομεῖναί
1384 2372 1518 2444 τινα]
1562 2375 1780 2443 ζημίαν,
1834 2377 1959 2439 μήτε
2005 2373 2088 2427 τόν

503 2476 776 2525 ἐπί-έκεπον
805 2474 1056 2544 προφάσει
1083 2478 1175 2527 ταῖς
1208 2467 1469 2524 ἐκκλησίας
1495 2461 1822 2536 δημεύεσθαι,
1845 2462 1873 2520 ἦ
1904 2465 1989 2516 καί
2016 2463 2088 2523 είς

503 2563 779 2633 πράγματα
818 2561 1086 2628 ἐμπίπτειν
1131 2559 1252 2617 τούς
1293 2556 1430 2626 αύτῷ
1460 2551 1812 2628 διαφέροντας,
1844 2554 1972 2622 μετά
1999 2558 2086 2607 τοῦ

503 2654 579 2704 καί
604 2651 748 2706 αὐτόν
778 2650 909 2721 μετὰ
935 2651 1143 2703 θάνατον
1171 2643 1431 2719 δυσρημίᾳ
1460 2643 1871 2715 περιϐάλλεσθαι.

570 2739 666 2816 ρδ.
698 2743 997 2795 Ἐπίσκοπον
1039 2739 1179 2809 ἔχειν
1218 2746 1317 2793 τῶν
1354 2744 1441 2795 τῆς
1482 2736 1746 2794 ἐκκλησίας
1776 2736 2087 2810 πραγμάτων

502 2832 755 2895 ἑξουσίαν,
788 2832 855 2889 ὦς
882 2851 936 2883 τε
966 2827 1167 2883 διοικεῖν
1189 2831 1261 2886 εἰς
1282 2828 1477 2884 πάντας
1499 2826 1617 2884 τοὺς
1640 2821 1928 2891 δεομένους,
1961 2826 2089 2893 μετά

502 2922 675 2980 πάσης
700 2920 962 2978 εὐλαϐείας
1002 2921 1085 2972 καὶ
1111 2917 1266 2988 φόϐου
1298 2922 1446 2970 Θεοῦ·
1488 2914 1887 2985 μεταλαμϐάνειν
1924 2913 1977 2969 δὲ
2007 2919 2088 2968 καί

502 3012 650 3065 αὐτόν
676 3017 771 3065 τῶν
797 3007 1029 3075 δεόντων,
1062 3008 1161 3080 εἴγε
1191 3007 1373 3073 δέοιτο,
1407 3009 1475 3066 εἰς
1503 3008 1591 3066 τὰς
1623 3008 1903 3077 ἀναγκαίας
1928 3008 2083 3062 αὐτοῦ

502 3106 710 3177 χρείας,
751 3104 833 3157 γαί
858 3109 957 3157 τῶν
986 3098 1112 3176 παρ’
1147 3102 1290 3173 αὐτῷ,
1311 3097 1512 3172 [αὐτοῦ]
1535 3099 1919 3169 ἐπιξενουμένων
1939 3096 2086 3151 ἀδελ-

503 3202 633 3265 φῶν,
668 3196 735 3253 ὡς
759 3196 891 3247 κατὰ
919 3190 1103 3262 μηδένα
1131 3192 1318 3267 τρόπον
1355 3192 1537 3249 αύτούς
1586 3189 1929 3261 ύστερῆσϐαι,
1958 3190 2086 3243 κατά

500 3284 582 3334 τόν
603 3285 726 3335 θεῖον
744 3281 1023 3336 ἀπόστολον
1044 3282 1302 3351 λέγοντα,‹
1316 3276 1560 3347 Ἐχοντες
1576 3274 1847 3347 διατροφάς
1868 3280 1950 3329 καί
1968 3298 2086 3330 σκε-

500 3373 775 3441 πάσματα,
805 3372 1003 3432 τούτοις
1020 3370 1473 3447 ἀρκεσθησόμεθα.)
1501 3370 1560 3419 Εἰ
1586 3365 1640 3421 δέ
1669 3372 1737 3438 μὴ
1762 3365 1962 3426 τούτοις
1989 3370 2084 3443 ἁρ-

499 3475 635 3520 κιῖτο
650 3510 663 3533 ,
688 3466 991 3535 μεταϐάλλοι
1014 3463 1067 3518 δὲ
1101 3467 1166 3519 τά
1188 3466 1467 3541 πράγματα
1489 3463 1559 3522 είς
1583 3463 1774 3520 οίκικὰς
1795 3460 2085 3531 [οἰκειακάςι

498 3561 658 3614 αύτοῦ
686 3560 888 3633 χρείας,
920 3560 1005 3613 καί
1031 3559 1152 3616 τούς
1173 3557 1363 3632 πόρους
1386 3561 1477 3614 τῆς
1507 3552 1770 3612 ἐκκλησίας
1789 3552 1818 3612 ἣ
1844 3554 1962 3611 τούς
1985 3562 2084 3607 τῶν

497 3651 666 3723 ἀγρῶν
695 3651 938 3723 καρπούς,
962 3653 1031 3719 μὴ
1050 3648 1175 3719 μετὰ
1199 3649 1400 3719 γνώμης
1425 3651 1521 3700 τῶν
1544 3643 1909 3718 πρεσϐυτέρων
1933 3643 1963 3702 ἧ
1986 3650 2085 3698 τῶν

498 3736 737 3790 διακόνων
767 3738 1022 3811 χειρίζοι,
1050 3736 1159 3789 ἀλλ’
1179 3736 1374 3793 οἰκείοις
1408 3734 1570 3786 αὐτῶν
1598 3734 1684 3786 καί
1719 3734 2017 3804 συγγενέσιν
2054 3733 2083 3791 ἦ

498 3832 724 3903 ἀδελφοῖς
746 3831 776 3889 ἦ
798 3832 927 3889 υἱοῖς
952 3830 1278 3901 παράσχοιτο
1297 3832 1386 3886 τήν
1409 3828 1654 3890 ἐξουσίαν,
1683 3826 1753 3884 εἰς
1777 3826 1855 3888 τὸ,
1886 3822 1969 3879 διά
1986 3830 2084 3879 τῶν

498 3918 738 3974 τοιούτων
760 3919 1033 3978 λεληθότως
1066 3917 1383 3989 βλάπτεσθαι
1418 3918 1539 3976 τοὺς
1579 3914 1760 3986 λόγους
1790 3922 1881 3974 τῆς
1915 3914 2084 3972 ἐκκλη-

497 4015 637 4073 σίας,
666 4018 845 4066 τοῦτον
871 4013 1075 4070 εὐθύνας
1092 4012 1342 4086 παρέχειν
1369 4017 1429 4083 τῇ
1458 4007 1658 4080 συνόδῳ
1681 4018 1771 4069 τῆς
1801 4007 2083 4082 ἐπαρχίας.

497 4105 549 4154 Εἰ
580 4101 633 4155 δέ
660 4106 746 4155 καί
775 4099 934 4171 ἄλλως
963 4100 1277 4156 διαϐάλλοιτο
1314 4100 1339 4154 ό
1362 4104 1667 4163 ἐπίσκοπος,
1692 4102 1720 4165 ἢ
1751 4108 1798 4154 οῖ
1826 4104 1919 4153 σὺν

498 4191 874 4264 πρεσϐύτεροι,
923 4192 991 4249 ὡς
1030 4193 1096 4243 τά
1134 4197 1195 4262 τῇ
1236 4189 1475 4261 ἐκκλησίᾳ
1518 4187 1815 4262 διαφέροντα
1844 4227 1859 4251 ν
1888 4188 2003 4246 ἤτοι
2036 4191 2085 4252 ἐξ

494 4281 663 4352 ἀγρῶν
712 4281 739 4337 ἦ
778 4282 862 4332 καί
898 4280 948 4343 ἐξ
995 4279 1172 4352 ἐτέρας
1220 4278 1523 4351 προφάσεως
1562 4277 1976 4337 ἓκκλησιαστικῆς
2015 4282 2083 4338 εἷς

497 4369 710 4429 ἑαυτούς
741 4366 1093 4443 ἀποφερόμειηι
1113 4408 1128 4432 ,
1169 4370 1236 4427 ὡς
1271 4368 1525 4420 θλίϐεσθαι
1553 4369 1641 4439 μὲν
1668 4369 1789 4428 τούς
1825 4370 2045 4427 πένητας
2065 4406 2080 4433 ,

497 4457 730 4516 διαϐολὴν
761 4456 814 4512 δέ
851 4461 933 4512 καί
965 4456 1250 4529 δυσφημίαν
1283 4457 1690 4535 προστρίϐεσθαι
1720 4464 1793 4530 τῷ
1826 4478 1880 4512 τε
1914 4458 2043 4528 λόγῳ
2065 4503 2079 4525 ,

501 4552 713 4607 καὶτοῖς
749 4549 877 4603 οὕτω
924 4546 1225 4613 διοικοῦσιν,
1251 4552 1331 4603 καὶ
1370 4549 1583 4609 τούτους
1612 4546 1920 4624 διορθώσεως
1958 4570 2084 4622 τυγ-

502 4640 697 4709 χάνξιν,
718 4643 777 4694 τὸ
808 4642 996 4713 πρέπον
1025 4638 1394 4710 δοκιμαζούσης
1416 4646 1507 4701 τῆς
1535 4639 1680 4713 ἁγίας
1707 4638 1950 4694 συνόδου.

2193 2018 2447 2071 stiearnm
2495 2019 2796 2074 turbentur.
2843 2020 2935 2076 Est
2981 2022 3121 2077 enim
3160 2020 3364 2091 justum
3393 2032 3448 2078 et
3485 2033 3765 2095 acceptum

2190 2120 2373 2160 coram
2398 2103 2508 2162 Deo
2525 2116 2578 2163 et
2600 2108 2924 2176 hominibus,
2945 2118 3003 2165 ut
3020 2111 3422 2182 (Supprimenda
3450 2114 3764 2185 conjunctio)

2191 2208 2254 2250 ea
2277 2209 2395 2263 qua:
2416 2198 2629 2267 propria
2659 2206 2781 2252 sunt
2800 2199 3055 2270 episcopi,
3079 2200 3271 2269 quibus
3294 2201 3408 2270 ipse
3435 2203 3584 2266 velit,
3610 2203 3764 2258 relin-

2190 2284 2314 2351 qui;
2360 2299 2478 2353 ψει)
2506 2295 2684 2341 autem
2722 2298 2846 2343 sunt
2874 2287 3146 2356 Ecclesiae,
3178 2290 3278 2358 ipsi
3306 2290 3506 2344 servari
3533 2309 3545 2343 :
3577 2300 3636 2345 ut
3665 2305 3763 2346 nec

2190 2374 2425 2431 Ecclesia
2455 2377 2705 2433 damnum
2730 2380 2944 2448 aliquod
2962 2382 3216 2449 patiatur,
3243 2396 3342 2436 nec
3370 2383 3654 2452 episcopus
3675 2397 3764 2438 ec-

2189 2467 2365 2522 clesiae
2391 2477 2651 2538 pnetcxtu
2675 2471 3051 2540 proscribatur,
3068 2471 3149 2525 vel
3164 2471 3255 2541 qui
3276 2472 3346 2526 ad
3374 2486 3495 2526 eum
3512 2472 3758 2536 attinent,

2190 2560 2246 2614 in
2268 2573 2452 2615 causas
2474 2560 2725 2627 incidant,
2767 2576 2871 2632 quo
2896 2570 3013 2632 post
3042 2568 3268 2617 mortem
3291 2562 3404 2632 ipse
3430 2562 3762 2617 maledictio-

2190 2653 2345 2708 nibus
2388 2659 2659 2709 oneretur.

2257 2752 2387 2808 CIV.
2418 2753 2600 2809 —'25.
2643 2752 2933 2824 Episcopus
2958 2755 3151 2809 habeat
3174 2768 3353 2809 rerum
3382 2747 3632 2807 Ecclesiae
3662 2768 3759 2822 po-

2193 2850 2460 2907 testatem,
2507 2843 2572 2896 ad
2615 2844 3028 2913 dispensandum
3070 2844 3123 2898 in
3149 2859 3336 2898 omnes
3369 2851 3606 2912 egentes,
3638 2859 3758 2897 cum

2189 2945 2395 2985 summa
2425 2932 2723 2985 reverentia
2750 2939 2805 2985 et
2833 2931 3027 2985 timore
3052 2930 3166 2984 Dei.
3200 2930 3317 2999 Ipse
3348 2938 3525 2985 autem
3551 2945 3755 2993 eorum,

2188 3019 2379 3087 quibus
2404 3018 2607 3086 indiget
2637 3018 2722 3087 (si
2772 3026 2951 3073 tamen
2994 3015 3255 3089 indiget),
3286 3018 3356 3073 sit
3396 3016 3662 3088 particeps
3692 3017 3759 3071 ad

2189 3124 2316 3164 usus
2344 3109 2691 3173 necessarios,
2727 3115 2783 3161 et
2820 3104 3042 3173 fratrum
3069 3106 3161 3175 qui
3189 3104 3333 3175 apud
3363 3120 3484 3160 eum
3525 3104 3759 3173 hOSpitio

2186 3197 2544 3266 excipiuntur,
2575 3204 2634 3249 ut
2664 3194 2759 3264 ipsi
2793 3193 2936 3247 nullo
2967 3192 3128 3248 modo
3147 3193 3441 3262 priventur,
3469 3192 3759 3246 secundum

2188 3268 2426 3339 divinum
2465 3283 2777 3355 Apostolum
2806 3282 3071 3336 dicentem
3106 3299 3118 3332 ς
3155 3280 3419 3334 [labentes
3442 3281 3685 3334 alimenta
3713 3292 3761 3333 et
3797 3334 3802 3338 ,

2189 3374 2370 3445 quibus
2413 3383 2645 3444 tcgamur
2672 3372 2736 3427 iis
2778 3372 3002 3426 contenti
3053 3387 3227 3425 sumus
3266 3372 3285 3441 (
3316 3369 3345 3424 1
3372 3370 3502 3425 Tim.
3534 3387 3606 3435 vr,
3635 3370 3707 3439 8)
3744 3376 3755 3421 ξ

2188 3460 2332 3532 quod
2356 3462 2402 3516 si
2430 3468 2714 3516 contentus
2742 3459 2856 3514 istis
2875 3474 2981 3513 non
3008 3457 3185 3521 fuerit,
3218 3465 3271 3513 et
3299 3457 3351 3511 in
3379 3473 3506 3511 usus
3531 3472 3655 3512 suos
3675 3472 3761 3511 res

2188 3550 2432 3606 ecclesiae
2467 3554 2788 3617 convertat,
2835 3557 2889 3602 et
2930 3547 3072 3602 illius
3116 3547 3357 3612 reditus,
3388 3546 3759 3615 vel'agrormn

2186 3639 2413 3705 fructus,
2443 3638 2560 3694 sine
2588 3637 3023 3708 presbyterorum
3069 3634 3151 3689 vel
3180 3634 3528 3689 diaco’norum
3556 3642 3761 3688 sentem

2191 3730 2259 3782 tia
2294 3735 2608 3798 pertractet,
2648 3718 2740 3781 sed
2786 3724 3096 3779 domesticis
3123 3730 3176 3777 et
3204 3722 3446 3792 cognatis
3472 3722 3558 3777 vel
3583 3721 3759 3775 fratri-

2187 3819 2305 3885 bus,
2336 3812 2573 3873 vel‘filiis
2601 3822 2921 3886 potestatem
2951 3812 3242 3879 concedat;
3274 3820 3332 3867 ιιι
3358 3813 3462 3868 hoc
3490 3812 3653 3868 modo
3668 3827 3758 3868 ra-

2186 3912 2360 3966 tiones
2384 3907 2636 3965 Ecclesia:
2666 3907 2829 3961 tacite
2856 3904 3235 3959 detrimentum
3259 3904 3494 3973 capiant,
3529 3904 3644 3973 ipse
3668 3919 3758 3976 sy-

2188 4002 2333 4057 nodo
2370 4001 2659 4072 provinciae
2688 3995 3167 4053 adminiStrationis
3190 3996 3425 4051 rationes
3468 3995 3676 4051 reddat.
3704 3995 3759 4051 Si

2186 4102 2369 4150 autem
2397 4102 2454 4149 et
2494 4093 2653 4147 aliter
2681 4090 3017 4146 insimuletur
3052 4088 3358 4157 episcopus,
3387 4087 3472 4142 vel
3520 4086 3611 4155 qui
3639 4095 3763 4141 sunt

2184 4202 2305 4242 cum
2332 4200 2399 4240 eo
2426 4182 2744 4253 presbyteri,
2777 4194 2845 4237 ea
2879 4193 2999 4250 qua:
3044 4177 3113 4233 ad
3146 4176 3428 4234 ecclesiam
3471 4175 3757 4245 pertinent.

2184 4274 2271 4329 vel
2294 4288 2361 4328 ex
2388 4272 2529 4341 agris
2541 4272 2627 4324 vel
2649 4285 2716 4324 ex
2745 4282 3063 4340 quacunque
3086 4267 3191 4322 alia
3210 4282 3369 4323 causa
3398 4265 3761 4321 ecclesiastica

2184 4361 2252 4417 ad
2274 4362 2481 4429 seipsos
2506 4357 2731 4423 referre,
2762 4365 2821 4412 ut
2864 4370 3127 4427 pauperes
3169 4356 3562 4426 opprimantur,
3592 4360 3647 4407 et
3674 4367 3761 4406 ra-

2185 4450 2317 4504 tioni
2346 4446 2607 4511 ecclesiaa,
2636 4446 2702 4501 iis
2723 4445 3002 4515 quequisic
3027 4444 3422 4508 administrant,
3455 4440 3762 4498 criminatio

2184 4552 2241 4597 et
2266 4516 2481 4595 infamia
2508 4539 2769 4593 inuratur.
2787 4536 2853 4591 Hi
2874 4536 3033 4591 etiam
3047 4535 3435 4592 correctionem
3462 4546 3757 4600 assequam-

2145 4653 2148 4655 λ
2186 4647 2293 4703 tur,
2326 4641 2509 4690 sancta
2538 4630 2747 4703 synodo
2774 4630 2825 4684 id
2850 4628 2994 4698 quod
3024 4628 3196 4693 decet,
3228 4626 3585 4683 examinante.

508 4747 3217 4777 _____________________________________________..

1472 4864 2022 4995 CONCILII
2101 4856 2787 4964 LAODICENI

1561 5030 1924 5097 CANONES
1968 5029 2113 5091 th
2159 5028 2306 5107 (An.
2337 5026 2486 5090 Chr.
2540 5020 2680 5103 εδει)

1996 5171 2258 5190 ﬂ

576 5281 630 5337 ρε
649 5300 661 5313 .
688 5265 804 5336 Περί
823 5270 912 5319 τοῦ
934 5261 1042 5318 δεῖν
1067 5262 1201 5317 κατά
1221 5262 1303 5316 τόν
1322 5259 1726 5318 ἐκκλησιαστικὸν
1751 5258 1950 5325 κανόνα,
1967 5260 2083 5318 rut);

2257 5253 2368 5308 CV.
2396 5284 2466 5295 --
2498 5250 2545 5304 l.
2585 5248 2740 5317 Quod
2759 5256 2992 5319 oportet,
3021 5246 3311 5304 secundum
3340 5243 3762 5301 ecclesiasticum

502 5353 770 5428 ἐλευθέρως
814 5358 896 5408 καί
933 5357 1153 5425 νομίμως
1188 5353 1532 5423 συναφθέντας
1573 5349 1827 5428 δευτέροις
1868 5350 2082 5423 γάμοις,

500 5456 570 5519 μὴ
594 5451 929 5523 λαθρογαμίαν
952 5455 1284 5518 ποιήσαντας,
1311 5450 1478 5520 ὀλίγου
1506 5448 1697 5521 χρόνου
1726 5445 2082 5521 παρελθόντος,

499 5545 583 5597 καί
611 5542 981 5610 σχολασάντων
1019 5548 1137 5601 ταῖς
1173 5548 1500 5616 προσευχαῖς
1543 5542 1626 5593 καί
1664 5541 1916 5599 νηστείαις
1956 5540 2083 5592 κατά

501 5636 802 5705 συγγνώμην
833 5630 1157 5687 ἀποδίδοσθαι
1183 5634 1348 5693 αὐτοῖς
1380 5637 1468 5691 τήν
1496 5632 1741 5687 κοινωνίαν
1781 5631 2055 5705 ὧρίσαμεν.

570 5804 670 5881 ρξ’.
688 5806 805 5880 Περὶ
829 5812 943 5872 τοῦ,
956 5806 1075 5863 τούς
1101 5805 1536 5875 ίξαμαρτὰνοντας
1558 5804 1607 5855 ἐν
1624 5801 1873 5876 διαφόροις
1894 5801 2080 5855 πταίσ-

502 5910 685 5965 tamen.
709 5899 791 5953 καί
819 5899 1328 5961 προσκαρτεροῦντας
1364 5901 1423 5952 τῆ
1460 5900 1739 5962 προσευχῆ
1778 5901 1867 5950 τῆς
1906 5888 2082 5955 ἐξομο-

2186 5356 2472 5407 canonem,
2522 5354 2620 5395 eos
2665 5339 2757 5407 qui
2807 5338 2977 5393 libere
3022 5344 3078 5393 et
3118 5337 3357 5405 legitime
3382 5335 3519 5391 binis
3564 5333 3765 5404 nuptiis

2181 5432 2349 5502 juncti
2375 5439 2520 5498 sunt,
2552 5443 2725 5497 neque
2762 5426 3157 5483 clandestinum
3181 5423 3578 5480 matrimonium
3626 5423 3763 5476 inie-

2185 5532 2329 5587 runt,
2361 5521 2560 5590 exiguo
2587 5528 2830 5589 tempore
2853 5518 3057 5587 elapso,
3103 5524 3386 5587 postquam
3428 5511 3679 5583 precibus
3709 5524 3767 5565 et

2183 5612 2401 5683 jejuniis
2420 5610 2749 5675 vacaverint,
2774 5609 3068 5665 secundum
3114 5606 3494 5675 indulgentiam
3522 5617 3765 5659 commu-

2189 5704 2403 5761 nionem
2431 5701 2560 5773 ipsis
2589 5700 2734 5757 reddi
2762 5700 3059 5755 deﬁnimus.
3326 5732 3329 5735 λ

2254 5791 2387 5848 ενι.
2418 5819 2489 5831 -
2515 5791 2567 5845 ‘2.
2611 5784 3023 5860 Quod'oportet,
3054 5802 3149 5843 eos
3186 5786 3276 5855 qni
3305 5784 3531 5841 diversis
3555 5781 3763 5839 delictis

2185 5888 2568 5956 peccaverunt,
2597 5887 2651 5935 et
2682 5880 2735 5933 in
2760 5880 2999 5934 oratione
3038 5872 3389 5930 confessionis
3416 5879 3471 5927 et
3495 5875 3757 5943 paeniten-
