4040 6202
264 437 342 491 69
1212 430 1433 487 CODEX
1470 430 1795 487 CANONUM
1844 430 2211 487 ITNIV'ERSAZ
2254 436 2623 491 ECCLESIAZ.
3484 440 3550 491 70

264 552 531 620 ὶρρὸσΞως
546 550 623 600 καί
652 545 943 615 μετανοίας,
977 548 1059 599 καί
1087 550 1174 603 τήν
1212 547 1532 617 ἀποστροφήν
1571 554 1669 599 τῶν
1698 554 1863 600 κακῶν

1986 549 2052 601 ire
2088 559 2457 617 perseverant,
2508 542 2798 619 perfectam
2847 565 2875 604 a
2925 553 3078 607 malis
3108 555 3218 607 suis
3246 556 3556 609 conversio-

267 643 464 695 τελείαν
490 642 839 707 ποιουμένους,
865 639 993 692 κατὰ
1016 644 1104 697 τήν
1125 640 1389 711 ἀναλογίαν
1408 646 1495 693 τοῦ
1516 642 1864 711 πταίσματος,

270 739 451 804 καιροῦ
472 736 741 800 μετανοίας
764 728 990 789 δοθέντος
1011 737 1116 787 τοῖς
1137 732 1399 793 τοιούτοις,
1427 729 1510 783 διὰ
1536 732 1657 789 τοὺς
1686 734 1867 804 οἰκτιρ-

270 826 400 890 μοὺς
430 824 511 874 καί
537 826 627 880 τήν
667 819 957 893 ἀγαθότητα
990 823 1081 874 τοῦ
1113 826 1241 874 Θεοῦ
1276 818 1627 894 προσάγεσθαι
1663 828 1724 889 τῇ
1767 841 1868 874 κοι-

271 918 447 987 νωνίᾳ.

340 1004 444 1079 ρξ’.
476 1008 592 1080 Περὶ
620 1010 732 1068 τοῦ,
755 1010 824 1074 μὴ
846 1002 945 1058 δεῖν
972 1004 1262 1079 πρόσφατον
1290 1000 1644 1077 [προσφάτως]
1675 1023 1857 1073 φωτισ-

274 1096 473 1157 θέντας,
499 1096 848 1166 προσάγεσθαι
870 1095 919 1145 έν
938 1095 1160 1165 τάγματι
1189 1093 1443 1167 ἱερατικῷ.

343 1204 450 1275 ρη’.
468 1208 595 1279 Ἠερί
623 1212 738 1271 τοῦ,
764 1210 831 1277 μὴ
858 1203 957 1258 δεῖν
984 1205 1265 1279 ίερατικοὺς
1303 1203 1542 1269 δανείζειν
1574 1208 1659 1260 καί
1687 1205 1870 1268 τόκους

276 1298 355 1348 καὶ
388 1298 483 1356 τὰς
512 1298 775 1367 ὶδγομένας
802 1297 1025 1366 ἡμιολίας
1046 1297 1331 1368 λαμϐάνειν.

344 1404 436 1478 pg.
466 1410 585 1478 Περὶ
616 1414 729 1470 τοῦ,
761 1410 829 1475 μή
866 1405 971 1461 δεῖν
1011 1410 1105 1467 τὰς
1134 1408 1455 1479 χειροτονίας
1500 1407 1581 1462 ἐπὶ
1606 1410 1869 1482 παρουσίᾳ

274 1498 609 1572 ἀκροωμένων
629 1500 875 1569 γίνεσθαι.

343 1607 428 1682 ρι’.
466 1612 585 1683 Περὶ
624 1616 745 1673 τοῦ,
778 1615 845 1678 μή
876 1619 1175 1685 συγχωρεῖν
1212 1618 1319 1672 τοῖς
1352 1611 1627 1685 αἷρετικοῖς
1668 1612 1870 1666 εἰσιέναι

278 1702 347 1758 είς
375 1702 460 1754 τὸν
487 1698 618 1756 οἷκον
642 1710 729 1755 τοῦ
762 1708 911 1766 Θεοῦ,
940 1704 1261 1771 ἐπιμένοντας
1290 1712 1349 1776 τῇ
1379 1703 1588 1776 αἱρέσει.

346 1873 468 1948 pta.
516 1878 635 1947 Περὶ
676 1882 802 1940 τοῦ,
836 1877 954 1934 τοὺς
1005 1877 1059 1928 ἐκ
1104 1883 1201 1930 τῶν
1239 1876 1499 1949 αἱρέσεων,
1545 1879 1677 1933 τοῦτ’
1706 1877 1863 1941 ἔστιν,

280 1970 622 2027 Νουατιανῶν,
653 1964 759 2020 ἦτοι
803 1973 1132 2020 Φωτεινιανῶν
1174 1965 1203 2025 ἧ
1239 1966 1871 2040 Τεσσαρεσκαιδεκατιτῶν

281 2054 769 2127 ίπιστρεῑνομένους,
805 2055 890 2112 ἦτε
938 2058 1149 2115 πιστοὺς
1190 2058 1311 2117 τοὺς
1358 2059 1478 2135 παρ’
1523 2060 1759 2121 ἐκείνοις,
1800 2065 1871 2127 μή

280 2145 691 2220 προσδέχεσθαι,
721 2152 839 2219 πρὶν
868 2150 1275 2219 ἁναθεματίσωσι
1300 2156 1471 2206 πᾶσαν
1493 2153 1707 2225 αἵρεσιν,
1736 2150 1870 2213 ἔξαι-

281 2242 438 2311 ρέτως
474 2239 529 2293 δέ
564 2243 615 2294 ἐν
648 2238 1017 2313 ᾖκατείχοντο⁶
1058 2245 1141 2294 καί
1167 2242 1278 2297 τότε
1307 2242 1474 2296 λοιπὸν
1513 2246 1630 2303 τοὺς
1667 2244 1872 2313 λεγομέ-

282 2350 397 2388 νους
417 2328 543 2403 παρ’
571 2332 743 2390 αὐτοῖς
765 2333 1000 2392 πιστοὺς,
1029 2332 1425 2399 ἐκμανθάνοντας
1448 2334 1511 2385 τὰ
1533 2340 1622 2393 τῆς
1650 2335 1872 2393 πίστεως

283 2419 544 2489 σύμϐολα,
580 2420 885 2493 χρισθέντας
915 2440 967 2474 τε
998 2428 1069 2489 τῷ
1109 2420 1234 2489 ἁγίῳ
1268 2424 1557 2493 χρίσματι,
1605 2421 1738 2476 οὕτω
1768 2443 1872 2474 κοι-

285 2518 453 2563 δωνεῖν
480 2520 551 2579 τῷ
580 2514 851 2581 μυστηρίῳ
872 2517 945 2581 τῷ
975 2509 1122 2581 ἁγίῳ.

351 2621 473 2696 ριϐ.
507 2626 626 2694 Περὶ
664 2628 757 2676 τοῦ
777 2662 792 2684 ,
824 2624 941 2682 τοὺς
970 2623 1069 2675 ἀπὸ
1097 2619 1164 2691 [οἵ
1190 2624 1524 2692 μοντανισταί
1550 2623 1595 2676 οἷ
1624 2619 1750 2691 ἀπὸ]
1775 2631 1873 2681 τῆς

282 2715 529 2785 ατρέσεως
564 2720 667 2766 τῶν
702 2713 975 2784 λεγομένων
1020 2719 1221 2785 Φρυγῶν
1271 2713 1660 2783 έπ.στρές.οντας
1710 2711 1871 2783 [ἐπι-

286 2800 693 2875 ττρέφοντες],εί
718 2804 798 2855 καὶ
827 2804 875 2855 ἐν
904 2802 1066 2877 κλήρῳ
1088 2804 1389 2872 νομιζομένῳ
1410 2802 1529 2877 παρ’
1549 2803 1721 2861 αὐτοῖς
1748 2823 1873 2875 τυγ-

290 2898 491 2964 χάνοιεν
539 2890 924 2964 [τυγχάνουσι],
972 2897 1017 2946 εἰ
1071 2896 1149 2946 καί
1191 2894 1421 2965 μέγιστοι
1456 2894 1709 2964 λέγοιντο,
1755 2895 1873 2951 τοὺς

289 2985 545 3041 τοιούτους
578 2985 709 3053 μετὰ
752 2984 919 3042 πάσης
963 2983 1246 3051 ἐπιμελείας
1296 2984 1645 3052 κατηχεῖσθαί
1682 3002 1737 3037 τε
1790 2984 1876 3035 καί

291 3076 629 3138 εαπτίζεσθαι
666 3075 767 3127 ὑπὸ
805 3078 905 3127 τῶν
943 3080 1034 3132 τῆς
1064 3070 1327 3132 ἐκκλησίας
1369 3072 1662 3127 ἐπισκόπων
1706 3092 1759 3126 τε
1793 3074 1873 3125 καί

293 3164 675 3240 τρεσϐυτέρων.

362 3257 480 3331 ριγζ
512 3261 629 3332 Περὶ
650 3265 773 3315 τοῦ,
805 3260 875 3325 μὴ
906 3263 1205 3330 συγχωρεῖν
1228 3258 1297 3315 εἰς
1331 3259 1399 3310 τὰ
1427 3256 1771 3331 κοιμητηριαῆ
1803 3257 1873 3315 εἷς

295 3351 356 3401 τὰ
392 3349 636 3419 λεγόμενα
664 3347 923 3421 μαρτύρια
977 3347 1178 3401 πάντων
1224 3353 1323 3400 τῶν
1364 3346 1626 3416 αἶρετικῶν
1676 3346 1876 3399 ἀπιέναι

294 3444 412 3499 τοὺς
439 3448 532 3499 τῆς
560 3440 850 3503 ἐκκλησίας,
881 3439 1041 3508 εὐχῆς
1070 3438 1098 3497 ἢ
1131 3440 1395 3511 θεραπείας
1423 3439 1585 3492 ἶνεκοι’
1614 3438 1737 3491 ἀλλὰ
1759 3440 1877 3497 τοὺς

296 3533 575 3589 τοιούτους,
620 3532 702 3583 ἐὰν
734 3526 831 3583 ὦσι
856 3531 1053 3593 πιστοί,
1074 3529 1433 3587 ἁκοινωνήτους
1470 3528 1691 3595 γίνεσθαι
1718 3528 1879 3600 μέχρι

296 3623 430 3681 τινὸς
450 3637 463 3650 ·
500 3627 871 3691 μετανοοῦντας
899 3619 951 3675 δὲ
982 3623 1065 3674 καί
1090 3619 1567 3691 ἔξομολογουμίνους
1606 3618 1821 3673 ἔσωάλθα
1862 3655 1878 3682 ,

296 3710 709 3782 παραδέχεσθαι.
876 3714 877 3717 “

368 3821 484 3901 ριδ.
516 3826 630 3895 Περί
657 3828 748 3876 τοῦ
766 3861 780 3885 ,
810 3826 878 3891 μὴ
906 3819 1004 3875 δεῖν
1033 3822 1153 3879 τους
1182 3828 1273 3879 τῆς
1304 3819 1567 3877 ἐκκλησίας
1597 3815 1880 3891 ἀδιαφόρως

298 3916 425 3988 πρὸς
454 3916 616 3985 γάμου
642 3913 895 3967 κοινωνίαν
922 3911 1196 3965 συνάπτειν
1225 3912 1288 3963 τὰ
1314 3909 1504 3963 ἑαυτῶν
1532 3907 1711 3963 παιδία
1739 3911 1878 3983 αἶρε-

297 4014 485 4064 huic.

367 4098 477 4169 με’.
502 4100 618 4170 Περὶ
639 4101 753 4158 τοῦ,
777 4098 845 4157 μή
869 4092 969 4148 δεῖν
992 4095 1085 4151 τὰς
1112 4092 1382 4163 λεγομένας
1402 4088 1749 4164 πρεσϐύτιδας
1770 4088 1883 4146 ἦτοι

297 4188 706 4264 προκαθημένας,
738 4186 787 4238 ἓν
814 4185 1053 4257 ἐκκλησία
1081 4183 1440 4237 καθίστασθαι.

371 4276 501 4351 ρις-’.
524 4280 636 4350 Περὶ
658 4281 767 4339 τοῦ,
801 4278 920 4333 τοὺς
955 4275 1263 4331 ἐπισκόπους
1289 4294 1331 4347 κιν
1350 4273 1451 4327 ίσει
1479 4278 1578 4326 τῶν
1622 4289 1883 4343 μητροπο-

296 4369 449 4421 λιτῶν
482 4369 561 4419 καὶ
592 4372 688 4419 τῶν
720 4366 864 4437 πίίιξ
899 4365 1186 4417 ἐπισκόπων
1227 4362 1557 4416 καθίστασθαι
1593 4363 1663 4420 εἰς
1688 4365 1777 4418 τὴν
1806 4362 1884 4413 ὲκ-

298 4460 662 4515 κλησιαστικήν
691 4459 881 4529 ἀρχὴν,
913 4452 1059 4514 ὄντας
1090 4456 1142 4507 ἐκ
1173 4453 1358 4507 πολλοῦ
1398 4450 1879 4523 δεδοκιμασμένους,

301 4547 358 4600 ἕν
378 4568 431 4601 τε
452 4555 526 4615 τῷ
552 4548 684 4618 λόγῳ
719 4554 809 4605 τῆς
829 4547 1073 4611 πίστεως,
1098 4546 1181 4597 καί
1203 4551 1262 4616 τῇ
1290 4550 1378 4597 τοῦ
1410 4544 1593 4601 εὐθέως
1622 4542 1772 4613 λόγου
1798 4562 1886 4595 πο-

298 4637 480 4709 λιτείᾳ.
1611 4627 1617 4635 ⁸

367 4727 483 4799 ριζ.
522 4729 641 4799 Περὶ
669 4731 781 4787 τοῦ,
808 4728 877 4795 μὴ
902 4731 1007 4784 τοῖς
1031 4720 1207 4793 ὄχλοις
1233 4723 1519 4798 ίπιτρέπειν
1548 4725 1640 4782 τὰς
1672 4724 1877 4795 ἐκλογὰς

304 4821 551 4873 ποιεῖσθαι
578 4824 681 4871 τῶν
702 4816 977 4885 μελλόντων
1005 4815 1339 4869 καθίστασθαι
1365 4817 1437 4873 εἰς
1466 4814 1725 4887 ίερατεῑον.

370 4994 489 5067 ριγί.
526 4998 645 5068 Περὶ
672 5001 786 5057 τοῦ,
817 4998 885 5062 μὴ
912 4995 977 5048 τὰ
1019 4992 1141 5065 ἅγια
1181 4992 1251 5050 είς
1298 4990 1439 5062 λόγον
1485 4989 1713 5059 εὐλογιῶν
1751 4991 1881 5044 κατά

296 5091 392 5145 τήν
415 5086 592 5157 εορτὴν
612 5092 710 5143 τοῦ
726 5086 940 5155 πάσχα,
979 5086 1052 5141 εἰς
1084 5083 1259 5155 ἐτέρας
1298 5081 1565 5155 παροικίας
1595 5076 1880 5149 διαπέμπεο

296 5181 441 5234 σθαι.

371 5267 484 5343 μεθ’.
527 5271 646 5343 Περί
672 5273 784 5331 τοῦ,
813 5272 883 5339 μή
926 5264 1027 5322 δεῖν
1064 5266 1212 5321 πλέον
1248 5272 1350 5321 τῶν
1396 5264 1654 5318 κανονικῶν
1682 5260 1883 5332 ψαλτῶν

288 5366 399 5414 τᾶν
445 5362 533 5413 ini
569 5358 659 5414 τὸν
695 5356 912 5429 ἄμϐωνας
955 5356 1337 5419 ἀναϐαινόντων,
1388 5357 1472 5410 καὶ
1510 5354 1612 5408 διπό
1656 5352 1882 5425 διφθέρας

288 5449 606 5523 φαλλὸν-των,
637 5450 840 5524 ἐτέρους
864 5450 1000 5509 τινας
1023 5448 1223 5519 ψάλλειν
1255 5448 1303 5499 ἐν
1327 5446 1585 5518 ἐκκλησία.

362 5542 466 5618 ρκ’.
505 5544 623 5616 Περί
665 5547 751 5597 τοῦ
781 5582 796 5606 ,
845 5544 893 5596 t'v
938 5544 1183 5613 σαϐϐάτῳ
1231 5540 1495 5614 εὐαγγέλια
1542 5538 1649 5609 μεθ’
1694 5538 1874 5615 ἑτέρων

286 5646 493 5705 γραφῶν
520 5635 965 5705 ἀναγινώσκεσθαι.

362 5722 473 5787 ρκοέ
540 5727 658 5795 Περὶ
682 5728 793 5786 τοῦ,
823 5729 891 5794 μή
926 5722 1027 5777 δεῖν
1045 5721 1440 5785 -ίπισυνᾶπτειν,
1472 5722 1523 5775 ἓν
1563 5727 1678 5781 ταῖς
1718 5721 1876 5773 συνά-

281 5813 393 5873 ξεσι
419 5818 549 5873 τοὺς
577 5813 832 5883 ψαλμοὺς,
859 5814 982 5869 ἀλ)νά
1015 5812 1095 5868 διὰ
1119 5815 1277 5885 μέσον
1318 5809 1424 5867 καθ’
1443 5811 1654 5867 ἕκαστον
1681 5809 1876 5882 ψαλμὸν

283 5929 335 5967 γε
345 5907 516 5961 ιεσθαε
546 5905 847 5969 ἀνὰοινωσιν.

1971 654 2093 691 nem
2140 640 2591 707 demonstrantes,
2644 658 2739 711 pro
2787 643 3046 713 qualitate
3085 645 3267 699 delicti
3312 657 3557 715 tempore

1968 730 2296 798 pmuitcntim
2336 734 2412 786 eis
2442 733 2589 797 dato,
2618 741 2836 802 propter
2866 736 3286 789 misericordiam
3317 745 3370 789 et
3401 738 3555 791 boni-

1970 828 2132 873 tatem
2163 820 2278 884 Dei,
2315 824 2744 877 comnnmionem
2772 825 3013 879 concedi.

2041 987 2191 1043 CVII.
2226 1019 2295 1027 -
2316 991 2367 1043 5.
2402 990 2552 1057 Quod
2583 1007 2688 1045 non
2718 1002 2930 1061 oportet
2959 1008 3073 1057 eos,
3103 996 3190 1063 qui
3223 1010 3410 1052 recens
3430 1005 3557 1051 sunt

1971 1081 2249 1151 baptizati,
2284 1084 2333 1136 in
2356 1084 2598 1137 ordinem
2624 1083 3018 1139 sacerdotalem
3050 1088 3372 1154 promoveri.

2040 1194 2217 1249 CVIII.
2248 1226 2317 1235 ——
2344 1194 2396 1246 II.
2440 1193 2592 1260 Quod
2634 1210 2739 1248 non
2780 1204 2998 1264 Oportet
3043 1198 3354 1253 sacerdotes
3408 1199 3555 1254 fene-

1971 1285 2099 1349 rari,
2131 1294 2185 1338 et
2208 1301 2397 1339 usuras
2424 1300 2542 1353 quae
2569 1285 2875 1341 centesima:
2905 1286 3174 1349 dicuntur,
3217 1291 3482 1359 accipere.

2039 1395 2173 1450 CIX.
2206 1426 2275 1434 —
2394 1396 2549 1463 Quod
2590 1412 2700 1452 non
2745 1406 2960 1468 oportet
3000 1399 3292 1455 electiones
3343 1402 3455 1455 ﬁeri
3502 1403 3555 1457 in

1969 1492 2251 1559 prmsentia
2281 1490 2627 1545 audientium.
2677 1548 2684 1554 _

2043 1599 2150 1655 CX.
2183 1634 2253 1642 —
2274 1600 2326 1655 6.
2366 1601 2518 1668 Quod
2549 1618 2653 1657 non
2686 1611 2903 1671 oportet
2931 1603 3195 1659 hzcreticis
3232 1605 3553 1669 concedere,

1972 1703 2030 1747 ut
2080 1694 2132 1747 in
2181 1693 2397 1747 domum
2445 1694 2540 1749 Dei
2586 1694 2973 1762 ingrediantur,
3004 1696 3049 1751 si
3093 1696 3145 1750 in
3193 1696 3384 1751 haeresi
3430 1713 3555 1766 per-

1972 1792 2241 1839 maneant.

2041 1874 2175 1929 CXI.
2199 1909 2269 1917 -ο
2298 1876 2347 1931 7.
2388 1875 2543 1942 Quod
2574 1892 2680 1930 non
2720 1885 2935 1945 oportet
2982 1893 3076 1931 eos
3104 1878 3192 1947 qui
3240 1894 3306 1933 ex
3339 1879 3555 1933 Iueresi-

1972 1967 2090 2029 bus,
2123 1967 2227 2022 hoc
2256 1976 2337 2022 est
2365 1982 2395 2020 a
2426 1969 2754 2030 Novatianis,
2779 1977 2869 2021 aut
2892 1969 3241 2031 Photinianis,
3274 1978 3365 2023 aut
3385 1970 3555 2036 Quar-

1973 2056 2344 2121 tadecimanis,
2375 2065 2786 2123 convertuntur,
2812 2060 2922 2111 sive
2950 2059 3040 2127 qui
3064 2059 3203 2128 apud
3235 2060 3353 2112 illos
3375 2058 3557 2116 ﬁdeles

1974 2148 2244 2213 dicuntur,
2270 2148 2500 2211 admitti,
2534 2148 2844 2217 priusquam
2884 2165 3097 2202 onmem
3148 2152 3389 2203 Ineresim
3421 2166 3553 2204 ana-

1974 2236 2458 2301 thematizaverint,
2491 2237 2757 2306 prrecipue
2786 2253 2913 2291 vero
2942 2253 3058 2290 eam
3100 2238 3151 2291 in
3200 2254 3304 2307 qua
3350 2240 3557 2293 deline-

1973 2328 2167 2381 bantur
2200 2345 2211 2379 :
2242 2334 2295 2380 et
2326 2336 2452 2381 tunc
2498 2327 2771 2395 deinceps,
2815 2328 2919 2395 qui
2956 2326 3099 2397 apud
3137 2342 3232 2381 eos
3260 2327 3443 2383 ﬁdeles
3470 2329 3555 2381 di-

1973 2424 2185 2483 cuntur,
2233 2414 2354 2469 ﬁdei
2401 2416 2640 2486 symbola
2690 2415 2980 2482 discentes,
3032 2423 3085 2469 et
3134 2425 3323 2472 unctos
3369 2426 3555 2471 sancto

1976 2508 2280 2573 chrismate,
2313 2508 2391 2564 sic
2418 2518 2606 2563 sancto
2636 2507 2892 2578 mysterio
2922 2509 3337 2563 communicare.

2044 2617 2197 2673 CXII.
2230 2650 2301 2658 —-
2324 2617 2379 2673 8.
2419 2618 2569 2685 Quod
2594 2627 2807 2689 oportet
2849 2635 2965 2686 eos,
2992 2620 3083 2688 qui
3120 2621 3187 2673 ab
3229 2636 3416 2675 eorum
3444 2620 3557 2675 hzc-

1974 2710 2077 2764 resi
2108 2709 2196 2778 qui
2223 2708 2457 2779 Phryges
2485 2709 2757 2777 dicuntur,
2781 2720 3184 2775 convertuntur,
3219 2712 3341 2766 licet
3370 2714 3475 2765 sint
3506 2714 3557 2766 in

1974 2800 2120 2855 clero
2151 2799 2241 2867 qui
2270 2800 2407 2869 apud
2438 2815 2533 2857 eos
2561 2794 2680 2855 esse
2709 2801 2964 2867 creditur,
2992 2801 3105 2856 sive
3128 2801 3344 2855 maximi
3374 2800 3558 2855 dican-

1977 2900 2084 2953 tur,
2114 2888 2415 2957 hujusmodi
2464 2906 2587 2945 cum
2634 2891 2780 2944 omni
2822 2891 3095 2959 diligentia
3144 2891 3461 2945 cateehizari
3505 2900 3559 2944 et

1975 2982 2233 3053 baptizari
2255 2981 2322 3037 ab
2342 2979 2590 3039 Ecclesia:
2620 2983 2889 3053 episcopis
2917 2992 2972 3038 et
2999 2983 3341 3053 presbyteris.

2053 3237 2381 3293 CXIII.—9.
2423 3237 2538 3293 Non
2568 3238 2972 3295 concedendum
2997 3254 3117 3295 esse
3146 3241 3197 3294 in
3228 3242 3561 3304 coemeteria.

1979 3331 2065 3385 vel
2096 3332 2147 3384 in
2186 3345 2248 3384 ea
2271 3345 2389 3398 qua:
2417 3329 2667 3384 dicuntur
2696 3331 2947 3401 martyria
3001 3332 3311 3401 quarumvis
3351 3332 3562 3387 hmreti-

1980 3435 2186 3483 eorum,
2220 3434 2315 3475 eos
2342 3419 2433 3488 qui
2464 3428 2588 3473 sunt
2611 3418 2881 3484 Ecclesize,
2914 3422 3169 3477 accedere
3198 3423 3462 3477 orationis
3483 3423 3563 3480 vel

1977 3504 2263 3567 curationis
2292 3510 2481 3578 gratia.
2525 3510 2629 3563 Sed
2673 3510 2974 3578 hujusmodi
3016 3512 3060 3566 si
3111 3512 3294 3568 ﬁdeles
3335 3512 3555 3577 fuerint,

1980 3590 2366 3669 aliquantisper
2412 3602 2794 3655 communione
2836 3603 3032 3671 privari
3068 3623 3079 3657 :
3114 3605 3195 3659 sin
3241 3607 3565 3675 pcnnitentes

1980 3700 2159 3746 autem
2189 3700 2243 3747 et
2263 3690 2581 3747 conﬁtentes
2603 3706 2661 3745 se
2688 3692 2994 3761 deliquisse,
3026 3696 3240 3765 suscipi.

2050 3804 2229 3858 CXIV.
2254 3832 2324 3840 —
2352 3804 2436 3857 l0.
2477 3803 2630 3869 Quod
2662 3820 2769 3859 non
2798 3815 3015 3874 oportet
3044 3822 3157 3868 eos,
3202 3807 3292 3875 qui
3321 3816 3446 3861 sunt
3468 3806 3565 3861 Ec-

1981 3894 2175 3960 clesizc,
2208 3892 2574 3947 indifferenter
2600 3894 2737 3947 lilios
2766 3910 2892 3950 suos
2929 3895 3196 3948 haereticis
3226 3896 3566 3949 matrimonio

1983 3983 2330 4050 conjungere.

2053 4069 2211 4122 CXV.
2237 4101 2306 4111 --
2334 4068 2418 4123 ll.
2461 4068 2613 4135 Quod
2642 4085 2749 4124 non
2779 4080 2995 4140 oportet
3022 4087 3143 4137 eas,
3176 4086 3295 4140 quce
3320 4072 3566 4128 dicuntur

1983 4157 2157 4210 viduae
2178 4157 2441 4226 seniores,
2459 4159 2541 4212 vel
2568 4160 2935 4227 praesidentes,
2955 4162 3006 4215 in
3038 4163 3269 4217 ecclesia
3293 4166 3566 4219 constitui.

2055 4258 2238 4313 CXVI.
2269 4291 2340 4300 —
2369 4259 2451 4313 12.
2494 4258 2651 4325 Quod
2680 4268 2895 4329 oportet
2921 4261 3201 4332 episcopos
3227 4262 3430 4331 judicio
3451 4280 3567 4318 mc-

1985 4347 2432 4416 tropolitanorum
2456 4355 2510 4401 et
2541 4347 2886 4402 linitimorum
2911 4349 3286 4417 episcoporum
3309 4351 3375 4405 ad
3396 4352 3567 4406 eccle-

1985 4437 2257 4491 siasticum
2304 4437 2672 4503 magistratum
2715 4438 2999 4502 constitui,
3050 4439 3279 4507 plurimo
3328 4448 3568 4510 tempore

1987 4528 2245 4597 probatos
2273 4535 2329 4581 et
2366 4527 2418 4579 in
2442 4526 2608 4581 verbo
2639 4526 2761 4581 ﬁdei
2809 4536 2863 4583 et
2893 4527 2946 4581 in
2997 4528 3129 4583 recti
3157 4529 3305 4583 verbi
3349 4530 3565 4601 dispen-

1912 4644 1963 4704 Β
1986 4619 2213 4672 satione.

2055 4704 2257 4761 CXVII.
2288 4706 2469 4759 -15.
2493 4705 2647 4772 Quod
2696 4722 2805 4761 non
2842 4708 2913 4761 sit
2946 4707 3365 4777 permittendum
3398 4708 3566 4761 turbis

1984 4796 2278 4851 electiones
2323 4810 2511 4850 eorum
2569 4794 2745 4850 facere
2787 4796 2881 4864 qui
2932 4797 2986 4851 in
3025 4798 3332 4852 sacerdotio
3366 4796 3567 4850 consti-

1985 4885 2168 4938 tuendi
2197 4894 2339 4939 sunt.

2053 4972 2277 5029 CXVIII.
2307 4972 2495 5026 -14.
2523 4972 2675 5039 Quod
2730 4984 2935 5036 sancta,
2989 4975 3156 5028 instar
3204 4973 3562 5040 eulogiarum,

1984 5064 2035 5118 in
2068 5064 2203 5118 festo
2230 5064 2444 5119 Pascha:
2474 5063 2527 5117 in
2555 5064 2688 5119 alias
2718 5065 2987 5135 parmcias
3015 5063 3304 5119 transmitti
3330 5078 3441 5117 non
3465 5062 3563 5118 de-

1982 5150 2164 5205 beant.
3288 5166 3291 5167 '

2054 5241 2235 5297 CXIX.
2272 5275 2340 5285 —
2364 5243 2452 5298 15.
2484 5243 2638 5311 Quod
2669 5259 2778 5298 non
2805 5250 3021 5312 oportet
3049 5248 3247 5311 pneter
3274 5242 3563 5298 canonicos

1984 5342 2251 5399 cantores,
2274 5336 2365 5405 qui
2404 5336 2688 5390 ambonem
2731 5332 3053 5396 ascendunt,
3080 5340 3136 5388 et
3158 5348 3225 5389 ex
3253 5334 3438 5391 codice
3466 5350 3561 5389 ca-

1984 5434 2137 5482 nunt.
2155 5426 2289 5480 alios
2313 5427 2580 5495 quoslibet
2608 5416 2887 5480 canere'in
2919 5423 3166 5481 ecclesia.

2057 5514 2214 5570 CXX.
2238 5546 2308 5556 —
2343 5515 2430 5570 16.
2463 5515 2614 5582 Quod
2660 5523 2877 5585 oportet
2913 5515 2966 5569 in
3006 5516 3229 5571 sabbato
3275 5514 3561 5585 Evangelia

1976 5632 2096 5672 cum
2125 5617 2244 5671 aliis
2270 5616 2559 5685 Scripturis
2588 5615 2714 5685 legi.

2048 5711 2231 5771 CXXI.
2270 5743 2337 5753 —
2367 5715 2454 5768 l7.
2484 5713 2638 5781 Quod
2678 5730 2785 5770 non
2838 5724 3054 5787 oportet
3105 5716 3157 5770 in
3206 5715 3559 5770 conventibus

1975 5806 2211 5876 psalmos
2259 5812 2568 5868 contexere,
2598 5804 2693 5859 sed
2722 5806 2774 5859 in
2806 5819 3130 5874 unoquoque
3156 5802 3363 5873 psalmo
3390 5804 3556 5856 inter-

1973 5894 2117 5963 iecto
2141 5894 2339 5964 spatio,
2371 5893 2656 5950 lectionem
2686 5892 2810 5949 ﬁeri.
