4040 6202
462 440 521 494 τι
1700 444 2052 501 DIONYSIUS

2160 442 2406 499 (IGUUS.
3653 429 3718 483 72

529 560 657 633 ρκϐ’.
700 564 816 634 Περὶ
863 571 973 625 τοῦ,
1024 566 1114 620 τήν
1161 563 1315 619 αὐτὰν
1356 561 1662 632 λειτουργίαν
1698 568 1805 614 τῶν
1865 563 2031 630 εὐχῶν

2207 557 2412 614 CXXII.
2442 585 2509 595 ——
2549 556 2628 612 l8.
2662 558 2814 625 Quod
2846 558 3072 628 idipsum
3125 560 3474 617 ministerium
3513 567 3706 622 oratio-

459 651 674 705 πάντοτε
697 654 778 706 καί
799 654 849 706 ἐν
878 660 990 710 ταῖς
1015 649 1239 710 ἔννάταις
1262 653 1344 705 καί
1364 652 1413 704 ἐν
1434 659 1542 710 ταῖς
1568 651 1806 711 ἑσπέραις
1832 651 2034 723 ὀφείλειν

460 744 696 814 γίνεσθαι.

528 829 657 905 ρκγ’.
698 832 813 904 Περί
834 836 943 895 τοῦ,
974 827 1080 884 δεῖν
1108 828 1211 903 ἰδίᾳ
1234 839 1434 906 πρῶτον
1455 832 1581 901 μετά
1608 832 1690 889 τάς
1719 829 1913 900 ὁμιλίας
1939 836 2037 883 τῶν

460 921 744 976 ἐπισκόπων
773 929 871 976 τῶν
910 924 1301 995 κατηχουριένηλν
1346 925 1507 993 εὐχήν
1552 920 1906 983 ἐπιτελεῖσθαι,
1953 922 2040 973 καὶ

467 1013 591 1079 μετὰ
630 1014 687 1064 τὸ
737 1013 940 1074 ἐξελθεῖν
981 1015 1100 1071 τοὺς
1131 1014 1566 1082 κατηχουμένους,
1598 1014 1697 1064 τών
1728 1013 1776 1063 ἓν
1799 1011 2039 1082 μετανοίᾳ

461 1109 550 1160 τὴν
582 1105 739 1171 εὐχήν
762 1103 1006 1172 γίνεσθαι,
1032 1107 1113 1156 καὶ
1144 1104 1335 1155 τούτων
1366 1100 1740 1171 προσελθόντων
1767 1100 1859 1152 ὑπὸ
1886 1107 2041 1172 χεῖρα

463 1195 543 1245 καὶ
581 1194 1053 1268 ὑποχωρησάντων,
1087 1194 1246 1252 ο”τως
1274 1195 1368 1253 τάς
1397 1193 1559 1261 εὐχὰς
1587 1198 1687 1244 τῶν
1731 1196 1929 1244 πιστῶν
1964 1191 2044 1259 γί-

462 1284 634 1336 νεσθαι
661 1293 815 1355 τρίς*
860 1287 978 1350 μίαν
1008 1286 1097 1352 μὲν
1129 1288 1217 1340 τήν
1242 1284 1469 1356 πρώτην,
1497 1280 1580 1336 διά
1611 1288 1838 1339 σ-ωπῆς’
1868 1284 1958 1337 τὴν
1987 1276 2041 1332 δέ

463 1369 702 1448 δευτέραν
730 1376 813 1426 καί
836 1376 1025 1447 τρίτην,
1057 1372 1141 1427 διά
1163 1378 1575 1448 προσφωνήσεως
1592 1372 1927 1445 πληροῦσθαι·
1957 1365 2043 1422 εἷθ’

466 1463 625 1522 οἷ’τως
655 1468 742 1521 τήν
774 1468 966 1537 εἰρήνην
998 1462 1245 1518 δίδοσθαι³
1288 1468 1372 1517 καὶ
1398 1466 1527 1534 μετά
1552 1464 1627 1527 τὸ,
1658 1462 2044 1537 πρεσϐυτέρους

465 1551 635 1607 δοῦναι
673 1562 743 1623 τῷ
774 1555 1037 1623 ἔπισκόπῳ
1078 1576 1166 1611 την
1195 1558 1270 1627 εἰρ
1291 1560 1410 1614 ζνην,
1442 1554 1552 1607 τότε
1592 1557 1708 1612 τοὺς
1733 1553 1933 1611 λαῖκους
1955 1555 2044 1608 τήν

465 1644 653 1716 εἷρὴνην
681 1642 865 1697 διδόναι
886 1660 901 1674 ⁶
927 1648 1011 1697 καί
1036 1645 1168 1698 ο”τω
1198 1654 1285 1701 την
1308 1646 1453 1714 ἁγίαν
1490 1644 1778 1717 προσφορὰν
1801 1642 2049 1697 ἐπιτελεῖ·-

466 1733 583 1786 σθαι
601 1748 613 1761 ⁶
656 1736 735 1785 καί
760 1734 923 1799 μόνοις
953 1736 1054 1798 ἐξὸν
1082 1731 1206 1789 εἶναι
1229 1734 1450 1804 (ἑξεναι)
1474 1743 1579 1794 τοῖς
1604 1737 1866 1811 Τερατικοῖς
1895 1734 2047 1787 εἰσιέ-

467 1846 548 1878 ναι
576 1826 646 1885 εἰς
674 1828 1056 1899 θυσιαστήριον,
1090 1829 1175 1880 καὶ
1204 1835 1467 1881 κοινωνεῖν.

2141 666 2286 715 num,
2315 658 2369 703 et
2391 649 2443 701 in
2476 649 2633 702 nonis
2656 656 2712 702 et
2734 650 2973 719 vesperis
3001 649 3117 704 ﬁeri
3142 648 3353 705 debeat.

2209 824 2433 878 CXXIII.
2465 856 2535 865 —
2569 824 2650 877 I9.
2696 823 2848 889 Quod
2891 833 3125 895 oportet,
3174 840 3415 881 seorsum
3465 827 3718 896 primum,

2139 922 2262 985 post
2304 929 2581 969 sermones
2627 915 3021 983 episcoporum,
3052 914 3557 971 catechumeuorum
3599 933 3721 973 ora-

2139 1005 2340 1059 tionem
2389 1005 2588 1074 peragi,
2621 1012 2675 1059 et
2723 1013 3003 1072 postquam
3057 1005 3289 1059 exierint
3342 1006 3719 1063 catechumeni

2139 1096 2511 1165 paenitentiam
2541 1096 2836 1152 orationem
2863 1095 3008 1161 lieri;
3035 1097 3204 1166 iisque
3228 1097 3603 1153 accedentibus
3627 1114 3722 1153 ac-

2141 1195 2295 1256 cepta
2321 1202 2575 1241 manuum
2604 1186 2967 1256 impositionc,
2995 1195 3049 1241 et
3078 1186 3512 1256 abscedentibus,
3534 1189 3619 1242 Sic
3660 1187 3721 1239 II-

2142 1279 2339 1333 delium
2388 1286 2499 1332 tres
2543 1279 2814 1332 orationes
2856 1277 2970 1331 Iieri
3015 1297 3028 1332 :
3075 1292 3233 1332 unam
3253 1279 3494 1348 quidem,
3517 1280 3725 1334 scilicet

2143 1369 2392 1439 primam,
2444 1368 2677 1432 silentio,
2724 1368 3010 1422 secundam
3058 1384 3188 1423 vero
3234 1377 3288 1423 et
3343 1369 3557 1423 tertiam
3600 1384 3721 1439 pro-

2144 1459 2478 1513 nuntiatione
2514 1458 2744 1528 impleri,
2782 1458 2975 1512 deinde
3003 1458 3082 1513 sic
3119 1473 3308 1527 pacem
3338 1458 3470 1511 dari.
3505 1457 3569 1509 Et
3595 1472 3693 1526 pos

2147 1555 2396 1616 teaquam
2442 1546 2741 1617 presbyteri
2786 1545 3039 1615 episcopo
3077 1562 3266 1615 pacem
3303 1546 3567 1611 dederint,
3593 1555 3720 1600 tunc

2149 1637 2267 1692 laici
2287 1653 2406 1692 eam
2441 1637 2590 1692 dare.
2622 1635 2685 1690 Et
2713 1637 2789 1691 sic
2813 1646 3050 1691 sanctam
3078 1637 3403 1692 oblationem
3432 1637 3715 1692 celebrari.

2149 1726 2216 1780 Et
2260 1728 2388 1782 solis
2440 1727 2805 1782 sacerdotibus
2846 1728 3007 1782 licere
3040 1727 3108 1781 ad
3158 1728 3328 1781 altare
3363 1728 3638 1791 accedere,
3666 1737 3722 1783 et

2148 1819 2563 1873 communicare.

538 1916 667 1986 ρκδ.
704 1915 818 1971 Ὀτι
874 1923 930 1971 οὖ
985 1917 1063 1973 δεῖ
1104 1917 1327 1973 διεέκονον
1372 1918 1655 1995 ἔμπροσθεν
1690 1920 2043 1997 πρεσϐυτέρου

2219 1907 2448 1963 CXXIV.
2477 1941 2549 1951 —-
2576 1908 2661 1962 20.
2695 1910 2849 1976 Quod
2880 1926 2986 1966 non
3026 1918 3240 1981 oportet
3279 1911 3561 1968 diaconum
3594 1926 3722 1971 ante

466 2009 780 2071 καθέζεσθαι,
812 2009 937 2063 ἀλλά
982 2012 1111 2078 μετά
1142 2008 1416 2069 κε’-εύσεως
1436 2016 1525 2063 τοῦ
1555 2009 1906 2083 πρεσϐυτέρου
1930 2009 2051 2061 καθ-

468 2101 686 2161 ἕζεσθαι.
728 2102 939 2169 Ὁμοίως
968 2098 1021 2152 δὲ
1067 2097 1097 2152 ἕ
1100 2120 1213 2168 χειν
1243 2104 1388 2168 τιμὴν
1416 2102 1635 2158 καὶτοὺς
1660 2096 1920 2159 διακόνους
1950 2097 2050 2151 ὑπὸ

468 2195 567 2242 τῶν
588 2189 873 2260 ὑπηρετῶν,
909 2191 992 2241 καὶ
1015 2189 1218 2242 πάντων
1248 2196 1345 2243 τῶν
1372 2189 1632 2259 κληρικῶν.

537 2276 658 2351 ρκε’.
698 2275 812 2333 Ὀτι
840 2280 896 2331 οὐ
924 2276 1004 2332 δεῖ
1034 2279 1290 2347 ὑπηρέτας
1315 2276 1458 2349 ἔχειν
1502 2282 1684 2354 χώραν
1712 2281 1758 2332 ἐν
1786 2287 1860 2351 τῷ
1883 2277 2051 2335 διακο-

470 2376 607 2441 νεκῷ,
631 2372 714 2423 καί
740 2368 994 2424 ἅπτεσθαι
1014 2367 1322 2425 δεσποτικῶν
1346 2378 1581 2424 σκευῶν.⁹

542 2540 672 2617 ρκς-’.
707 2538 824 2595 Ὀτι
859 2541 918 2594 οὐ
956 2539 1037 2595 δεῖ
1073 2543 1325 2616 ὑπηρέτην
1355 2542 1573 2619 ώράριον
1602 2550 1766 2617 φορεῖν
1785 2582 1800 2609 ,
1823 2541 1933 2598 οὐδέ
1963 2546 2053 2604 τὰς

474 2633 634 2705 θύρας
660 2633 1125 2704 ἐγκαταλιμπάνειν.

548 2744 675 2814 ρκζ.
714 2743 826 2799 Ὀτι
860 2747 919 2797 οὐ
961 2743 1041 2800 δεῖ
1069 2747 1394 2819 ἀναγνώστας
1420 2744 1450 2805 ἧ
1474 2744 1671 2816 ψάλτας
1712 2748 1926 2824 ώράριον
1964 2768 2054 2821 φο·

476 2840 583 2909 ρεῖν
627 2839 713 2888 καί
741 2836 903 2897 οῗτως
931 2838 1288 2909 ἀναγινώσκειν
1309 2836 1339 2896 ἣ
1367 2836 1590 2908 ψάλλειν.

545 2946 671 3023 ρκγί.
709 2946 825 3003 Ὀτι
862 2951 918 3002 οὐ
959 2947 1038 3004 δεῖ
1075 2950 1361 3023 ίερατικούς
1411 2951 1514 3007 ἀπὸ
1557 2952 1918 3028 πρεσϐυτέρων
1962 2954 2059 3014 ἕως

478 3041 734 3104 διακόνων,
760 3045 844 3095 καὶ
866 3042 976 3106 ἑξῆς
1004 3050 1094 3102 τῆς
1122 3042 1548 3105 ἑκκλησιαστικῆς
1578 3046 1768 3108 τάξεως
1794 3046 1889 3106 ἕως
1920 3046 2057 3105 ὑπη-

475 3146 635 3213 ρετῶν
673 3136 703 3196 ἦ
738 3140 1067 3208 ἀναγνωστῶν
1105 3138 1134 3197 ἢ
1172 3138 1371 3209 ψαλτῶν
1399 3138 1428 3197 ἦ
1458 3139 1774 3211 ἐπορκιστῶν
1799 3136 2056 3212 [ἔφορκισ-

480 3228 596 3300 τῶν]
624 3230 653 3290 ἦ
687 3232 939 3308 θυρωρῶν,
974 3231 1003 3290 ἦ
1029 3240 1120 3287 τοῦ
1153 3232 1412 3302 τάγματος
1438 3238 1535 3286 τῶν
1578 3234 1835 3294 ἀσκητῶν,
1867 3234 1938 3289 εἰς
1964 3251 2055 3283 κα·

480 3322 679 3379 πηλεῐον
700 3324 919 3376 εἰσιέναι-

641 3413 650 3428 ,
710 3410 731 3428 ο
888 3415 900 3431 ,
1002 3421 1021 3430 -
1053 3416 1065 3433 .
1193 3414 1203 3427 ,
1343 3410 1368 3427 ν
1528 3410 1552 3428 κ
1614 3410 1624 3426 .
1798 3412 1809 3427 .
1862 3413 1870 3427 .
2018 3413 2026 3425 .

549 3419 668 3488 ρκ’).
735 3425 825 3467 Οτι
850 3434 907 3466 ου
942 3411 1019 3468 διε
1041 3433 1300 3487 υπηρετας
1336 3432 1488 3484 αρτον
1523 3409 1726 3474 οιδοναι,
1760 3408 1874 3465 ουδε
1897 3431 2057 3467 ποτη-

484 3527 586 3584 ριον
605 3507 837 3578 εὐλογεῖν.

550 3596 643 3668 ρλ’.
682 3593 798 3652 Ὀτι
832 3600 887 3649 οὐ
920 3594 1000 3649 δεῖ
1029 3595 1304 3664 ἐπορκίζειν
1337 3589 1647 3669 [ἔφορκίζεινῖ
1673 3594 1793 3652 τοὺς
1818 3596 1888 3662 μὴ
1934 3589 2058 3665 προέ

484 3688 739 3757 αχθέντας
765 3690 866 3740 ὑπὸ
902 3686 1211 3749 ἐπισκόπων,
1238 3688 1362 3754 μήτε
1397 3686 1444 3737 ἐν
1466 3691 1577 3745 ταῖς
1605 3683 1909 3748 ἐκκλησίαις,
1934 3685 2059 3751 μήτε

484 3784 533 3835 ἐν
562 3788 672 3841 ταῖς
710 3782 908 3839 οἰκίαις.

553 3872 679 3949 plot.
718 3868 833 3926 Ὀτι
859 3871 913 3924 οὗ
941 3868 1019 3924 δεῖ
1043 3870 1325 3946 ίερατικοὺς
1348 3867 1378 3927 ἧ
1402 3868 1663 3943 κληρικοὺς
1687 3864 1718 3924 ἦ
1742 3867 1943 3924 λαίκοὺς
1972 3887 2062 3919 κα-

484 3962 754 4031 λουμένους
800 3965 872 4020 εἰς
916 3961 1113 4031 ἀγάπην
1144 3960 1271 4032 μέρη
1299 3956 1475 4035 αἴρειν,
1507 3956 1591 4012 διὰ
1619 3959 1674 4011 τὸ
1700 3961 1790 4013 τήν
1818 3955 1964 4033 ὕϐριν
2000 3961 2063 4028 τῇ

485 4054 621 4116 τάξει
641 4052 1045 4126 προστρίϐεσθαι
1072 4058 1133 4125 τῇ
1163 4050 1543 4121 ἐκκλησιαστικῇ
1567 4043 1856 4123 [ίερατικῇι.

555 4222 680 4297 ρλξ.
718 4221 833 4277 Ὀτι
870 4223 926 4276 οὐ
967 4220 1048 4275 δεῖ
1083 4223 1131 4273 ἔν
1174 4228 1274 4281 τοῖς
1304 4226 1568 4294 κυριακοῖς
1609 4219 1638 4276 ἦ
1674 4220 1723 4271 ἐν
1751 4226 1861 4277 ταῖς
1893 4218 2067 4274 ἐκκλη-

487 4321 645 4380 σίαις,
676 4316 768 4374 τάς
793 4314 1057 4387 λεγομένας
1089 4312 1293 4382 ἀγάπας
1316 4316 1501 4369 ποιεῖν,
1534 4310 1619 4361 καί
1649 4308 1697 4361 ἐν
1728 4315 1799 4379 τῷ
1825 4304 1945 4377 οἴκῳ
1975 4312 2064 4360 τοῦ

488 4416 614 4465 Θεοῦ
646 4408 827 4462 ἐσθίειν
860 4408 945 4459 καί
967 4402 1213 4458 ἀκούϐιτα
1242 4403 1567 4474 στρωννύειν.

558 4517 683 4591 ρλγ’.
720 4510 838 4570 Ὀτι
875 4515 930 4567 οὐ
968 4512 1047 4568 δεῖ
1085 4515 1420 4586 χριστιανους
1466 4509 1738 4575 ἰουδαῖζεεν
1777 4513 1857 4569 καί
1904 4512 1952 4563 ἐν
1994 4518 2067 4581 τῷ

489 4608 733 4677 σαϐϐάτῳ
758 4607 1050 4677 σχολάζειν,
1230 4607 1523 4679 ἐργάζεσθαι
1546 4606 1731 4665 αὐτοὺς
1770 4605 1818 4657 ἐν
1847 4612 1908 4679 τῇ
1936 4606 2066 4675 αὐτῇ

2158 2001 2530 2071 presbyterum
2559 1999 2770 2068 sedere,
2792 2000 2885 2054 sed
2924 2000 3113 2057 sedere
3158 2017 3279 2057 cum
3316 2001 3469 2071 jussu
3494 2006 3722 2076 presby-

2150 2092 2269 2145 teri.
2302 2090 2557 2145 Similiter
2576 2099 2755 2145 autcm
2781 2091 3017 2147 diaconis
3044 2092 3303 2148 honorem
3329 2094 3514 2149 haberi
3552 2111 3583 2150 a
3626 2098 3727 2151 mi.

2154 2181 2331 2235 uistris
2356 2187 2409 2233 et
2433 2182 2681 2234 omnibus
2710 2180 2916 2236 clericis
2939 2189 3171 2250 oportet.

2224 2268 2437 2324 CXXV.
2467 2300 2539 2309 ——
2574 2270 2660 2323 2l.
2711 2270 2861 2337 Quod
2906 2288 3013 2327 non
3064 2280 3280 2341 oportet
3325 2273 3595 2330 ministros
3648 2275 3731 2330 lo-

2153 2374 2272 2413 cum
2295 2359 2493 2414 IIabere
2531 2360 2584 2413 in
2615 2360 2925 2427 secretario,
2955 2372 3011 2416 et
3059 2361 3324 2419 dominica
3354 2379 3481 2421 vasa
3518 2365 3730 2421 contino

2154 2464 2301 2518 gere.

2224 2536 2455 2593 CXXVI.
2482 2571 2553 2580 -—
2580 2539 2668 2594 22.
2694 2538 2846 2607 Quod
2874 2556 2981 2596 non
3010 2549 3228 2613 oportet
3272 2544 3577 2601 ministrum
3607 2562 3731 2602 ora-

2155 2629 2294 2683 rium
2319 2627 2480 2695 ferre,
2510 2645 2609 2685 nec
2638 2631 2777 2684 ostia
2804 2630 3123 2699 relinquere.

2226 2739 2475 2795 CXXVII.
2508 2769 2575 2778 —
2596 2740 2683 2795 23.
2708 2739 2859 2807 Quod
2885 2757 2988 2797 non
3006 2750 3217 2812 oportet
3236 2744 3466 2802 lectores
3486 2754 3578 2800 aut
3606 2761 3727 2802 can-

2157 2839 2303 2887 tores
2329 2832 2563 2887 orarium
2592 2831 2752 2897 Ierre,
2784 2840 2839 2887 et
2879 2833 2957 2887 sic
3002 2833 3180 2901 legere
3226 2836 3312 2889 vel
3355 2850 3567 2892 canere.

2227 2913 2501 2996 CXXVIII.
2536 2969 2609 2979 —-
2634 2940 2724 2996 24.
2758 2941 2912 3008 Quod
2958 2960 3065 3000 non
3116 2954 3331 3015 oportet
3368 2948 3671 3005 sacerdotes
3702 2965 3731 3009 ει

2157 3029 2484 3101 presbyteris
2512 3044 2679 3099 usque
2722 3032 2790 3085 ad
2837 3032 3112 3102 diaconos,
3164 3043 3221 3089 et
3254 3035 3508 3107 deinceps
3545 3052 3728 3106 quem-

2158 3124 2289 3180 libet
2320 3125 2668 3181 ecclesiastici
2716 3126 2917 3182 ordinis
2945 3138 3112 3196 usque
3140 3127 3208 3183 ad
3235 3129 3506 3187 ministros
3532 3139 3622 3185 aut
3664 3131 3718 3187 le

2166 3226 2350 3272 ctores
2378 3225 2465 3270 aut
2491 3226 2760 3283 cantores,
2782 3226 2873 3274 aut
2901 3220 3215 3288 exorcistas,
3231 3229 3324 3275 aut
3350 3222 3620 3294 ostiarios,
3643 3231 3734 3278 aut

2081 3301 2126 3363 C
2156 3304 2361 3360 ordinis
2390 3307 2797 3373 monachorum,
2828 3308 2882 3361 in
2908 3323 3209 3385 cauponan
3232 3309 3461 3379 ingredi.

2230 3392 2466 3448 CXXIX.
2496 3423 2567 3433 —
2586 3394 2673 3450 25.
2698 3396 2852 3463 Quod
2878 3412 2987 3453 non
3010 3408 3224 3468 oportet
3249 3400 3523 3457 ministros
3543 3416 3734 3472 panem

2162 3486 2311 3553 dare,
2342 3487 2429 3541 vel
2449 3488 2669 3542 calicem
2700 3489 3041 3545 benedicere.

2234 3578 2445 3636 CXXX.
2475 3609 2547 3619 ——
2570 3580 2658 3635 26.
2687 3580 2839 3649 Quod
2880 3599 2987 3638 non
3029 3593 3246 3655 oportet
3286 3600 3380 3641 eos
3410 3585 3734 3649 exorcizare,
3762 3642 3767 3647 .

2164 3670 2255 3741 qui
2284 3671 2350 3726 ab
2372 3671 2624 3741 episcopo
2650 3673 2881 3742 promoti
2911 3688 3017 3728 non
3038 3681 3179 3741 sunt,
3200 3690 3371 3745 neque
3395 3674 3449 3730 in
3497 3675 3737 3731 ecclesiis

2166 3776 2341 3830 neque
2368 3761 2419 3815 in
2449 3761 2669 3816 aedibus.

2236 3847 2467 3905 CXXXI.
2495 3878 2566 3889 —
2589 3850 2679 3904 27.
2711 3850 2863 3916 Quod
2915 3866 3022 3905 non
3068 3857 3282 3921 oportet
3309 3853 3622 3909 sacerdotes
3650 3863 3739 3908 aut

2165 3940 2407 4005 clericos,
2439 3949 2531 3995 aut
2579 3940 2745 3996 laicos
2794 3939 2862 3994 ad
2901 3955 3105 4010 agapen
3148 3950 3387 4005 vocatos,
3422 3951 3603 4011 partes
3648 3944 3739 3999 tol-

2166 4029 2295 4095 lere,
2345 4044 2414 4084 eo
2458 4028 2600 4099 quod
2643 4028 2769 4085 hinc
2819 4030 3181 4086 ecclesiastico
3234 4032 3405 4086 ordini
3450 4033 3740 4102 ignominia

2169 4120 2433 4174 inuratur.

2240 4208 2495 4263 CXXXII.
2520 4235 2590 4247 -—
2616 4207 2705 4263 28.
2737 4208 2890 4274 Quod
2931 4225 3037 4264 non
3085 4218 3296 4280 oportet
3341 4210 3396 4264 in
3441 4210 3737 4274 dominicls,

2169 4311 2261 4354 aut
2286 4300 2526 4355 ecclesiis
2548 4314 2753 4370 agapen
2773 4301 2975 4371 Iacere,
3002 4309 3055 4355 et
3077 4302 3130 4355 in
3157 4302 3317 4357 domo
3340 4302 3433 4359 Dei
3454 4304 3735 4359 comedere

2168 4388 2252 4443 vel
2281 4388 2558 4443 accubitus
2585 4397 2828 4443 sternere

2239 4496 2597 4552 CXXXIII.—
2620 4496 2708 4551 29.
2741 4496 2890 4563 Quod
2921 4512 3027 4552 non
3055 4507 3270 4569 oportet
3295 4499 3628 4558 Christianos
3651 4500 3735 4571 ju-

2166 4587 2401 4653 daizare,
2423 4595 2479 4641 et
2500 4587 2552 4641 in
2584 4588 2806 4642 sabbato
2827 4588 2981 4642 otiari
3014 4606 3026 4640 :
3058 4589 3152 4644 sed
3182 4590 3326 4658 ipsos
3345 4604 3411 4644 eo
3438 4589 3526 4644 die
3546 4605 3742 4660 opera-

492 4698 674 4772 ἡμέρῳ
692 4701 779 4755 τὴν
799 4695 851 4750 δὲ
868 4700 1111 4769 κυριακην
1133 4704 1506 4769 προτιμῶντας,
1525 4692 1624 4766 εἴγε
1649 4692 1902 4759 δύναιντο,
1931 4716 2053 4765 σχο-

2171 4676 2237 4730 ri.
2287 4676 2437 4730 Diem
2458 4684 2638 4730 autem
2686 4675 3012 4731 dominicum
3047 4678 3413 4748 praeferentes,
3463 4680 3742 4746 otiari,,si

490 4789 651 4854 λάζειν
672 4791 741 4848 ώς
766 4790 1084 4864 χριστιανοί.
1117 4792 1173 4840 εἰ
1203 4785 1257 4841 δὲ
1288 4788 1523 4865 εὑρεθεῖεν
1547 4785 1875 4851 Ὶουδαῖσταί,
1911 4785 2069 4842 ἴστω·

494 4904 590 4939 σαν
610 4882 833 4954 ἀνάθεμα
854 4883 995 4954 παρὰ
1022 4888 1225 4955 Χριστῷ
1254 4880 1347 4950 [τῷ
1374 4877 1525 4951 Θεῷ].

574 4993 698 5074 ρλδ’.
736 4994 851 5051 Ὀτι
876 4995 932 5048 οὐ
959 4992 1041 5048 δεῖ
1073 4993 1351 5067 ίερατικούς
1391 4992 1422 5052 ἦ
1448 4994 1695 5053 ἀσκητάς,
1728 4994 1779 5045 ὲν
1821 4990 2065 5067 βαλανείῳ

492 5092 620 5159 μετὰ
639 5094 884 5160 γυναικῶν
922 5084 1284 5149 ἀπολούεσθαι,
1317 5081 1443 5153 μηδᾶ
1468 5085 1637 5139 πάντα
1681 5082 2004 5158 χριστιανὸν,
2034 5080 2065 5140 ἦ

491 5179 680 5234 λαίκὸν.
707 5181 842 5239 Αὕτη
868 5182 968 5255 γὰρ
992 5181 1169 5253 πρώτη
1194 5179 1509 5249 κατάγνωσις
1540 5179 1686 5239 παρά
1718 5185 1826 5237 τοῖς
1858 5174 2068 5230 ἔθνεσιν.

565 5350 684 5422 ρλε’.
720 5348 835 5405 Ὀτι
863 5354 918 5404 οὐ
952 5351 1031 5406 δεῖ
1073 5353 1201 5425 πρὸς
1238 5354 1433 5412 πάντας
1475 5354 1761 5426 αἱρετικοὺς
1800 5351 2072 5423 ίπιγαμίας

494 5447 676 5509 ποιεῖν,
705 5440 735 5499 ἦ
764 5439 953 5495 διδόναι
979 5443 1121 5503 υἱοὺς
1147 5443 1177 5501 ἦ
1214 5446 1494 5519 θυγατέρας
1516 5456 1531 5472 ⁸
1577 5444 1701 5497 ἀλλά
1728 5442 1912 5515 μᾶλλον
1938 5443 2070 5511 λαμ-

500 5530 685 5592 ϐάνειν,
730 5527 829 5602 εἴγε
874 5530 1230 5602 ἕπαγγίλοιντο
1279 5529 1735 5605 [ἐπαγγέλλονται]
1777 5533 2071 5605 χριστιανοί

496 5623 736 5696 γίνεσθαι.

566 5711 695 5787 ρλς-’.
742 5707 859 5767 Ὀτι
898 5712 957 5765 οὐ
998 5710 1078 5765 δεῖ
1109 5712 1366 5787 α’ρετικῶν
1412 5713 1634 5784 εὐλογίας
1679 5712 1973 5783 λαμϐάνειν,
2019 5709 2073 5763 αἱ

502 5806 625 5866 τινες
655 5805 779 5859 εἰσιν
808 5802 1007 5876 ἀλογίαι
1033 5801 1232 5872 μᾶλλον,
1258 5800 1288 5858 ἦ
1315 5802 1549 5872 εὐλογίαι.

2170 4767 2332 4822 modo
2351 4768 2573 4837 possint,
2608 4775 2667 4821 ut
2691 4766 3000 4823 Christiani.
3032 4767 3183 4834 Quod
3221 4770 3265 4824 si
3313 4771 3515 4827 inventi
3543 4770 3745 4826 fuerint

2167 4856 2465 4926 judaizare,
2496 4857 2783 4911 anathema
2812 4858 2919 4910 sint
2946 4872 2977 4911 λ
3006 4857 3237 4913 Christo.

2238 4966 2519 5023 CXXXIV.
2550 4995 2620 5007 -—
2649 4968 2734 5022 '50.
2763 4967 2916 5034 Quod
2944 4984 3050 5022 non
3080 4977 3295 5037 oportet
3314 4972 3623 5027 sacerdotes
3651 4983 3745 5029 aut

2169 5059 2417 5126 clericos,
2439 5066 2531 5112 aut
2584 5056 2897 5125 monachos,
2920 5057 2972 5110 in
3018 5056 3214 5112 balneo
3265 5074 3388 5114 cum
3435 5061 3746 5117 mulieribus

2176 5150 2364 5216 lavari,
2386 5165 2561 5218 neque
2609 5146 2824 5203 omnem
2868 5148 3081 5218 penitus
3109 5148 3490 5216 Christianum,
3528 5162 3622 5206 aut
3645 5153 3747 5207 lai-

2178 5257 2320 5297 cum.
2345 5239 2471 5296 Hzec
2504 5240 2645 5295 enim
2674 5246 2757 5295 est
2788 5240 2958 5309 prima
2988 5239 3337 5310 reprehensio
3361 5242 3503 5310 apud
3536 5250 3743 5309 gentes.

2247 5329 2687 5388 CXXXV.——5I.
2718 5328 2869 5397 Quod
2896 5346 3004 5387 non
3034 5339 3252 5401 oportet
3272 5347 3397 5387 cum
3423 5332 3750 5400 Quibuscuu-

2177 5440 2285 5494 que
2334 5422 2604 5478 haereticis
2627 5421 2966 5477 matrimonia
2993 5422 3334 5489 contrahere,
3366 5437 3469 5479 nec
3496 5421 3636 5479 ﬁlios
3664 5423 3750 5479 vel

2176 5516 2313 5570 tilias
2340 5515 2469 5569 dare
2501 5531 2514 5566 :
2547 5512 2642 5568 sed
2688 5512 2867 5583 potius
2921 5513 3186 5584 accipere,
3216 5513 3262 5568 si
3314 5528 3374 5569 se
3414 5512 3749 5571 Christianos

2176 5605 2290 5660 ﬁeri
2318 5603 2656 5673 promittant.

2245 5689 2527 5746 CXXXVI.
2556 5721 2628 5732 —
2655 5688 2743 5745 52.
2771 5688 2925 5757 Quod
2970 5707 3076 5749 non
3111 5700 3327 5764 oportet
3371 5693 3749 5750 haereticorum

2175 5778 2576 5840 benedictiones
2603 5781 2867 5851 accipere,
2890 5794 3010 5851 qua:
3044 5791 3169 5841 sunt
3198 5784 3378 5855 potius
3420 5784 3745 5842 maledictio-

2179 5890 2277 5936 ues
2302 5889 2460 5943 quam
2482 5872 2901 5931 benedictiones.
