4040 6202
274 3198 289 3333 ἓ

336 359 404 414 79
1619 361 1957 420 DIONYSIUE

2062 363 2337 424 XIGUUS.
3555 368 3622 424 εο

336 479 417 539 ταὶ
446 475 569 536 τοὺς
609 476 740 547 μετὰ
768 480 932 532 ταῦτα
974 475 1210 548 ὑφ’ἧμῶν
1252 475 1760 547 άναθεματισθένταςσ
1789 482 1921 554 πρὸς
1955 536 1957 540 Α

2061 491 2225 537 mter
2244 483 2345 538 hos
2365 492 2569 553 autem,
2592 482 2752 556 etqui
2778 499 2839 542 se
2855 499 3043 541 sanam
3064 485 3276 556 quidem
3308 485 3466 541 tidem
3499 502 3623 558 pro-

337 561 391 619 δί
424 568 641 629 τούτοις.
668 570 751 621 καί
781 571 900 627 τοὺς
924 574 1013 626 τήν
1042 571 1215 622 πίστιν
1242 570 1334 637 μέν
1360 574 1449 626 τὴν
1469 570 1587 642 ύγιῆ
1613 590 1931 643 προσποιουο

342 658 519 727 μένους
550 657 1258 731 ὁμο).ογιῖν,άποσχήσαντας
1287 655 1741 729 [άποσχισθίντας]
1768 658 1821 714 δῦ
1850 662 1932 715 καί

339 749 773 819 ἀντισυνάγοντας
797 744 1351 819 [γάντισυναγαγόντας]
1372 755 1481 808 τοῖς
1508 757 1790 811 κοινωνικαῖς
1814 752 1934 812 ἡμῖν

340 836 657 897 ίπισκὸποις.
704 835 917 892 Ἐπειτα
942 836 996 892 δὲ
1026 841 1113 893 καί
1138 837 1186 894 εἴ
1218 860 1351 901 τινες
1376 847 1476 897 τῶν
1502 842 1601 895 άπὸ
1636 850 1729 904 τίς
1758 841 1934 900 ἔκκληο

341 930 462 988 σίας
488 929 572 982 ἰπὶ
600 930 789 990 αἰτίαις
816 933 922 985 τισί
959 934 1468 1005 προκατεγνωσμένοι
1499 928 1593 988 εἷεν
1617 936 1704 989 καί
1742 934 1937 990 ἀποϐε-

344 1017 595 1090 ϐλημένον,
615 1015 644 1075 ἦ
666 1018 1012 1085 άκοινὼνητοι,
1035 1017 1134 1075 εἴτε
1161 1021 1264 1075 άπὸ
1286 1021 1491 1097 κλήρου,
1515 1020 1614 1078 εἴτε
1635 1024 1737 1078 ἀπὸ
1754 1023 1935 1078 λαῖκοῦ

286 1164 289 1167 λ
343 1114 635 1186 τάγματος,
666 1111 791 1186 μηδέ
834 1116 1039 1176 τούτοις
1088 1116 1269 1179 ἱξεῑναι
1310 1125 1603 1193 κατηγορεῖν
1632 1116 1933 1186 ἐπισκόπου,

348 1206 466 1276 πρὶν
517 1200 577 1259 ἂν
626 1207 688 1261 τό
738 1207 916 1261 οἰκεῖον
967 1206 1193 1281 ἔγκλημα
1241 1208 1492 1282 πρότερον
1548 1207 1934 1264 ἀποδύσωνται.

351 1300 561 1371 Ὁμοίως
590 1296 643 1353 δὲ
673 1300 756 1353 καί
777 1302 898 1360 τούς
922 1300 1023 1355 ύπό
1044 1306 1350 1378 κατηγορίαν
1372 1304 1737 1376 προλαϐοῦσαν
1762 1300 1937 1367 ὄντας.

349 1394 419 1463 μή
459 1388 710 1466 πρότερον
751 1387 877 1447 εἶναι
921 1390 1127 1454 δεκτούς
1155 1397 1227 1455 εἰς
1268 1396 1554 1451 ἐπισκόπου
1580 1400 1885 1473 κατηγορίαν
1901 1396 1939 1458 ,ἦ

349 1480 537 1557 ἕτίρων
562 1483 821 1561 κληρικῶν,
854 1487 973 1557 πρὶν
1004 1479 1067 1539 ἂν
1098 1486 1293 1544 άθώους
1319 1485 1539 1548 ἑαυτούς
1562 1494 1663 1543 τῶν
1692 1488 1941 1559 ἐπαχθέν-

348 1594 454 1630 των
496 1576 670 1635 αὐτοῖς
710 1573 1041 1639 ἀποδείξωσιν
1084 1577 1415 1649 ἐγκλημάτων.
1462 1581 1521 1632 Εἰ
1556 1579 1645 1649 μέν
1691 1580 1771 1632 τοί
1816 1599 1945 1639 τινες

354 1669 482 1736 μήτε
512 1665 778 1738 αἱρετικοὶ,
808 1671 936 1737 μήτε
967 1668 1290 1727 άκοινώνητοι
1314 1664 1430 1729 εἶεν,
1448 1672 1574 1742 μήτε
1604 1671 1947 1744 κατεγνωσμέ-

353 1774 431 1807 νοι
455 1751 484 1813 ἦ
505 1757 1005 1829 προκατηγορημὲνοι
1051 1756 1135 1810 ἕπί
1162 1778 1272 1811 τισι
1298 1756 1731 1828 πλημμελήμασι,
1761 1757 1947 1829 λέγοῖεν

2035 571 2171 631 literi
2193 573 2467 640 simulant,
2491 584 2910 643 segregaverunt
2927 584 3107 629 autem
3131 590 3269 641 sese,
3291 584 3348 630 et
3368 576 3623 633 adversus

2033 665 2325 720 canonicos
2345 674 2563 721 nostros
2591 665 2876 737 episcopos
2897 667 3370 735 congregationem
3400 668 3619 723 faciunt.

2036 753 2239 811 Deinde
2269 770 2396 811 vero
2417 757 2579 811 etiam
2621 756 2666 812 si
2687 758 2777 827 qui
2800 758 2869 813 ab
2895 757 3135 813 Ecclesia
3164 758 3234 813 ob
3263 758 3471 827 aliquas
3491 775 3623 813 cau-

2036 861 2125 904 sas
2151 856 2278 904 ante
2324 849 2685 914 condemnati,
2717 859 2773 905 et
2812 850 2991 920 ejecti,
3040 851 3127 906 vel
3175 851 3626 909 excommunicatl

2037 936 2252 1002 fuerint,
2277 940 2392 994 sive
2420 938 2619 1007 clerici,
2648 940 2760 995 sive
2788 940 2911 995 laici
2934 939 3137 996 ordinis
3164 939 3291 1005 sint,
3324 956 3394 995 ne
3420 940 3503 997 his
3517 940 3626 1010 qni-

2036 1030 2158 1087 dem
2183 1031 2341 1089 liceat
2358 1048 2617 1089 accusare
2636 1034 2968 1104 episcopum,
2986 1034 3296 1104 priusquam
3319 1034 3387 1088 de
3408 1033 3630 1104 proprio

2038 1123 2260 1178 crimine
2294 1121 2669 1179 satisfecerint.
2700 1124 2956 1180 Similiter
2983 1135 3161 1180 autem
3201 1133 3256 1179 et
3284 1124 3317 1178 ii
3342 1124 3433 1193 qui
3471 1127 3631 1179 scen.

2038 1212 2141 1273 sati
2177 1222 2322 1280 sunt,
2353 1228 2422 1269 ne
2449 1213 2597 1285 prius
2622 1212 2689 1269 ad
2716 1213 2952 1283 episcopi
2980 1213 3279 1269 aliorumve
3307 1212 3628 1269 clericorum

2040 1305 2437 1360 accusationem
2479 1302 2858 1370 admiuantur,
2886 1318 3138 1373 quam-se
3167 1303 3501 1372 obiectorum
3529 1299 3631 1357 sibi

2041 1395 2324 1451 criminum
2356 1396 2597 1451 insontes
2624 1394 2977 1462 ostenderint.
3008 1392 3063 1449 Si
3092 1409 3225 1449 vero
3254 1392 3496 1448 nonnulli
3530 1407 3634 1448 nec

2042 1485 2280 1541 hmretici
2304 1501 2405 1542 nec
2426 1484 2874 1541 excommunicati
2903 1483 3123 1553 fuerint,
3165 1501 3265 1540 nec
3298 1485 3447 1554 prius
3475 1484 3632 1539 dam-

2045 1578 2156 1633 nati
2183 1577 2267 1633 vel
2295 1576 2598 1646 aliquornm
2626 1575 2908 1632 criminum
2942 1574 3207 1639 accusati,
3246 1574 3426 1630 dicant
3452 1582 3634 1629 autem

2046 1684 2106 1724 se
2149 1668 2349 1725 habere
2388 1668 2624 1737 aliquam
2661 1666 3082 1723 ecclesiasticam
3128 1664 3386 1721 adversus
3423 1664 3636 1735 episco-

2048 1776 2173 1832 pum
2212 1760 2610 1816 accusationem
2658 1776 2673 1813 :
2706 1760 2806 1814 hos
2835 1759 2992 1829 jubet
3033 1765 3221 1814 sancta
3256 1757 3493 1829 synodus
3530 1756 3638 1827 pri.

355 1842 412 1898 δὲ
441 1842 472 1900 ἕ
474 1866 590 1916 χειν
618 1846 731 1899 τινά
759 1846 1181 1907 ἐκκλησιαστικήν
1209 1852 1342 1904 κατά
1366 1851 1454 1900 τοῦ
1484 1843 1771 1902 ἐπισκόπου
1797 1869 1948 1905 κατη-

2061 1867 2196 1907 rnum
2222 1852 2438 1922 quidem
2459 1851 2601 1921 apud
2629 1865 2819 1906 omnes
2854 1850 3002 1905 illius
3034 1848 3327 1920 provincia:
3354 1848 3640 1918 episcopos

356 1939 550 2009 γορίαν’
597 1938 815 1999 τούτους
859 1938 1047 1994 κελεύει
1070 1940 1099 1995 ἡ
1122 1938 1244 2009 ἁγία
1283 1936 1496 1999 σύνοδος
1520 1945 1720 2016 πρῶτον
1746 1942 1837 2005 μὲν
1863 1942 1950 1996 ἕπί

358 2038 460 2083 τῶν
495 2038 586 2089 τῆς
634 2030 890 2108 ἐπαρχίας
929 2031 1132 2085 πάντων
1180 2028 1477 2086 ἓπισκόπων
1528 2031 1821 2086 ἐνίστασθαι
1855 2035 1950 2093 τὰς

358 2124 689 2197 κατηγορίας,
717 2115 1111 2183 καίκίπῗαύτῶν
1150 2123 1379 2196 ἐλέγχειν
1423 2124 1489 2179 τά
1528 2124 1815 2197 ἔγκληματα
1857 2131 1949 2180 τοῦ

356 2214 408 2267 ἓν
452 2216 637 2272 αἰτίαις
675 2216 808 2268 τισίν
835 2213 1148 2269 ἐπισκόπου.
1194 2217 1252 2267 Εἰ
1280 2213 1334 2269 δὲ
1364 2215 1597 2286 συμϐαίη
1632 2214 1954 2276 άδυνατῆσαι

356 2306 480 2364 τοὺς
527 2306 874 2376 ἐπαρχιῶτας
924 2302 1058 2379 πρὸς
1117 2301 1389 2379 διόρθωσιν
1434 2312 1534 2360 τῶν
1591 2305 1953 2379 ἕπιφερομένων

357 2399 683 2472 ἕγοιλημάτων
712 2404 786 2472 τῷ
806 2397 1096 2467 ἕπισκὸπῳ,
1125 2396 1240 2453 τότε
1268 2399 1452 2456 αὐτοὺς
1476 2399 1743 2472 προσιέναι
1767 2399 1955 2467 μείζονι

362 2489 566 2562 συνόδῳ
595 2499 696 2545 τῶν
717 2498 805 2549 τῆς
829 2488 1131 2549 διοικήσεως
1156 2488 1453 2543 ἐπισκόπων
1481 2490 1687 2550 ἐκείνης.
1711 2491 1843 2562 ὑπὲρ
1863 2496 1955 2549 τῆς

358 2584 530 2642 αἰτίας
548 2580 742 2642 ταύτης
766 2582 1203 2655 συγκαλουμινῳν,
1234 2583 1318 2634 καί
1343 2585 1413 2650 μὴ
1438 2588 1643 2655 πρῶτον
1666 2576 1955 2654 [πρότερονι

360 2675 662 2729 ἑνίστασθαι
691 2678 783 2732 τὴν
809 2673 1140 2744 κατηγορίαν,
1160 2673 1282 2746 πρίν
1307 2669 1338 2730 ἦ
1369 2672 1630 2745 ἐγγράφως
1659 2672 1849 2730 αύτούς
1871 2673 1958 2726 τῖν

359 2762 474 2819 ἴσον
514 2765 687 2824 αὐτοῖς
734 2764 1155 2833 ὑποτιμήσασθαε
1199 2760 1664 2836 [ἃπιτιμήσασθαι]
1710 2760 1955 2827 κίνδυνον,

360 2854 509 2929 εἴπερ
551 2856 601 2909 ἰν
630 2862 693 2929 τῇ
730 2860 831 2910 τῶν
868 2855 1185 2930 πραγμάτων
1219 2854 1358 2918 τάξει
1402 2852 1665 2926 [ἐξετάσει]
1703 2874 1959 2926 συκοφαν-

363 2946 686 3006 τοῦντες’τὸν
710 2945 1149 3018 κατηγορούμενον
1174 2945 1455 2999 ὶπίσκοπον
1476 2944 1787 3015 ὶλεγχθεῖεν.
1819 2948 1877 2999 Εἰ
1905 2943 1960 3001 δέ

360 3057 443 3097 τις
467 3040 854 3113 καταφρονήσας
873 3042 974 3103 τῷν
993 3035 1124 3091 κατά
1142 3035 1206 3090 τά
1224 3033 1608 3107 προδηλωθέντα
1630 3032 1959 3105 δεδογμένων,

362 3131 662 3201 τολμήσειεν
707 3128 739 3189 ἣ
789 3128 1065 3201 βασιλικάς
1118 3122 1474 3200 [βασιλικαῖς]
1523 3127 1751 3198 ἐνοχλεῖν
1801 3128 1964 3189 ἀκοάς

2052 1942 2331 1998 instituere
2350 1942 2724 1998 accusationes
2752 1950 2809 1996 et
2833 1940 2977 2011 apud
3007 1956 3105 1996 eos
3128 1940 3356 1996 crimina
3393 1954 3487 1995 reo
3525 1938 3641 2007 epi-

2051 2050 2221 2105 scopo
2250 2035 2466 2104 objecta
2493 2035 2726 2105 probare
2752 2042 2811 2089 et
2838 2048 3087 2103 arguere.
3129 2032 3185 2089 Si
3224 2048 3353 2088 vero
3390 2030 3642 2087 acciderit

2052 2126 2415 2198 provinciales
2438 2124 2504 2179 ad
2532 2125 2926 2181 correctionem
2965 2125 3179 2180 illorum
3220 2122 3502 2179 criminum
3532 2137 3643 2176 non

2053 2214 2321 2280 suﬂicere,
2356 2224 2485 2271 tunc
2513 2214 2778 2271 accedant
2820 2214 2888 2270 ad
2928 2213 3191 2283 majorem
3222 2211 3489 2285 synodum
3531 2210 3646 2280 epi-

2055 2321 2343 2376 scoporum
2374 2306 2515 2360 illius
2542 2305 2872 2369 dimceseos,
2900 2304 2993 2375 qui
3024 2305 3126 2359 hac
3157 2303 3226 2359 de
3254 2317 3414 2359 causa
3439 2315 3644 2357 convo-

2055 2397 2159 2451 cati
2188 2395 2401 2460 fuerint,
2436 2409 2536 2450 nec
2562 2395 2713 2465 prius
2732 2394 3129 2450 accusationem
3158 2394 3463 2457 instituant,
3484 2405 3644 2462 quam

2055 2487 2256 2557 scripto
2284 2487 2399 2557 pari
2421 2486 2665 2556 periculo
2692 2501 2752 2542 se
2776 2486 3086 2555 subjiciant,
3116 2484 3379 2554 siquidem
3402 2492 3645 2539 actorum

2056 2579 2196 2635 serie
2228 2579 2280 2633 in
2315 2578 2667 2634 accusatione
2704 2577 2942 2649 episc0pi
2980 2576 3313 2631 calumniose
3353 2575 3528 2644 egisse
3567 2573 3649 2627 in-

2056 2672 2359 2727 venientur.
2401 2669 2458 2725 Si
2493 2671 2615 2739 quis
2643 2678 2822 2725 autem
2858 2668 3051 2740 spretis
3076 2668 3179 2730 his,
3218 2681 3369 2737 quae,
3400 2675 3461 2720 ut
3500 2665 3650 2735 prius

2058 2762 2392 2819 declaratum
2419 2770 2523 2829 est,
2544 2768 2747 2817 statuta
2778 2769 2925 2828 sunt,
2958 2774 3123 2816 ausus
3159 2757 3321 2813 fuerit
3351 2757 3438 2812 vel
3478 2757 3649 2826 impe-

2059 2851 2257 2908 ratoris
2295 2865 2455 2908 aures
2492 2851 2812 2914 obtundere,
2856 2850 2944 2906 vel
2986 2848 3323 2906 stecularium
3364 2847 3648 2916 magistra-

2062 2952 2210 2999 tuum
2242 2943 2561 3008 tribunalia,
2590 2942 2679 2998 vel
2706 2942 2969 3014 synodum
3015 2940 3402 2997 mcumenicam
3438 2946 3649 3008 pertur-

2061 3036 2221 3101 bare,
2263 3034 2588 3107 contemptis
2625 3034 2874 3090 omnibus
2911 3032 3207 3089 dioeceseos
3235 3027 3522 3101 episcopis,
3563 3026 3652 3085 hic

2063 3130 2285 3187 omnino
2304 3128 2371 3185 ad
2391 3128 2790 3185 accusationem
2816 3142 2924 3182 non
2948 3133 3033 3181 est
3052 3123 3439 3190 admittendus,
3464 3127 3654 3191 utpote

364 3216 607 3291 1άκοαῖς],
637 3218 669 3279 ἢ
709 3226 963 3291 κοσμαυῦν
998 3218 1262 3293 ἀρχόντων
1305 3216 1631 3292 δικαστήρια,
1658 3217 1688 3277 ἢ
1738 3219 1957 3288 οίκουμε-

2064 3223 2156 3293 qui
2182 3222 2480 3279 canonibus
2515 3221 2766 3293 injuriam
2802 3218 2995 3290 infert,
3025 3228 3082 3276 et
3109 3220 3356 3299 ordinem
3392 3215 3651 3276 ecclesia-

362 3314 501 3370 νικῆν
544 3308 757 3365 σύνοδον
801 3310 1115 3384 ταράσσειν,
1156 3309 1357 3369 πάντας
1399 3309 1662 3379 ἀτιμάσας
1700 3310 1822 3369 τοὺς
1868 3317 1961 3371 τῆς

280 3412 281 3415 “
364 3400 660 3463 διοικόσεως
703 3400 1045 3464 ἕπισκὸπους,
1086 3399 1173 3457 τόν
1218 3406 1451 3456 τοιοῦτον
1489 3400 1550 3455 τὸ
1601 3402 1847 3477 παράπαν
1892 3402 1964 3461 εις

364 3495 668 3568 κατηγορίαν
707 3496 777 3563 μη
817 3487 943 3547 εἶναι
970 3488 1144 3547 δεκτόν
1161 3530 1177 3554 ,
1204 3493 1273 3553 ὦς
1302 3490 1688 3567 καθυϐρίσαντα
1714 3492 1836 3553 τοὺς
1861 3490 2090 3560 κανόνας,
2118 3494 2200 3547 καί
2227 3496 2317 3551 τὴν
2346 3492 2764 3552 ἐκκλησιαστικιέν
2784 3488 3129 3561 λυμηνάμενον
3157 3488 3413 3552 εὐταξίαν.

439 3586 533 3659 ρο’.
574 3585 704 3643 Τοὺς
740 3581 1168 3656 προστιθεμένους
1200 3588 1262 3656 τῇ
1312 3578 1576 3655 ὁρθοδοξίᾳ
1599 3582 1682 3634 καί
1705 3588 1768 3654 τῇ
1794 3579 1965 3655 μερίδι

368 3680 470 3731 τῶν
497 3673 796 3741 σωνομὲνων
824 3672 927 3726 ἀπὸ
958 3671 1248 3747 αἱρετικῶν,
1280 3667 1542 3741 δεχόμεθα
1566 3670 1696 3725 κατά
1718 3674 1810 3731 τήν
1836 3671 1964 3725 ὑπο-

366 3768 675 3838 τεταγμένα
699 3765 991 3833 ἀκολουθίαν
1029 3766 1112 3819 καὶ
1143 3763 1428 3820 συνήθειαν
1462 3760 1747 3837 ’Δρειανούς
1769 3764 1859 3833 μέν
1882 3765 1968 3817 καί

366 3856 765 3917 Μακεδονιανοὺς
785 3856 1245 3914 καὶΣαϐϐατιανούς
1260 3859 1345 3910 καί
1361 3856 1733 3917 Ναυατιανοὺς,
1748 3856 1868 3914 τοὺς
1888 3854 1967 3907 λέ-

366 3969 551 4023 γοντας
579 3948 794 4008 ίαυτοῦς
815 3948 1071 4024 καθαρούς
1100 3950 1187 4001 καί
1214 3947 1522 4021 ἀριστεροὺς
1549 3944 1864 4021 [ἀρίστουςῙ.
1884 3948 1969 3999 καί
1992 3938 1997 3947 ’

367 4048 491 4115 τούς
533 4040 1163 4119 Τεσσαρεσκαιδεκατίτας
1196 4039 1361 4097 εἴτουν
1406 4036 1603 4113 [ἤγουν]
1633 4038 1969 4113 Τετραδίτας,

368 4139 457 4192 καὶ
499 4134 948 4211 ’Δπολλιναριστᾶς
993 4133 1253 4205 δεχόμεθα
1302 4133 1534 4195 διδόντας
1573 4136 1831 4193 ὶιϐίλλους
1887 4136 1967 4189 καί

370 4229 828 4297 ἀναθεματίζοντας
854 4230 1030 4280 πᾶσαν
1057 4225 1270 4299 αἰρεσιν.
1294 4229 1366 4290 μή
1390 4231 1675 4297 φρονοῦσαν
1704 4226 1773 4282 ὡς
1796 4230 1972 4296 φρονεῖ

370 4325 405 4381 vi
586 4325 678 4376 τοῦ
709 4324 839 4374 Θεοῦ
869 4316 1104 4376 καθολική
1143 4317 1231 4371 καί
1254 4314 1564 4373 ἀποστολική
1597 4314 1854 4371 ἐκκλησία’
1881 4317 1970 4368 καὶ

376 4410 815 4485 σφραγιζομένους
834 4408 948 4466 ἦτοι
970 4406 1285 4480 νχριομένους
1309 4410 1513 4479 πρῶτον
1538 4412 1613 4477 τῷ
1639 4402 1769 4476 ἁγίῳ
1792 4404 1966 4476 μύρῳ,

370 4506 433 4559 τό
470 4522 524 4558 τε
550 4503 780 4573 μέτωπον
807 4504 895 4556 καί
921 4502 1044 4561 τοὺς
1073 4500 1353 4575 ὀρθαλμούς
1394 4503 1478 4555 καί
1503 4501 1602 4561 τάς
1631 4506 1771 4567 ῥῖνας
1798 4501 1886 4554 καί
1909 4498 1972 4554 τὸ

374 4595 549 4665 στόμα
574 4596 659 4649 καί
694 4594 762 4649 τά
789 4590 916 4648 ὦτα’
958 4595 1045 4648 καί
1082 4596 1447 4666 σφραγίζοντες
1487 4594 1703 4657 αὐτούς,
1739 4592 1968 4662 λέγομεν,
1996 4620 2051 4683 D

379 4707 402 4743 ε
424 4690 638 4764 Σφραγίς
666 4685 865 4761 δωρεᾶς
887 4688 1180 4755 πνεύματος
1383 4704 1402 4738 ι
1421 4688 1756 4757 Εὖνομιανούς·
1777 4688 1868 4758 μέν
1886 4706 1968 4742 τοι

374 4784 499 4842 τἰύς
522 4783 595 4841 εἶς
769 4777 1053 4835 κατάδυσιν
1076 4779 1500 4850 βαπτιζομένους,
1526 4782 1611 4833 καὶ
1630 4781 1981 4840 Μσντανιστάςν

372 4875 499 4934 τοὺς
538 4872 755 4927 ἕνταῦθα
780 4870 1077 4942 λεγομένους
1108 4870 1328 4942 Φρύγας,
1354 4873 1439 4924 καί
1466 4868 1823 4929 Σαϐελλιανούς
1846 4871 1969 4929 τούς

371 4963 705 5037 ηίοπατορίαν
749 4959 1083 5019 διδάσκοντας
1125 4956 1458 5030 [δοξάζοντας
1473 4958 1515 5030 ],
1544 4963 1625 5013 καί
1662 4960 1814 5034 ἕτερά
1858 4980 1970 5017 τινα

376 5053 587 5125 χαλεπά
612 5059 915 5114 ποιοῦντας⁶
946 5053 1032 5105 καί
1066 5052 1161 5111 τὰς
1200 5046 1356 5109 ἄλλας
1383 5051 1555 5110 πάσας
1581 5051 1800 5127 αἷρίσεις
1827 5049 1970 5120 [τοὺς

378 5139 562 5203 ἄλλους
594 5145 788 5204 πάντας
823 5138 1133 5220 αίρετικούς]
1163 5138 1359 5211 (ἐπειδή
1383 5140 1552 5193 πολλοί
1586 5142 1710 5194 εἰσιν
1734 5140 1967 5202 ἐνταῦῖα,

377 5231 602 5304 μάλιστα
625 5231 674 5285 ei
703 5233 805 5287 ἀπὸ
826 5240 920 5292 τῆς
947 5230 1182 5286 Γαλατῶν
1206 5232 1387 5304 χώρας
1410 5228 1684 5305 ἐρχόμενοι
1715 5228 1971 5302 Ιόρμὼμεο

536 5324 734 5382 πάντας
777 5323 899 5380 τοὺς
928 5321 1193 5376 ἀπἀὐτῶν
1238 5320 1471 5378 θέλοντας
1500 5317 1867 5391 προστίθεσθαι
1908 5326 1970 5392 τῇ

381 5410 741 5489 ὀρθοδοξίᾳ,ὡς
756 5410 991 5471 Ἕλληνας
1016 5410 1293 5481 δεχόμεθα,
1321 5413 1409 5463 καὶ
1428 5413 1519 5468 τήν
1548 5409 1754 5482 πρώτην
1779 5409 1970 5482 ἡμέραν

380 5509 626 5573 ποιοῦμεν
646 5502 831 5561 αὐτούς
860 5504 1213 5577 Χριστιανούς,
1236 5507 1325 5561 τὴν
1354 5500 1405 5556 δὲ
1438 5499 1679 5577 δευτέραν
1700 5521 1969 5571 κατηχου·

383 5604 583 5659 μένους,
611 5589 719 5649 εἶτα
743 5600 806 5669 τῇ
830 5594 979 5668 τρίτη
1013 5594 1323 5667 ίξορκίζομεν
1364 5595 1553 5654 αὐτοὺς
1592 5593 1722 5665 μετά
1748 5597 1836 5648 τοῦ
1877 5595 1971 5665 ἐμ-

382 5692 551 5759 φυσᾷν
572 5688 742 5761 τρίτον
767 5684 837 5745 ε⁸ς
860 5682 918 5738 τό
944 5680 1223 5759 πρόσωπον
1246 5684 1332 5736 καί
1356 5685 1429 5743 είς
1455 5685 1523 5737 τά
1544 5678 1671 5739 dira“
1701 5684 1784 5736 καί
1810 5680 1975 5742 οἵτως

385 5787 711 5853 γατηχοῦμεν
738 5775 957 5841 αὐτοὺς,
992 5778 1079 5829 καί
1118 5780 1362 5845 ποιοῦμεν
1392 5778 1648 5850 χρονίζειν
1674 5777 1747 5835 είς
1776 5780 1865 5835 τήν
1893 5775 1973 5828 ix-

2067 3315 2257 3372 sticum
2281 3315 2507 3372 evertit.

2138 3580 2343 3636 CLXX.
2370 3612 2442 3624 --
2470 3582 2522 3636 7.
2562 3581 2672 3637 Eos
2697 3581 2790 3650 (ιυί
2830 3595 2899 3635 ex
2940 3578 3207 3635 haereticis
3240 3586 3403 3633 rectae
3443 3573 3562 3630 ﬁdei
3598 3583 3656 3630 et

2068 3673 2208 3744 parti
2232 3688 2421 3735 eorum
2448 3673 2541 3742 qui
2568 3671 2862 3735 salvantur,
2888 3670 3168 3725 adhazrere
3195 3668 3435 3739 cupiunt,
3465 3666 3659 3723 admit-

2072 3766 2233 3821 timus
2272 3763 2568 3821 seeundum
2611 3761 2913 3831 subjectum
2950 3760 3194 3815 ordinem
3223 3766 3278 3814 et
3314 3755 3658 3813 consuetudi-

2073 3872 2218 3912 nem.
2246 3856 2474 3910 Arianos
2495 3853 2710 3925 quidem
2737 3860 2794 3907 et
2822 3850 3260 3910 Macedonianos,
3290 3856 3345 3902 et
3374 3845 3661 3903 Sabbatia-

2074 3963 2197 4014 nos,
2224 3956 2281 4001 et
2306 3945 2635 4001 Novatianos
2660 3942 2752 4012 qui
2785 3957 2846 3997 se
2874 3955 3038 4012 puros
3071 3947 3127 3995 et
3165 3938 3413 3993 sinistros
3439 3945 3661 4005 vocant,

2072 4046 2130 4092 et
2155 4034 2673 4103 Quartodecimanos
2716 4032 2830 4087 sive
2869 4029 3274 4098 Quaternarios,
3306 4035 3362 4083 et
3390 4026 3663 4097 Apollina-

2073 4128 2233 4183 ristas
2270 4126 2586 4197 recipimus,
2624 4123 2817 4179 dantes
2850 4121 3067 4191 quidem
3106 4119 3317 4175 libellos
3350 4126 3407 4173 et
3444 4132 3661 4173 omnem

2072 4217 2318 4273 hzeresim
2341 4223 2707 4280 exsecrantes,
2740 4228 2859 4282 quin
2880 4227 2989 4281 non
3014 4209 3302 4267 conveniat
3328 4223 3452 4264 cum
3473 4218 3663 4262 sancta

2072 4306 2171 4362 Dei
2200 4306 2469 4362 catholica
2498 4313 2555 4359 et
2579 4303 2879 4374 apostolica
2905 4301 3182 4366 Ecclesia;
3215 4307 3272 4355 et
3298 4300 3540 4369 signatos
3584 4298 3657 4353 si-

2073 4415 2141 4455 ve
2165 4408 2360 4454 unctos
2390 4397 2616 4469 primum
2656 4401 2814 4450 saero
2853 4402 3157 4460 unguento,
3206 4399 3262 4446 et
3300 4389 3567 4455 frontem,
3605 4394 3664 4443 et

2076 4490 2286 4556 oculos,
2317 4498 2374 4545 et
2417 4503 2598 4553 nares,
2630 4495 2685 4541 et
2712 4501 2794 4550 os,
2826 4492 2883 4539 et
2914 4497 3073 4539 aures
3108 4500 3121 4535 :
3160 4491 3217 4537 et
3243 4496 3338 4536 eos
3365 4479 3660 4547 signantes,

2075 4582 2334 4638 dicimus:
2358 4579 2711 4651 Signaeulum
2738 4576 2868 4632 doni
2895 4574 3124 4645 Spiritus
3144 4572 3339 4627 sancti.
3370 4569 3663 4624 Eunomia-

2075 4690 2177 4731 nos
2203 4682 2405 4740 autem,
2435 4673 2528 4742 qui
2568 4686 2673 4725 una
2705 4666 3055 4723 immersiuue
3095 4664 3440 4735 baptizantur
3480 4679 3495 4714 :
3534 4661 3660 4715 item

2076 4768 2433 4823 Montanistas
2457 4765 2552 4835 qui
2579 4765 2669 4820 hic
2695 4762 3035 4832 appellantur
3076 4759 3345 4829 Phryges,
3389 4764 3447 4809 et
3474 4753 3665 4808 Sabel-

2076 4860 2249 4915 lianos
2277 4858 2370 4928 qui
2399 4855 2649 4912 eumdem
2674 4869 2794 4909 esse
2823 4851 3035 4907 Patrem
3057 4860 3115 4905 et
3133 4848 3325 4902 Filium
3349 4844 3663 4916 opinantur,

2076 4957 2132 5005 et
2184 4948 2289 5002 alia
2335 4946 2580 5016 quadam
2623 4942 2846 5011 indigna
2893 4940 3099 4995 faciunt
3143 4957 3155 4991 :
3196 4937 3437 5006 aliasque
3475 4948 3665 4989 omnes

2077 5038 2309 5093 haereses
2336 5034 2610 5107 (quoniam
2632 5034 2719 5089 hic
2748 5031 2899 5086 multi
2930 5038 3055 5084 sunt
3074 5026 3331 5090 haeretici,
3355 5033 3412 5080 et
3433 5023 3666 5078 maxime

2078 5127 2169 5199 (ιυί
2194 5142 2262 5183 ex
2290 5124 2601 5181 Galatarum
2630 5123 2851 5192 regione
2883 5116 3122 5188 veniunt)
3153 5115 3464 5184 quicunque
3485 5127 3551 5165 ex
3584 5109 3665 5164 his

2077 5228 2241 5274 recta:
2263 5216 2385 5272 ﬁdei
2408 5214 2639 5270 adscribi
2659 5212 2868 5275 volunt,
2892 5208 3038 5263 velut
3057 5206 3274 5261 (iuncos
3298 5201 3659 5259 admittimus:

2076 5326 2142 5367 ac
2167 5310 2341 5379 primo
2371 5305 2583 5378 quidem
2610 5304 2695 5359 die
2725 5317 2820 5357 eos
2849 5300 3171 5355 christianos
3196 5295 3555 5363 designamus,
3589 5290 3665 5343 al-

2078 5410 2195 5458 tero
2227 5401 2666 5463 catechumenos,
2699 5394 2892 5451 deinde
2922 5392 3081 5448 tertio
3102 5390 3189 5446 die
3218 5389 3524 5457 adjuramus
3546 5402 3665 5450 eos,

2080 5502 2164 5548 ter
2190 5491 2347 5546 simul
2376 5491 2429 5545 in
2467 5488 2656 5544 faciem
2687 5500 2875 5541 eorum
2926 5491 2983 5536 et
3027 5496 3186 5535 aures
3230 5475 3572 5532 insulﬂando.
3604 5472 3670 5527 Et

2078 5584 2158 5640 sic
2203 5581 2525 5638 instituimus
2550 5588 2608 5635 et
2638 5577 2912 5633 erudimus
2940 5590 3054 5640 eos,
3096 5572 3392 5640 damusque
3420 5582 3666 5639 operam,

2080 5686 2143 5733 ut
2181 5676 2343 5747 longo
2389 5683 2634 5746 tempore
2662 5673 2715 5728 in
2745 5669 2987 5728 Ecclesia
3017 5675 3319 5735 versentur,
3348 5672 3405 5720 et
3449 5661 3669 5718 audiant

2082 5770 2382 5841 Scripturas
2412 5786 2424 5824 :
2456 5775 2510 5824 et
2535 5777 2662 5825 tunc
2690 5780 2785 5823 eos
2809 5764 3163 5836 baptizamus.

387 5878 607 5938 ὐησίαν,
652 5875 737 5928 καί
780 5870 1067 5947 ἆκροᾶσθαι
1103 5874 1203 5925 τῶν
1243 5874 1471 5943 γραφῶν,
1514 5871 1601 5925 καί
1630 5869 1745 5927 τότε
1778 5869 1963 5929 αὐτοὺς
2000 5865 2332 5940 βαπτίζομεν.
