4040 6202
434 258 500 316 8t
1389 265 1612 325 coosx
1650 270 1981 329 amomum
2027 273 2387 332 immense
2429 276 2804 335 secessus.
3554 240 3557 243 V
3666 290 3735 346 δτι

947 474 1505 585 CONCILII
1613 426 2213 589 EP'HESINI
2288 446 3036 597 (ECUMENICI
3112 493 3246 597 III

1512 621 1878 685 CANONES
1934 623 2105 685 VIII.
2142 626 2275 703 (an.
2316 627 2467 691 Chr.
2526 628 2668 710 1.31)

461 392 818 414 ———

833 397 3723 439 Μ

502 805 634 881 ρια’.
665 803 730 861 Εἴ
748 829 829 871 τις
860 807 886 865 ό
910 808 1289 885 μητροπολίτης
1315 818 1408 871 τῆς
1444 809 1706 887 ἐπαρχίας
1736 813 2032 873 ἀποστατή-

2214 812 2448 874 CLXXI.
2479 850 2551 860 —
2582 816 2630 871 l.
2662 818 2719 875 Si
2764 818 2886 889 quis
2915 821 3369 892 metr0politanus
3398 824 3689 895 provinciae
3712 843 3743 884 a

426 920 535 960 σοις
567 908 661 959 τῆς
688 899 842 973 ἁγίας
884 902 970 956 καί
1008 902 1359 973 οἱκουμενικῆς
1392 900 1632 971 συνόδου,
1662 905 1936 982 προσέθετο
1966 913 2040 978 τῷ

426 999 528 1053 τῆς
572 994 898 1054 ἀποστασίας
944 991 1215 1070 συνεδρίῳ,
1248 993 1279 1054 ἦ
1311 996 1441 1067 μιτά
1470 1002 1624 1052 τοῦτο
1653 1000 1978 1073 προστεθείη,
2010 998 2040 1058 ἣ

430 1085 501 1137 τά
542 1084 810 1139 κελεστίου
848 1084 1119 1159 ἔφρόνησεν
1147 1084 1177 1145 ἦ
1202 1090 1460 1162 φρονήσοι·
1493 1084 1644 1147 οὗτος
1670 1089 1799 1144 κατά
1820 1097 1920 1143 τῶν
1949 1095 2041 1150 τῆς

428 1175 702 1249 έπαρχίας
751 1176 1022 1251 ἀρχόντων
1070 1180 1156 1232 καί
1198 1178 1498 1234 ἐπισκόπων
1549 1178 1953 1256 διαπράττεσθαί
1988 1204 2041 1240 τι

426 1264 667 1333 οὐδαμῶς
690 1265 927 1333 δύναται,
946 1270 1125 1330 πάσης
1152 1270 1574 1334 ἐκκλησιωτικῆς
1596 1276 1849 1337 κοινωνίας
1875 1277 2040 1331 ἐντεῦ-

425 1358 513 1411 θεν
536 1356 632 1417 ἤδη
656 1360 763 1415 ύπό
785 1366 877 1423 τῆς
919 1360 1139 1418 συνόδου
1185 1364 1545 1436 ἐκϐεϐλημένος
1591 1369 1675 1421 καί
1715 1370 2040 1443 ἀνινέργητος

426 1452 720 1527 ὑπάρχων·
751 1453 874 1507 άὶθὰ
893 1456 977 1509 καί
1004 1456 1187 1517 αύτοῖς
1208 1464 1317 1519 τοῖς
1341 1465 1432 1519 τῆς
1452 1460 1719 1533 ἐπαρχίας
1744 1461 2040 1523 ἐπισκόποις

426 1546 522 1597 καὶ
568 1552 681 1606 τοῖς
722 1547 873 1621 πέριξ
908 1548 1332 1622 μητροπολίταις,
1364 1558 1472 1612 τοῖς
1513 1552 1581 1607 τά
1619 1560 1713 1612 τῆς
1748 1550 2035 1626 ὀρθοδοξίας

424 1643 704 1707 φρονοῦσιν
726 1637 1033 1693 ὑποκεῖσθαι
1078 1644 1149 1703 εἰς
1170 1640 1228 1697 τό
1243 1641 1272 1677 ⁸
1288 1642 1474 1709 πάντη,
1500 1645 1582 1699 καὶ
1606 1648 1697 1699 τοῦ
1722 1643 1920 1716 βαθμοῦ
1946 1653 2041 1707 τῆς

424 1731 715 1789 ἐπισκοπῆς
744 1730 1059 1789 ἐκϐληθῆναι.

502 1817 635 1894 ροϐζ
665 1822 723 1873 Εἰ
745 1817 800 1875 δέ
828 1841 961 1881 τινες
991 1821 1325 1897 ἓπαρχιῶται
1352 1823 1625 1880 ἐπίσκοποι
1662 1825 2038 1900 ἀπελείφθησαν

428 1917 525 1969 τῆς
564 1908 717 1983 ἁγίας
757 1910 975 1967 συνόδου
993 1952 1008 1977 ,
1037 1917 1118 1968 καί
1153 1922 1215 1989 τῇ
1245 1917 1548 1991 ἀποστασία
1576 1920 1981 1995 προσετέθησαν,
2006 1919 2038 1979 ἦ

426 2002 781 2070 προστεθῆναι
820 2004 1124 2077 πειραθεῖεν,
1153 2003 1184 2063 ἦ
1214 2008 1300 2059 καὶ
1334 2006 1725 2083 ύπογράψαντες
1763 2008 2040 2085 [ύποστρέ-

430 2086 651 2161 φοι-ντες]
676 2100 740 2166 τῇ
767 2094 1044 2167 Νεστορῖου
1090 2096 1380 2171 καθαιρέσει
1421 2097 1864 2176 ἑπαλινδρόμησοιν
1908 2102 2042 2175 πρός

2144 918 2328 964 sancta
2358 918 2414 965 et
2450 912 2783 967 meumenica
2813 913 3019 984 synodo
3050 912 3372 981 desciscens,
3426 916 3745 973 defectionis

2144 1002 2421 1058 consessui
2460 1004 2700 1070 adhaesit,
2733 1005 2819 1060 vel
2850 1014 3037 1076 postea
3060 1006 3366 1073 adlucserit,
3391 1006 3475 1061 vel
3506 1024 3627 1062 cum
3650 1009 3750 1062 Ce-

2143 1092 2299 1151 lestio
2320 1096 2488 1151 sensit
2507 1106 2600 1151 aut
2628 1098 2888 1153 senserit:
2923 1099 2967 1154 is
2998 1097 3259 1154 adversus
3284 1099 3575 1168 provincia:
3606 1115 3742 1170 prte-

2142 1184 2285 1240 sides
2314 1194 2370 1240 et
2395 1186 2682 1258 episcopos
2711 1188 2843 1242 nihil
2875 1188 3096 1245 omnino
3145 1204 3308 1260 agere
3357 1198 3558 1260 potest,
3588 1192 3738 1246 omni

2142 1275 2511 1332 ecclesiastica
2540 1278 2922 1334 communione
2951 1280 3146 1336 abhinc
3188 1279 3299 1349 jam
3342 1297 3373 1335 a
3419 1281 3628 1353 synodo
3656 1298 3746 1339 se—

2141 1367 2344 1434 clusus,
2375 1377 2430 1424 et
2457 1367 2523 1423 ad
2552 1369 2755 1423 nullum
2787 1372 3147 1425 exercendum
3170 1387 3364 1427 munus
3394 1372 3743 1443 ofﬁciumque

2142 1458 2367 1514 idoneus
2392 1461 2648 1516 existens.
2683 1460 2789 1517 Sed
2821 1472 2876 1517 et
2895 1462 3023 1533 ipsis
3053 1465 3344 1534 provinciae
3374 1465 3661 1537 episcopis,
3687 1478 3743 1523 et

2142 1549 2381 1606 ﬁnitimis
2409 1553 2847 1624 metropolitanis
2870 1556 3229 1611 orthodoxam
3257 1555 3414 1612 iidem
3439 1556 3738 1629 proﬁtenti<

2139 1644 2260 1710 bus,
2286 1644 2509 1700 omnino
2538 1645 2875 1717 subjicietur,
2909 1647 3056 1703 etde
3086 1648 3430 1720 episcOpatus
3450 1650 3619 1720 gradu
3648 1650 3742 1709 de-
3776 1680 3785 1691 ·

2133 1734 2373 1806 jicietur.

2209 1826 2465 1883 CLXXII.
2502 1862 2560 1873 --
2581 1830 2635 1884 9..
2668 1830 2725 1886 Si
2750 1831 2841 1899 qui
2868 1831 3232 1901 provinciales
3269 1832 3507 1903 episcopi
3535 1842 3741 1889 sancta:

2138 1921 2350 1994 synodo
2399 1938 2508 1977 non
2558 1920 2941 1988 interfuerunt,
2990 1932 3044 1979 et
3094 1923 3417 1980 defectionis
3459 1929 3739 1981 consessui

2138 2012 2477 2069 adhmerunt
2506 2014 2592 2069 vel
2641 2014 2919 2070 adhaerere
2967 2017 3310 2084 studuerunt,
3344 2018 3426 2073 vel
3456 2029 3743 2089 postquam

2138 2104 2371 2160 Nestorii
2418 2104 2746 2175 depositioni
2798 2106 3268 2176 subscripserunt,
3310 2109 3377 2163 ad
3425 2109 3745 2166 defectionis

428 2182 492 2236 τό
533 2191 627 2242 τῆς
670 2184 1003 2246 ἀποστασίας
1046 2186 1329 2261 συνέδριον,
1372 2192 1591 2252 τούτους
1618 2194 1787 2252 πάντη
1832 2182 1960 2248 κατά
1983 2196 2037 2249 τό

2151 2210 2455 2251 consessum
2472 2195 2671 2267 relapsi
2692 2204 2834 2261 sunt,
2855 2197 2889 2252 ii
2920 2198 3236 2265 oninino,ut
3252 2199 3421 2255 visum
3448 2209 3743 2257 estsancta:

427 2272 584 2340 δόξαν
612 2286 677 2350 τῇ
864 2276 1088 2351 συνόδῳ,
1114 2280 1409 2359 ἀλλοτρίους
1443 2279 1571 2340 εἶναι
1602 2293 1697 2346 τῆς
1734 2285 2034 2364 ἱερωσύνης,

429 2371 523 2423 καί
546 2375 640 2424 τοῦ
667 2369 866 2443 βαθμοῦ
898 2372 1238 2436 ἐκπίπτοντας
1268 2371 1738 2448 [ἀπὸπίπτοντας].

430 2519 443 2523 α
500 2459 631 2533 ρονί.
656 2465 715 2515 Εἰ
735 2460 789 2516 δέ
810 2483 943 2524 τινες
966 2466 1051 2517 καὶ
1076 2465 1250 2522 τῶνίν
1279 2464 1477 2537 έκάστῃ
1503 2467 1647 2523 πόλει
1671 2468 1701 2529 ἦ
1730 2472 1889 2547 χώρᾳ
1914 2472 2039 2532 κλη-

430 2557 589 2623 ραῶν
608 2591 624 2616 ,
646 2552 748 2606 ὑπὸ
771 2558 1044 2628 Νεστορίου
1076 2560 1160 2612 καὶ
1184 2563 1284 2612 τῶν
1310 2561 1407 2613 σύν
1427 2561 1569 2631 αύτῷ
1604 2557 1759 2618 ὄντων
1778 2572 1869 2625 τῆς
1892 2565 2042 2639 ίερω-

430 2643 592 2704 σύνης
616 2644 969 2712 ἐκωλύθησαν,
996 2644 1081 2703 διά
1123 2648 1183 2705 τὸ
1216 2650 1376 2725 ὀρθῶς
1427 2661 1647 2728 φρονεῖν,
1673 2653 2041 2729 ἂδικαιῶσαμιν

432 2732 523 2786 καί
545 2733 763 2797 τούτους
785 2737 874 2792 τόν
911 2734 1037 2793 ἴδιον
1074 2739 1351 2795 ἀπολαϐεῖν
1388 2742 1597 2814 βλθμόν·
1628 2752 1805 2807 κοινῶς
1833 2745 1888 2802 δέ
1919 2752 2041 2811 τούς

429 2829 496 2893 τῇ
528 2824 774 2898 ὀρθοδόξῳ
822 2830 907 2884 καί
1040 2830 1354 2908 οέκουμενικῇ
1391 2833 1590 2907 συνόδῳ
1627 2848 2041 2914 συμφρονοῦντας

432 2916 733 2992 κληρικούς,
751 2921 1017 2995 κελεύομεν
1036 2933 1146 2987 τοῖς
1176 2927 1609 2988 ἀποστατήσασιν
1636 2929 1665 2989 ἦ
1687 2927 2040 3005 ἀφωταεὶένοις

428 3006 758 3084 έπισκόποες,
779 3012 899 3080 μηδ’
930 3013 1060 3078 ὅλως
1088 3016 1393 3075 ύποκεῖσθαι
1423 3023 1560 3077 κατά
1582 3020 1773 3095 μηδένα
1789 3026 2002 3103 τρόπον.

500 3190 624 3270 ροδ’.
649 3198 706 3250 Εἰ
726 3193 782 3251 δέ
805 3218 938 3259 τινες
959 3200 1378 3261 ἀποστατήσαιεν
1399 3207 1499 3256 τῶν
1528 3200 1794 3278 κληρικῶν,
1818 3209 1908 3261 καὶ
1925 3208 2041 3262 τολ-

430 3289 647 3354 mima
671 3284 703 3345 ἦ
732 3285 843 3343 κατ’
869 3287 1001 3345 ἰδίαν
1024 3290 1055 3350 ἣ
1076 3288 1301 3367 δημοσίᾳ
1328 3293 1395 3348 τὰ
1420 3294 1695 3365 Νεστορίου
1721 3293 1752 3354 ἧ
1774 3296 1839 3351 τά
1857 3298 2039 3359 ιελισε·

429 3378 545 3430 τίου
569 3385 850 3453 φρονῆσαι,
884 3384 968 3436 καί
996 3385 1217 3447 τούτους
1244 3379 1372 3441 εἶναι
1400 3385 1794 3458 καθῃρημένους.
1822 3389 1925 3446 ὑπὸ
1951 3399 2044 3453 τῆς

432 3466 583 3539 ἁγίας
607 3465 827 3523 συνόδου
857 3470 1199 3531 δεδικαίωται.

2148 2286 2378 2359 synodo,
2425 2286 2535 2343 sint
2581 2302 2611 2341 a
2652 2286 2959 2344 sacerdotio
2987 2288 3170 2356 alieni,
3194 2299 3251 2345 et
3273 2289 3445 2359 gradu
3469 2292 3739 2348 excidant.

2213 2466 2486 2524 CLXXIII.
2517 2500 2588 2510 -—
2609 2467 2663 2523 ’5.
2703 2466 2761 2524 Si
2789 2468 2880 2541 qui
2912 2477 3092 2523 autem
3123 2468 3309 2524 clerici
3337 2469 3390 2523 in
3419 2484 3742 2540 quacunque

2143 2560 2360 2617 civitate
2382 2562 2467 2616 vel
2492 2560 2713 2629 regione
2749 2560 2848 2616 sub
2876 2558 3128 2615 Nestorio
3160 2569 3214 2615 et
3244 2558 3307 2614 iis
3329 2559 3422 2630 qui
3463 2567 3589 2615 sunt
3615 2574 3741 2615 cum

2142 2666 2232 2717 eo,
2262 2649 2568 2707 sacerdotio
2589 2650 2796 2721 depulsi
2831 2658 2955 2705 sunt
2982 2665 3047 2705 eo
3092 2650 3239 2720 quod
3284 2661 3433 2706 recte
3481 2650 3738 2715 sentiant,

2142 2756 2357 2813 tequum
2385 2742 2713 2809 censuimus,
2748 2750 2809 2796 ut
2848 2741 2884 2795 ii
2912 2756 3131 2812 quoque
3170 2756 3328 2797 suum
3350 2741 3576 2810 gradum
3604 2740 3743 2796 reci-

2142 2834 2312 2904 piant.
2343 2830 2717 2887 Communiter
2760 2841 2940 2887 autem
2970 2831 3237 2898 omnibus,
3281 2830 3371 2901 qui
3399 2836 3521 2886 cuiu
3551 2832 3740 2887 ortho-

2143 2924 2286 2979 doxa
2312 2932 2369 2978 et
2392 2922 2677 2979 universali
2699 2922 2907 2994 synodo
2930 2924 3276 2978 consentiunt
3306 2922 3519 2979 clericis
3537 2962 3552 2987 ,
3582 2923 3739 2992 jube—

2141 3028 2287 3083 mus,
2317 3015 2384 3070 iis
2405 3014 2496 3086 qui
2533 3014 2849 3071 defecerunt
2878 3013 2964 3071 vel
2994 3013 3254 3070 deficiunt
3288 3013 3559 3086 episcopis
3587 3016 3738 3071 nullo

2141 3105 2307 3161 modo
2335 3104 2547 3176 subjici.

2213 3195 2494 3254 CLXXIV.
2526 3227 2599 3238 —
2624 3195 2677 3251 4.
2720 3195 2777 3253 Si
2817 3196 2908 3267 qui
2936 3203 3116 3251 autem
3152 3193 3335 3251 clerici
3378 3194 3739 3262 desciverunt,

2144 3298 2201 3345 et
2227 3290 2343 3345 ausi
2372 3297 2499 3344 sunt
2539 3289 2623 3345 vel
2644 3288 2899 3360 privatim
2920 3330 2935 3355 ,
2967 3287 3052 3344 vel
3082 3286 3298 3359 publice
3337 3302 3458 3342 cum
3487 3286 3738 3343 Nestorio

2142 3383 2232 3439 vel
2259 3380 2493 3439 Celestio
2514 3382 2735 3450 sentire,
2780 3396 2876 3438 eos
2905 3397 3125 3454 quoque
3150 3396 3182 3436 a
3210 3396 3363 3438 sacra
3409 3381 3616 3454 synodo
3645 3380 3743 3436 de-

2140 3471 2352 3543 ‘positos
2373 3488 2494 3529 esse
2519 3487 2732 3542 arquum
2754 3474 2927 3528 visum
2956 3481 3060 3529 est.

501 3566 628 3644 ροέ.
651 3564 806 3623 Ὀσοι
829 3566 883 3622 δέ
919 3568 1005 3622 έπί
1039 3567 1253 3631 ἀτόποις
1289 3574 1512 3646 πράξεσι
1545 3575 1909 3649 κατικρίθησαν
1934 3574 2038 3631 ύπό

2216 3564 2469 3624 CLXXV.
2502 3596 2572 3608 —
2595 3566 2650 3623 5.
2691 3566 3009 3637 Quicunque
3036 3575 3220 3625 autem
3241 3577 3467 3640 propter
3494 3567 3740 3636 improba

435 3666 529 3719 τῆς
554 3656 706 3730 ἀγίας
726 3656 947 3713 συνόδου
969 3658 998 3718 ἢ
1019 3660 1123 3715 ύπό
1142 3668 1246 3715 τῶν
1265 3666 1461 3718 οἰκείων
1479 3666 1793 3730 ἐπισκόπων,
1815 3671 1901 3728 καί
1922 3669 2042 3723 τούο

430 3770 544 3810 τοις
568 3752 916 3813 ἀκανονίστως
954 3754 1087 3809 κατά
1109 3758 1204 3813 τήν
1238 3756 1290 3810 ἐν
1332 3755 1529 3814 ἅπασιν
1570 3757 1866 3839 ἀδιαφορίαν
1887 3762 2041 3818 αὐτοῦ

432 3841 462 3898 ό
485 3846 785 3916 Νεστόριος,
806 3847 892 3900 xxi
915 3846 961 3899 οί
980 3846 1048 3902 τά
1077 3848 1233 3903 αὐτοῦ
1258 3857 1576 3926 φρονοῦντες,
1600 3851 1885 3909 ἀποδοῦναι
1906 3855 2041 3910 ίπει-

432 3937 685 4010 ρὸθησαν,
707 3936 739 3996 ἦ
767 3938 1053 4015 πειραθεῖεν
1094 3944 1351 3998 κοινωνίαν
1388 3942 1419 4002 ἦ
1454 3945 1667 4017 βαθμὸν·
1700 3947 2040 4018 ἀνωφελήτους

435 4028 599 4097 μένειν
638 4030 719 4084 καὶ
754 4031 999 4098 τούτους,
1041 4036 1128 4088 καί
1172 4029 1299 4091 εἶναι
1332 4034 1469 4092 οὐδέν
1498 4035 1648 4098 ἧττον
1675 4038 2044 4113 καθῃρημένους

435 4116 826 4192 ὶδααιὼσαμεν.

513 4298 645 4372 ρκ’.
673 4303 889 4372 Ὁμοίως
917 4298 970 4357 δέ
996 4304 1077 4359 καί
1095 4299 1148 4358 ti.’
1162 4324 1294 4365 τινες
1323 4303 1619 4375 βουληθεῖεν
1646 4306 1715 4362 τά
1734 4307 1854 4382 περί
1882 4307 2042 4363 έκάσ-

431 4410 531 4446 του
550 4394 888 4467 πεπραγμένα
906 4395 958 4449 έν
976 4401 1038 4469 τῇ
1060 4392 1181 4468 ἀγίᾳ
1192 4392 1390 4466 συνόδῳ
1405 4404 1468 4471 τῇ
1485 4398 1535 4451 ίν
1549 4398 1741 4471 Ἐφέσῳ
1758 4396 2041 4469 οίῳδήποτε

432 4486 613 4561 τρόπῳ
634 4485 1034 4561 παρασαλεύειν⁸
1052 4488 1083 4544 ἡ
1096 4485 1222 4558 ἁγία
1241 4484 1449 4548 σύνοδος
1464 4489 1667 4562 ὥρισεν,
1683 4489 1726 4542 εί
1738 4489 1826 4560 μὲν
1844 4488 2045 4544 έπίσκοο

433 4594 527 4631 ποι
546 4570 644 4629 εἷεν
666 4575 697 4635 ἦ
716 4576 959 4652 κληρικοὶ,
979 4583 1071 4633 τοῦ
1094 4578 1279 4632 οἰκείου
1302 4578 1560 4639 παντελῶς
1578 4580 1889 4634 ἀποπίπτειν
1910 4580 2042 4652 βαθ-

434 4672 560 4737 μοῦ,
590 4670 634 4722 εί
659 4665 715 4723 δέ
740 4668 917 4735 λαῐκοί,
943 4667 1314 4731 ἀκοινωνήτους
1346 4669 1606 4748 ὑπάρχειν
1630 4667 1968 4744 [τυγχάνεινι.

505 4756 630 4829 pot.
655 4754 867 4834 Ὠρισεν
909 4760 941 4818 ἡ
986 4757 1106 4833 ἁγία
1149 4756 1386 4823 σύνοδος,
1425 4758 1603 4833 ἑτέραν
1649 4763 1823 4816 πίστιν
1872 4758 2045 4832 μηδενί

436 4851 623 4916 ξεῖναι
657 4852 922 4927 προφέρειν
962 4850 1114 4925 ἤγουν
1144 4854 1454 4925 συγγράφειν
1480 4851 1511 4911 ἦ
1550 4853 1865 4921 συντιθέναι,
1899 4856 2045 4928 παρά

2145 3664 2311 3733 facta,
2334 3677 2364 3716 a
2394 3671 2581 3717 sancta
2612 3660 2822 3733 synodo
2850 3660 2938 3716 vel
2968 3676 2997 3715 a
3023 3661 3258 3733 propriis
3298 3660 3567 3732 episcopis
3611 3674 3742 3715 con-

2144 3754 2383 3813 demnati
2403 3762 2548 3820 sunt,
2581 3762 2637 3809 et
2662 3767 2758 3809 eos
2806 3767 2915 3808 non
2946 3753 3207 3809 canonice
3233 3750 3536 3815 Nestorius,
3579 3758 3745 3819 prout

2144 3846 2324 3905 omnia
2341 3844 2709 3900 indiil'erenter
2728 3843 2856 3913 agit,
2877 3851 2933 3898 et
2956 3842 3047 3910 qui
3071 3843 3215 3897 idem
3244 3856 3367 3895 cum
3397 3854 3463 3894 eo
3482 3840 3742 3905 sentiunt,

2145 3934 2514 3993 communioni
2540 3932 2630 3989 vel
2677 3931 2868 4003 gradui
2908 3931 3265 3994 restituerint,
3314 3938 3410 3985 aut
3457 3930 3745 3985 restituere

2145 4026 2475 4082 tentaverint
2520 4042 2533 4079 :
2577 4020 2949 4095 hujuscemodi
2976 4035 3046 4077 ex
3074 4019 3167 4075 tali
3209 4020 3558 4076 restitutione
3602 4019 3739 4075 nihil

2144 4116 2462 4186 profecisse,
2494 4114 2590 4171 sed
2629 4111 2926 4186 depositas,
2976 4109 3146 4166 nihilo
3192 4108 3375 4166 secius
3418 4124 3744 4181 permanere

2143 4225 2357 4280 aequum
2399 4208 2775 4279 judicavimus.

2216 4301 2498 4359 CLXXVI.
2526 4334 2599 4345 -—
2636 4301 2689 4355 6.
2731 4298 2995 4356 Similiter
3032 4306 3234 4362 autem,
3263 4295 3308 4352 si
3354 4295 3445 4367 qui
3473 4294 3744 4350 voluerint

2145 4411 2266 4469 qua:
2292 4396 2361 4453 de
2380 4409 2704 4467 quacunque
2723 4409 2785 4451 re
2806 4395 2861 4449 in
2887 4399 3078 4449 sancta
3098 4389 3315 4465 synodo
3330 4389 3600 4461 Ephesina
3624 4397 3743 4445 acta

2145 4494 2289 4553 sunt,
2322 4485 2515 4557 quovis
2542 4484 2705 4541 modo
2733 4483 3084 4552 labefactare,
3132 4491 3322 4540 sancta
3367 4480 3604 4553 synodus
3648 4480 3745 4536 de-

2146 4578 2335 4645 crevit,
2356 4578 2404 4634 si
2423 4577 2640 4648 quidem
2660 4578 2771 4633 sint
2795 4577 3038 4649 episcopi
3066 4585 3161 4632 aut
3179 4574 3380 4643 clerici,
3399 4592 3429 4630 a
3452 4592 3551 4632 suo
3574 4573 3742 4643 gradu

2146 4672 2371 4729 omnino
2398 4671 2681 4740 excidere;
2712 4670 2759 4727 si
2784 4679 2965 4728 autem
2993 4670 3136 4738 laici,
3167 4670 3650 4728 excommunicari.

2218 4757 2520 4817 CLXXVII.
2550 4790 2616 4802 --
2644 4758 2697 4815 ’1.
2736 4758 2988 4816 Decrevit
3010 4767 3195 4816 sancta
3222 4760 3482 4832 synodus,
3527 4773 3637 4813 non
3679 4757 3743 4811 li-

2147 4867 2274 4909 cere
2312 4851 2563 4922 cuiquam
2594 4850 2756 4907 aliam
2796 4850 2959 4908 ﬁdem
3006 4850 3222 4917 afferre,
3253 4851 3339 4905 vel
3376 4849 3631 4912 scribere,
3654 4848 3741 4902 vel

435 4949 529 5002 τήν
556 4942 851 5018 ὁρισθεῖσαν
880 4947 1028 5023 ποιρά
1062 4952 1161 5001 τῶν
1190 4944 1346 5017 ἁγίων
1382 4947 1616 5024 πατέρων
1640 4954 1739 5001 τῶν
1776 4946 1824 5000 έν
1856 4956 1921 5020 τῇ
1956 4960 2038 5003 Νι·-

2151 4958 2497 5015 componere,
2527 4953 2725 5015 praeter
2753 4958 2873 5000 eam
2896 4958 3017 5015 quae
3044 4942 3244 4998 sanctis
3277 4938 3525 4994 Patribns
3552 4937 3742 4992 Nicaxe

437 5040 566 5110 νέᾳ
596 5037 961 5110 συναχθέντων
997 5036 1385 5109 [συνελθόντων]
1421 5038 1565 5094 πόλει
1594 5041 1688 5092 σύν
1724 5038 1853 5112 άγόῳ
1886 5038 2038 5095 πνεύ-

436 5151 581 5203 ματι.
606 5133 740 5192 Τοὺς
763 5130 816 5187 δέ
843 5132 1135 5194 τολμῶντας
1150 5131 1181 5193 ἦ
1202 5134 1481 5188 συντιθέναι
1500 5134 1674 5187 πίστιν
1693 5132 1870 5206 ἑτέραν
1887 5131 2041 5204 ἤγουν

438 5227 766 5298 προκομίζειν
784 5225 815 5284 ἦ
836 5227 1101 5303 προφέρειν
1123 5239 1228 5287 τοῖς
1254 5225 1480 5280 θέλουσιν
1500 5222 1789 5296 [έθέλουσιν]
1812 5224 2045 5299 ἐπιστρέ-

444 5334 545 5387 γιιν
568 5320 640 5378 τίς
658 5316 934 5389 ἐπίγνωσιν
954 5326 1046 5380 τῆς
1073 5318 1327 5383 ἀληθείας,
1344 5317 1375 5377 ἦ
1394 5318 1444 5382 ἔξ
1465 5317 1784 5388 ἑλληνισμοῦ,
1802 5315 1833 5375 ἦ
1855 5315 1903 5380 ἕξ
1923 5314 2045 5371 ἰου-

444 5404 686 5476 ὶαῐσμοῦ,
710 5406 866 5479 ἤγουν
899 5409 949 5473 ἐξ
978 5410 1227 5484 αἱρέσεως
1256 5405 1587 5466 οἱασδήποτε’
1611 5408 1851 5467 τούτους.
1882 5408 1926 5461 εί
1952 5408 2043 5479 μέν

440 5494 538 5552 ὧν
562 5502 833 5556 έπίσκοποι
860 5500 891 5560 ἧ
928 5502 1182 5576 κληρίικοὶ,
1217 5502 1516 5578 ἀλλοτρίους
1544 5496 1668 5557 εἶναι
1685 5502 1807 5563 τούς
1830 5501 2043 5557 έαιτισιιό⁴

436 5612 569 5652 πους
593 5601 685 5653 τῆς
711 5594 1000 5667 ἐπισκοπῆς
1018 5635 1033 5660 ,
1060 5598 1144 5650 καί
1184 5598 1305 5657 τούς
1344 5596 1608 5669 κληρικούς
1635 5599 1729 5649 τοῦ
1760 5594 1964 5669 κλήρου·
1998 5594 2042 5648 εί

437 5680 491 5740 δέ
514 5683 679 5737 λαιχοί
702 5680 818 5750 εἷεν,
835 5688 1306 5760 ἀναθεματίζεσθαι.
1339 5687 1483 5742 Κατὰ
1508 5686 1590 5742 τὸν
1619 5682 1725 5741 ἴσον
1750 5683 1802 5743 δέ
1828 5685 2035 5762 τρόπον,

460 5846 465 5851 .
498 5794 531 5828 ⁸
556 5793 621 5850 F.
648 5793 933 5867 legendum
962 5800 1035 5862 είς
1065 5800 1122 5855 τὸ
1152 5804 1272 5855 πᾶν.
1296 5798 1463 5873 lim.

2148 5034 2489 5105 congregatis
2517 5035 2571 5091 in
2605 5044 2793 5091 sancto
2829 5033 3053 5105 Spiritu,
3097 5031 3313 5088 deﬁnita
3343 5036 3445 5085 est.
3475 5026 3576 5095 Qui
3610 5043 3741 5083 vero

2147 5125 2309 5180 aliam
2354 5124 2514 5181 Iidem
2562 5124 2765 5182 audent
2805 5138 3166 5195 componere,
3190 5120 3277 5176 vel
3317 5119 3609 5185 adducere,
3654 5120 3738 5175 vel

2149 5214 2347 5275 offerre
2391 5218 2456 5275 iis
2502 5217 2594 5290 qui
2638 5234 2706 5273 ex
2728 5216 3064 5288 paganismo,
3094 5215 3179 5269 vel
3222 5212 3514 5284 judaismo,
3545 5212 3631 5269 vel
3671 5230 3737 5267 ex

2150 5327 2473 5386 quacunque
2514 5311 2707 5369 haeresi
2754 5311 2823 5366 ad
2860 5307 3104 5365 veritatis
3150 5308 3514 5378 cognitionem
3566 5305 3738 5362 redire

2144 5404 2335 5461 volunt
2366 5421 2378 5457 :
2406 5418 2522 5468 eos,
2552 5400 2816 5471 siquidem
2862 5398 3253 5470 sintepiscopi,
3297 5399 3380 5453 vel
3420 5397 3625 5464 clerici,
3669 5397 3738 5452 ab

2145 5496 2458 5566 episcopatu
2480 5494 2688 5548 alienos
2714 5506 2832 5547 esse
2862 5490 3169 5562 episcopos,
3201 5498 3257 5545 et
3281 5487 3513 5545 clericos
3552 5503 3583 5541 a
3623 5485 3736 5542 cle-

2140 5604 2235 5652 ro;
2261 5588 2505 5643 siautem
2535 5585 2639 5640 sint
2661 5584 2799 5647 laici,
2824 5580 3288 5639 anathematizari.
3317 5578 3525 5635 Eodem
3556 5588 3737 5633 autem

2143 5676 2305 5736 modo
2343 5676 2386 5732 si
2413 5676 2504 5747 qui
2544 5673 2869 5747 deprehensi
2914 5672 3113 5729 fuerint
3157 5671 3275 5735 sive
3318 5668 3579 5746 episcopi,
3622 5667 3738 5725 sive
