4040 6202
343 284 415 340 85
1624 288 1982 348 DIONYSIUS
2019 292 2341 352 EXIGUUS.
2511 338 2515 340 -
3563 304 3633 362 δι

340 407 397 459 ιι
413 407 684 478 φωραθεῖέν
709 428 839 473 τινες
869 407 970 468 εἴτε
997 411 1263 469 ἐπίσκοποι
1290 411 1389 469 εἴτε
1414 413 1632 491 κληρικοι
1655 453 1670 477 ,
1695 409 1795 467 εἴτε
1816 412 1885 467 λα

1989 410 2239 478 Lclericl,
2290 412 2405 470 slve
2447 411 2571 469 lalci
2600 411 2686 470 vel
2727 413 2929 470 sentire
2956 414 3045 469 vel
3091 415 3290 472 docere
3327 428 3391 473 ca
3428 431 3547 487 quae
3579 420 3633 476 in

340 498 417 551 κοί
436 496 465 556 ἦ
494 506 789 573 φρονοῦντες
816 500 848 561 ἦ
881 500 1207 565 διδάσκοντες
1252 505 1317 560 τά
1351 506 1400 560 έν
1429 513 1492 580 τῇ
1530 506 1885 581 προκομισθείο

2037 503 2382 574 eXpositione
2410 505 2572 565 allata
2602 521 2633 561 a
2661 502 2906 567 Charisio
2931 509 3244 581 presbytero
3273 510 3341 567 de
3385 511 3634 567 incarna-

337 590 526 646 ἐκθέσει
557 596 700 669 παρὰ
722 599 973 672 Χαρισίου
998 605 1088 653 τοῦ
1118 599 1503 675 πρεσϐυτέρου,
1532 603 1766 676 περὶτῆς
1796 600 1885 656 ἕνα

2038 595 2185 651 tione
2221 596 2482 667 unigehiti
2511 595 2629 653 Filii
2659 595 2779 665 Dei,
2822 608 2917 654 aut
2959 599 3222 656 scelerata
3269 609 3326 656 et
3372 616 3629 672 perverse

334 683 647 754 θρωπήσεως
666 692 760 740 τοῦ
781 695 1085 761 μονογενοῦς
1102 691 1217 745 υἱοῦ
1238 697 1330 746 τοῦ
1347 691 1667 763 Θεοῦ,ἥγουν
1688 694 1755 747 τὰ
1770 711 1885 768 πικρ

2033 687 2266 745 Nestorii
2308 690 2588 760 dogmata,
2633 707 2753 762 quae
2799 692 2977 748 eidem
3019 695 3221 749 inserta
3267 704 3410 763 sunt,
3460 698 3628 768 subji-

333 772 562 848 [μιαρά]
606 782 690 832 καί
734 777 1115 855 διεστραμμένα
1163 788 1256 838 τοῦ
1305 785 1575 860 Νεστορίου
1615 781 1865 857 δόγματα,

2032 777 2245 833 ciantur
2265 780 2547 835 sententia:
2575 780 2734 851 hujus
2761 792 2962 837 sancue
2986 789 3042 838 et
3061 782 3383 843 universalis
3409 786 3625 857 synodi,

332 866 415 919 καί
441 866 808 937 ὑποτέτακται,
852 873 1239 927 ὑποκείσθωσαν
1278 882 1340 948 τῇ
1375 875 1626 949 ἀποφάσει
1657 883 1749 935 τῆς

2030 876 2089 923 ιιι
2117 868 2403 941 episcopus
2432 869 2643 927 scilicet
2680 872 2750 928 ab
2777 873 3099 945 episcopatu
3125 872 3193 929 sit
3232 873 3443 930 alienus
3470 893 3483 928 :
3514 876 3624 931 cle-

330 955 524 1016 ταύτης
549 962 635 1012 καί
661 961 993 1034 οἰκουμενικῆς
1024 963 1264 1019 συνόδου⁹
1295 965 1427 1021 ὥστε
1458 964 1688 1026 δηλονότι
1713 969 1799 1023 τόν
1832 974 1885 1040 με

2027 961 2172 1018 ricus
2196 971 2378 1019 autem
2421 963 2672 1021 similiter
2709 979 2742 1019 a
2788 965 2936 1021 clere
2981 965 3215 1021 excidat.
3247 965 3304 1021 Si
3331 968 3399 1021 sit
3439 977 3620 1025 autem

328 1045 610 1103 έπὶσκοπον
633 1051 1093 1129 ἁπαλλοτριοῦσθαι
1119 1064 1209 1116 τῆς
1235 1057 1517 1119 ἐπισκοπῆς
1542 1060 1628 1113 καί
1648 1054 1777 1115 εἶναι
1798 1058 1923 1115 καθ-

328 1140 594 1213 ῃρημένον,
618 1145 704 1198 τόν
743 1143 796 1199 δέ
825 1146 1057 1221 κληρικόν
1088 1145 1278 1218 ὁμοίως
1307 1151 1564 1207 ἐκπίπτειν
1590 1159 1680 1208 τοῦ
1708 1153 1920 1226 κλήρου.

326 1229 383 1282 Εἰ
409 1227 461 1285 δέ
490 1232 660 1294 λαῐκὸς
702 1257 781 1298 τις
831 1233 936 1304 εἴη,
987 1242 1073 1293 καί
1102 1237 1247 1301 οὗτος
1293 1242 1724 1312 ἀναθεματιζέσθω
1754 1247 1921 1309 καθώς

320 1317 538 1399 εἴρηται.

393 1412 523 1485 ροη’.
579 1422 793 1492 Πρᾶγμα
839 1423 981 1495 παρά
1026 1424 1147 1485 τοὺς
1204 1423 1647 1488 ἐκκλησιαστικοὺς
1698 1428 1919 1499 Θεσμούς

320 1509 403 1561 καί
446 1510 569 1571 τούς
606 1512 815 1571 κανόνας
853 1520 950 1567 τῶν
979 1513 1134 1588 ἁγίων
1180 1517 1416 1591 πατέρων
1445 1526 1913 1593 καινοτομοὺμενον,

320 1603 409 1655 καί
442 1610 534 1663 τῆς
570 1601 774 1660 πάντων
811 1606 1095 1683 ἐλευθερίας
1130 1607 1440 1682 ἁπτόμενον,
1487 1612 1848 1687 προσήγγειλεν
1887 1611 1915 1668 ό

315 1692 694 1763 θεοφιλέστατος
714 1700 1088 1760 συνεπίσκοπος
1107 1708 1345 1773 Ῥηγῖνος,
1367 1704 1450 1756 καί
1475 1702 1520 1757 oi
1547 1704 1642 1758 σὺν
1670 1705 1811 1779 αὐτῷ
1833 1703 1914 1759 εὖ·

2025 1052 2148 1122 quis
2174 1051 2361 1121 laicus,
2387 1054 2874 1111 anathematizetur
2904 1063 2960 1112 et
2990 1056 3131 1128 ipse,
3156 1064 3217 1113 ut
3243 1056 3392 1129 prius
3418 1056 3619 1115 dictum

2024 1151 2133 1197 εει.

2089 1401 2413 1461 CLXXVIII.
2445 1433 2513 1445 --
2542 1405 2598 1464 8.
2639 1406 2773 1462 Rem
2797 1416 2996 1479 praeter
3037 1409 3431 1469 ecclesiaSticas
3478 1429 3611 1470 con-

2015 1497 2325 1555 stitutiones
2354 1507 2409 1555 et
2434 1508 2749 1556 sanctorum
2777 1498 2999 1557 Palmm
3023 1517 3261 1559 canones
3276 1504 3615 1574 innovatum,

2015 1598 2073 1647 et
2097 1592 2339 1647 omnium
2384 1592 2690 1648 libertatem
2737 1594 3093 1663 attingentem
3124 1597 3452 1652 renuntiavit
3479 1598 3608 1668 piis-

2013 1682 2183 1739 simus
2210 1683 2568 1754 coopiscopus
2593 1691 2782 1740 noster
2810 1684 3071 1754 Reginus,
3092 1693 3147 1741 et
3167 1686 3258 1757 qui
3281 1703 3401 1742 cum
3427 1703 3492 1743 co
3522 1703 3611 1745 re-

314 1783 621 1842 λαϐέστατοι
644 1789 911 1845 ίπίσκοποι
935 1798 1027 1852 τῆς
1050 1797 1286 1868 Κυπρίων
1322 1794 1587 1869 έπαρχίας
1620 1800 1787 1856 Ζήνων
1825 1820 1885 1854 κα

2012 1774 2341 1845 ligiosissimi
2370 1775 2610 1846 episcopi
2636 1775 2930 1846 provincia:
2965 1775 3130 1850 Cypri
3174 1778 3359 1833 Zenon
3387 1789 3443 1835 et
3468 1778 3609 1835 Eva-

312 1876 582 1953 Εὺὰγριος.
602 1874 944 1941 Ὀθενηέπειδή
973 1884 1038 1937 τὰ
1063 1887 1202 1939 κοινὰ
1223 1888 1354 1946 πάθη
1379 1892 1605 1961 μείζονος
1631 1886 1793 1946 δεῖται
1812 1898 1906 1951 τῆς

311 1963 578 2053 ίλιραττείας
596 2011 610 2035 ,
643 1970 712 2031 ὡς
748 1972 831 2025 καί
858 1976 1066 2042 μείζονα
1090 1980 1181 2033 τὴν
1205 1975 1398 2047 βλάϐην
1422 1980 1661 2053 φέροντα,
1702 1977 1747 2035 εί
1778 1980 1906 2052 μηδέ

310 2052 421 2116 ἔθος
458 2057 691 2132 ἀρχαῖον
721 2064 1188 2135 παρηκολούθησεν,
1217 2067 1350 2123 ὥστε
1396 2052 1490 2125 τόν
1513 2070 1784 2131 ἐπίσκοπον
1812 2082 1904 2135 τῆς

304 2141 605 2219 Ἀντιοχέων
634 2151 820 2215 πόλεως
854 2156 944 2214 τὰς
976 2156 1029 2209 ἒν
1055 2158 1239 2234 Κύπρῳ
1268 2161 1521 2215 ποιεῖσθαι
1551 2168 1900 2237 χειροτονίας,

306 2238 438 2292 κατὰ
464 2246 565 2293 τῶν
588 2240 820 2297 λιϐἐλλων
833 2245 961 2300 καΘά
985 2244 1071 2303 διὰ
1088 2254 1189 2303 τῶν
1208 2252 1405 2305 οἰκείων
1416 2260 1587 2325 φωνῶν
1610 2252 1840 2320 ἐδίδαξαν
1855 2257 1903 2312 οἷ

304 2328 667 2389 εὐλαϐέστατοι
702 2332 916 2410 ἄνδρες,
964 2339 1009 2392 οί
1036 2343 1126 2399 τήν
1155 2340 1409 2414 πρόσοδον
1446 2351 1509 2416 τῇ
1699 2346 1899 2418 συνόδῳ

302 2425 652 2499 ποιησάμενοι,
680 2426 853 2490 ἕξουσι
880 2428 938 2483 τὸ
967 2429 1344 2505 ἀνεπηρέαστον
1364 2435 1449 2488 καί
1466 2435 1712 2490 ἀϐίαστον
1731 2438 1778 2491 οί
1797 2448 1897 2495 τῶν

299 2511 458 2585 ἁγίων
488 2514 758 2573 ἐκκλησιῶν
789 2518 917 2572 κατὰ
944 2521 1031 2574 τόν
1052 2521 1252 2597 Κύπρον
1268 2532 1593 2598 προεστῶτες
1622 2529 1757 2584 κατά
1774 2532 1896 2593 τοὺς

298 2599 508 2665 μανόνας
536 2612 636 2660 τῶν
668 2605 822 2664 ὁσίων
851 2611 1084 2694 πατέρων
1124 2614 1210 2668 καί
1235 2619 1325 2674 τήν
1352 2616 1578 2691 ἀρχαίαν
1603 2621 1891 2691 συνήθειαν,

295 2691 363 2747 δι’
392 2693 586 2751 έαυτῶν
603 2699 696 2758 τὰς
719 2705 1042 2776 χειροτονίας
1063 2712 1163 2758 τῶν
1193 2705 1575 2765 εὐλαϐεστάτων
1599 2711 1895 2769 έπισκόπων

292 2789 604 2860 ποιούμενοι.
628 2790 702 2845 Τὸ
727 2789 781 2846 δέ
811 2791 937 2851 αὓτό
967 2799 1052 2850 καί
1071 2797 1154 2851 ἐπί
1183 2805 1283 2853 τῶν
1307 2794 1468 2855 ἄλλων
1493 2800 1784 2863 διοικήσεων
1809 2809 1892 2863 καί

292 2886 395 2932 τῶν
417 2878 733 2955 ἁπανταχοῦ
758 2885 1024 2960 ἐπαρχιῶν
1055 2890 1605 2965 παραφυλαχθήσιταιο
1630 2898 1763 2951 ὥστε
1793 2920 1891 2968 μηο

292 2969 411 3026 δένα
438 2980 547 3028 τῶν
569 2976 963 3048 θεοφιλεστὰτων
985 2981 1275 3037 ἐπισκόπων
1306 2985 1566 3061 ἐπαρχίαν
1595 2988 1771 3062 ἑτέραν
1798 2992 1889 3047 οὐκ

290 3056 445 3119 οὖσαν
469 3060 654 3121 ἄνωθεν
680 3070 763 3123 καί
784 3070 1011 3144 ἐξαρχῆς
1038 3072 1138 3128 ὑπὸ
1165 3077 1254 3133 τήν
1280 3077 1461 3144 αὐτοῦ,
1487 3076 1641 3152 ἤγουν
1668 3087 1768 3135 τῶν
1788 3083 1887 3159 πρὸ

287 3157 445 3213 αὐτοῦ
474 3166 658 3235 χεῖρα,
689 3161 1107 3236 καταλαμϐάνειν
1135 3166 1242 3221 ἀλλ’
1271 3169 1315 3223 εἰ
1342 3171 1429 3224 καί
1455 3190 1533 3231 τις
1577 3157 1846 3230 κατέλαϐεν
1866 3216 1880 3242 ,
1912 3179 1958 3243 C

284 3250 369 3303 καὶ
393 3248 479 3322 ὑφ’
515 3250 685 3325 έαυτῷ
725 3258 1004 3314 πεποίηται
1031 3257 1374 3330 βιασάμενος,
1421 3268 1602 3319 τοῦτον
1646 3263 1884 3322 ἀποδιδό-

283 3364 386 3409 ναι,
416 3347 502 3403 ἵνα
524 3351 597 3419 μή
613 3355 715 3405 τῶν
738 3352 978 3427 πατέρων
1004 3353 1051 3407 οἱ
1076 3354 1273 3415 κανόνες
1295 3358 1729 3433 παραϐαίνων-ται,
1752 3359 1881 3432 μηδέ

281 3437 334 3489 ἐν
354 3438 645 3513 ἱερουργίας
665 3446 1030 3517 προσχήματι,
1047 3445 1282 3511 ἐξουσίας
1304 3458 1555 3520 κοσμικῆς
1577 3455 1731 3523 τῦφος
1751 3473 1883 3528 παρ-

281 3527 584 3623 ιισδῦηται,
628 3531 757 3605 μηδέ
795 3536 1020 3611 λάθωμεν
1067 3545 1159 3599 τήν
1199 3541 1482 3619 ἐλευθερίαν
1532 3546 1665 3601 κοιτά
1704 3547 1878 3623 μικρὸν

279 3619 651 3693 ἀπολέσαντες,
666 3625 726 3685 ἢν
753 3627 870 3698 ἡμῖν
894 3627 1185 3705 ἐδωρήσατο
1214 3639 1287 3706 τῷ
1316 3631 1426 3707 ἰδίῳ
1446 3635 1626 3709 αἵματι
1653 3634 1679 3692 ό
1704 3638 1876 3713 κύριος

277 3714 419 3783 ἡμῶν
444 3722 638 3780 Ἰησοῦς
663 3721 907 3791 Χριστὸς,
935 3721 960 3779 ὁ
990 3725 1193 3783 πάντων
1215 3728 1492 3803 ἀνθρώπων
1513 3729 1871 3807 ἐλευθερωτής.

276 3802 450 3875 Ἐδοξε
476 3812 645 3867 τοίνυν
671 3822 735 3890 τῇ
913 3820 1000 3873 καί
1030 3802 1339 3895 οἰκουριενικῇ
1369 3819 1592 3893 συνόδῳ,
1616 3823 1874 3887 σώζεσθαι

275 3902 463 3979 inuia-1p
485 3904 723 3983 έπαρχίᾳ
757 3910 949 3987 καθα.ρά
975 3912 1061 3966 καί
1094 3912 1329 3970 ἁϐίαστα-
1352 3914 1420 3970 τὰ
1448 3915 1583 3991 αὐτῇ
1606 3916 1871 3990 προσόντα

273 3991 448 4049 δίκαια
472 3995 705 4072 έξαρχῆς
743 3994 952 4067 ἄνωθεν,
984 4002 1118 4058 κατᾶ
1146 4003 1205 4060 τό
1242 4002 1400 4060 πάλαι
1431 4012 1693 4080 κρατῆσαν
1734 4003 1868 4074 ἔθος,

271 4079 447 4141 ἄδειαν
467 4082 683 4157 ἔχοντος
699 4086 919 4144 ἑκάστου
935 4092 1310 4168 μητροπολίτου
1327 4096 1392 4151 τὰ
1409 4092 1499 4149 ἴσα
1518 4101 1620 4151 τῶν
1634 4116 1869 4171 πεπραγ-

268 4174 432 4243 μένων
458 4175 589 4253 πρὸς
612 4177 673 4232 τὸ
697 4177 878 4231 οἰκεῖον
906 4179 1129 4252 ἀσφαλὲς
1153 4180 1394 4237 έκλαϐεῖν.
1419 4185 1476 4237 Ei
1503 4182 1558 4238 δέ
1582 4205 1661 4243 τις
1689 4183 1867 4255 μαχό-

268 4285 416 4335 μινον
439 4268 600 4324 τύπον
615 4277 725 4343 τοῖς
748 4274 838 4324 νῦν
861 4270 1157 4349 ὡρισμένοις
1180 4276 1502 4349 προκομίσοι,
1525 4269 1714 4348 ἄκυρον
1738 4279 1828 4328 τοῦ
1842 4300 1865 4316 ο

267 4353 512 4414 τον.ιῖναι
537 4357 677 4428 ἔδοξε
700 4369 765 4437 τῇ
799 4361 924 4438 ἁγίᾳ
950 4364 1094 4438 πάσῃ
1115 4364 1200 4421 καὶ
1223 4366 1535 4442 οίκουμενικῇ
1562 4362 1786 4436 συνόδῳ.

273 4560 607 4577 ἡ

2012 1865 2182 1934 grius.
2212 1863 2367 1921 Unde
2394 1866 2650 1938 quoniam
2677 1881 2993 1923 communes
3013 1868 3189 1925 morbi
3214 1871 3422 1939 majore
3445 1880 3607 1941 egent

2010 1954 2275 2023 remedio,
2304 1969 2373 2011 eo
2398 1955 2542 2025 quod
2570 1955 2747 2027 majus
2770 1955 3027 2012 damnum
3050 1957 3298 2027 aﬂ‘erant,
3340 1961 3602 2032 siquidem

2009 2045 2231 2114 antiqua
2257 2045 2592 2102 consuetudo
2620 2062 2732 2106 non
2754 2047 2989 2103 obtinuit
3017 2057 3076 2105 ut
3096 2050 3382 2122 episcopus
3410 2052 3601 2115 Antio-

2006 2134 2213 2192 chenus
2240 2136 2295 2190 in
2323 2135 2507 2208 Cypro
2528 2136 2900 2193 ordinationes
2922 2137 3119 2205 faciat,
3152 2139 3294 2195 sicut
3322 2139 3518 2199 libellis
3545 2150 3604 2198 et

2004 2226 2239 2296 propriis
2266 2226 2489 2283 vocibus
2516 2225 2824 2283 docuerunt
2846 2228 3237 2298 religiosissimi
3264 2230 3367 2285 viri
3408 2231 3499 2301 qui
3522 2231 3594 2289 ad

1998 2323 2248 2371 sanctam
2270 2316 2535 2388 synodum
2567 2327 2918 2375 accesscrtmt
2944 2337 2959 2373 :
2983 2320 3113 2375 illud
3142 2320 3457 2377 inviolatum
3496 2322 3596 2378 ha-

1999 2406 2167 2461 beant
2190 2415 2503 2462 sanctarum
2529 2407 2881 2463 ecclesiarum
2908 2408 3071 2481 Cypri
3093 2410 3373 2481 praesules,
3396 2426 3596 2468 secun-

1999 2493 2127 2550 dum
2149 2509 2389 2551 canones
2435 2504 2746 2552 sanctorum
2775 2497 2998 2554 Patrum
3036 2509 3094 2556 et
3131 2504 3413 2572 antiquam
3458 2520 3595 2561 con-

1992 2588 2367 2656 suetudinem,
2394 2603 2493 2659 per
2516 2590 2726 2659 seipsos
2754 2591 3123 2649 ordinationes
3150 2595 3589 2664 religiosissimo-

1996 2692 2116 2733 mm
2148 2679 2531 2750 episcoporum
2571 2678 2856 2737 iacientes.
2889 2682 3035 2739 Istud
3060 2691 3241 2740 autem
3270 2693 3327 2741 et
3371 2686 3427 2741 in
3467 2687 3592 2743 aliis

1992 2768 2339 2837 dimcesibus,
2364 2779 2419 2826 et
2450 2785 2572 2842 qum
2611 2779 2742 2827 sunt
2772 2773 2971 2843 ubique
2996 2775 3310 2845 provinciis,
3345 2778 3588 2833 servabi-

1993 2867 2121 2938 tur;
2152 2870 2213 2916 ut
2238 2861 2416 2919 nullus
2444 2861 2975 2933 religiosissimorum
3012 2866 3417 2938 episcoporum,
3458 2882 3585 2938 pro-

1992 2934 2225 3009 vinciam
2255 2954 2445 3021 aliam,
2474 2970 2595 3027 qum
2638 2954 2753 3025 jam
2785 2956 2912 3013 inde
2938 2958 3008 3013 ab
3042 2934 3324 3017 initio—sub
3345 2934 3475 3029 sua,
3496 2960 3583 3018 vel

1990 3055 2181 3097 eorum
2209 3043 2301 3113 qui
2322 3043 2472 3099 illum
2512 3052 2923 3115 prakesseruut,
2954 3059 3119 3103 manu
3140 3061 3251 3105 non
3279 3046 3461 3118 fuerit,
3492 3050 3580 3106 in-

1988 3132 2169 3187 vadat.
2209 3131 2318 3189 Sed
2345 3141 2403 3189 et
2424 3134 2469 3189 si
2494 3133 2615 3204 quis
2641 3136 2932 3202 invaserit,
2961 3147 3018 3193 et
3044 3153 3144 3209 per
3172 3139 3282 3195 vim
3318 3155 3473 3196 suam
3500 3140 3581 3198 l'e-

1987 3225 2139 3291 cerit,
2179 3240 2301 3282 eam
2331 3226 2583 3282 restituat
2618 3244 2633 3282 :
2666 3236 2727 3283 ut
2764 3243 2834 3284 ne
2861 3240 3173 3286 sanctorum
3207 3224 3440 3289 Patrum
3478 3248 3575 3290 ca-

1985 3331 2159 3374 nones
2185 3326 2603 3389 przetereantur,
2639 3336 2820 3393 neque
2862 3324 2963 3379 sub
3004 3324 3187 3395 specie
3234 3325 3578 3383 administra-

1980 3408 2149 3465 tionis
2193 3425 2374 3466 rerum
2418 3426 2731 3481 sacrarum,
2768 3415 3028 3485 potentia:
3056 3416 3328 3472 saecularis
3375 3418 3574 3489 typhus

1980 3499 2187 3571 irrepat
2207 3541 2226 3571 ,
2281 3502 2589 3572 sensimque
2640 3503 3009 3575 imprudentes
3074 3506 3383 3562 libertatem
3451 3521 3573 3563 eam

1980 3591 2327 3659 amittamus,
2352 3608 2517 3664 quam
2542 3594 2700 3653 nobis
2750 3596 2975 3667 proprio
3010 3599 3271 3667 sanguine
3317 3598 3573 3655 Dominus

1978 3692 2167 3741 noster
2190 3684 2350 3743 Jesus
2396 3686 2644 3744 Christus
2684 3688 2926 3745 omnium
2956 3690 3238 3746 hominum
3286 3690 3570 3762 liberator,

1978 3776 2136 3832 nobis
2163 3776 2393 3847 latgitus
2416 3786 2519 3833 est.
2548 3778 2757 3835 Placuit
2782 3780 2945 3851 igitur
2969 3790 3170 3837 sanctte
3198 3790 3255 3836 et
3280 3783 3572 3839 universali

1974 3867 2202 3939 synodo,
2216 3862 2421 3924 Servari
2443 3869 2726 3940 unicuique
2754 3870 3046 3942 provinciae
3069 3885 3205 3941 pura
3229 3880 3283 3926 et
3311 3872 3573 3929 inviolata

1970 3958 2094 4031 jura
2121 3974 2243 4031 quae
2267 3960 2384 4031 jam
2408 3963 2532 4018 inde
2577 3962 2647 4018 ab
2672 3963 2829 4019 initio
2857 3964 3043 4030 habet,
3088 3963 3386 4019 secundum
3428 3966 3573 4020 anti-

1972 4069 2137 4127 quam
2164 4056 2643 4123 consuetudinem;
2662 4057 2968 4113 libertatem
2992 4056 3225 4112 habente
3239 4071 3572 4128 unoquoque

1971 4149 2392 4218 metropolitano
2421 4148 2752 4219 exemplaria
2791 4155 3038 4204 actorum
3086 4148 3154 4202 ad
3180 4162 3335 4204 suam
3357 4149 3570 4209 securi-

1969 4244 2138 4292 tatem
2167 4238 2445 4309 excipere.
2474 4239 2533 4295 Si
2560 4240 2682 4308 quis
2710 4248 2892 4295 autem
2922 4239 3261 4295 sanctionem
3304 4240 3564 4310 aliquam,

1968 4326 2036 4381 iis
2061 4340 2184 4397 quae
2212 4342 2362 4383 nunc
2400 4329 2626 4384 deﬁnita
2672 4337 2817 4395 sunt,
2858 4339 3253 4400 repugnantem
3300 4333 3562 4400 attulerit,

1967 4418 2177 4475 irritam
2204 4432 2335 4475 esse
2354 4417 2559 4490 placuit
2585 4418 2687 4474 toti
2712 4428 2915 4475 sanctas
2938 4428 2997 4476 et
3016 4421 3304 4477 universali
3332 4421 3560 4493 synodo.

482 4584 1041 4781 CONCILH
1115 4664 2267 4780 CHALCEDONENSIS
2340 4665 3089 4779 (ECUMENICI
3163 4671 3340 4777 IV.

1302 4828 1667 4905 CANONES
1730 4827 1956 4901 XXIX
1987 4827 2122 4911 (an.
2158 4826 2310 4892 Chr.
2360 4826 2530 4908 ιδο).

336 5068 465 5143 ροθ’.
487 5071 617 5133 τούς
635 5072 781 5148 παρὰ
808 5077 910 5129 τῶν
937 5070 1093 5147 ἁγίων
1120 5073 1355 5151 πατέρων
1379 5075 1490 5130 καθ’
1504 5075 1723 5137 ἕκαστον
1744 5078 1865 5133 σύν-

2039 5070 2323 5131 CLXIIX.
2350 5103 2423 5116 —
2462 5072 2516 5127 l.
2546 5070 2796 5131 Canones
2821 5073 2915 5147 qui
2948 5088 2980 5130 a
3002 5074 3205 5132 sanctis
3232 5074 3480 5133 Patribus
3501 5076 3559 5133 in

264 5159 404 5227 οδον,
434 5157 569 5240 ἄχρι
606 5170 696 5220 τοῦ
730 5171 819 5222 νῦν
850 5165 1136 5228 έκτεθέντας
1161 5164 1371 5228 κανόνας
1399 5174 1603 5243 κρατεῖν
1633 5167 1862 5225 έδικαιῶο

263 5272 450 5323 σαμεν.

334 5339 441 5415 ρπ⁰.
469 5337 623 5404 Εἴτις
649 5343 927 5409 ἐπίσκοπος
963 5349 1048 5404 έπί
1084 5352 1326 5425 χρήμασι
1357 5353 1678 5428 χειροτονίαν
1704 5354 1855 5412 ποιή-

265 5453 434 5499 σαιτο,
463 5435 544 5488 καί
580 5434 652 5495 είς
676 5439 871 5510 πρᾶσιν
897 5442 1175 5513 καταγάγοι
1193 5446 1284 5502 τήν
1308 5439 1540 5515 ἄπρατον
1566 5444 1748 5517 χάριν,
1774 5444 1856 5499 καί

266 5528 622 5599 χειροτονήσοι
650 5524 734 5579 έπί
758 5528 1028 5603 χρήμασιν
1051 5530 1344 5602 ἐπίσκοπον,
1376 5531 1406 5593 ἦ
1436 5538 1850 5610 χωρεπίσκοπον,

266 5613 293 5671 ἠ
321 5612 733 5689 πρεσϐυτέρους.
777 5615 808 5676 ἦ
847 5614 1128 5687 διακόνους,
1155 5620 1187 5681 ἦ
1227 5623 1400 5699 ἕτερόν
1432 5647 1546 5681 τινα
1574 5633 1673 5682 τῶν
1705 5626 1752 5681 ἐν
1780 5633 1853 5696 τῷ

265 5700 428 5775 κλήρῳ
447 5703 905 5779 κατηριθμημένων,
949 5706 980 5767 ἧ
1014 5708 1346 5783 προϐάλλοιτο
1377 5714 1459 5768 έπί
1490 5718 1755 5790 χρήμασιν
1779 5718 1852 5770 εἰς

263 5795 470 5871 κονόμον
493 5834 510 5867 ,
538 5794 569 5859 ἢ
598 5794 833 5871 ἔκδικον,
863 5798 895 5864 ἢ
929 5802 1309 5881 παραμονᾶριον
1328 5845 1347 5872 ,
1386 5804 1415 5867 ἦ
1449 5805 1574 5871 ὅλως
1614 5811 1725 5867 τινὰ
1757 5816 1847 5868 τοῦ

1962 5180 2289 5238 unaquaque
2298 5164 2508 5238 synodo
2517 5166 2799 5240 hucusque
2810 5166 3095 5226 constituti
3115 5178 3261 5237 sunt,
3276 5168 3567 5229 observari

1959 5273 2173 5331 :equum
2197 5258 2525 5316 censuimus.

2029 5349 2280 5407 CLXXX.
2307 5383 2381 5396 -—
2405 5350 2460 5406 2.
2503 5349 2561 5408 Si
2587 5351 2711 5423 quis
2736 5352 3025 5426 episcopus
3051 5360 3276 5426 propter
3296 5354 3558 5425 pecunias

1956 5441 2355 5499 ordinationem
2382 5441 2592 5511 fecerit,
2643 5450 2702 5498 et
2739 5442 3169 5501 inaestimabilem
3194 5444 3423 5515 gratiam
3453 5444 3557 5499 sub

1958 5533 2135 5606 pretio
2180 5533 2493 5604 redegerit,
2541 5543 2597 5591 et
2640 5545 2866 5608 propter
2911 5538 3168 5609 pecunias
3219 5537 3556 5594 ordinaverit

1960 5628 2295 5699 episcopum,
2324 5628 2410 5685 vel
2445 5629 2915 5702 chorepiscopum,
2949 5630 3037 5686 vel
3064 5630 3434 5703 presbyteros,
3464 5627 3553 5685 vel

1959 5719 2242 5790 diaconos,
2271 5720 2358 5793 vel
2397 5721 2631 5793 aliquem
2662 5736 2850 5778 eor-tun
2880 5722 2972 5794 qui
3013 5722 3067 5777 in
3096 5720 3244 5779 clero
3284 5734 3552 5777 annume-

1958 5818 2168 5886 rantur,
2189 5810 2274 5870 νει
2302 5820 2526 5886 propter
2544 5812 2801 5886 pectmias
2822 5811 3157 5888 promoverit
3177 5824 3546 5880 (amomum,
