4040 6202
391 280 468 339 8⁸1

1696 279 1982 341 DIONYSll

2093 281 2253 341 EXIG
2263 281 2417 343 W3.
2668 304 2671 307 ‘
3594 326 3601 338 ς
3616 288 3683 346 88

393 401 746 479 χειροθεσίαν,
777 402 864 459 καὶ
890 399 1132 476 μηδαμοῦ
1170 398 1420 461 δύνασθαι
1466 400 1682 478 ένεργεῖν
1726 399 1801 474 ἐφ’
1842 398 1982 476 ὕϐρει

2089 399 2198 457 dus
2224 399 2434 458 irritam
2455 399 2658 461 habere
2684 401 2953 474 ejmodi
2983 403 3385 463 ordinationem
3412 422 3426 462 :
3454 416 3515 465 et
3563 422 3694 466 nus-

392 499 487 549 τοῦ
513 496 994 569 χειροτονήσαντος.

463 603 597 680 ρπε’.
636 606 764 666 Tot}.-
786 589 924 669 ἅπαξ
957 606 1009 659 έν
1032 604 1197 679 κλήρῳ
1225 608 1568 680 τεταγμένους
1598 610 1683 664 καί
1710 610 1990 680 μοναστὰς,

392 694 653 768 ὦρίσαμεν
677 699 805 766 μήτε
834 697 920 749 έπί
954 688 1233 770 στρατείαν
1276 700 1404 769 μήτε
1437 699 1525 753 ini
1564 701 1708 763 ἀξίαν
1750 705 1994 772 κοσμικὴν

391 782 677 859 ἔρχεσθαι.
703 785 759 840 Ἦ
789 792 942 841 τοῦτο
966 786 1280 856 τολμῶντας.
1311 791 1396 844 καί
1435 796 1504 863 μή
1526 792 1993 865 μεταμελουμένονς

390 877 524 931 ὥστε
552 876 861 950 ἐπιστρέψαι
889 878 977 934 ἰπὶ
1007 884 1161 935 τοῦτο
1189 876 1216 933 ὁ
1243 877 1328 937 διὰ
1349 881 1471 936 Θεὸν
1499 882 1750 959 πρότερον
1779 883 1990 951 εἴλοντο,

389 970 876 1039 ἁναθεματίζεσθαι.

456 1169 601 1246 ρης-ὀ
645 1171 707 1225 οῖ
736 1171 955 1246 κληρικοί
983 1181 1081 1228 τῶν
1107 1179 1385 1246 πτωχείων
1416 1178 1503 1231 καί
1526 1179 1879 1253 μοναστηδςίων
1911 1180 1993 1233 καί

387 1264 707 1337 μαρτυρίων,
736 1265 838 1318 ύπό
881 1270 973 1324 τὴν
1014 1266 1245 1330 ἐξουσίαν
1267 1274 1370 1321 τῶν
1417 1269 1468 1321 ἐν
1511 1266 1704 1341 ἑκάστῃ
1747 1266 1992 1339 ἱέκάστης

387 1348 607 1422 πόλεως]
631 1351 774 1406 πόλει
802 1354 1118 1423 ἐπισκόπων,
1149 1356 1284 1411 κατά
1307 1360 1396 1415 τήν
1436 1364 1537 1412 τῶν
1572 1357 1729 1431 ἁγίων
1754 1360 1989 1435 πατέρων

386 1443 677 1519 παράδοσιν
704 1445 1103 1518 διαμενέτωσαν,
1135 1452 1220 1504 καὶ
1246 1455 1315 1522 μή
1345 1451 1475 1506 κατὰ
1498 1450 1761 1507 αὐθάδειαν
1787 1454 1992 1527 ἀφηνια-

364 1544 591 1604 ζιτωσαν
604 1546 696 1597 τοῦ
716 1540 844 1598 ἰδίου
875 1544 1176 1599 ἐπισκόπου.
1210 1544 1270 1599 Oi
1310 1542 1362 1600 δέ
1388 1545 1668 1617 τολμῶντες
1693 1547 1989 1624 ἀνατρέπειν

386 1633 479 1690 τήν
500 1633 741 1693 τοιαύτην
769 1631 1091 1690 διατύπωσιν
1118 1633 1225 1689 καθ’
1249 1632 1534 1694 οἱανδήποτε
1563 1635 1772 1711 τρόπον,
1812 1638 1891 1689 γαί
1917 1642 1988 1707 μὴ

385 1722 794 1794 ύποταττόμενοι
818 1731 892 1795 τῷ
929 1722 1040 1799 ἰδίῳ
1068 1725 1341 1797 έπισκὸπῳ
1366 1739 1381 1755 '
1413 1728 1458 1780 sl
1493 1727 1585 1795 μέν
1620 1720 1714 1780 εἷεν
1742 1725 1987 1801 κληρικοὶ,

385 1822 502 1874 τοῖς
526 1822 627 1871 τῶν
652 1812 874 1871 κανόνων
916 1816 1311 1872 ὑποκείσθωσαν
1337 1818 1639 1888 ἔπιτεμέοις⁰
1678 1817 1722 1871 εἰ
1745 1814 1798 1872 δέ
1835 1820 1987 1888 μονα·-

386 1908 561 1969 ζοντες
582 1905 613 1965 ἧ
642 1906 822 1977 λαῖκσί,
844 1905 1080 1964 ἴστωσαν
1107 1909 1454 1967 ἁκοινώνητοι.

396 2016 397 2019 Ἴ
456 2019 595 2095 ρπξ.
637 2020 705 2076 Εἴ
724 2042 803 2082 τις
831 2023 1057 2099 κληρικὸς
1084 2023 1217 2097 πρὸς
1241 2022 1467 2095 κληρικὸν
1495 2024 1715 2095 πρᾶγμα
1744 2018 1883 2092 ἔχει,
1915 2028 1987 2093 μή

385 2111 865 2183 ἐγκαταλιμπανὲτω
891 2115 977 2169 τὸν
1004 2116 1180 2169 οἰκεῖον
1206 2114 1503 2181 ἐπίσκοπον,
1535 2117 1623 2169 καί
1650 2116 1736 2170 ἐπὶ
1765 2118 1987 2186 κοσμικά

302 2252 321 2273 ,η
382 2200 687 2280 δικαστήρια
716 2205 1088 2280 κατατρεχέτω
1114 2219 1129 2236 ⁸
1159 2204 1284 2261 ἀλλὰ
1320 2206 1572 2283 πρότερον
1610 2210 1699 2267 τὴν
1744 2208 1985 2265 ύπόθεσιν

379 2298 682 2368 Ῥμναζέτω
709 2297 854 2374 παρὰ
892 2304 966 2369 τῷ
998 2295 1108 2368 ἰδίῳ
1139 2298 1424 2371 έπισκὸπῳ,
1455 2300 1607 2373 ἤγουν
1635 2302 1805 2374 γνώμῃ
1832 2301 1985 2355 αὐτοῦ

380 2390 478 2440 τοῦ
512 2385 798 2441 έπιστὸπου
824 2386 950 2462 παρ’
977 2384 1050 2447 οἷς
1081 2382 1138 2441 ἂν
1176 2390 1242 2443 τὰ
1266 2390 1522 2465 ἀμφότερα
1549 2392 1679 2464 μέρη
1702 2390 1986 2465 βούλωνται

380 2476 449 2532 τὰ
487 2485 581 2537 τῆς
622 2475 761 2540 δίκης
808 2478 1691 2557 συγκροτεῖσθαι[συγκροτείσθω].
1714 2484 1772 2537 Ei
1809 2480 1864 2539 δέ
1906 2504 1987 2544 τις

381 2569 529 2643 παρᾶ
549 2575 716 2624 ταῦτα
742 2572 967 2635 ποιήσοι,
992 2579 1265 2632 γανονικοίς
1290 2575 1562 2644 έπιτιμὶοις
1591 2575 1901 2631 ὑποκείσθω.
1927 2578 1987 2633 Ei

381 2656 438 2714 δέ
458 2661 546 2713 καί
561 2659 797 2735 κληρικὸς
812 2665 1032 2738 πρᾶγμα
1051 2658 1084 2716 ἕ
1080 2683 1172 2732 χοι
1191 2654 1316 2738 πρὸς
1336 2665 1422 2719 τὸν
1443 2661 1703 2724 ἴδιονῆκαί
1724 2666 1853 2739 πρὸς
1873 2667 1983 2723 ἔτε-

379 2769 472 2826 ρον
492 2752 794 2817 ἱπέσκοπον,
823 2755 968 2829 παρὰ
988 2762 1051 2829 τῇ
1072 2753 1265 2828 συνόδῳ
1287 2764 1379 2818 τῆς
1401 2756 1664 2833 ἐπαρχίας
1684 2754 1979 2822 δικαζέσθω.

378 2843 444 2894 El
477 2841 533 2898 δέ
560 2844 691 2916 πρὸς
726 2844 810 2900 τὸν
851 2852 942 2907 τῆς
969 2846 1131 2906 αὐτῆς
1162 2847 1423 2924 ἐπαρχίας
1446 2848 1845 2924 μητροπολίτην,
1876 2848 1984 2903 ἐπέ·-

382 2952 583 2994 σκσπος
622 2931 653 2992 ἧ
690 2934 921 3009 κληρικός
966 2936 1330 3008 ἁμφισϐητοίη,
1367 2939 1797 3011 καταλαμϐανέτω
1838 2938 1869 3000 ἦ
1900 2939 1986 2995 τὸν

379 3021 607 3099 Ῐξαρχον
632 3032 724 3085 τῆς
750 3022 1065 3093 διοικήσεως.
1112 3026 1143 3089 ἦ
1183 3029 1270 3085 τὸν
1319 3037 1409 3091 τῆς
1447 3028 1820 3100 βασιλευούσης
1850 3046 1984 3086 Κων-

381 3115 848 3177 σταντινουπόλεως
873 3117 1064 3194 θρόνον,
1093 3121 1180 3174 καί
1205 3121 1286 3177 ἐπ’
1307 3123 1450 3195 αὐτῷ
1479 3120 1777 3188 δικαζέσθω.

451 3227 591 3303 pm’.
633 3234 721 3290 Μή
759 3230 938 3303 ίξεοῖναι
969 3232 1198 3308 κληρικόν
1226 3236 1277 3288 έν
1300 3232 1395 3290 δύο
1414 3235 1609 3290 πόλεων
1630 3235 1758 3291 κατᾶ
1792 3235 1983 3292 ταυτὸν

379 3318 744 3392 καταλέγεσθαι
771 3319 1086 3389 έκκλησέαις,
1123 3321 1229 3399 ένῇ
1270 3345 1323 3379 τε
1366 3328 1460 3383 τὴν
1503 3327 1679 3399 ἀρχὴν
1713 3323 1982 3401 ἐχειροτο-

375 3413 521 3475 νήθη,
550 3412 635 3465 καί
675 3408 727 3465 έν
817 3414 1159 3488 προσέφυγεν,
1186 3417 1254 3476 ὡς
1297 3420 1486 3487 μείζονι
1527 3415 1694 3482 δῆθεν,
1725 3415 1812 3475 διὰ
1837 3415 1983 3484 δόξης

375 3511 523 3563 κενῆς
554 3502 846 3567 έπιθυμίαν.
887 3508 1018 3566 Τοὺς
1040 3504 1093 3561 δέ
1136 3527 1192 3581 γε
1231 3514 1383 3564 τοῦτο
1413 3515 1707 3573 ποιοῦντας,
1730 3510 1980 3566 ἀποκαθί-

376 3594 601 3650 στασθαι
632 3602 689 3670 τῇ
736 3594 842 3672 ἰδέᾳ
888 3596 1149 3673 έκκλησίᾳ,
1179 3599 1231 3653 έν
1329 3600 1559 3674 ἐξαρχῆς
1588 3604 1979 3677 ἐχειροτονήθη-

377 3708 499 3754 σαν,
530 3690 617 3741 καί
640 3690 747 3744 ἐκεῖ
760 3690 917 3759 μόνον
941 3690 1266 3769 λειτουργεῖν.
1291 3697 1350 3748 Εἰ
1377 3696 1467 3767 μέν
1490 3714 1573 3750 τοι
1610 3693 1706 3754 ἤδη
1731 3716 1810 3756 τις
1829 3706 1979 3766 μετε-

374 3778 491 3836 τέθη
515 3778 566 3841 ἐξ
595 3774 745 3839 ἄλλης
773 3781 844 3839 εἰς
868 3776 1019 3839 ἄλλην
1045 3781 1328 3851 ὶκκλησίαν,
1352 3782 1507 3855 μηδὲν
1533 3793 1639 3847 τοῖς
1665 3794 1760 3847 τῆς
1790 3793 1978 3864 προτέ-

373 3891 469 3949 ρας
499 3870 763 3933 έκκλησὶας
787 3913 801 3937 ,
836 3871 950 3933 ἤτοι
980 3879 1080 3929 τῶν
1110 3873 1199 3928 ὑπ’
1228 3875 1388 3935 αὐτὴν
1414 3881 1715 3952 μαρτυρίων
1754 3876 1787 3937 ἦ
1829 3901 1975 3934 πτω-

378 3966 538 4033 χείων
564 3961 594 4023 ἦ
623 3961 952 4035 ξενοδοχείων
979 3966 1316 4023 ἐπικοινωνεῖν
1342 3970 1662 4043 πράγμασιν.
1687 3971 1817 4030 Τοὺς
1840 3966 1894 4024 δέ
1916 3991 1975 4042 γε

374 4053 668 4125 τολμῶντας
708 4057 843 4126 μετά
869 4056 954 4112 τὸν
990 4055 1100 4135 ὅρον
1121 4067 1215 4120 τῆς
1249 4061 1472 4130 μεγάλης
1516 4062 1601 4115 καὶ
1633 4062 1977 4133 οέκουμενικῆς

372 4144 569 4205 ταύτης
610 4144 850 4211 συνόδου,
876 4150 1120 4222 πράττειν
1156 4171 1209 4206 τι
1253 4157 1354 4205 τῶν
1393 4158 1483 4206 νῦν
1530 4153 1971 4227 ἀπηγορευμένων,

375 4235 560 4313 ὥρισεν
589 4236 620 4294 ἡ
644 4234 768 4306 ἁγία
797 4236 1012 4297 σύνοδος
1040 4239 1299 4295 iunia-rm
1326 4248 1419 4297 τοῦ
1448 4238 1577 4297 ἰδίου
1605 4243 1828 4315 βαθμοῦ.

445 4501 578 4577 μεθ’.
623 4486 812 4563 Πάντας
837 4503 959 4562 τοὺς
1002 4501 1221 4563 πένητας
1250 4505 1335 4559 καὶ
1368 4500 1639 4576 δεομένους
1660 4486 1971 4581 έπικσυρίας,

2010 3188 2059 3252 C

2097 505 2260 563 quam
2282 508 2442 565 posse
2461 493 2674 565 operari
2703 494 2774 551 ad
2790 493 3041 566 iniuriam
3063 496 3182 564 ejus
3205 500 3299 565 qui
3318 499 3608 558 ordinavit.

2166 600 2475 658 CLXXXV.
2508 636 2580 648 -
2600 604 2656 659 7.
2681 603 2796 662 Eos
2822 606 2917 675 qui
2956 607 3128 662 semel
3172 607 3227 663 in
3272 608 3423 666 clero
3451 614 3693 682 cooptati

2094 701 2242 756 sunt,
2273 700 2329 747 et
2353 693 2711 749 monasticam
2739 694 2909 749 vitam
2956 682 3357 768 expetiverunt,
3404 703 3696 759 statuimus

2096 797 2274 854 neque
2302 783 2371 838 ad
2394 784 2661 851 militiam,
2686 799 2864 855 neque
2891 786 2960 842 ad
3005 789 3323 846 saecularem
3372 791 3692 861 dignitatem

2094 874 2300 929 venire.
2334 872 2444 929 Aut
2490 875 2600 932 hoc
2643 877 2908 934 audentes
2935 894 3037 935 nec
3066 882 3441 950 pmnitentiam
3472 893 3693 954 agentes

2095 972 2156 1019 ut
2191 964 2260 1031 ad
2288 962 2343 1021 id
2368 972 2731 1033 revertantur,
2757 969 2903 1039 quod
2932 978 3157 1041 propter
3181 971 3352 1029 Deum
3402 975 3555 1045 prius
3582 978 3692 1033 ele-

2092 1063 2305 1125 gerant,
2332 1056 2800 1114 anathematizari.

2166 1169 2497 1227 CLXXXVI.
2533 1205 2607 1215 —
2634 1172 2687 1227 8.
2714 1171 2908 1230 Clerici
2934 1178 3295 1246 ptocbiornm,
3328 1182 3690 1237 monasterio-

2094 1278 2213 1320 rum
2264 1272 2321 1320 ct
2373 1265 2790 1339 martyriorum,
2822 1267 2922 1322 sub
2971 1278 3246 1338 patestate
3285 1272 3687 1343 episcoporum,

2092 1356 2187 1425 qui
2213 1363 2337 1412 sunt
2368 1356 2422 1411 in
2445 1372 2773 1428 unaquaque
2802 1359 3353 1430 civitatc,sceundum
3377 1374 3687 1425 sanctorum

2094 1444 2317 1503 Patrum
2342 1448 2691 1506 traditionem
2737 1462 3111 1521 permaneant,
3144 1469 3246 1510 nec
3301 1470 3398 1527 per
3428 1474 3689 1529 praesum-

2094 1541 2335 1610 ptionem
2362 1558 2393 1597 a
2423 1558 2522 1597 suo
2570 1543 2827 1615 episcopo
2857 1546 3135 1601 recedant.
3180 1546 3281 1615 Qui
3312 1565 3443 1605 vero
3488 1552 3688 1609 audent

2093 1634 2364 1704 ejusmodi
2391 1636 2839 1692 constitutionem
2867 1652 3193 1709 quocunque
3223 1640 3387 1697 modo
3411 1654 3681 1711 evertere,

2094 1742 2196 1782 nec
2224 1742 2324 1782 suo
2353 1727 2610 1798 episcopo
2637 1727 3013 1799 subjiciuntur,
3041 1730 3087 1786 si
3112 1729 3332 1800 quidem
3356 1733 3537 1790 clerici
3570 1735 3690 1791 fue-

2024 1812 2066 1871 B
2094 1817 2222 1881 rint,
2256 1819 2530 1874 canonicis
2558 1820 2733 1890 poenis
2762 1819 3117 1890 subjiciantur
3146 1839 3159 1875 :
3192 1823 3238 1878 si
3264 1832 3447 1881 autem
3495 1841 3686 1883 mona-

2064 1904 2065 1907 “
2090 1910 2177 1965 clii
2204 1918 2296 1965 aut
2313 1909 2460 1975 laici,
2483 1912 2863 1967 communione
2892 1912 3193 1984 priventur.

2160 2017 2508 2075 CLXXXVII.
2538 2051 2609 2063 —-
2638 2014 2782 2078 9.'Si
2807 2022 2928 2093 quis
2953 2023 3185 2081 clericus
3226 2041 3349 2082 cum
3380 2028 3582 2085 clerico
3614 2029 3684 2085 li-

2092 2116 2204 2164 tem
2232 2110 2501 2180 habuerit,
2524 2113 2806 2183 proprium
2827 2113 3143 2185 episcopum
3169 2131 3239 2172 ne
3257 2116 3507 2187 deserat,
3535 2129 3591 2175 et
3618 2120 3686 2175 ad

2087 2199 2368 2256 meenlaria
2391 2200 2587 2272 judicia
2616 2217 2685 2258 ne
2707 2211 2992 2271 excurrat;
3015 2204 3111 2260 sed
3147 2206 3295 2276 prius
3323 2222 3541 2264 causam
3563 2217 3689 2278 agat

2088 2292 2232 2364 apud
2252 2293 2530 2364 proprium
2555 2295 2902 2367 episcopum:
2928 2296 3015 2352 vel
3035 2304 3185 2359 certe
3204 2296 3273 2352 de
3297 2298 3539 2369 episcopi
3561 2315 3687 2356 sen-

2088 2383 2260 2439 tentia
2290 2382 2433 2456 apud
2463 2399 2561 2441 eos
2588 2400 2727 2455 quos
2757 2393 2985 2456 utraque
3023 2401 3149 2457 pars
3178 2388 3403 2458 elegerit
3424 2389 3685 2459 judicium

2089 2473 2342 2544 agitetur.
2371 2472 2428 2529 Si
2453 2475 2576 2544 quis
2603 2482 2783 2530 autem
2808 2486 3007 2547 praeter
3032 2478 3149 2533 hanc
3178 2477 3389 2544 fecerit,
3408 2483 3686 2540 canonicis

2090 2566 2267 2639 panis
2293 2566 2632 2637 subjiciatur.
2666 2566 2725 2623 Si
2780 2576 2963 2624 autem
3008 2569 3240 2627 clericus
3290 2587 3415 2629 cum
3459 2576 3683 2646 proprio

2086 2659 2175 2715 vel
2197 2658 2362 2715 etiam
2387 2658 2494 2715 alio
2523 2660 2781 2731 episcopo
2809 2660 2959 2717 litem
3009 2662 3280 2730 habuerit,
3310 2679 3342 2720 a
3386 2666 3684 2736 provincia

2087 2749 2296 2822 synodo
2338 2748 2629 2819 iudicetur.
2686 2750 2744 2807 Si
2771 2759 2952 2808 autem
2999 2768 3123 2809 cum
3172 2754 3342 2825 ipsius
3386 2759 3683 2828 provincia:

2086 2842 2532 2914 metropolitano,
2555 2845 2841 2916 episcopus
2868 2846 2955 2902 vel
2982 2847 3213 2904 clericus
3253 2855 3681 2912 controversiam

2085 2934 2358 3003 habuerit,
2389 2936 2690 2993 dimeeseos
2716 2939 3011 2995 exarebum
3038 2939 3219 3009 adeat,
3252 2951 3347 2998 aut
3382 2945 3544 3015 regia
3584 2964 3681 3003 ur-

2084 3025 2171 3084 bis
2191 3026 2743 3099 Constantinopoleos
2788 3030 2995 3101 sedem,
3023 3040 3082 3089 et
3135 3034 3281 3106 apud
3317 3035 3490 3108 ipsam
3529 3037 3681 3110 judi-

2084 3133 2261 3176 οοῑιιιυ.

2074 3274 2079 3277 -
2157 3233 2531 3292 CLXXXVIII.
2556 3236 2726 3292 --l0.
2749 3236 2868 3295 Non
2889 3238 3055 3298 licere
3073 3241 3329 3299 clericum
3368 3242 3421 3299 in
3447 3243 3680 3304 duarum

2062 3325 2246 3383 simul
2272 3326 2552 3383 civitatum
2605 3327 2851 3385 ecclesiis
2874 3331 3166 3401 conscribi,
3195 3341 3251 3389 et
3300 3334 3356 3389 in
3402 3349 3467 3391 ea
3500 3335 3553 3391 in
3574 3350 3677 3406 qua

2083 3417 2153 3474 ab
2178 3417 2337 3474 initio
2365 3417 2653 3474 ordinatus
2676 3427 2779 3487 est,
2804 3428 2861 3475 et
2909 3419 2965 3475 in
3009 3435 3075 3476 ea
3104 3421 3159 3477 in
3180 3438 3365 3492 quam,
3397 3432 3457 3480 ut
3504 3422 3684 3496 majo-

2081 3525 2221 3577 rem,
2251 3510 2511 3581 conl'ugit,
2557 3519 2784 3583 propter
2830 3512 3009 3569 inanis
3058 3513 3249 3584 gloria:
3300 3516 3679 3587 cupiditatem.

2080 3599 2192 3657 Eos
2216 3609 2397 3657 autem
2417 3601 2513 3671 qui
2544 3602 2648 3658 hoc
2675 3601 2899 3669 faciunt,
2931 3618 3044 3659 sua:
3096 3602 3342 3661 ecclesia:
3386 3608 3598 3664 restitui
3622 3609 3715 3666 in-

2079 3706 2187 3763 qua
2218 3692 2288 3749 ab
2314 3692 2472 3747 initio
2501 3692 2736 3748 ordinati
2768 3702 2914 3759 sunt,
2946 3702 3002 3748 et
3029 3694 3142 3750 illic
3172 3699 3551 3755 tantummodo
3577 3700 3682 3755 mi-

2080 3783 2333 3839 nistrare.
2365 3780 2475 3837 Sed
2500 3782 2547 3836 si
2565 3782 2680 3851 jam
2696 3782 2968 3853 quispiam
2996 3798 3063 3838 ex
3088 3784 3193 3839 alia
3223 3785 3275 3840 in
3307 3787 3467 3842 aliam
3497 3791 3677 3847 eccle-

2076 3876 2214 3933 siam
2244 3876 2539 3932 translatus
2567 3884 2671 3944 est,
2703 3876 2836 3931 nihil
2862 3877 3060 3947 prioris
3088 3878 3351 3948 ecclesize,
3380 3882 3467 3937 vel
3489 3898 3678 3941 eorum

2078 3981 2199 4038 quae
2224 3966 2328 4023 sub
2343 3982 2409 4022 ea
2441 3981 2571 4022 sunt
2612 3969 3022 4038 martyriorum,
3052 3969 3139 4024 vel
3189 3971 3557 4043 ptoehiornm,
3588 3976 3676 4033 vel

2078 4059 2542 4116 xenodocbiorum
2563 4060 2727 4117 rebus
2754 4061 3175 4117 communicare.
3224 4061 3332 4119 Eos
3369 4074 3553 4122 autem
3584 4070 3674 4138 qui

2077 4151 2197 4207 ausi
2226 4149 2445 4218 fuerint,
2477 4160 2604 4223 post
2622 4151 2994 4208 deﬁnitionem
3021 4167 3229 4222 magnae
3256 4162 3313 4209 et
3360 4157 3675 4216 universalis

2074 4243 2290 4315 synodi,
2320 4243 2525 4313 aliquid
2572 4259 2762 4300 eorum
2809 4259 2933 4313 qua:
2986 4254 3114 4300 sunt
3156 4246 3428 4316 prohibita
3468 4248 3661 4318 facere

2074 4333 2264 4390 statuit
2309 4340 2502 4389 sancta
2547 4333 2819 4404 synodus,
2875 4348 2972 4390 eos
3012 4336 3235 4406 proprio
3289 4338 3462 4409 gradu
3534 4342 3671 4398 exci-

2079 4423 2235 4481 dere.

2146 4513 2479 4573 CLXXXIX.
2510 4548 2578 4559 —
2611 4515 2700 4571 ll.
2727 4512 2926 4572 Omnes
2953 4531 3240 4588 pauperes,
3275 4527 3332 4575 et
3372 4521 3574 4579 auxilio
3600 4523 3677 4580 in-

373 4593 506 4665 μετὰ
533 4590 832 4665 δοκιμασίας
870 4593 1180 4657 ἐπιστολίοις
1218 4592 1372 4653 ἧτουδ
1412 4598 1675 4672 εἰρηνικοῖς
1699 4598 1971 4656 ἐκκλησια-

2089 4608 2341 4678 digentes,
2385 4623 2508 4663 cum
2538 4608 2881 4679 probatione,
2914 4610 3030 4665 sive
3076 4624 3201 4665 cum
3233 4612 3472 4683 paciﬁcis
3501 4616 3678 4679 eccle.

372 4693 573 4748 cruci;
616 4694 786 4759 μονοῖς
823 4684 1015 4742 ὁδεύειν
1060 4688 1338 4759 ὡρίσαμεν,
1369 4689 1457 4743 καὶ
1497 4693 1567 4761 μή
1613 4698 1969 4755 συστατικοῖς,

373 4778 461 4836 διὰ
482 4778 560 4845 τὸ,
591 4780 688 4839 τὰς
723 4780 1044 4841 συστατικὰς
1072 4779 1352 4840 ἐπιστολὰς
1380 4785 1655 4851 προσήκειν
1682 4791 1796 4844 τοῖς
1823 4777 1971 4838 οὖσιν

371 4871 427 4927 έν
454 4867 705 4941 {mollitia
729 4870 900 4942 μόνοις
928 4872 1229 4945 προσώποις
1250 4871 1596 4946 παρέχεσθαι.

446 5073 539 5147 ρζ.
578 5070 748 5130 Ἦλθεν
775 5076 846 5135 εἰς
869 5075 1026 5145 ἡμᾶς,
1057 5074 1128 5135 ὥς
1152 5092 1285 5133 τινες
1307 5078 1453 5149 παρὰ
1478 5075 1601 5136 τούς
1630 5073 1979 5133 ἐκκλησιαστι-

374 5167 499 5224 κοὺς
526 5165 748 5233 θεσμοὺς
773 5163 1199 5242 προσδραμόντες
1242 5162 1591 5228 δυναστείαις,
1619 5163 1705 5221 διὰ
1731 5185 1977 5240 πραγμα-

374 5262 525 5311 τικῶν
544 5262 636 5314 τήν
659 5259 779 5325 μίαν
807 5259 1072 5331 ἐπαρχίαν
1094 5260 1167 5318 είς
1189 5256 1281 5312 δύο
1305 5260 1595 5329 κατέτεμον,
1623 5260 1692 5317 ὡς
1715 5259 1769 5311 έκ
1789 5257 1974 5312 τούτου

374 5346 473 5406 δύο
513 5348 913 5421 μητροπολίτας
939 5346 1067 5406 εἶναι
1107 5351 1162 5406 έν
1201 5358 1265 5424 τῇ
1479 5346 1976 5425 έπαρχίᾳ.”Ωρισεν

372 5442 540 5495 τοίνυν
566 5440 598 5498 ἦ
627 5438 752 5510 ἁγία
793 5437 1031 5506 σύνοδος,
1074 5448 1166 5497 τοῦ
1206 5442 1385 5498 λοιποῦ
1416 5440 1570 5515 μηδὲν
1613 5448 1816 5496 τοιοῦτο
1860 5444 1977 5496 τολ-

374 5529 574 5598 μᾶσθαι
603 5530 741 5609 παρὰ
768 5530 1070 5586 έπισκὸπου’
1105 5532 1214 5586 έπιέ
1252 5534 1338 5588 τὸν
1378 5540 1580 5590 τοιοῦτο
1614 5534 1979 5609 ἐπιχειροῦντα

373 5622 638 5677 έκπίπτειν
676 5629 772 5678 τοῦ
818 5620 949 5678 ἰδίου
991 5623 1217 5695 βαθμοῦ.
1248 5622 1405 5682 Ὀσαι
1452 5625 1510 5682 δέ
1548 5625 1645 5687 ἤδη
1682 5627 1854 5688 πόλεις
1892 5624 1979 5683 διὰ

373 5714 690 5791 γραμμάτων
715 5716 992 5787 βασιλικῶν
1018 5724 1093 5793 τῷ
1134 5727 1227 5780 τῆς
1264 5720 1623 5795 μητροπόλεως
1665 5722 1979 5794 έτιμήθησαν

374 5807 600 5881 ὀνόματι,
630 5810 786 5887 μόνης
829 5810 1230 5889 ἀπολαυέτωσαν
1253 5819 1348 5876 τῆς
1377 5822 1545 5887 τιμῆς,
1578 5818 1663 5877 καὶ
1703 5815 1729 5874 ὀ
1770 5819 1861 5876 τήν
1897 5816 1978 5873 έκ-

2080 4700 2314 4757 siasticis
2334 4699 2530 4755 litteris
2558 4699 2691 4755 solis
2712 4699 2821 4756 iter
2836 4699 3018 4757 facere
3063 4701 3353 4761 definimus
3370 4745 3386 4772 ,
3420 4722 3529 4761 non
3554 4723 3680 4763 cum

2079 4790 2557 4857 wmmendatitiis,
2578 4790 2706 4862 quia
2727 4791 3198 4851 commendatitias
3228 4794 3439 4853 litteras
3459 4798 3525 4855 iis
3547 4799 3679 4857 solis

2079 4882 2329 4953 personis
2348 4896 2470 4952 quae
2491 4881 2548 4939 in
2579 4882 2817 4953 aliquam
2845 4882 3209 4953 suspicionem
3233 4895 3501 4944 venerunt
3541 4904 3669 4960 pra:-

2081 4971 2199 5029 Ι)εεί
2217 4979 2455 5043 oportet.

2148 5080 2306 5138 CXC.
2329 5113 2401 5125 —
2425 5079 2514 5135 12.
2539 5079 2795 5138 Pervenit
2820 5080 2888 5137 ad
2907 5096 3035 5150 nos,
3059 5083 3206 5154 quod
3226 5085 3445 5155 quidam
3472 5096 3665 5159 prater

2076 5172 2449 5230 ecclesiastica
2499 5179 2736 5238 statuta,
2788 5178 3094 5244 potestates
3160 5174 3512 5245 aﬁectantes,
3580 5194 3671 5249 per

2060 5266 2439 5343 .pragmaticas
2466 5280 2631 5320 unam
2652 5264 2989 5336 provinciam
3016 5265 3072 5322 in
3100 5266 3236 5323 duas
3264 5268 3581 5337 diviserunt,
3622 5279 3678 5328 ut

2077 5372 2144 5414 ex
2173 5372 2242 5413 eo
2261 5358 2370 5413 duo
2394 5364 2577 5413 essent
2600 5356 3005 5428 metropolitani
3052 5358 3108 5414 in
3147 5358 3336 5416 eadem
3362 5362 3665 5432 provincia.

2079 5450 2284 5507 Statuit
2308 5464 2441 5522 ergo
2469 5457 2657 5508 sancta
2703 5451 2967 5523 synodus,
2999 5467 3073 5508 ne
3124 5452 3382 5525 deinceps
3410 5455 3519 5511 tale
3545 5456 3677 5527 quid

2080 5557 2369 5613 cpiscopus
2393 5542 2626 5598 audeat:
2655 5541 2923 5615 alioquin,
2947 5544 3039 5614 qui
3061 5545 3168 5600 hoc
3208 5546 3540 5615 aggreditur,
3570 5564 3674 5606 suo

2081 5633 2250 5703 gradu
2278 5632 2552 5689 excidere.
2580 5631 2930 5706 Quaecunque
2960 5643 3144 5691 autem
3186 5636 3433 5694 civitates
3462 5652 3560 5710 per
3587 5639 3675 5697 Iit-

2081 5732 2227 5779 tcras
2278 5723 2589 5794 imperiales
2615 5724 2935 5796 metropolis
2962 5724 3183 5781 nomine
3210 5724 3498 5784 honiorata:
3525 5739 3671 5798 sunt,

2081 5814 2199 5875 solo
2227 5814 2429 5874 honore
2465 5815 2831 5891 perfruantur,
2858 5823 2916 5874 et
2942 5815 3033 5888 qui
3064 5815 3203 5893 ,σίνε
3254 5816 3542 5881 ecclesiam
3581 5823 3673 5881 ad—
