4040 6202
348 328 426 387 ἃ
1332 328 1556 385 CODEX
1594 326 1920 385 CANOMJM
1964 326 2334 386 UNIVERSIE
2376 328 2749 387 ECC‘LESIE.
3572 337 3641 394 90

348 454 578 514 κλησίαν
624 452 779 512 αὐτῆς
806 448 1004 507 διοικῶν
1051 450 1350 511 ἐπίσκοπος,
1398 451 1697 515 σωζομένων
1742 446 1963 508 δηλονότι

2068 448 2335 503 ministrat
2355 449 2662 521 episcopus,
2682 462 2897 511 servato
2928 454 3133 513 scilicet
3156 470 3297 513 verm
3345 460 3638 529 metropoli

349 556 417 622 τῇ
448 548 589 601 κατά
613 545 846 603 ἀλήθειαν
877 543 1186 618 μητροπόλει
1207 549 1306 596 τῶν
1330 543 1524 596 οίκείων
1554 540 1775 597 δικαίων.

428 635 561 710 ρέεί.
600 633 784 695 Ξῖνους
824 634 1087 706 κληρικοὺς
1112 635 1193 685 καί
1218 634 1515 703 ἀγνώστους
1548 632 1600 685 ἐν
1628 631 1778 705 ἑτέρᾳ
1813 630 1956 686 πόλει

354 728 491 800 δίχα
549 732 881 782 συστατικῶν
930 725 1246 798 γραμμάτων
1297 728 1389 776 τοῦ
1450 720 1578 776 ίδίου
1643 723 1954 787 ἐπισκόπου,

354 819 485 889 μηδὲ
509 817 639 877 ὅλως
670 814 771 886 μηδ
782 822 910 884 πιμοῦ
941 815 1275 888 λειτουργεῖν.

428 912 563 985 ρξε’.
605 908 805 969 Ἐπειδὴ
842 908 900 963 ἕν
934 930 1066 963 τισιν
1114 909 1395 982 ἐπαρχίαις
1424 910 1826 981 συγκεχώρηται
1854 914 1958 967 τοῖς

353 1007 712 1076 ἄναγνὼσταις
738 1004 825 1057 καί
848 1000 1065 1072 ψάλταις
1090 1008 1287 1070 γαμεῖν·
1320 1001 1504 1072 ὥρισεν
1525 1000 1555 1057 ἡ
1576 998 1696 1072 ἁγία
1721 996 1955 1061 σύνοδος,

358 1103 429 1168 μή
475 1098 659 1162 ἐξεῖναί
708 1118 803 1152 τινι
854 1096 1021 1149 αὐτῶν
1065 1092 1350 1166 έτερόδοξον
1403 1100 1612 1161 γυναῖκα
1662 1091 1957 1162 λαμιῗάνειν.

357 1194 489 1252 Τοὺς
519 1188 575 1244 δέ
600 1188 696 1247 ἤδη
726 1189 778 1241 ἐκ
814 1189 1049 1243 τοιούτου
1078 1184 1245 1258 γάμου
1283 1181 1769 1250 παιδοποιήσαντας,
1802 1185 1845 1237 εί
1871 1184 1960 1241 μὲν

359 1284 594 1356 ἔφθασαν
624 1285 879 1355 βαπτίσαι
904 1283 971 1337 τά
1000 1282 1053 1345 ἐξ
1080 1281 1249 1334 αὐτῶν
1272 1280 1525 1350 τεχθέντα
1549 1276 1765 1348 [ἑαυτῶν
1790 1274 1959 1347 τέκνα]

361 1378 505 1448 παρὰ
550 1383 659 1435 τοῖς
706 1374 994 1451 αἱρετικοῖς,
1023 1371 1302 1447 προσάγειν
1342 1370 1470 1424 αὐτὰ
1512 1377 1575 1443 τῇ
1616 1369 1841 1441 κοινωνίᾳ
1870 1376 1962 1428 τῆς

361 1463 625 1522 καθολικῆς
660 1460 947 1519 ἐκκλησίας⁶
990 1464 1059 1531 μὴ
1106 1460 1463 1529 βαπτίσαντας
1492 1454 1568 1523 δὲ,
1611 1461 1681 1525 μή
1719 1455 1962 1510 δύνασθαι

360 1553 440 1609 ἴτε
464 1553 739 1623 βαπτίσειν
766 1552 895 1607 αᾶτά
917 1552 1061 1626 ποιρά
1092 1548 1241 1621 [ἐπὶ]
1270 1558 1378 1609 τοῖς
1398 1549 1692 1619 αἱρετικοῖς,
1720 1551 1845 1619 μήτε
1868 1553 1964 1618 μὴν

360 1650 648 1702 συνάπτειν
670 1644 798 1717 πρὸς
827 1644 990 1715 γάμον
1020 1644 1257 1714 αίρετικῷ
1286 1640 1316 1699 ἧ
1352 1638 1579 1710 Ἰουδαίῳ
1606 1638 1637 1698 ἢ
1663 1638 1857 1694 ’Έλληνι
1883 1655 1898 1668 ·
1921 1641 1964 1692 εί

363 1742 435 1809 μή
485 1735 593 1812 ἄρα
640 1736 1001 1809 ἀπαγγέλλοιτο
1048 1736 1405 1805 μετατίθεσθαι
1448 1737 1521 1794 εἰς
1568 1737 1659 1792 τήν
1708 1731 1966 1809 ὀρθόδοξον

2061 555 2159 594 suo
2185 555 2323 608 iure.

2127 628 2305 684 CXCI.
2333 664 2405 674 —
2428 631 2514 687 15.
2550 632 2866 703 Peregrinos
2886 636 3115 694 clericos
3136 646 3192 694 et
3220 639 3435 707 ignotos
3459 641 3513 695 in
3530 642 3637 697 alia

2059 720 2273 776 civitate
2293 722 2409 777 sine
2436 726 2637 795 proprii
2674 727 2912 797 episcopi
2942 730 3399 787 commendatitiis
3444 732 3643 788 litteris

2059 825 2322 878 nusquam
2346 812 2453 867 ullo
2484 816 2643 867 modo
2672 816 2995 872 ministrare.

2064 950 2067 951 ν
2130 902 2528 959 ΟΧΟΙΙ.-14.
2566 906 2830 973 Quoniam
2878 909 2933 963 in
2980 910 3299 978 quibusdam
3347 914 3653 981 provinciis

2060 1012 2375 1052 concessum
2400 1007 2483 1053 est
2511 999 2803 1054 lectoribus
2833 1010 2887 1055 et
2918 1003 3103 1070 psaltis
3148 1019 3348 1059 uxores
3390 1006 3587 1061 ducere
3618 1024 3639 1061 :

2060 1088 2249 1142 statuit
2299 1098 2485 1142 sancta
2533 1090 2773 1160 synodus
2801 1092 2931 1146 nulli
2960 1108 3148 1147 eorum
3207 1094 3369 1149 licere
3419 1095 3658 1153 alterius

2061 1188 2223 1233 secta:
2253 1195 2475 1233 uxorem
2508 1182 2773 1258 accipere.
2808 1181 2914 1236 Eos
2963 1194 3144 1237 autem
3171 1185 3260 1252 qui
3284 1201 3353 1239 ex
3379 1184 3658 1253 ejusmodi

2061 1269 2408 1324 matrimonio
2429 1270 2628 1325 liberos
2653 1283 3037 1341 susceperunt,
3068 1275 3113 1328 si
3142 1274 3361 1344 quidem
3383 1279 3644 1345 praeventi

2062 1367 2205 1425 sunt,
2230 1375 2295 1414 ex
2315 1376 2375 1414 se
2395 1362 2605 1429 genitos
2620 1363 2879 1432 baptizari
2902 1366 2969 1417 ab
2992 1364 3278 1432 hznreticis,
3305 1367 3369 1419 ad
3389 1366 3645 1423 Ecclesia:

2062 1450 2339 1505 catholica:
2367 1452 2799 1506 communitunem
2839 1468 2933 1507 eos
2964 1454 3252 1510 adducere.
3276 1455 3377 1522 Qui
3395 1472 3524 1511 vero
3545 1459 3645 1511 οὐ*

2062 1541 2167 1597 huc
2196 1542 2451 1611 baptizati
2478 1558 2588 1597 non
2616 1553 2764 1611 sunt,
2785 1560 2891 1599 non
2923 1561 3082 1614 posse
3110 1562 3206 1601 eos
3236 1548 3377 1617 apud
3434 1549 3649 1605 lucretio

2063 1648 2157 1689 cos
2199 1634 2480 1703 baptizari.
2513 1635 2617 1689 Sed
2672 1651 2848 1705 neque
2896 1637 3167 1702 Innretico,
3199 1638 3283 1692 vel
3325 1637 3530 1705 Judcco,
3560 1641 3650 1696 vel

2064 1739 2292 1796 pagano,
2317 1727 2661 1782 matrimonio
2684 1727 3014 1796 conjungere
3043 1746 3055 1781 :
3091 1728 3194 1782 nisi
3230 1729 3367 1784 forte
3414 1747 3647 1800 persona

364 1833 548 1886 πίστιν
590 1830 650 1882 τό
691 1827 1069 1898 συναπτόμενον
1106 1827 1388 1901 πρόσωπον
1425 1834 1499 1901 τῷ
1528 1825 1793 1899 όρθοδόξῳ.
1824 1828 1880 1880 Εἰ
1908 1826 1961 1882 δέ

2068 1830 2183 1884 quae
2212 1816 2526 1871 orthodoxm
2568 1817 2909 1885 eonjungitur
2962 1817 3029 1871 ad
3079 1820 3439 1875 orthodoxam
3488 1821 3649 1877 ﬁdem

365 1941 446 1981 τις
467 1925 656 1974 τοῦτον
685 1919 768 1973 τόν
796 1916 911 2002 ὅρον
940 1918 1207 1991 παραϐαίη
1236 1925 1326 1977 τῆς
1370 1916 1522 1989 ἁγίας
1556 1914 1791 1984 συνόδου,
1823 1936 1963 1971 κανο-

367 2020 486 2082 νικῷ
508 2011 796 2066 ὑποκείσθω
824 2011 1075 2080 ἐπιτιμίῳ.

438 2185 565 2261 ρςγ’.
598 2186 823 2238 Διάκονον
868 2188 937 2253 μή
978 2187 1381 2259 χειροτονεῖσθαι
1426 2190 1642 2255 γυναῖκα
1682 2186 1785 2256 πρὸ
1836 2184 1964 2239 ἐτῶν

368 2277 785 2351 τεσσαράκοντα,
813 2280 897 2329 καί
927 2279 1116 2335 ταύτην
1146 2278 1276 2347 μετά
1305 2277 1550 2352 ἀκριϐοῦς
1576 2275 1899 2349 δοκιμασίας’
1933 2279 1965 2335 ἡ

373 2367 433 2425 δι’
456 2389 515 2441 γε
542 2366 785 2438 δεξαμένη
814 2373 906 2427 τήν
933 2368 1260 2441 χειροθεσίαν
1297 2365 1684 2438 [lupos-aviaui],
1714 2371 1798 2422 καὶ
1836 2365 1968 2441 χρό-

377 2478 460 2511 νον
483 2463 595 2512 τινα
622 2456 993 2530 παραμείνασα
1023 2465 1086 2530 τῇ
1121 2457 1437 2532 λειτουργίᾳ,
1471 2459 1555 2513 ίάν
1594 2460 1780 2518 ἑαυτήν
1801 2458 1959 2533 ἐπιδῷ

378 2553 545 2623 γάμῳ,
575 2551 840 2627 ὑϐρίσασα
862 2558 954 2609 τήν
987 2558 1080 2605 τοῦ
1108 2557 1234 2605 Θεοῦ
1260 2554 1441 2625 χάριν,
1472 2552 1502 2610 ri
1540 2556 1746 2609 τοιαύτη
1782 2552 1960 2605 ἀναθεο

378 2645 672 2715 ματίζεσθω
698 2645 828 2716 μετὰ
845 2650 942 2699 τοῦ
1137 2646 1487 2718 συναφθέντος.

440 2816 567 2894 ρζδ.
611 2819 854 2893 Παρθένον
899 2820 1175 2876 ἀναθεῖσαν
1216 2820 1399 2881 ἔαυτόν
1435 2830 1508 2894 τῷ
1550 2821 1778 2895 δεσπότῃ
1829 2831 1964 2897 Θεῷ,

370 2912 625 2971 inmites;
654 2909 709 2966 δέ
740 2913 823 2965 καί
847 2912 1187 2981 μονάζοντας,
1226 2918 1297 2983 μὴ
1326 2914 1509 2977 ἐξεῖναι
1534 2915 1684 2987 γάμῳ
1718 2934 1972 2983 προσομι-

369 3004 502 3061 λεῖν*
534 3007 579 3059 εί
605 3002 663 3059 δέ
682 3025 739 3077 γε
770 3005 1014 3079 εὑρεθεῖεν
1047 3012 1200 3060 τοῦτο
1229 3010 1491 3064 ποιοῦντες
1510 3045 1525 3069 ,
1566 3003 1803 3060 ἴστωσαν
1828 3006 1967 3059 ἀκοι-

369 3095 602 3154 sciuntur
628 3095 881 3171 ὦρίσαμεν
899 3093 952 3150 δέ
974 3094 1120 3165 ἔχειν
1144 3100 1234 3155 τήν
1258 3096 1553 3150 αὐθίντειαν
1576 3103 1668 3155 τῆς
1696 3092 1775 3150 ἐπ’
1798 3096 1972 3155 αὐτοῖς

376 3186 753 3262 φιλανθρωπίας
779 3188 866 3243 τόν
888 3190 1018 3243 κατά
1046 3188 1199 3244 τόπον
1229 3189 1519 3243 ίπίσκοπον.

441 3280 561 3353 ρξε’.
586 3280 693 3339 Τάς
718 3279 826 3333 καθ’
851 3279 1075 3337 ίκὰστην
1103 3277 1363 3335 ἐκκλησίαν
1403 3275 1709 3353 [ἐπαρχίαν]
1743 3277 1968 3352 ἀγροικι-

370 3367 758 3451 ἠςλοεαροικίας
784 3366 815 3427 ἦ
841 3370 1133 3443 ἐγχωρίους
1151 3409 1167 3436 ,
1199 3368 1361 3437 μίνειν
1391 3368 1845 3442 ἀπαρασαλεύτους
1865 3389 1969 3423 πα·

368 3457 445 3529 ρᾶ
476 3465 588 3517 τοῖς
611 3458 931 3527 κατέχουσιν
973 3459 1133 3518 αὺτάς
1162 3459 1465 3518 ἐπισκόποις
1488 3497 1505 3524 ,
1547 3462 1631 3513 καί
1667 3459 1887 3528 μάλιστα
1924 3460 1971 3513 εί

373 3558 736 3624 τριακονταετῆ
791 3550 977 3622 χρόνον
1018 3552 1217 3611 ταύτας
1263 3549 1532 3611 ἀϐιάστως
1585 3549 1969 3620 διοαατίχοντες

375 3641 724 3714 ᾦκονόμησαν.
754 3643 812 3695 Ei
833 3639 886 3695 δέ
928 3642 1071 3702 ἐντός
1107 3648 1209 3698 τῶν
1247 3643 1523 3715 τριάκοντα
1557 3643 1684 3695 ἐτῶν
1710 3644 1971 3715 γεγένηταί

374 3754 475 3799 τις,
501 3733 532 3792 ἧ
568 3734 763 3806 γένοιτο
795 3732 1059 3804 [ἱνιαυτῶν
1089 3733 1278 3806 ἐγένετό
1300 3755 1381 3793 τις
1408 3733 1439 3792 ἦ
1469 3730 1694 3806 γένηται]
1736 3736 1855 3807 περί
1879 3735 1970 3788 αὐ·-

375 3830 473 3878 τῶν
497 3824 903 3895 ἀμφισϐήτησις,
928 3826 1114 3888 ἐξεῖναι
1145 3833 1251 3884 τοῖς
1278 3824 1507 3897 λέγουσιν
1534 3823 1819 3891 ἠδικῆσθαι,
1850 3827 1972 3901 περί

378 3912 555 3988 [ὑπέρ]
582 3916 776 3970 τούτων
805 3922 951 3969 κινεῖν
984 3916 1154 3986 ἀγῶνα
1181 3916 1328 3990 ποιρά
1354 3921 1417 3987 τῇ
1456 3913 1648 3985 συνόδῳ
1676 3922 1769 3975 τῆς
1810 3914 1971 3989 ἐπαρα

378 4009 527 4078 χίας.
547 4010 605 4061 Εἰ
626 4006 679 4062 δέ
709 4029 791 4069 τις
820 4007 1045 4064 ἀδικοῖτο
1071 4010 1212 4084 παρά
1234 4014 1324 4062 τοῦ
1347 4005 1475 4062 ἰδίου
1507 4007 1789 4063 ἐπισκόπου
1812 4008 1843 4067 ἦ
1875 4030 1971 4079 μη·

377 4098 685 4173 τροπολίτου
708 4136 724 4161 ,
783 4096 943 4173 παρά
973 4104 1046 4167 τῷ
1085 4098 1293 4171 ἐξάρχῳ
1343 4103 1436 4155 τῆς
1480 4094 1773 4156 διοικήσεως
1792 4137 1808 4163 ,
1839 4097 1870 4156 ἢ
1897 4104 1971 4167 τῷ

384 4188 967 4249 Κωνσταντινουπόλεως
1010 4189 1166 4260 θρόνῳ
1204 4187 1505 4251 δικαζέστω,
1555 4187 1683 4242 καθά
1727 4182 1970 4260 [καθώς]

378 4282 692 4357 προείρηται.
722 4285 781 4334 Εἴ
805 4278 865 4334 δὲ
890 4281 971 4334 καί
990 4300 1067 4339 τις
1093 4282 1146 4333 ἐκ
1170 4279 1431 4352 βασιλικῆς
1459 4278 1693 4347 ἐξουσίας
1722 4277 1971 4337 ίκαινίσθη

378 4372 526 4432 πόλις
562 4370 592 4429 ἦ
617 4367 759 4431 αὖθις
796 4373 1091 4439 καινισθείη,
1133 4379 1240 4431 τοῖς
1280 4372 1554 4430 πολιτικοῖς
1579 4372 1660 4423 καί
1701 4367 1969 4440 δημοσίοις

375 4464 562 4522 τύποις
586 4465 792 4517 καὶτῶν
813 4461 1235 4521 ἐκκλησιαστικῶν
1258 4468 1531 4536 παροικεῶν
1550 4462 1581 4518 ἦ
1601 4459 1742 4522 τάξις
1763 4457 1972 4513 ἀκολου-

378 4552 545 4607 Glires.

448 4643 580 4719 p4;'.
610 4644 680 4698 Τό
707 4651 800 4703 τῆς
841 4645 1165 4713 συνωμοσίας
1208 4641 1238 4702 ἦ
1275 4643 1524 4719 φρατρίας
1569 4639 1800 4711 ἔγκλημα
1822 4678 1838 4704 ,
1886 4641 1971 4693 καί

378 4736 523 4811 παρὰ
549 4741 652 4788 τῶν
678 4732 777 4799 ἔξω
801 4735 965 4808 νόμων
1004 4736 1165 4794 πάντη
1191 4735 1488 4799 κεκώλυται,
1514 4732 1680 4803 πολλῷ
1701 4729 1763 4790 δὴ
1784 4729 1971 4802 μᾶλλον

381 4826 432 4881 ἐν
476 4836 540 4903 τῇ
584 4835 676 4882 τοῦ
724 4833 851 4882 Θεοῦ
890 4828 1124 4898 ἐκπὼτσίᾳ
1166 4834 1319 4883 τοῦτο
1368 4826 1594 4900 γίνεσθαι
1640 4823 1973 4898 ἀπαγορεύειν

380 4924 652 4995 προσήκει.
682 4918 886 4979 Εἴτινες
907 4920 1072 4975 τοίνυν
1096 4920 1314 4995 κληρικοί
1333 4917 1363 4977 ἦ
1389 4918 1685 4990 μονάζοντες
1705 4915 1974 4989 εὑρεθεῖεν,

378 5008 413 5071 ἦ
439 5012 806 5081 συνομνύμενοι
830 5010 867 5070 ἦ
888 5012 1308 5088 φρατριάζοντες,
1330 5009 1361 5069 ἦ
1386 5010 1707 5068 κατασκευὰς
1724 5008 1968 5083 τορεύον-

380 5124 471 5165 τες
495 5103 787 5165 έπισκὸποις
812 5104 844 5165 ἦ
865 5105 1217 5181 συγκληρικσίς
1232 5142 1249 5171 ,
1285 5104 1667 5160 ἐκπιπτέτωσαν
1694 5102 1860 5160 πάντη
1881 5104 1970 5156 τοῦ

374 5197 559 5252 οἰκείου
589 5198 807 5269 βαθμοῦ.

450 5287 576 5364 ρζζ.
595 5286 766 5343 Ἦλθεν
787 5290 858 5349 είς
880 5290 1129 5366 ἡμετέρας
1156 5289 1334 5353 ἀκοάς,
1357 5289 1425 5348 ὥς
1453 5287 1504 5341 ἐν
1527 5295 1641 5347 ταῖς
1670 5282 1968 5361 ἐπαρχίαὶς,

380 5382 436 5438 αί
468 5383 875 5453 κεκανονισμέναι
912 5380 1114 5438 συνόδοι
1156 5388 1257 5437 τῶν
1298 5381 1589 5436 ἐπισκόπων
1630 5379 1686 5433 οὐ
1715 5381 1969 5450 γίνονται,

378 5476 469 5526 καί
494 5472 545 5525 ἐκ
560 5474 750 5528 τούτου
775 5472 935 5528 πολλά
970 5472 1347 5547 παραμελεῖται
1376 5478 1475 5527 τῶν
1516 5468 1832 5545 διορθώσεως
1867 5466 1981 5531 dao-

376 5563 536 5634 μὲνων
576 5564 1000 5623 ἐκκλησιαστικῶν
1027 5562 1362 5636 πραγμάτων
1402 5561 1553 5634 ὥρισε
1589 5560 1757 5614 τοίνυν
1791 5561 1822 5617 ἡ
1853 5558 1977 5631 ἀγία

374 5652 590 5715 σύνοδος
617 5656 749 5709 κατά
776 5656 901 5715 τοὺς
925 5659 1028 5709 τῶν
1248 5652 1487 5725 πατέρων
1512 5651 1716 5711 κανόνας
1732 5694 1747 5719 ,
1779 5648 1857 5712 δίς
1884 5656 1975 5703 τοῦ

372 5746 610 5803 ἐνιαυτοῦ
645 5747 729 5801 ίπί
757 5748 816 5802 τό
840 5747 968 5802 αὐτὸ
994 5745 1299 5820 συντρέχειν
1335 5740 1439 5798 καθ’
1468 5742 1692 5802 ἑκάστην
1715 5743 1977 5817 ἐπαρχίαν

379 5848 502 5903 τοὺς
536 5837 845 5900 ἐπισκόπους
867 5878 884 5909 ,
931 5830 1215 5909 ὢθαάνό
1251 5843 1341 5899 τῆς
1383 5832 1739 5914 μητροπόλεως
1766 5832 1971 5891 ἐπίσκο-

1991 4560 2046 4621 D

2064 1907 2303 1961 converti
2327 1907 2625 1975 promittat.
2650 1907 2841 1976 Siquis
2863 1916 3041 1961 autem
3068 1910 3205 1965 hanc
3233 1921 3433 1967 sanctae
3457 1914 3652 1985 synodi

2064 1995 2429 2050 deﬁnitionem
2459 2004 2822 2065 transgressus
2836 1995 3014 2064 fuerit,
3028 2000 3299 2055 canonica?
3323 2002 3650 2057 correctioni

2065 2087 2399 2152 subjiciatur.

2137 2171 2358 2230 CXCIII.
2391 2206 2461 2217 —
2492 2174 2577 2229 15.
2611 2175 2979 2231 Diaconissam
3034 2180 3315 2233 mulierem
3360 2188 3487 2235 ante
3516 2196 3650 2250 qua-

2066 2272 2428 2342 dragesimum
2456 2288 2651 2327 annum
2680 2289 2788 2327 non
2820 2275 3075 2342 ordinari,
3107 2286 3160 2330 et
3189 2291 3309 2330 eam
3340 2292 3459 2331 cum
3490 2292 3654 2331 accu-

2067 2373 2186 2421 rata
2213 2365 2554 2435 probatione.
2605 2365 2661 2420 Si
2687 2382 2817 2420 vero
2855 2377 3074 2437 accepta
3120 2383 3372 2423 manuum
3427 2370 3653 2439 imposi-

2069 2457 2215 2511 tione
2239 2456 2514 2524 aliquanto
2544 2463 2788 2525 tempore
2836 2457 2887 2511 in
2927 2458 3228 2513 ministerio
3268 2462 3649 2529 permanserit,

2070 2554 2126 2604 et
2153 2554 2339 2616 postea
2370 2547 2604 2616 seipsam
2635 2549 2833 2616 nuptiis
2868 2548 3165 2611 tradiderit,
3214 2549 3307 2605 Dei
3337 2552 3522 2619 gratia:
3568 2553 3653 2606 in-

2065 2635 2263 2707 juriam
2286 2636 2508 2700 faciens,
2552 2637 2641 2691 illa
2672 2638 3172 2702 anathematizelur,
3222 2654 3345 2694 cum
3375 2656 3441 2695 eo
3471 2642 3561 2710 qui
3602 2642 3656 2698 ei

2070 2730 2389 2798 conjunctus
2418 2736 2521 2785 est.

2072 2840 2077 2843 τ
2141 2817 2369 2872 CXCIV.
2395 2848 2468 2859 —-
2495 2817 2583 2872 I6.
2612 2817 2886 2887 Virginem
2914 2834 3035 2889 qua:
3061 2836 3121 2876 se
3144 2819 3257 2875 Deo
3286 2819 3514 2878 Domino
3544 2823 3645 2880 de-

2071 2908 2289 2975 dicavit,
2322 2908 2572 2964 similitcr
2600 2917 2655 2962 et
2682 2909 2995 2973 monachos,
3022 2926 3126 2964 non
3159 2910 3322 2966 licere
3364 2913 3647 2969 matrimo-

2072 3002 2165 3056 nio
2194 2999 2467 3068 conjungi.
2493 2998 2551 3053 Si
2570 3014 2702 3054 vero
2726 2999 2832 3054 hoc
2856 2999 3048 3056 fecisse
3077 3002 3280 3056 inventi
3308 3001 3524 3069 fuerint,
3554 3020 3651 3060 ex—

2077 3091 2564 3147 communicentur.
2615 3090 2910 3146 Statuimns
2952 3108 3101 3156 vero,
3151 3095 3528 3151 auctoritatem
3556 3099 3655 3153 ba-

1993 3200 2041 3265 c
2078 3184 2207 3239 bere
2234 3183 2339 3237 loci
2367 3182 2678 3253 episcopum
2706 3182 2771 3236 iis
2798 3182 3187 3238 humanitatem
3221 3184 3419 3253 largiri.

2143 3273 2344 3331 CXCV.
2376 3306 2450 3318 -
2485 3274 2571 3328 17.
2620 3273 2751 3341 Quae
2793 3282 2917 3329 sunt
2962 3274 3018 3329 in
3066 3291 3386 3347 unaquaque
3424 3280 3655 3335 ecclesia

2070 3366 2276 3421 rurales
2304 3364 2568 3435 parmcias
2588 3373 2680 3418 aut
2707 3365 3030 3433 regionales,
3061 3382 3279 3423 manere
3308 3368 3655 3426 inconcussas

2073 3457 2216 3528 apud
2246 3473 2341 3513 eos
2387 3457 2479 3527 qui
2522 3456 2642 3512 illas
2686 3465 2873 3511 tenent
2901 3458 3224 3528 episcopos:
3264 3470 3321 3514 et
3347 3463 3581 3517 maxime
3608 3464 3657 3518 si

2070 3565 2171 3621 per
2198 3551 2412 3618 triginta
2451 3564 2621 3604 annos
2661 3562 2757 3603 eas
2793 3548 2908 3602 sine
2948 3550 2999 3602 vi
3046 3549 3370 3619 detinentes,
3419 3552 3653 3607 admini-

2070 3642 2379 3698 straverint.
2412 3638 2470 3694 Si
2496 3648 2674 3694 autem
2704 3640 2842 3693 intra
2872 3641 3126 3709 tringinta
3154 3658 3325 3697 annos
3346 3641 3445 3696 fuit
3472 3643 3657 3712 aliqua

2069 3733 2157 3788 vel
2182 3732 2346 3787 fuerit
2371 3732 2439 3787 de
2467 3732 2532 3785 iis
2559 3732 2950 3797 controversia,
2993 3731 3157 3787 licere
3184 3732 3263 3786 cis
3290 3733 3382 3803 qui
3411 3748 3471 3787 se
3498 3734 3657 3789 laesos

2071 3826 2280 3894 dicunt,
2309 3825 2377 3880 de
2397 3825 2463 3879 iis
2484 3825 2631 3879 litem
2653 3839 2869 3879 movere
2892 3824 3032 3892 apud
3053 3823 3314 3894 synodum
3337 3826 3654 3891 provinciae.

2072 3920 2276 3989 Siquis
2303 3927 2483 3974 autem
2513 3933 2543 3973 a
2572 3935 2670 3975 suo
2700 3920 2959 3988 episcopo
2997 3919 3082 3973 vel
3126 3918 3546 3987 metropolitano
3578 3921 3653 3973 in-

2065 4010 2207 4080 juria
2233 4007 2515 4073 afﬁciatur,
2546 4011 2685 4076 apud
2717 4006 3026 4070 exarchum,
3051 4019 3110 4059 se
3143 4007 3423 4073 primatem
3452 4006 3656 4063 dimce—

2070 4114 2217 4165 secs,
2245 4096 2332 4153 vel
2355 4093 3007 4164 Constantinopolitanam
3047 4094 3228 4149 sedem
3259 4094 3462 4163 litiget,
3511 4097 3654 4150 sicut

2070 4190 2319 4263 superius
2362 4187 2561 4244 dictum
2602 4193 2704 4240 est.
2746 4184 2803 4239 Si
2846 4198 2953 4253 qua
2980 4200 3110 4239 vero
3149 4184 3337 4239 civitas
3382 4193 3653 4255 potestate

2070 4281 2335 4354 imperiali
2360 4281 2615 4335 innovata
2641 4286 2745 4341 est,
2773 4276 2863 4331 vel
2899 4274 3157 4345 deinceps
3186 4275 3439 4330 innovata
3468 4275 3649 4342 fuerit,

2070 4373 2256 4431 civiles
2296 4379 2353 4427 et
2394 4369 2636 4441 publicas
2671 4366 2876 4422 formas
2916 4364 3404 4421 ecclesiasticarum
3431 4380 3658 4437 quoque

2070 4463 2430 4537 paroeciarum
2454 4459 2591 4516 ordo
2617 4464 3000 4528 consequatur.

2139 4637 2364 4694 CXCVI.
2390 4667 2465 4681 —-
2502 4632 2590 4689 18.
2622 4631 3025 4703 Conjnrationis
3058 4630 3145 4687 vel
3192 4630 3501 4687 sodalitatis
3537 4632 3651 4689 cri-

2069 4745 2196 4788 men
2222 4726 2462 4785 extemis
2487 4725 2652 4780 etiam
2681 4722 3137 4792 legibusomnino
3165 4722 3495 4792 prohibitum
3523 4730 3651 4778 est:

2070 4820 2242 4876 multo
2267 4816 2439 4886 magis
2459 4815 2514 4870 in
2534 4814 2776 4870 Ecclesia
2798 4813 2897 4868 Dei
2921 4813 3027 4868 hoc
3049 4810 3164 4867 ﬁeri
3186 4812 3472 4881 prohibere
3493 4827 3653 4881 opor-

2072 4918 2170 4967 tet.
2215 4908 2390 4980 Siqui
2417 4919 2548 4976 ergo
2576 4904 2761 4962 clerici
2787 4904 2876 4959 vel
2901 4902 3154 4959 monachi
3192 4901 3394 4957 inventi
3434 4902 3655 4964 fuerint,

2074 5002 2164 5058 vel
2192 5000 2567 5070 conjurantes,
2588 4996 2678 5053 vel
2717 4994 3037 5051 sodalitates
3081 4992 3361 5055 facientes,
3402 4990 3491 5043 vel
3516 4990 3653 5045 insi-

2076 5091 2193 5148 dias
2218 5097 2489 5146 struentes
2509 5085 2798 5159 episcopis,
2819 5092 2915 5139 aut
2930 5080 3259 5147 conclericis,
3284 5078 3505 5148 proprio
3526 5093 3655 5149 gra-

2078 5182 2152 5238 du
2178 5181 2401 5237 omnino
2427 5179 2696 5235 excidant.

2078 5316 2081 5319 .
2152 5268 2404 5327 CXCVII.
2430 5300 2503 5313 -
2530 5263 2897 5322 l9.Pervenit
2942 5261 3011 5315 ad
3052 5275 3212 5317 aures
3252 5268 3484 5329 nostras,
3515 5262 3661 5332 quod

2047 5372 2058 5384 '
2083 5364 2139 5420 in
2168 5360 2490 5434 provinciis,
2513 5356 2809 5413 canonibus
2830 5352 3136 5409 constitutae
3158 5352 3349 5425 synodi
3377 5353 3665 5424 episcopo-

2078 5472 2198 5513 rum
2227 5454 2447 5511 minime
2474 5450 2833 5512 celebrentur,
2883 5454 2941 5501 et
2984 5460 3054 5501 ex
3097 5461 3164 5502 eo
3192 5445 3360 5501 multa
3388 5447 3656 5503 ecclesia—

2079 5549 2236 5615 stica,
2266 5561 2387 5616 quae
2414 5542 2748 5600 correctione
2774 5538 3034 5607 indigent,
3065 5539 3416 5608 negligantur.
3459 5539 3663 5595 Statuit

2082 5645 2266 5695 sancta
2296 5633 2551 5707 synodus,
2584 5629 2886 5688 secundum
2913 5638 3220 5686 sanctorum
3244 5625 3465 5683 Patrum
3493 5642 3664 5683 cano-

2081 5746 2198 5797 nes,
2247 5730 2333 5785 bis
2361 5728 2413 5783 in
2446 5741 2589 5781 anno
2622 5724 2677 5780 in
2716 5739 2881 5779 unum
2910 5722 3204 5780 convenire
3243 5718 3663 5788 uniuscujusque

2078 5822 2371 5897 provincia:
2403 5819 2706 5893 episcopos,
2755 5818 2847 5876 ubi
2883 5813 3334 5888 metropolitanus
3372 5812 3661 5885 episcopus
