4040 6202
399 325 465 382 9i
1298 370 1305 375 .
1678 315 1973 375 οιοΝγδιῐ

2074 315 2281 376 Εχιου
2294 319 2395 379 US.
3607 322 3677 378 9?.

398 460 494 502 πος
519 440 785 513 δοκιμάσῃ,
809 440 893 494 καί
911 437 1138 516 διορθοῦν
1149 437 1344 495 ἕκαστα
1372 436 1439 493 τά
1463 436 1836 493 ἀνακύπτοντα
1864 438 1973 498 τούς

2094 436 2439 508 probaverit,
2490 442 2545 492 et
2588 434 2795 505 singula
2841 448 2962 505 quae
3012 434 3338 492 emerserint
3379 436 3671 506 corrigere.

397 529 451 587 δέ
478 536 550 605 μὴ
587 530 851 591 συνιόντας
889 530 1201 588 ἐπισκόπους
1252 525 1593 598 ἐνδημοῦντας
1632 534 1745 587 ταῖς
1789 527 1984 582 ἑαυτῶν

394 622 592 687 πόλεσι,
614 625 694 677 καί
719 628 889 677 ταῦτα
912 621 960 674 ἐν
989 621 1135 694 ὑγεία
1164 617 1444 691 διάγοντας,
1468 619 1552 671 καί
1571 618 1745 677 πάσης
1764 620 1987 692 ἀπαραι-

394 723 550 777 τήτου
573 721 660 771 καί
685 717 965 787 ἀναγκαίας
996 714 1250 786 ἀσχολίας
1274 710 1425 773 ὄντας
1451 713 1769 787 ἐλευθέρους,
1792 711 1986 785 ἀδελφιο

395 819 492 873 κῶς
521 808 941 867 ἐπιπλήττεσθαι.

462 900 585 975 ρέηζ
633 900 898 970 κληρικούς
944 897 1019 959 εἰς
1067 895 1329 954 ἐκκλησίαν
1362 895 1656 957 τελοῦντας,
1690 896 1853 955 καθὼς
1888 893 1985 953 ἤδη

395 974 674 1069 ὡρίσαμεν,
704 996 774 1063 μή
797 992 977 1054 ἐξεῖναι
1003 993 1073 1049 εἰς
1094 985 1247 1049 ἄλλης
1272 988 1465 1049 πόλεως
1498 974 1775 1043 τάττεσθαι
1810 987 1985 1045 ἐκκλη-

391 1088 527 1138 σίανδ
565 1083 690 1137 ἀλλὰ
735 1082 962 1155 στέργειν
1009 1080 1195 1138 εκείνην
1251 1079 1299 1132 ἐν
1340 1076 1371 1153 ᾖ
1413 1078 1720 1148 λειτουργεῖν
1762 1078 1986 1154 ἐξαρχῆς

390 1175 694 1238 ἠξιώθησαν,
726 1174 867 1232 ἰκτὸς
892 1173 1104 1231 ἄκείνων.
1145 1172 1193 1224 οἶ
1216 1191 1347 1231 τινες
1370 1170 1711 1249 ἀπολέσαντες
1738 1172 1830 1230 τάς
1853 1168 1986 1229 ἰδίας

390 1264 644 1340 πατρίδας
672 1267 773 1319 άπὸ
798 1261 943 1335 [ὑπὸ]
968 1265 1202 1336 ἀνάγκης,
1233 1264 1303 1321 εἰς
1333 1259 1479 1321 ἄλλην
1501 1262 1770 1319 ἐκκλησίαν
1791 1261 1986 1331 μετῆλ-

388 1357 493 1410 θον.
538 1358 594 1409 Εἰ
631 1354 687 1410 δέ
720 1375 800 1414 τις
837 1353 1112 1412 ἐπίσκοπος
1149 1352 1278 1423 μετὰ
1318 1352 1402 1406 τὸν
1444 1349 1561 1429 ὅρον
1596 1357 1807 1416 τοῦτον,
1852 1348 1984 1423 ἄλλῳ

389 1446 652 1516 δπισκόπῳ
679 1448 1002 1521 προσήκοντα
1039 1440 1228 1506 δέξοιτο
1267 1442 1529 1512 κληρικόν,
1573 1439 1742 1505 ἔδοξεν
1775 1443 1986 1496 ἀκοινώ-

388 1557 535 1595 νητον
563 1531 686 1591 εἶναι
708 1537 788 1590 καὶ
814 1536 902 1589 τόν
931 1532 1176 1603 δοχθέντα
1205 1536 1290 1590 καί
1322 1535 1406 1589 τὸν
1434 1532 1696 1605 δεξάμενον
1715 1573 1731 1599 ,
1757 1535 1853 1594 ἕως
1877 1530 1937 1589 ἂν
1956 1532 1984 1590 ό

390 1628 652 1695 μεταστάς
675 1626 903 1699 κληρικός
930 1626 1001 1685 εἰς
1028 1628 1119 1685 τήν
1149 1622 1278 1680 ἰδίαν
1302 1623 1562 1679 ἐπανέλθοι
1589 1625 1873 1682 ἐκκλησίαν.

1933 1717 1958 1739 ³

2090 532 2190 597 Qui
2220 548 2349 588 vero
2380 546 2489 587 non
2525 530 2841 586 advenerint
2877 530 3147 601 episcopi,
3176 530 3221 586 si
3250 530 3305 587 in
3338 530 3452 588 suis
3479 530 3668 586 civita-

2086 625 2231 681 tibus
2258 625 2514 692 resident,
2547 632 2710 696 atque
2738 626 2876 680 adeo
2901 625 2954 679 in
2978 625 3214 680 sanitate
3242 626 3564 693 consistunt,
3610 634 3667 680 et

2086 716 2233 771 omni
2274 716 2625 771 inexcusabili
2676 723 2732 769 et
2767 715 3071 770 necessaria
3121 714 3481 784 occupatione
3514 714 3671 770 liberi

2084 816 2229 871 sunt,
2276 807 2512 862 fraterne
2550 807 3034 877 reprehendantur.

2156 897 2428 954 CXCVIII.
2452 927 2523 939 —
2549 897 2639 953 20.
2688 898 2928 953 Clericos
2958 898 3010 952 in
3041 896 3277 953 Ecclesia
3308 896 3667 954 ministerium

2086 995 2371 1057 obeuntes,
2401 992 2540 1047 sicut
2563 991 2674 1059 jam
2696 990 3056 1056 deﬁnivimus,
3108 1004 3217 1045 non
3258 989 3423 1044 licere
3448 989 3504 1043 in
3532 990 3671 1046 alte-

2085 1086 2199 1141 rius
2225 1085 2457 1141 civitatis
2485 1084 2712 1140 ecclesia
2736 1083 2991 1139 constitui
3019 1101 3032 1141 :
3064 1081 3160 1138 sed
3185 1082 3275 1136 illa
3304 1098 3423 1141 esse
3444 1092 3670 1138 conten-

2087 1185 2191 1242 tos,
2224 1176 2279 1230 in
2310 1190 2415 1245 qua
2444 1175 2511 1230 ab
2540 1174 2694 1229 initio
2722 1174 3028 1229 ministrare
3055 1180 3387 1235 meruerunt,
3428 1173 3669 1242 exceptis

2085 1268 2211 1333 illis,
2261 1268 2351 1338 qui
2396 1268 2590 1322 amissa
2616 1281 2710 1323 sua
2738 1266 2912 1337 patria
2941 1281 3010 1320 ex
3038 1265 3361 1321 necessitate
3398 1263 3465 1318 ad
3506 1264 3667 1320 aliam

2084 1358 2371 1413 ecclesiam
2401 1357 2747 1412 transierunt.
2777 1355 2835 1410 Si
2861 1356 2983 1424 quis
3002 1362 3182 1409 autem
3211 1354 3517 1424 episcopus,
3544 1360 3669 1424 post

2082 1450 2227 1507 hanc
2270 1450 2668 1517 deﬁnitionem,
2718 1448 2973 1504 clericum
3026 1446 3093 1501 ad
3139 1447 3306 1500 alium
3351 1446 3665 1515 episcopum

2084 1541 2442 1613 pertinentem
2469 1538 2786 1609 susceperit,
2814 1537 3018 1609 placuit
3043 1551 3166 1591 eum
3195 1536 3290 1606 qui
3319 1534 3583 1604 suscepit,
3611 1542 3665 1591 et

2083 1645 2209 1687 eum
2234 1631 2326 1701 qui
2351 1638 2631 1701 susceptus
2659 1637 2761 1693 est,
2791 1627 3270 1693 excommunicari,
3299 1626 3478 1681 donec
3503 1624 3666 1681 cleri-

2082 1736 2182 1779 cus
2210 1722 2304 1790 qni
2334 1720 2605 1791 migravit,
2634 1721 2689 1776 in
2714 1735 2870 1775 suam
2897 1718 3180 1774 ecclesiam
3212 1716 3417 1772 redeat.

458 1806 576 1885 946'.
608 1806 874 1878 κληρικούς
903 1804 934 1865 ἦ
969 1806 1170 1865 λαῐκούς
1201 1810 1610 1881 κατηγοροῦντας
1639 1804 1925 1861 ἐπισκόπων
1952 1804 1973 1864 τί

2159 1812 2393 1869 CXCIX.
2422 1844 2497 1856 ——
2543 1811 2631 1867 21.
2670 1810 2910 1868 Clericos
2956 1811 3071 1866 sive
3116 1810 3303 1875 laicus,
3353 1815 3667 1865 accusantes

388 1898 627 1971 νληριαῶν
648 1897 821 1956 ἁπλῶς
847 1898 935 1951 καί
958 1894 1341 1967 ἀδοκιμάστως,
1373 1898 1444 1965 μὴ
1477 1893 1873 1970 προσδέχεσθαι
1909 1899 1983 1959 εἰς

390 1988 711 2061 κατηγορίαν,
736 1988 780 2041 εἰ
799 1992 869 2059 μή
896 1987 1139 2063 πρότερον
1163 1986 1451 2048 ἐξετασθείη
1473 1986 1641 2041 αὐτῶν
1660 1986 1693 2043 ἡ
1708 1984 1980 2056 ὑπόληψις.

455 2168 522 2223 σ’.
548 2172 623 2227 Μή
650 2168 829 2229 ἐξεῖναι
852 2164 1114 2236 κληρικούς
1153 2157 1455 2238 [κληρικοῑς]
1495 2161 1625 2233 μετᾶ
1657 2162 1864 2218 θάνατον
1886 2168 1981 2216 τοῦ

382 2258 513 2313 ἰδίου
552 2257 834 2313 ἐπισκόπου
879 2253 1175 2328 διαρπάζειν
1214 2249 1540 2329 [ἁρπάζειν]
1583 2255 1651 2309 τά
1680 2250 1981 2325 διαφέροντα

382 2350 525 2420 αύτῷ
551 2348 848 2423 πράγματα,
874 2346 1038 2404 καθὼς
1065 2347 1273 2402 καὶτοῖς
1294 2343 1450 2397 πάλαι
1469 2342 1672 2397 κανόσιν
1697 2342 1980 2417 ἀπηγόρευ-

380 2460 481 2493 ται.
511 2438 568 2491 Ἢ
595 2440 712 2497 τούς
737 2442 890 2491 τοῦτο
917 2440 1182 2493 ποιοῦντας
1216 2431 1519 2487 κινδυνεύειν
1554 2434 1626 2495 εἰς
1663 2435 1785 2495 τούς
1813 2432 1977 2497 ἰδίους

383 2528 636 2600 [οἰκείους]
666 2528 911 2599 βαθμούς.

455 2621 559 2675 σοι’.
586 2617 757 2673 Ἦλθεν
791 2620 865 2678 εἰς
904 2619 996 2679 τὰς
1023 2617 1179 2678 ἀκοάς
1201 2622 1293 2676 τῆς
1327 2614 1473 2688 ἁγίας
1500 2614 1735 2683 συνόδου,
1763 2618 1831 2678 ὡς
1858 2617 1975 2677 κλη-

379 2711 515 2784 ρικοί
549 2730 681 2771 τινες
719 2712 804 2763 καὶ
850 2712 1149 2779 μονάζοντες
1190 2705 1345 2778 μηδὲν
1383 2708 1826 2782 ἐγκεχειρισμένα
1869 2708 1972 2765 ύπὸ

381 2810 471 2857 τῶ
497 2800 626 2873 ἰδίου
655 2800 961 2863 ἐπισκόπου,
994 2797 1105 2854 ἔστι
1133 2796 1187 2853 δὲ
1228 2796 1309 2854 ὅτε
1347 2801 1434 2853 καί
1470 2800 1790 2856 ἁκοινὼνητοι
1829 2800 1973 2869 ’γενό-

382 2916 524 2966 μενοι
569 2893 692 2969 παρ’
736 2895 890 2946 αὐτοῦ
932 2890 1399 2962 καταλαμϐάνοντες
1445 2896 1535 2950 τήν
1588 2891 1970 2962 βασιλεύουσαν

379 2985 918 3048 Κωνσταντινούπολιν,
949 2984 1035 3037 ἐπὶ
1053 2984 1179 3038 πολύ
1202 2985 1251 3036 ἰν
1276 2984 1401 3056 αὐτῇ
1426 2981 1772 3055 διατρίϐουσι,
1800 3006 1966 3061 ταραο

381 3082 489 3150 χάς
515 3081 845 3148 ἐμποιοῦντες
871 3077 951 3129 καὶ
976 3074 1306 3149 θορυϐοῦντες
1341 3078 1431 3132 τὴν
1453 3073 1862 3133 ἕκκλησιαστικήν
1883 3096 1968 3130 καπ-

2082 1905 2370 1976 episcopos
2395 1903 2484 1959 vel
2511 1902 2739 1959 clericos
2765 1900 2964 1971 passim
2993 1907 3047 1956 et
3073 1901 3191 1955 sine
3219 1898 3566 1970 probatione,
3598 1896 3666 1952 ad

2084 2000 2483 2052 accusationem
2514 2008 2622 2049 non
2653 1992 2840 2062 recipi,
2874 1990 2976 2046 nisi
3000 1991 3149 2061 prius
3190 2004 3378 2045 eorum
3413 1986 3665 2043 discutia-

2083 2096 2173 2142 tur
2202 2085 2548 2142 existimatio.

2151 2178 2258 2234 CC.
2289 2210 2361 2221 ——
2387 2176 2476 2232 2‘2.
2506 2176 2624 2233 Non
2653 2176 2816 2232 licere
2862 2176 3093 2242 clericis,
3141 2183 3265 2246 post
3306 2182 3534 2230 mortem
3579 2173 3663 2228 sui

2080 2270 2342 2341 episcopi,
2372 2285 2463 2326 res
2490 2269 2558 2325 ad
2586 2284 2709 2325 eum
2736 2270 3070 2339 pertinentes
3104 2268 3359 2338 diripere,
3389 2268 3530 2323 sicut
3561 2282 3662 2322 an-

2080 2360 2242 2431 tiquis
2269 2375 2484 2431 quoque
2512 2359 2808 2416 canonibus
2836 2358 3162 2427 prohibitum
3194 2364 3296 2412 est.
3342 2355 3449 2413 Eos
3482 2364 3661 2412 autem

2078 2453 2171 2525 qui
2196 2454 2300 2509 hoc
2326 2452 2548 2518 faciunt,
2579 2448 2633 2505 in
2660 2466 2761 2506 suo
2788 2448 2958 2518 gradu
2984 2448 3299 2517 periclitari.

2145 2628 2274 2685 CCI.
2304 2662 2377 2672 —
2394 2628 2484 2682 25.
2518 2626 2850 2683 Pervenitad
2870 2640 3029 2681 aures
3048 2633 3249 2682 sanctae
3271 2625 3482 2696 synodi,
3508 2627 3658 2696 quod

2072 2721 2289 2791 quidam
2314 2719 2497 2775 clerici
2526 2725 2582 2774 et
2609 2717 2857 2772 monachi
2882 2757 2896 2782 ,
2948 2715 3143 2784 quibus
3182 2715 3314 2768 nihil
3346 2731 3375 2769 a
3404 2731 3503 2771 suo
3534 2716 3654 2786 epi-

2071 2826 2239 2880 scopo
2268 2809 2613 2865 commissum
2642 2813 2744 2873 est,
2775 2803 3062 2874 aliquando
3091 2804 3252 2859 etiam
3280 2804 3347 2858 ab
3369 2804 3485 2874 ipso
3507 2818 3656 2861 com-

2071 2899 2327 2956 munione
2348 2898 2614 2968 segregati
2640 2903 2784 2963 sunt,
2828 2895 3203 2966 pervenientes
3231 2895 3297 2949 ad
3326 2895 3527 2963 regiam
3559 2913 3653 2951 ur-

2068 2991 2194 3046 bem
2232 2987 2784 3057 Constantinopolim,
2833 2987 2889 3040 in
2916 3001 2983 3041 ea
3032 2986 3230 3042 diutius
3275 2988 3673 3043 consistentes»

2068 3082 2257 3137 turbas
2284 3081 2583 3135 excitantes
2631 3085 2687 3133 et
2735 3077 3160 3133 ecclesiasticum
3205 3084 3405 3133 statum
3435 3087 3651 3147 perturs

379 3173 655 3231 τὰστασιν.
672 3169 1018 3243 ἁνατρὲπουσί
1042 3187 1098 3222 τε
1131 3164 1299 3225 οἴκους
1327 3172 1492 3220 τινῶν.
1513 3163 1720 3240 Ὠρισεν
1747 3172 1913 3221 τοένυν
1935 3170 1965 3227 ἡ

2074 3179 2278 3242 bantes,
2312 3176 2611 3244 aliquorum
2639 3172 2830 3227 domos
2858 3172 3194 3228 subvertunt.
3236 3170 3440 3226 Statuit
3466 3172 3648 3249 itaque

379 3263 503 3334 ἁγία
528 3261 763 3328 σύνοδος,
793 3264 914 3322 τούς
934 3260 1197 3320 τοιούτους
1223 3259 1702 3329 ύποιαιμνήσκεσθαι
1842 3259 1963 3335 πρό·

378 3377 519 3434 τερον
544 3354 628 3410 διά
656 3359 742 3409 τοῦ
775 3353 967 3407 ἐκδίκου
987 3360 1078 3412 τῆς
1104 3353 1239 3407 κατὰ
1261 3350 1787 3405 Κωνσταντινούπολιν
1813 3350 1965 3421 [κων-

378 3442 853 3514 σταντινουπόλεως]
876 3444 1161 3514 ἁγιωτάτης
1187 3441 1449 3501 ἐκκλησίας
1468 3440 1550 3495 ίπί
1569 3441 1627 3496 τὸ
1654 3439 1856 3504 ἐξελθεῖν
1872 3449 1967 3502 τῆς

382 3534 750 3609 βασιλευούσης
772 3531 987 3593 πόλεως.
1020 3534 1080 3583 Ei
1102 3529 1155 3586 δί
1188 3539 1294 3590 τοῖς
1323 3532 1502 3590 αὐτοῖς
1535 3531 1832 3604 πράγμασιν
1861 3533 1966 3587 ἐπι-

377 3627 562 3695 μίνοιεν
582 3626 1064 3694 ἀναισχυντοῦντες,
1097 3623 1183 3679 καὶ
1208 3617 1420 3680 ἄκοντας
1443 3622 1622 3681 αὐτούς
1645 3619 1728 3676 διά
1758 3627 1850 3674 τοῦ
1880 3624 1966 3675 αύ-

375 3721 463 3772 τοῦ
498 3713 705 3784 (redime.
725 3714 1042 3769 ἐκϐάλλεσθαι
1060 3755 1074 3782 ,
1106 3715 1193 3766 καὶ
1221 3714 1339 3773 τούς
1366 3709 1528 3772 ἰδίους
1568 3711 1966 3783 καταλαμϐάνειν

379 3807 596 3867 τόπους.

447 3895 548 3951 σε’.
580 3898 655 3952 Τά
686 3894 822 3961 ἅπαξ
849 3894 1211 3969 καθιερωθέντα
1237 3897 1565 3968 μοναστήρια
1605 3894 1738 3948 κατά
1761 3894 1965 3966 γνώμην

376 3990 676 4056 ἐπισκόπου,
705 3991 867 4059 μένειν
907 3990 978 4047 είς
1014 3988 1073 4043 τὸ
1115 3985 1329 4047 διηνεκὲς
1371 3990 1696 4058 μοναστήρια
1714 4027 1730 4052 ,
1772 3991 1858 4042 καί
1898 3989 1966 4044 τά

378 4083 622 4139 ἀνήκοντα
656 4080 834 4136 αὐτοῖς
856 4079 1136 4150 πράγματα
1164 4076 1501 4147 φυλάττεσθαι
1522 4084 1595 4147 τῷ
1617 4079 1961 4151 μοναστηρίῳ,

379 4174 461 4226 καί
484 4171 659 4239 μηκέτι
684 4165 931 4222 δύνασθαι
958 4166 1188 4237 γίνεσθαι
1216 4171 1376 4219 ταῦτα
1404 4167 1622 4235 κοσμικά
1647 4169 1961 4238 καταγώγια⁶

380 4263 501 4319 τούς
535 4256 587 4313 δὲ
629 4261 1034 4331 συγχωροῦντας
1073 4260 1226 4310 τοῦτο
1248 4255 1495 4325 γίνεσθαι,
1527 4255 1826 4309 ὑποκεῖσθαι
1850 4263 1964 4317 τοῖς

381 4355 436 4406 ἐκ
460 4360 560 4406 τῶν
582 4349 795 4404 κανόνων
823 4346 1117 4417 ἐπιτιμίας.

451 4442 550 4514 η’.
571 4438 864 4513 Ἐπειδήπερ
891 4441 1019 4498 τινές
1048 4444 1146 4493 τῶν
1173 4436 1575 4512 μητροπολιτῶν,
1602 4439 1670 4500 ὦς
1700 4442 1962 4514 περιηχή-

381 4539 549 4604 θημεν,
574 4532 816 4605 ἀμελοῦσι
859 4538 958 4585 τῶν
998 4530 1452 4605 ἐγκεχειρπμένων
1481 4530 1662 4591 αὐτοῖς
1692 4532 1954 4600 ποιμνίων,
1986 4545 2041 4607 Β

382 4629 466 4681 καὶ
493 4622 852 4678 ἀναϐάλλονται
879 4623 973 4680 τὰς
1012 4621 1333 4692 χειροτονίας
1356 4626 1456 4673 τῶν
1483 4618 1793 4675 ἐπισκόπων
1818 4618 1962 4684 ἔδοξε

384 4708 444 4791 τῇ
609 4712 805 4786 συνόδῳ
828 4714 966 4773 ἐντὸς
988 4719 1142 4787 τριῶν
1160 4720 1331 4783 μηνῶν
1359 4714 1583 4784 γίνεσθαι
1605 4715 1699 4773 τάς
1725 4732 1966 4789 χειροτο-

380 4815 491 4871 νίας
517 4816 617 4864 τῶν
641 4809 954 4873 ἐπισκόπων,
974 4812 1022 4862 εἰ
1041 4810 1111 4879 μή
1135 4827 1259 4863 ποτε
1281 4804 1387 4883 ἄρα
1405 4809 1757 4879 ἅπαραίτητος
1774 4810 1963 4882 ἀνάγκη

382 4900 773 4960 παρασκευάσω
797 4897 1092 4955 ima-dium
1117 4897 1206 4950 τόν
1244 4905 1339 4956 τῆς
1383 4897 1633 4958 ἀναϐολῆς
1677 4898 1884 4974 χρόνον·
1916 4902 1964 4955 εἰ

383 4993 439 5048 δί
480 4998 553 5064 μὴ
584 4996 737 5048 τοῦτο
776 4995 984 5063 ποιήσῃ,
1029 4989 1328 5045 ὑποκεῖσθαι
1365 4989 1517 5044 αὐτὸν
1564 4989 1962 5063 ἓκκλησιωστικῷ

385 5086 640 5156 ἐπιτιμίῳ.
655 5090 755 5144 Τὴν
776 5086 957 5156 μέντοι
974 5081 1225 5159 πρόσοδον
1242 5088 1335 5142 τῆς
1351 5082 1681 5154 χηρευούσης
1700 5082 1965 5144 inludet:

383 5176 524 5228 σώαν
538 5176 682 5247 παρά
698 5182 767 5243 τῷ
788 5174 1021 5244 οἰκονόμῳ
1041 5181 1132 5233 τῆς
1155 5173 1312 5231 αὐτῆς
1328 5171 1587 5231 ἐκκλησίας
1604 5171 1961 5241 φυλάττεσθαι.

456 5264 557 5318 σδ.
586 5261 783 5323 Ἐπειδιή
824 5263 877 5319 ἵν
917 5286 1053 5320 τισιν
1095 5264 1514 5327 ἰκκλησίοιις,ώις
1560 5264 1960 5336 περιηχήθημεν,

386 5353 519 5426 δίχα
543 5352 807 5422 οἰκονόμων
834 5356 878 5407 oi
905 5355 1167 5410 ἐπίσκοποι
1190 5357 1257 5410 τὰ
1284 5354 1682 5412 ἕκκλησιαστικά
1704 5356 1986 5427 χαρίζου-⁸

386 5467 468 5502 σιν
491 5445 790 5518 πράγματα,
820 5441 983 5506 ἶδοξεν
1007 5450 1177 5499 πᾶσαν
1202 5444 1465 5503 ἐκκλησίαν
1492 5443 1766 5496 ἐπίσκοπον
1792 5440 1965 5511 ἔχου-

382 5557 481 5590 σαν
498 5538 581 5589 καί
596 5534 848 5605 οἰκονόμον
870 5531 904 5588 ἕ
898 5553 1013 5604 χειν
1036 5537 1090 5587 ἐκ
1113 5542 1205 5589 τοῦ
1230 5533 1362 5589 ἰδίου
1382 5533 1590 5608 κλήρου,
1608 5534 1963 5602 οἰκονομοῦντοι

385 5630 451 5685 τοὶ
472 5627 854 5686 ἔκκλησιειστικοὶ
874 5628 1005 5681 κατὰ
1023 5629 1220 5698 γνώμην
1242 5631 1330 5682 τοῦ
1357 5624 1486 5682 ἰδίου
1509 5624 1811 5681 dumdum)“
1829 5626 1961 5680 ὥστε

387 5724 457 5791 μή
485 5719 783 5794 ἀμάρτυρον
803 5713 928 5772 εἶναι
955 5720 1044 5773 τήν
1069 5717 1347 5785 οὶκονομίαν
1372 5724 1466 5776 τῆς
1488 5715 1776 5777 inlusione,
1799 5716 1882 5767 καὶ
1908 5716 1963 5769 ἐκ

384 5808 573 5869 τούτου
593 5810 965 5886 «κομίζεσθαι
984 5808 1055 5869 τὸ
1072 5814 1163 5869 τῆς
1189 5807 1343 5868 αὐτῆς
1367 5806 1627 5877 ἐκκλησίας
1658 5804 1956 5881 πράγματα,

2065 3279 2251 3326 sancta
2279 3268 2515 3340 synodus
2537 3310 2552 3336 ,
2598 3269 2697 3324 hos
2726 3266 2941 3337 quidem
2970 3266 3199 3335 primum
3238 3281 3269 3319 a
3294 3265 3648 3322 sanctissimae

2066 3358 2320 3414 Ecclesia:
2348 3356 2959 3425 Constantinopolitanae
2987 3353 3273 3410 defensore
3292 3356 3647 3421 commoneri,

2064 3460 2124 3506 ut
2167 3451 2317 3521 regia
2361 3451 2492 3504 urbe
2539 3449 2821 3505 excedant.
2853 3449 2907 3503 Si
2938 3456 3120 3505 autem
3168 3448 3355 3504 iisdem
3414 3450 3650 3518 negotiis

2064 3543 2404 3614 impudenter
2439 3543 2711 3611 insistant,
2752 3558 2848 3599 eos
2876 3544 3039 3598 etiam
3071 3542 3269 3599 invitos
3302 3544 3417 3614 ipse
3455 3542 3645 3601 defen-

2063 3648 2157 3690 sor
2184 3634 2447 3705 expellat,
2488 3642 2548 3690 ut
2573 3634 2641 3689 ad
2663 3651 2761 3691 sua
2790 3634 2911 3691 loca
2938 3642 3297 3691 revertantur.

2134 3883 2285 3941 CCII.
2304 3917 2377 3927 -
2402 3884 2491 3938 24.
2525 3884 2655 3953 Quae
2683 3885 2854 3942 semel
2881 3895 3195 3942 consecrata
3231 3886 3430 3944 fuerint
3455 3905 3647 3946 mona-

2063 3976 2247 4039 steria,
2277 3991 2399 4031 cum
2424 3977 2687 4030 sententia
2716 3976 2975 4046 episcopi,
3003 3984 3266 4047 perpetuo
3289 3993 3511 4034 manere
3532 3995 3646 4033 mo-

2064 4066 2322 4135 nasteria,
2348 4073 2401 4120 et
2428 4080 2548 4131 res,
2578 4080 2699 4134 quae
2727 4064 2795 4120 ad
2823 4080 2887 4120 ea
2913 4065 3187 4135 pertinent
3212 4068 3438 4132 servari,
3470 4083 3645 4137 eaque

2063 4174 2176 4214 non
2216 4158 2445 4228 amplius
2474 4173 2633 4229 posse
2672 4154 2788 4212 ﬁeri
2836 4157 3113 4213 saecularia
3159 4157 3481 4214 habitacula.
3537 4159 3647 4217 Eos

2062 4258 2266 4317 autem,
2312 4249 2405 4317 qui
2451 4249 2559 4304 hoc
2604 4247 2721 4303 ﬁeri
2767 4249 3104 4318 permittunt,
3152 4251 3425 4306 canonicis
3470 4252 3647 4321 poenis

2064 4337 2275 4407 subjici.

2135 4426 2395 4485 CCIIL—
2414 4426 2504 4480 25.
2524 4426 2785 4493 Quoniam
2818 4427 3033 4497 quidam
3060 4430 3458 4499 metropolitani
3489 4431 3644 4501 (sicut

2065 4520 2135 4575 ad
2174 4536 2271 4574 nos
2301 4520 2564 4589 pervenit)
2587 4532 2774 4587 greges
2795 4519 2894 4573 sibi
2930 4520 3245 4574 commissos
3268 4522 3561 4590 negligunt,
3590 4531 3645 4579 et

2070 4610 2449 4681 episcoporum
2489 4607 2855 4662 ordinationes
2881 4606 3151 4671 diﬂ'erunt,
3182 4610 3355 4664 visum
3402 4619 3485 4665 est
3522 4627 3641 4665 sane

2071 4710 2173 4758 ctte
2199 4700 2405 4772 synodo
2434 4699 2572 4753 intra
2602 4706 2712 4752 tres
2738 4712 2954 4752 menses
2999 4696 3115 4752 ﬁeri
3144 4698 3510 4762 ordinationes
3534 4702 3647 4772 epi-

2068 4794 2376 4863 scaporum,
2410 4791 2507 4846 nisi
2536 4786 2675 4845 forte
2695 4788 3070 4844 inexcusabilis
3094 4790 3385 4845 necessitas
3412 4793 3650 4860 coegerit

2073 4890 2282 4953 tempus
2303 4879 2571 4935 dilationis
2600 4876 2901 4949 prorogari.
2932 4875 2990 4931 Si
3017 4885 3196 4932 autem
3227 4878 3331 4933 hoc
3358 4894 3469 4933 non
3504 4876 3648 4934 fece-

2071 4973 2202 5041 rint,
2232 4985 2327 5026 eos
2354 4968 2730 5024 ecclesiastica:
2758 4967 3077 5023 correctioni
3104 4967 3310 5037 subjici.
3343 4968 3527 5024 Vidure
3554 4984 3648 5025 ve-

2071 5079 2133 5118 ro
2173 5061 2415 5119 ecclesiae
2465 5060 2695 5115 reditum
2731 5057 2999 5127 integrum
3027 5059 3168 5128 apud
3209 5058 3449 5129 ejusdem
3480 5060 3649 5116 eccle-

2070 5156 2161 5210 siae
2188 5168 2527 5210 (economum
2557 5152 2833 5207 custodiri.

2142 5246 2319 5303 CCIV.
2354 5277 2429 5287 ——
2470 5244 2560 5298 26.
2612 5243 2875 5311 Quoniam
2925 5244 2979 5299 in
3027 5244 3343 5314 quibusdam
3392 5242 3647 5300 Ecclesiis

2074 5340 2233 5411 (sicut
2260 5337 2326 5392 ad
2359 5352 2458 5391 nos
2485 5334 2746 5406 pervenit)
2795 5334 3031 5406 episcopi
3060 5335 3174 5391 sine
3218 5334 3517 5390 meonomis
3560 5350 3647 5390 res

2070 5416 2463 5484 ecclesiasticas
2510 5433 2784 5493 tractant,
2842 5424 3044 5495 placuit
3092 5440 3306 5480 omnem
3361 5424 3646 5480 ecclesiam

2072 5522 2381 5592 episcopum
2412 5520 2718 5584 habentem,
2752 5517 2953 5573 habere
2993 5517 3155 5572 etiam
3197 5532 3537 5571 meonomum
3580 5516 3647 5571 de

2070 5615 2217 5671 clero
2247 5612 2483 5682 proprio,
2507 5610 2597 5681 qui
2628 5610 2900 5680 dispenset
2927 5626 3012 5665 res
3037 5610 3426 5665 ecclesiasticas
3454 5623 3644 5663 secun-

2069 5707 2197 5762 dum
2221 5704 2540 5760 sententiam
2571 5702 2773 5774 proprii
2803 5701 3058 5772 episcopi.
3110 5698 3174 5754 Ut
3211 5698 3451 5754 ecclesia:
3481 5697 3654 5754 admi-

2069 5798 2312 5858 nistratio
2340 5797 2455 5855 sine
2479 5794 2788 5854 testimonio
2817 5807 2923 5851 non
2950 5792 3018 5855 sit
3038 5832 3052 5861 ,
3085 5800 3139 5847 ct
3164 5806 3230 5846 ex
3256 5790 3359 5845 hoc
3387 5804 3472 5845 res
3502 5787 3641 5861 ejuse
