  <div class='ocr_page' id='page_1' title='image "/cluster/home/n/w/nwhite01/storage/ocr_20150623/67/hvd.32044073505273/076.png"; bbox 0 0 3982 6196; ppageno 0'>
   <div class='ocr_carea' id='block_1_1' title="bbox 320 296 424 349">
    <p class='ocr_par' dir='ltr' id='par_1_1' title="bbox 320 296 424 349">
     <span class='ocr_line' id='line_1_1' title="bbox 320 296 424 349; baseline 0 -1"><span class='ocrx_word' id='word_1_1' title='bbox 320 296 424 349; x_wconf 75' lang='grc'>157</span> 
     </span>
    </p>
   </div>
   <div class='ocr_carea' id='block_1_2' title="bbox 1309 290 2615 379">
    <p class='ocr_par' dir='ltr' id='par_1_2' title="bbox 1309 290 2615 379">
     <span class='ocr_line' id='line_1_2' title="bbox 1309 290 2615 379; baseline -0.002 -26"><span class='ocrx_word' id='word_1_2' title='bbox 1309 290 1528 353; x_wconf 78' lang='lat' dir='ltr'><strong><em>CODEX</em></strong></span> <span class='ocrx_word' id='word_1_3' title='bbox 1567 296 1889 353; x_wconf 75' lang='lat' dir='ltr'><strong>CANONUM</strong></span> <span class='ocrx_word' id='word_1_4' title='bbox 1931 296 2615 379; x_wconf 62' lang='grc' dir='ltr'><strong><em>ΕρειΕΒιΑξΤιοοΒυΜ.</em></strong></span> 
     </span>
    </p>
   </div>
   <div class='ocr_carea' id='block_1_3' title="bbox 3477 304 3583 359">
    <p class='ocr_par' dir='ltr' id='par_1_3' title="bbox 3477 304 3583 359">
     <span class='ocr_line' id='line_1_3' title="bbox 3477 304 3583 359; baseline 0 -1"><span class='ocrx_word' id='word_1_5' title='bbox 3477 304 3583 359; x_wconf 76' lang='lat' dir='ltr'><strong><em>I58</em></strong></span> 
     </span>
    </p>
   </div>
   <div class='ocr_carea' id='block_1_4' title="bbox 333 408 3572 485">
    <p class='ocr_par' dir='ltr' id='par_1_4' title="bbox 333 408 3572 485">
     <span class='ocr_line' id='line_1_4' title="bbox 333 408 3572 485; baseline 0.003 -23"><span class='ocrx_word' id='word_1_6' title='bbox 333 420 394 458; x_wconf 69' lang='grc' dir='ltr'><em>ἐ</em></span> <span class='ocrx_word' id='word_1_7' title='bbox 429 410 650 465; x_wconf 71' lang='lat' dir='ltr'><strong><em>Dextera</em></strong></span> <span class='ocrx_word' id='word_1_8' title='bbox 665 415 861 484; x_wconf 68' lang='lat' dir='ltr'><strong><em>protegi</em></strong></span> <span class='ocrx_word' id='word_1_9' title='bbox 879 415 965 467; x_wconf 82' lang='lat' dir='ltr'><strong><em>diu</em></strong></span> <span class='ocrx_word' id='word_1_10' title='bbox 979 414 1148 467; x_wconf 75' lang='lat' dir='ltr'><strong><em>divina</em></strong></span> <span class='ocrx_word' id='word_1_11' title='bbox 1165 411 1318 467; x_wconf 85' lang='lat' dir='ltr'><strong><em>Petro</em></strong></span> <span class='ocrx_word' id='word_1_12' title='bbox 1331 417 1603 468; x_wconf 75' lang='lat' dir='ltr'><strong><em>comitante</em></strong></span> <span class='ocrx_word' id='word_1_13' title='bbox 1620 414 1898 483; x_wconf 87' lang='lat' dir='ltr'><strong><em>Pauloque.</em></strong></span> <span class='ocrx_word' id='word_1_14' title='bbox 1934 422 1983 478; x_wconf 74' lang='grc' dir='ltr'><strong>Α</strong></span> <span class='ocrx_word' id='word_1_15' title='bbox 2080 408 2347 465; x_wconf 82' lang='lat' dir='ltr'><strong><em>Hactenus</em></strong></span> <span class='ocrx_word' id='word_1_16' title='bbox 2372 410 2620 466; x_wconf 81' lang='lat' dir='ltr'><strong><em>Hadriani</em></strong></span> <span class='ocrx_word' id='word_1_17' title='bbox 2650 411 2894 481; x_wconf 89' lang='lat' dir='ltr'><strong><em>epistola,</em></strong></span> <span class='ocrx_word' id='word_1_18' title='bbox 2920 423 2977 468; x_wconf 86' lang='grc' dir='ltr'><strong><em>ιιι</em></strong></span> <span class='ocrx_word' id='word_1_19' title='bbox 3006 428 3073 469; x_wconf 78' lang='lat' dir='ltr'><strong><em>ex</em></strong></span> <span class='ocrx_word' id='word_1_20' title='bbox 3102 413 3364 485; x_wconf 80' lang='lat' dir='ltr'><strong><em>corruptis</em></strong></span> <span class='ocrx_word' id='word_1_21' title='bbox 3388 430 3572 472; x_wconf 74' lang='lat' dir='ltr'><strong><em>exem-</em></strong></span> 
     </span>
    </p>
   </div>
   <div class='ocr_carea' id='block_1_5' title="bbox 336 500 1903 574">
    <p class='ocr_par' dir='ltr' id='par_1_5' title="bbox 336 500 1903 574">
     <span class='ocr_line' id='line_1_5' title="bbox 336 500 1903 574; baseline 0.002 -21"><span class='ocrx_word' id='word_1_22' title='bbox 336 507 397 549; x_wconf 69' lang='grc' dir='ltr'><strong><em>π</em></strong></span> <span class='ocrx_word' id='word_1_23' title='bbox 428 500 758 571; x_wconf 68' lang='lat' dir='ltr'><strong><em>[temp/tantm</em></strong></span> <span class='ocrx_word' id='word_1_24' title='bbox 789 506 1015 558; x_wconf 78' lang='lat' dir='ltr'><strong><em>victoria:</em></strong></span> <span class='ocrx_word' id='word_1_25' title='bbox 1044 505 1316 570; x_wconf 85' lang='lat' dir='ltr'><strong><em>donantes,</em></strong></span> <span class='ocrx_word' id='word_1_26' title='bbox 1347 513 1495 574; x_wconf 90' lang='lat' dir='ltr'><strong><em>atque</em></strong></span> <span class='ocrx_word' id='word_1_27' title='bbox 1532 521 1624 572; x_wconf 84' lang='lat' dir='ltr'><strong><em>pro</em></strong></span> <span class='ocrx_word' id='word_1_28' title='bbox 1668 513 1713 556; x_wconf 91' lang='lat' dir='ltr'><strong><em>te</em></strong></span> <span class='ocrx_word' id='word_1_29' title='bbox 1752 504 1903 556; x_wconf 83' lang='lat' dir='ltr'><strong><em>diuti-</em></strong></span> 
     </span>
    </p>
   </div>
   <div class='ocr_carea' id='block_1_6' title="bbox 1526 602 1720 655">
    <p class='ocr_par' dir='ltr' id='par_1_6' title="bbox 1526 602 1720 655">
     <span class='ocr_line' id='line_1_6' title="bbox 1526 602 1720 655; baseline 0.005 -11"><span class='ocrx_word' id='word_1_30' title='bbox 1526 602 1720 655; x_wconf 82' lang='lat' dir='ltr'><strong><em>cantes,</em></strong></span> 
     </span>
    </p>
   </div>
   <div class='ocr_carea' id='block_1_7' title="bbox 335 680 1847 750">
    <p class='ocr_par' dir='ltr' id='par_1_7' title="bbox 335 680 1847 750">
     <span class='ocr_line' id='line_1_7' title="bbox 335 680 1847 750; baseline 0.001 -19"><span class='ocrx_word' id='word_1_31' title='bbox 335 699 397 715; x_wconf 86' lang='lat'><strong>-</strong></span> <span class='ocrx_word' id='word_1_32' title='bbox 424 680 624 734; x_wconf 69' lang='lat' dir='ltr'><strong><em>llftesus</em></strong></span> <span class='ocrx_word' id='word_1_33' title='bbox 647 700 759 735; x_wconf 89' lang='lat' dir='ltr'><strong><em>cum</em></strong></span> <span class='ocrx_word' id='word_1_34' title='bbox 790 685 887 735; x_wconf 87' lang='lat' dir='ltr'><strong><em>tuis</em></strong></span> <span class='ocrx_word' id='word_1_35' title='bbox 919 685 1077 736; x_wconf 80' lang='lat' dir='ltr'><strong><em>victor</em></strong></span> <span class='ocrx_word' id='word_1_36' title='bbox 1105 681 1352 747; x_wconf 81' lang='lat' dir='ltr'><strong><em>manebis,</em></strong></span> <span class='ocrx_word' id='word_1_37' title='bbox 1383 697 1561 749; x_wconf 85' lang='lat' dir='ltr'><strong><em>nempe</em></strong></span> <span class='ocrx_word' id='word_1_38' title='bbox 1592 697 1678 750; x_wconf 88' lang='lat' dir='ltr'><strong><em>per</em></strong></span> <span class='ocrx_word' id='word_1_39' title='bbox 1710 681 1847 750; x_wconf 83' lang='lat' dir='ltr'><strong><em>ipsos</em></strong></span> 
     </span>
    </p>
   </div>
   <div class='ocr_carea' id='block_1_8' title="bbox 336 768 1789 840">
    <p class='ocr_par' dir='ltr' id='par_1_8' title="bbox 336 768 1789 840">
     <span class='ocr_line' id='line_1_8' title="bbox 336 768 1789 840; baseline 0.003 -22"><span class='ocrx_word' id='word_1_40' title='bbox 336 768 395 809; x_wconf 67' lang='lat'><strong><em>&gt;</em></strong></span> <span class='ocrx_word' id='word_1_41' title='bbox 423 771 627 823; x_wconf 73' lang='lat' dir='ltr'><strong><em>Aditum</em></strong></span> <span class='ocrx_word' id='word_1_42' title='bbox 658 781 831 839; x_wconf 84' lang='lat' dir='ltr'><strong><em>petunt</em></strong></span> <span class='ocrx_word' id='word_1_43' title='bbox 861 772 1000 825; x_wconf 86' lang='lat' dir='ltr'><strong><em>urbis</em></strong></span> <span class='ocrx_word' id='word_1_44' title='bbox 1029 770 1207 840; x_wconf 79' lang='lat' dir='ltr'><strong><em>Pap&#39;ce</em></strong></span> <span class='ocrx_word' id='word_1_45' title='bbox 1233 781 1280 823; x_wconf 89' lang='lat' dir='ltr'><strong><em>te</em></strong></span> <span class='ocrx_word' id='word_1_46' title='bbox 1309 771 1507 840; x_wconf 81' lang='lat' dir='ltr'><strong><em>ingredi</em></strong></span> <span class='ocrx_word' id='word_1_47' title='bbox 1533 772 1789 823; x_wconf 76' lang='lat' dir='ltr'><strong><em>victorem.</em></strong></span> 
     </span>
    </p>
   </div>
   <div class='ocr_carea' id='block_1_9' title="bbox 335 856 1654 929">
    <p class='ocr_par' dir='ltr' id='par_1_9' title="bbox 335 856 1654 929">
     <span class='ocr_line' id='line_1_9' title="bbox 335 856 1654 929; baseline 0.001 -22"><span class='ocrx_word' id='word_1_48' title='bbox 335 858 396 898; x_wconf 78' lang='grc'>2</span> <span class='ocrx_word' id='word_1_49' title='bbox 427 856 566 926; x_wconf 64' lang='lat' dir='ltr'><strong><em>Nero</em></strong></span> <span class='ocrx_word' id='word_1_50' title='bbox 589 859 775 927; x_wconf 82' lang='lat' dir='ltr'><strong><em>perﬁdi</em></strong></span> <span class='ocrx_word' id='word_1_51' title='bbox 802 861 939 929; x_wconf 87' lang='lat' dir='ltr'><strong><em>regis</em></strong></span> <span class='ocrx_word' id='word_1_52' title='bbox 962 858 1186 912; x_wconf 80' lang='lat' dir='ltr'><strong><em>calcabis</em></strong></span> <span class='ocrx_word' id='word_1_53' title='bbox 1214 857 1468 910; x_wconf 87' lang='lat' dir='ltr'><strong><em>Desiderii</em></strong></span> <span class='ocrx_word' id='word_1_54' title='bbox 1497 858 1654 922; x_wconf 89' lang='lat' dir='ltr'><strong><em>colla,</em></strong></span> 
     </span>
    </p>
   </div>
   <div class='ocr_carea' id='block_1_10' title="bbox 335 946 1812 1016">
    <p class='ocr_par' dir='ltr' id='par_1_10' title="bbox 335 946 1812 1016">
     <span class='ocr_line' id='line_1_10' title="bbox 335 946 1812 1016; baseline 0 -18"><span class='ocrx_word' id='word_1_55' title='bbox 335 948 395 987; x_wconf 77' lang='lat'><strong><em>&lt;</em></strong></span> <span class='ocrx_word' id='word_1_56' title='bbox 432 947 574 999; x_wconf 72' lang='lat' dir='ltr'><strong><em>Vires</em></strong></span> <span class='ocrx_word' id='word_1_57' title='bbox 597 948 706 1015; x_wconf 85' lang='lat' dir='ltr'><strong><em>ejus</em></strong></span> <span class='ocrx_word' id='word_1_58' title='bbox 734 956 1064 1014; x_wconf 77' lang='lat' dir='ltr'><strong><em>prosternens</em></strong></span> <span class='ocrx_word' id='word_1_59' title='bbox 1093 963 1287 1015; x_wconf 77' lang='lat' dir='ltr'><strong><em>merges</em></strong></span> <span class='ocrx_word' id='word_1_60' title='bbox 1315 947 1522 1000; x_wconf 85' lang='lat' dir='ltr'><strong><em>baratre</em></strong></span> <span class='ocrx_word' id='word_1_61' title='bbox 1548 946 1812 1016; x_wconf 77' lang='lat' dir='ltr'><strong><em>profundi.</em></strong></span> 
     </span>
    </p>
   </div>
   <div class='ocr_carea' id='block_1_11' title="bbox 330 1036 1896 1108">
    <p class='ocr_par' dir='ltr' id='par_1_11' title="bbox 330 1036 1896 1108">
     <span class='ocr_line' id='line_1_11' title="bbox 330 1036 1896 1108; baseline -0.003 -15"><span class='ocrx_word' id='word_1_62' title='bbox 330 1056 394 1093; x_wconf 75' lang='grc' dir='ltr'><em>ω</em></span> <span class='ocrx_word' id='word_1_63' title='bbox 419 1039 607 1106; x_wconf 83' lang='lat' dir='ltr'><strong><em>Septus</em></strong></span> <span class='ocrx_word' id='word_1_64' title='bbox 635 1036 1091 1108; x_wconf 81' lang='lat' dir='ltr'><strong><em>Langobardorum</em></strong></span> <span class='ocrx_word' id='word_1_65' title='bbox 1118 1054 1295 1107; x_wconf 72' lang='lat' dir='ltr'><strong><em>regno,</em></strong></span> <span class='ocrx_word' id='word_1_66' title='bbox 1328 1052 1509 1089; x_wconf 90' lang='lat' dir='ltr'><strong><em>munus</em></strong></span> <span class='ocrx_word' id='word_1_67' title='bbox 1548 1036 1728 1089; x_wconf 79' lang='lat' dir='ltr'><strong><em>reddes</em></strong></span> <span class='ocrx_word' id='word_1_68' title='bbox 1758 1046 1896 1088; x_wconf 86' lang='lat' dir='ltr'><strong><em>tuum</em></strong></span> 
     </span>
    </p>
   </div>
   <div class='ocr_carea' id='block_1_12' title="bbox 334 1126 1681 1195">
    <p class='ocr_par' dir='ltr' id='par_1_12' title="bbox 334 1126 1681 1195">
     <span class='ocr_line' id='line_1_12' title="bbox 334 1126 1681 1195; baseline -0.003 -13"><span class='ocrx_word' id='word_1_69' title='bbox 334 1139 391 1174; x_wconf 76' lang='grc' dir='ltr'><strong>τ</strong></span> <span class='ocrx_word' id='word_1_70' title='bbox 421 1131 661 1184; x_wconf 77' lang='lat' dir='ltr'><strong><em>Pollicita</em></strong></span> <span class='ocrx_word' id='word_1_71' title='bbox 685 1144 836 1181; x_wconf 88' lang='lat' dir='ltr'><strong><em>sacra</em></strong></span> <span class='ocrx_word' id='word_1_72' title='bbox 863 1129 1003 1181; x_wconf 89' lang='lat' dir='ltr'><strong><em>dona</em></strong></span> <span class='ocrx_word' id='word_1_73' title='bbox 1031 1128 1271 1195; x_wconf 85' lang='lat' dir='ltr'><strong><em>clavigeri</em></strong></span> <span class='ocrx_word' id='word_1_74' title='bbox 1302 1127 1435 1180; x_wconf 68' lang='lat' dir='ltr'><strong><em>aula:</em></strong></span> <span class='ocrx_word' id='word_1_75' title='bbox 1465 1126 1631 1192; x_wconf 86' lang='lat' dir='ltr'><strong><em>Petri,</em></strong></span> <span class='ocrx_word' id='word_1_76' title='bbox 1664 1152 1681 1189; x_wconf 60' lang='grc' dir='ltr'>ε</span> 
     </span>
    </p>
   </div>
   <div class='ocr_carea' id='block_1_13' title="bbox 331 1215 1838 1287">
    <p class='ocr_par' dir='ltr' id='par_1_13' title="bbox 331 1215 1838 1287">
     <span class='ocr_line' id='line_1_13' title="bbox 331 1215 1838 1287; baseline -0.003 -15"><span class='ocrx_word' id='word_1_77' title='bbox 331 1223 389 1263; x_wconf 60' lang='grc' dir='ltr'><strong><em>ἓν</em></strong></span> <span class='ocrx_word' id='word_1_78' title='bbox 418 1220 647 1284; x_wconf 73' lang='lat' dir='ltr'><strong><em>Amplius</em></strong></span> <span class='ocrx_word' id='word_1_79' title='bbox 674 1218 873 1270; x_wconf 87' lang='lat' dir='ltr'><strong><em>donans</em></strong></span> <span class='ocrx_word' id='word_1_80' title='bbox 898 1215 989 1269; x_wconf 82' lang='lat' dir='ltr'><strong><em>tibi</em></strong></span> <span class='ocrx_word' id='word_1_81' title='bbox 1012 1217 1295 1279; x_wconf 84' lang='lat' dir='ltr'><strong><em>victoriam,</em></strong></span> <span class='ocrx_word' id='word_1_82' title='bbox 1320 1216 1573 1287; x_wconf 75' lang='lat' dir='ltr'><strong><em>simulque</em></strong></span> <span class='ocrx_word' id='word_1_83' title='bbox 1593 1216 1838 1269; x_wconf 85' lang='lat' dir='ltr'><strong><em>honorem</em></strong></span> 
     </span>
    </p>
   </div>
   <div class='ocr_carea' id='block_1_14' title="bbox 331 1305 1893 1377">
    <p class='ocr_par' dir='ltr' id='par_1_14' title="bbox 331 1305 1893 1377">
     <span class='ocr_line' id='line_1_14' title="bbox 331 1305 1893 1377; baseline -0.001 -18"><span class='ocrx_word' id='word_1_84' title='bbox 331 1314 391 1352; x_wconf 64' lang='grc' dir='ltr'><strong><em>’τε</em></strong></span> <span class='ocrx_word' id='word_1_85' title='bbox 425 1311 525 1361; x_wconf 84' lang='lat' dir='ltr'><strong><em>l’er</em></strong></span> <span class='ocrx_word' id='word_1_86' title='bbox 545 1308 697 1361; x_wconf 60' lang='grc' dir='ltr'><strong><em>σακία</em></strong></span> <span class='ocrx_word' id='word_1_87' title='bbox 723 1324 940 1377; x_wconf 87' lang='lat' dir='ltr'><strong><em>regnare</em></strong></span> <span class='ocrx_word' id='word_1_88' title='bbox 958 1322 1070 1358; x_wconf 89' lang='lat' dir='ltr'><strong><em>cum</em></strong></span> <span class='ocrx_word' id='word_1_89' title='bbox 1090 1306 1191 1359; x_wconf 89' lang='lat' dir='ltr'><strong><em>tuis</em></strong></span> <span class='ocrx_word' id='word_1_90' title='bbox 1213 1305 1312 1370; x_wconf 84' lang='lat' dir='ltr'><strong><em>hic,</em></strong></span> <span class='ocrx_word' id='word_1_91' title='bbox 1342 1306 1396 1358; x_wconf 85' lang='lat' dir='ltr'><strong><em>in</em></strong></span> <span class='ocrx_word' id='word_1_92' title='bbox 1420 1307 1690 1376; x_wconf 73' lang='lat' dir='ltr'><strong><em>futuraque</em></strong></span> <span class='ocrx_word' id='word_1_93' title='bbox 1711 1305 1893 1359; x_wconf 88' lang='lat' dir='ltr'><strong><em>soboli.</em></strong></span> 
     </span>
    </p>
   </div>
   <div class='ocr_carea' id='block_1_15' title="bbox 332 1394 1802 1468">
    <p class='ocr_par' dir='ltr' id='par_1_15' title="bbox 332 1394 1802 1468">
     <span class='ocr_line' id='line_1_15' title="bbox 332 1394 1802 1468; baseline 0.001 -22"><span class='ocrx_word' id='word_1_94' title='bbox 332 1404 388 1446; x_wconf 78' lang='lat'><strong>&gt;</strong></span> <span class='ocrx_word' id='word_1_95' title='bbox 418 1400 460 1449; x_wconf 80' lang='grc' dir='ltr'><em>Α</em></span> <span class='ocrx_word' id='word_1_96' title='bbox 496 1401 602 1468; x_wconf 84' lang='lat' dir='ltr'><strong><em>tege</em></strong></span> <span class='ocrx_word' id='word_1_97' title='bbox 624 1413 883 1466; x_wconf 81' lang='lat' dir='ltr'><strong><em>nunquam</em></strong></span> <span class='ocrx_word' id='word_1_98' title='bbox 909 1394 1131 1459; x_wconf 84' lang='lat' dir='ltr'><strong><em>discede,</em></strong></span> <span class='ocrx_word' id='word_1_99' title='bbox 1155 1396 1263 1449; x_wconf 75' lang='lat' dir='ltr'><strong><em>licet:</em></strong></span> <span class='ocrx_word' id='word_1_100' title='bbox 1290 1394 1568 1450; x_wconf 83' lang='lat' dir='ltr'><strong><em>observans</em></strong></span> <span class='ocrx_word' id='word_1_101' title='bbox 1589 1404 1802 1450; x_wconf 88' lang='lat' dir='ltr'><strong><em>statuta.</em></strong></span> 
     </span>
    </p>
   </div>
   <div class='ocr_carea' id='block_1_16' title="bbox 2004 501 3570 576">
    <p class='ocr_par' dir='ltr' id='par_1_16' title="bbox 2004 501 3570 576">
     <span class='ocr_line' id='line_1_16' title="bbox 2004 501 3570 576; baseline 0.006 -23"><span class='ocrx_word' id='word_1_102' title='bbox 2004 501 2240 569; x_wconf 79' lang='lat' dir='ltr'><strong><em>pluribus</em></strong></span> <span class='ocrx_word' id='word_1_103' title='bbox 2268 502 2385 555; x_wconf 82' lang='lat' dir='ltr'><strong><em>elici</em></strong></span> <span class='ocrx_word' id='word_1_104' title='bbox 2416 503 2604 570; x_wconf 87' lang='lat' dir='ltr'><strong><em>potuit.</em></strong></span> <span class='ocrx_word' id='word_1_105' title='bbox 2644 501 2797 568; x_wconf 82' lang='lat' dir='ltr'><strong><em>Quod</em></strong></span> <span class='ocrx_word' id='word_1_106' title='bbox 2826 518 2953 558; x_wconf 90' lang='lat' dir='ltr'><strong><em>vero</em></strong></span> <span class='ocrx_word' id='word_1_107' title='bbox 2998 504 3063 560; x_wconf 85' lang='lat' dir='ltr'><strong><em>ad</em></strong></span> <span class='ocrx_word' id='word_1_108' title='bbox 3104 513 3314 576; x_wconf 83' lang='lat' dir='ltr'><strong><em>tempus</em></strong></span> <span class='ocrx_word' id='word_1_109' title='bbox 3360 506 3570 575; x_wconf 76' lang='lat' dir='ltr'><strong><em>attinet,</em></strong></span> 
     </span>
    </p>
   </div>
   <div class='ocr_carea' id='block_1_17' title="bbox 2004 592 3571 668">
    <p class='ocr_par' dir='ltr' id='par_1_17' title="bbox 2004 592 3571 668">
     <span class='ocr_line' id='line_1_17' title="bbox 2004 592 3571 668; baseline 0.006 -24"><span class='ocrx_word' id='word_1_110' title='bbox 2004 608 2125 645; x_wconf 90' lang='lat' dir='ltr'><strong><em>cum</em></strong></span> <span class='ocrx_word' id='word_1_111' title='bbox 2152 592 2374 647; x_wconf 85' lang='lat' dir='ltr'><strong><em>Carolus</em></strong></span> <span class='ocrx_word' id='word_1_112' title='bbox 2405 602 2482 647; x_wconf 87' lang='lat' dir='ltr'><strong><em>ter</em></strong></span> <span class='ocrx_word' id='word_1_113' title='bbox 2510 593 2563 648; x_wconf 89' lang='lat' dir='ltr'><strong><em>in</em></strong></span> <span class='ocrx_word' id='word_1_114' title='bbox 2592 593 2786 651; x_wconf 86' lang='lat' dir='ltr'><strong><em>Urbem</em></strong></span> <span class='ocrx_word' id='word_1_115' title='bbox 2815 595 3085 652; x_wconf 89' lang='lat' dir='ltr'><strong><em>Hadriano</em></strong></span> <span class='ocrx_word' id='word_1_116' title='bbox 3105 598 3390 668; x_wconf 78' lang='lat' dir='ltr'><strong><em>superstite</em></strong></span> <span class='ocrx_word' id='word_1_117' title='bbox 3416 615 3571 654; x_wconf 87' lang='lat' dir='ltr'><strong><em>vene-</em></strong></span> 
     </span>
    </p>
   </div>
   <div class='ocr_carea' id='block_1_18' title="bbox 2006 684 3572 757">
    <p class='ocr_par' dir='ltr' id='par_1_18' title="bbox 2006 684 3572 757">
     <span class='ocr_line' id='line_1_18' title="bbox 2006 684 3572 757; baseline 0.006 -20"><span class='ocrx_word' id='word_1_118' title='bbox 2006 684 2092 749; x_wconf 91' lang='lat' dir='ltr'><strong><em>rit,</em></strong></span> <span class='ocrx_word' id='word_1_119' title='bbox 2122 700 2261 737; x_wconf 86' lang='lat' dir='ltr'><strong><em>anno</em></strong></span> <span class='ocrx_word' id='word_1_120' title='bbox 2292 684 2537 739; x_wconf 87' lang='lat' dir='ltr'><strong><em>nimirum</em></strong></span> <span class='ocrx_word' id='word_1_121' title='bbox 2564 686 2687 752; x_wconf 66' lang='lat'><strong>774,</strong></span> <span class='ocrx_word' id='word_1_122' title='bbox 2718 702 2839 741; x_wconf 89' lang='lat' dir='ltr'><strong><em>cum</em></strong></span> <span class='ocrx_word' id='word_1_123' title='bbox 2864 686 3080 757; x_wconf 87' lang='lat' dir='ltr'><strong><em>Papiam</em></strong></span> <span class='ocrx_word' id='word_1_124' title='bbox 3110 689 3400 756; x_wconf 83' lang='lat' dir='ltr'><strong><em>obsideret,</em></strong></span> <span class='ocrx_word' id='word_1_125' title='bbox 3432 706 3572 746; x_wconf 87' lang='lat' dir='ltr'><strong><em>anno</em></strong></span> 
     </span>
    </p>
   </div>
   <div class='ocr_carea' id='block_1_19' title="bbox 2002 773 3571 844">
    <p class='ocr_par' dir='ltr' id='par_1_19' title="bbox 2002 773 3571 844">
     <span class='ocr_line' id='line_1_19' title="bbox 2002 773 3571 844; baseline 0.006 -18"><span class='ocrx_word' id='word_1_126' title='bbox 2002 774 2195 827; x_wconf 86' lang='lat' dir='ltr'><strong><em>iterum</em></strong></span> <span class='ocrx_word' id='word_1_127' title='bbox 2227 773 2348 839; x_wconf 75' lang='lat'><strong><em>781‘,</em></strong></span> <span class='ocrx_word' id='word_1_128' title='bbox 2380 792 2501 829; x_wconf 89' lang='lat' dir='ltr'><strong><em>cum</em></strong></span> <span class='ocrx_word' id='word_1_129' title='bbox 2524 776 2638 844; x_wconf 86' lang='lat' dir='ltr'><strong><em>ejus</em></strong></span> <span class='ocrx_word' id='word_1_130' title='bbox 2668 776 2757 830; x_wconf 88' lang='lat' dir='ltr'><strong><em>lilii</em></strong></span> <span class='ocrx_word' id='word_1_131' title='bbox 2787 776 3003 833; x_wconf 88' lang='lat' dir='ltr'><strong><em>Pivinus</em></strong></span> <span class='ocrx_word' id='word_1_132' title='bbox 3035 778 3215 844; x_wconf 75' lang='lat' dir='ltr'><strong><em>Italiae,</em></strong></span> <span class='ocrx_word' id='word_1_133' title='bbox 3268 778 3571 835; x_wconf 83' lang='lat' dir='ltr'><strong><em>Ludovicus</em></strong></span> 
     </span>
    </p>
   </div>
   <div class='ocr_carea' id='block_1_20' title="bbox 2002 862 3575 935">
    <p class='ocr_par' dir='ltr' id='par_1_20' title="bbox 2002 862 3575 935">
     <span class='ocr_line' id='line_1_20' title="bbox 2002 862 3575 935; baseline 0.007 -22"><span class='ocrx_word' id='word_1_134' title='bbox 2002 862 2299 929; x_wconf 71' lang='lat' dir='ltr'><strong><em>Aquitania:</em></strong></span> <span class='ocrx_word' id='word_1_135' title='bbox 2343 877 2495 931; x_wconf 85' lang='lat' dir='ltr'><strong><em>reges</em></strong></span> <span class='ocrx_word' id='word_1_136' title='bbox 2524 865 2589 916; x_wconf 87' lang='lat' dir='ltr'><strong><em>ab</em></strong></span> <span class='ocrx_word' id='word_1_137' title='bbox 2620 864 2885 918; x_wconf 83' lang='lat' dir='ltr'><strong><em>Hadriano</em></strong></span> <span class='ocrx_word' id='word_1_138' title='bbox 2914 865 3114 921; x_wconf 88' lang='lat' dir='ltr'><strong><em>inuncti</em></strong></span> <span class='ocrx_word' id='word_1_139' title='bbox 3140 876 3284 935; x_wconf 89' lang='lat' dir='ltr'><strong><em>sunt,</em></strong></span> <span class='ocrx_word' id='word_1_140' title='bbox 3316 884 3457 923; x_wconf 89' lang='lat' dir='ltr'><strong><em>anno</em></strong></span> <span class='ocrx_word' id='word_1_141' title='bbox 3481 869 3575 924; x_wconf 84' lang='lat' dir='ltr'><strong><em>(le-</em></strong></span> 
     </span>
    </p>
   </div>
   <div class='ocr_carea' id='block_1_21' title="bbox 2004 952 3571 1025">
    <p class='ocr_par' dir='ltr' id='par_1_21' title="bbox 2004 952 3571 1025">
     <span class='ocr_line' id='line_1_21' title="bbox 2004 952 3571 1025; baseline 0.006 -21"><span class='ocrx_word' id='word_1_142' title='bbox 2004 952 2163 1021; x_wconf 88' lang='lat' dir='ltr'><strong><em>nique</em></strong></span> <span class='ocrx_word' id='word_1_143' title='bbox 2195 952 2316 1019; x_wconf 87' lang='lat'><strong><em>787,</em></strong></span> <span class='ocrx_word' id='word_1_144' title='bbox 2361 970 2481 1008; x_wconf 88' lang='lat' dir='ltr'><strong><em>cum</em></strong></span> <span class='ocrx_word' id='word_1_145' title='bbox 2512 954 2634 1009; x_wconf 90' lang='lat' dir='ltr'><strong><em>inde</em></strong></span> <span class='ocrx_word' id='word_1_146' title='bbox 2674 954 2910 1024; x_wconf 83' lang='lat' dir='ltr'><strong><em>Capuam</em></strong></span> <span class='ocrx_word' id='word_1_147' title='bbox 2935 971 3170 1025; x_wconf 89' lang='lat' dir='ltr'><strong><em>quoque,</em></strong></span> <span class='ocrx_word' id='word_1_148' title='bbox 3200 973 3262 1013; x_wconf 87' lang='lat' dir='ltr'><strong><em>ac</em></strong></span> <span class='ocrx_word' id='word_1_149' title='bbox 3291 958 3571 1014; x_wconf 87' lang='lat' dir='ltr'><strong><em>Beneven-</em></strong></span> 
     </span>
    </p>
   </div>
   <div class='ocr_carea' id='block_1_22' title="bbox 2004 1042 3572 1116">
    <p class='ocr_par' dir='ltr' id='par_1_22' title="bbox 2004 1042 3572 1116">
     <span class='ocr_line' id='line_1_22' title="bbox 2004 1042 3572 1116; baseline 0.007 -22"><span class='ocrx_word' id='word_1_150' title='bbox 2004 1050 2113 1095; x_wconf 88' lang='lat' dir='ltr'><strong><em>tum</em></strong></span> <span class='ocrx_word' id='word_1_151' title='bbox 2140 1042 2394 1097; x_wconf 87' lang='lat' dir='ltr'><strong><em>advcrsus</em></strong></span> <span class='ocrx_word' id='word_1_152' title='bbox 2416 1042 2781 1099; x_wconf 86' lang='lat' dir='ltr'><strong><em>Grimoaldum</em></strong></span> <span class='ocrx_word' id='word_1_153' title='bbox 2806 1046 2995 1101; x_wconf 89' lang='lat' dir='ltr'><strong><em>ducem</em></strong></span> <span class='ocrx_word' id='word_1_154' title='bbox 3017 1047 3287 1116; x_wconf 76' lang='lat' dir='ltr'><strong><em>proiectus</em></strong></span> <span class='ocrx_word' id='word_1_155' title='bbox 3308 1056 3391 1103; x_wconf 87' lang='lat' dir='ltr'><strong><em>est</em></strong></span> <span class='ocrx_word' id='word_1_156' title='bbox 3414 1067 3427 1101; x_wconf 93' lang='lat'>:</span> <span class='ocrx_word' id='word_1_157' title='bbox 3452 1064 3572 1112; x_wconf 86' lang='lat' dir='ltr'><strong><em>nos,</em></strong></span> 
     </span>
    </p>
   </div>
   <div class='ocr_carea' id='block_1_23' title="bbox 2004 1136 3572 1210">
    <p class='ocr_par' dir='ltr' id='par_1_23' title="bbox 2004 1136 3572 1210">
     <span class='ocr_line' id='line_1_23' title="bbox 2004 1136 3572 1210; baseline 0.004 -21"><span class='ocrx_word' id='word_1_158' title='bbox 2004 1136 2213 1189; x_wconf 80' lang='lat' dir='ltr'><strong><em>tametsi</em></strong></span> <span class='ocrx_word' id='word_1_159' title='bbox 2242 1152 2327 1190; x_wconf 88' lang='lat' dir='ltr'><strong><em>res</em></strong></span> <span class='ocrx_word' id='word_1_160' title='bbox 2365 1136 2565 1190; x_wconf 88' lang='lat' dir='ltr'><strong><em>incerta</em></strong></span> <span class='ocrx_word' id='word_1_161' title='bbox 2599 1146 2698 1202; x_wconf 90' lang='lat' dir='ltr'><strong><em>est,</em></strong></span> <span class='ocrx_word' id='word_1_162' title='bbox 2732 1137 2970 1193; x_wconf 89' lang='lat' dir='ltr'><strong><em>codicem</em></strong></span> <span class='ocrx_word' id='word_1_163' title='bbox 2999 1138 3248 1193; x_wconf 85' lang='lat' dir='ltr'><strong><em>Hadriani</em></strong></span> <span class='ocrx_word' id='word_1_164' title='bbox 3273 1139 3340 1195; x_wconf 88' lang='lat' dir='ltr'><strong><em>ad</em></strong></span> <span class='ocrx_word' id='word_1_165' title='bbox 3363 1150 3572 1210; x_wconf 82' lang='lat' dir='ltr'><strong><em>postre-</em></strong></span> 
     </span>
    </p>
   </div>
   <div class='ocr_carea' id='block_1_24' title="bbox 2000 1225 3573 1297">
    <p class='ocr_par' dir='ltr' id='par_1_24' title="bbox 2000 1225 3573 1297">
     <span class='ocr_line' id='line_1_24' title="bbox 2000 1225 3573 1297; baseline 0.004 -19"><span class='ocrx_word' id='word_1_166' title='bbox 2000 1240 2139 1279; x_wconf 90' lang='lat' dir='ltr'><strong><em>mam</em></strong></span> <span class='ocrx_word' id='word_1_167' title='bbox 2158 1226 2333 1294; x_wconf 84' lang='lat' dir='ltr'><strong><em>potius</em></strong></span> <span class='ocrx_word' id='word_1_168' title='bbox 2362 1225 2742 1294; x_wconf 80' lang='lat' dir='ltr'><strong><em>profectionem</em></strong></span> <span class='ocrx_word' id='word_1_169' title='bbox 2764 1226 3100 1281; x_wconf 83' lang='lat' dir='ltr'><strong><em>referendum</em></strong></span> <span class='ocrx_word' id='word_1_170' title='bbox 3122 1227 3388 1294; x_wconf 80' lang='lat' dir='ltr'><strong><em>duximus,</em></strong></span> <span class='ocrx_word' id='word_1_171' title='bbox 3411 1243 3573 1297; x_wconf 88' lang='lat' dir='ltr'><strong><em>quam</em></strong></span> 
     </span>
    </p>
   </div>
   <div class='ocr_carea' id='block_1_25' title="bbox 1997 1313 3573 1387">
    <p class='ocr_par' dir='ltr' id='par_1_25' title="bbox 1997 1313 3573 1387">
     <span class='ocr_line' id='line_1_25' title="bbox 1997 1313 3573 1387; baseline 0.005 -22"><span class='ocrx_word' id='word_1_172' title='bbox 1997 1313 2140 1379; x_wconf 89' lang='lat' dir='ltr'><strong><em>quod</em></strong></span> <span class='ocrx_word' id='word_1_173' title='bbox 2169 1313 2283 1366; x_wconf 88' lang='lat' dir='ltr'><strong><em>aliis</em></strong></span> <span class='ocrx_word' id='word_1_174' title='bbox 2304 1313 2504 1381; x_wconf 79' lang='lat' dir='ltr'><strong><em>placuit</em></strong></span> <span class='ocrx_word' id='word_1_175' title='bbox 2531 1314 2599 1369; x_wconf 91' lang='lat' dir='ltr'><strong><em>ad</em></strong></span> <span class='ocrx_word' id='word_1_176' title='bbox 2628 1314 2874 1383; x_wconf 83' lang='lat' dir='ltr'><strong><em>primam,</em></strong></span> <span class='ocrx_word' id='word_1_177' title='bbox 2903 1313 2991 1370; x_wconf 89' lang='lat' dir='ltr'><strong><em>cui</em></strong></span> <span class='ocrx_word' id='word_1_178' title='bbox 3016 1316 3205 1385; x_wconf 87' lang='lat' dir='ltr'><strong><em>multa,</em></strong></span> <span class='ocrx_word' id='word_1_179' title='bbox 3234 1330 3355 1386; x_wconf 67' lang='lat' dir='ltr'><strong><em>quae</em></strong></span> <span class='ocrx_word' id='word_1_180' title='bbox 3383 1318 3437 1372; x_wconf 91' lang='lat' dir='ltr'><strong><em>in</em></strong></span> <span class='ocrx_word' id='word_1_181' title='bbox 3459 1316 3573 1387; x_wconf 86' lang='lat' dir='ltr'><strong><em>ejus</em></strong></span> 
     </span>
    </p>
   </div>
   <div class='ocr_carea' id='block_1_26' title="bbox 2001 1401 3206 1476">
    <p class='ocr_par' dir='ltr' id='par_1_26' title="bbox 2001 1401 3206 1476">
     <span class='ocr_line' id='line_1_26' title="bbox 2001 1401 3206 1476; baseline 0.004 -21"><span class='ocrx_word' id='word_1_182' title='bbox 2001 1401 2224 1469; x_wconf 89' lang='lat' dir='ltr'><strong><em>epistola</em></strong></span> <span class='ocrx_word' id='word_1_183' title='bbox 2254 1403 2520 1471; x_wconf 82' lang='lat' dir='ltr'><strong><em>leguntur,</em></strong></span> <span class='ocrx_word' id='word_1_184' title='bbox 2552 1405 2840 1460; x_wconf 89' lang='lat' dir='ltr'><strong><em>convenire</em></strong></span> <span class='ocrx_word' id='word_1_185' title='bbox 2866 1406 2955 1460; x_wconf 81' lang='lat' dir='ltr'><strong><em>vix</em></strong></span> <span class='ocrx_word' id='word_1_186' title='bbox 2980 1406 3206 1476; x_wconf 84' lang='lat' dir='ltr'><strong><em>possint.</em></strong></span> 
     </span>
    </p>
   </div>
   <div class='ocr_carea' id='block_1_27' title="bbox 349 1535 3571 1569">
    <p class='ocr_par' dir='ltr' id='par_1_27' title="bbox 349 1535 3571 1569">
     <span class='ocr_line' id='line_1_27' title="bbox 349 1535 3571 1569; baseline 0.007 -23"><span class='ocrx_word' id='word_1_187' title='bbox 349 1535 3571 1569; x_wconf 54' lang='lat' dir='ltr'><strong><em>d——_———_————__&#39;—&#39;—‘—_—————-—-—n———_—-—___.~_—___-_</em></strong></span> 
     </span>
    </p>
   </div>
   <div class='ocr_carea' id='block_1_28' title="bbox 1708 1646 2195 1720">
    <p class='ocr_par' dir='ltr' id='par_1_28' title="bbox 1708 1646 2195 1720">
     <span class='ocr_line' id='line_1_28' title="bbox 1708 1646 2195 1720; baseline 0.014 -7"><span class='ocrx_word' id='word_1_188' title='bbox 1708 1646 2195 1720; x_wconf 78' lang='lat' dir='ltr'><strong><em>LECTORI.</em></strong></span> 
     </span>
    </p>
   </div>
   <div class='ocr_carea' id='block_1_29' title="bbox 1836 1754 2102 1771">
    <p class='ocr_par' dir='ltr' id='par_1_29' title="bbox 1836 1754 2102 1771">
     <span class='ocr_line' id='line_1_29' title="bbox 1836 1754 2102 1771; baseline 0.019 -5"><span class='ocrx_word' id='word_1_189' title='bbox 1836 1754 2102 1771; x_wconf 50' lang='lat'><strong><em>——‘</em></strong></span> 
     </span>
    </p>
   </div>
   <div class='ocr_carea' id='block_1_30' title="bbox 381 1834 3567 1913">
    <p class='ocr_par' dir='ltr' id='par_1_30' title="bbox 381 1834 3567 1913">
     <span class='ocr_line' id='line_1_30' title="bbox 381 1834 3567 1913; baseline 0.007 -21"><span class='ocrx_word' id='word_1_190' title='bbox 381 1837 634 1892; x_wconf 81' lang='lat' dir='ltr'><strong><em>Codiccm</em></strong></span> <span class='ocrx_word' id='word_1_191' title='bbox 664 1851 758 1889; x_wconf 82' lang='lat' dir='ltr'><strong><em>seu</em></strong></span> <span class='ocrx_word' id='word_1_192' title='bbox 788 1834 1171 1890; x_wconf 91' lang='lat' dir='ltr'><strong><em>Collectionem</em></strong></span> <span class='ocrx_word' id='word_1_193' title='bbox 1200 1852 1466 1891; x_wconf 90' lang='lat' dir='ltr'><strong><em>canonum</em></strong></span> <span class='ocrx_word' id='word_1_194' title='bbox 1496 1839 1888 1896; x_wconf 84' lang='lat' dir='ltr'><strong><em>ecclesiastico-</em></strong></span> <span class='ocrx_word' id='word_1_195' title='bbox 1924 1847 1964 1905; x_wconf 84' lang='grc' dir='ltr'>Β</span> <span class='ocrx_word' id='word_1_196' title='bbox 1993 1841 2125 1897; x_wconf 84' lang='lat' dir='ltr'><strong><em>Illud</em></strong></span> <span class='ocrx_word' id='word_1_197' title='bbox 2151 1850 2328 1898; x_wconf 86' lang='lat' dir='ltr'><strong><em>tamen</em></strong></span> <span class='ocrx_word' id='word_1_198' title='bbox 2360 1843 2558 1913; x_wconf 89' lang='lat' dir='ltr'><strong><em>liquido</em></strong></span> <span class='ocrx_word' id='word_1_199' title='bbox 2596 1853 2828 1911; x_wconf 83' lang='lat' dir='ltr'><strong><em>constat,</em></strong></span> <span class='ocrx_word' id='word_1_200' title='bbox 2863 1848 3093 1905; x_wconf 90' lang='lat' dir='ltr'><strong><em>concilio</em></strong></span> <span class='ocrx_word' id='word_1_201' title='bbox 3123 1844 3567 1913; x_wconf 87' lang='lat' dir='ltr'><strong><em>Chalcedonense</em></strong></span> 
     </span>
    </p>
   </div>
   <div class='ocr_carea' id='block_1_31' title="bbox 312 1927 1891 1998">
    <p class='ocr_par' dir='ltr' id='par_1_31' title="bbox 312 1927 1891 1998">
     <span class='ocr_line' id='line_1_31' title="bbox 312 1927 1891 1998; baseline 0.003 -14"><span class='ocrx_word' id='word_1_202' title='bbox 312 1946 435 1984; x_wconf 89' lang='lat' dir='ltr'><strong><em>rum</em></strong></span> <span class='ocrx_word' id='word_1_203' title='bbox 463 1929 702 1998; x_wconf 82' lang='lat' dir='ltr'><strong><em>Dionysii</em></strong></span> <span class='ocrx_word' id='word_1_204' title='bbox 734 1927 943 1996; x_wconf 76' lang='lat' dir='ltr'><strong><em>Exigui,</em></strong></span> <span class='ocrx_word' id='word_1_205' title='bbox 969 1928 1119 1997; x_wconf 91' lang='lat' dir='ltr'><strong><em>cujus</em></strong></span> <span class='ocrx_word' id='word_1_206' title='bbox 1141 1928 1297 1984; x_wconf 81' lang='lat' dir='ltr'><strong><em>index</em></strong></span> <span class='ocrx_word' id='word_1_207' title='bbox 1324 1937 1529 1983; x_wconf 89' lang='lat' dir='ltr'><strong><em>tantum</em></strong></span> <span class='ocrx_word' id='word_1_208' title='bbox 1552 1946 1617 1986; x_wconf 81' lang='lat' dir='ltr'><strong><em>ex</em></strong></span> <span class='ocrx_word' id='word_1_209' title='bbox 1646 1933 1766 1988; x_wconf 90' lang='lat' dir='ltr'><strong><em>cod.</em></strong></span> <span class='ocrx_word' id='word_1_210' title='bbox 1794 1950 1891 1990; x_wconf 90' lang='lat' dir='ltr'><strong><em>ms.</em></strong></span> 
     </span>
    </p>
   </div>
   <div class='ocr_carea' id='block_1_32' title="bbox 307 2020 1898 2093">
    <p class='ocr_par' dir='ltr' id='par_1_32' title="bbox 307 2020 1898 2093">
     <span class='ocr_line' id='line_1_32' title="bbox 307 2020 1898 2093; baseline 0.004 -19"><span class='ocrx_word' id='word_1_211' title='bbox 307 2020 660 2074; x_wconf 80' lang='lat' dir='ltr'><strong><em>eruditissimi</em></strong></span> <span class='ocrx_word' id='word_1_212' title='bbox 691 2020 787 2072; x_wconf 85' lang='lat' dir='ltr'><strong><em>viri</em></strong></span> <span class='ocrx_word' id='word_1_213' title='bbox 819 2020 931 2074; x_wconf 86' lang='lat' dir='ltr'><strong><em>Nic.</em></strong></span> <span class='ocrx_word' id='word_1_214' title='bbox 978 2020 1134 2076; x_wconf 87' lang='lat' dir='ltr'><strong><em>Fabri</em></strong></span> <span class='ocrx_word' id='word_1_215' title='bbox 1164 2038 1251 2075; x_wconf 88' lang='lat' dir='ltr'><strong><em>an.</em></strong></span> <span class='ocrx_word' id='word_1_216' title='bbox 1286 2021 1421 2075; x_wconf 88' lang='grc'><strong>1609</strong></span> <span class='ocrx_word' id='word_1_217' title='bbox 1453 2023 1684 2093; x_wconf 87' lang='lat' dir='ltr'><strong><em>primum</em></strong></span> <span class='ocrx_word' id='word_1_218' title='bbox 1724 2025 1898 2080; x_wconf 83' lang='lat' dir='ltr'><strong><em>editus</em></strong></span> 
     </span>
    </p>
   </div>
   <div class='ocr_carea' id='block_1_33' title="bbox 307 2109 1892 2175">
    <p class='ocr_par' dir='ltr' id='par_1_33' title="bbox 307 2109 1892 2175">
     <span class='ocr_line' id='line_1_33' title="bbox 307 2109 1892 2175; baseline 0.003 -12"><span class='ocrx_word' id='word_1_219' title='bbox 307 2120 416 2173; x_wconf 87' lang='lat' dir='ltr'><strong><em>est,</em></strong></span> <span class='ocrx_word' id='word_1_220' title='bbox 448 2110 711 2175; x_wconf 82' lang='lat' dir='ltr'><strong><em>integrum</em></strong></span> <span class='ocrx_word' id='word_1_221' title='bbox 738 2124 882 2163; x_wconf 85' lang='lat' dir='ltr'><strong><em>nunc</em></strong></span> <span class='ocrx_word' id='word_1_222' title='bbox 911 2109 1004 2164; x_wconf 88' lang='lat' dir='ltr'><strong><em>tibi</em></strong></span> <span class='ocrx_word' id='word_1_223' title='bbox 1032 2110 1223 2164; x_wconf 87' lang='lat' dir='ltr'><strong><em>damus</em></strong></span> <span class='ocrx_word' id='word_1_224' title='bbox 1243 2126 1306 2165; x_wconf 84' lang='lat' dir='ltr'><strong><em>ex</em></strong></span> <span class='ocrx_word' id='word_1_225' title='bbox 1334 2112 1619 2167; x_wconf 84' lang='lat' dir='ltr'><strong><em>alioveteri</em></strong></span> <span class='ocrx_word' id='word_1_226' title='bbox 1646 2113 1765 2167; x_wconf 92' lang='lat' dir='ltr'><strong><em>cod.</em></strong></span> <span class='ocrx_word' id='word_1_227' title='bbox 1790 2130 1892 2169; x_wconf 90' lang='lat' dir='ltr'><strong><em>ms.</em></strong></span> 
     </span>
    </p>
   </div>
   <div class='ocr_carea' id='block_1_34' title="bbox 309 2197 1896 2272">
    <p class='ocr_par' dir='ltr' id='par_1_34' title="bbox 309 2197 1896 2272">
     <span class='ocr_line' id='line_1_34' title="bbox 309 2197 1896 2272; baseline 0.003 -19"><span class='ocrx_word' id='word_1_228' title='bbox 309 2199 655 2253; x_wconf 62' lang='lat' dir='ltr'><strong><em>bibliotheca:</em></strong></span> <span class='ocrx_word' id='word_1_229' title='bbox 683 2198 750 2252; x_wconf 90' lang='lat' dir='ltr'><strong><em>cl.</em></strong></span> <span class='ocrx_word' id='word_1_230' title='bbox 784 2214 834 2251; x_wconf 87' lang='lat' dir='ltr'><strong><em>v.</em></strong></span> <span class='ocrx_word' id='word_1_231' title='bbox 864 2197 1234 2267; x_wconf 88' lang='lat' dir='ltr'><strong><em>Christophori</em></strong></span> <span class='ocrx_word' id='word_1_232' title='bbox 1259 2200 1486 2265; x_wconf 84' lang='lat' dir='ltr'><strong><em>Justelli,</em></strong></span> <span class='ocrx_word' id='word_1_233' title='bbox 1519 2202 1756 2256; x_wconf 91' lang='lat' dir='ltr'><strong><em>omnium</em></strong></span> <span class='ocrx_word' id='word_1_234' title='bbox 1779 2218 1896 2272; x_wconf 73' lang='lat' dir='ltr'><strong><em>qua:</em></strong></span> 
     </span>
    </p>
   </div>
   <div class='ocr_carea' id='block_1_35' title="bbox 310 2290 1894 2359">
    <p class='ocr_par' dir='ltr' id='par_1_35' title="bbox 310 2290 1894 2359">
     <span class='ocr_line' id='line_1_35' title="bbox 310 2290 1894 2359; baseline 0.003 -16"><span class='ocrx_word' id='word_1_235' title='bbox 310 2292 502 2345; x_wconf 77' lang='lat' dir='ltr'><strong><em>Latine</em></strong></span> <span class='ocrx_word' id='word_1_236' title='bbox 529 2297 767 2356; x_wconf 79' lang='lat' dir='ltr'><strong><em>exstant,</em></strong></span> <span class='ocrx_word' id='word_1_237' title='bbox 793 2290 924 2357; x_wconf 87' lang='lat' dir='ltr'><strong><em>juris</em></strong></span> <span class='ocrx_word' id='word_1_238' title='bbox 950 2291 1195 2345; x_wconf 83' lang='lat' dir='ltr'><strong><em>canonici</em></strong></span> <span class='ocrx_word' id='word_1_239' title='bbox 1242 2291 1671 2359; x_wconf 89' lang='lat' dir='ltr'><strong><em>antiquissimum</em></strong></span> <span class='ocrx_word' id='word_1_240' title='bbox 1702 2308 1894 2348; x_wconf 86' lang='lat' dir='ltr'><strong><em>monu-</em></strong></span> 
     </span>
    </p>
   </div>
   <div class='ocr_carea' id='block_1_36' title="bbox 309 2379 1893 2447">
    <p class='ocr_par' dir='ltr' id='par_1_36' title="bbox 309 2379 1893 2447">
     <span class='ocr_line' id='line_1_36' title="bbox 309 2379 1893 2447; baseline 0.003 -14"><span class='ocrx_word' id='word_1_241' title='bbox 309 2391 551 2434; x_wconf 88' lang='lat' dir='ltr'><strong><em>mentum</em></strong></span> <span class='ocrx_word' id='word_1_242' title='bbox 583 2398 596 2432; x_wconf 89' lang='lat'><strong>:</strong></span> <span class='ocrx_word' id='word_1_243' title='bbox 626 2379 771 2447; x_wconf 85' lang='lat' dir='ltr'><strong><em>quod</em></strong></span> <span class='ocrx_word' id='word_1_244' title='bbox 812 2379 1024 2447; x_wconf 88' lang='lat' dir='ltr'><strong><em>quidem</em></strong></span> <span class='ocrx_word' id='word_1_245' title='bbox 1056 2382 1122 2433; x_wconf 88' lang='lat' dir='ltr'><strong><em>ab</em></strong></span> <span class='ocrx_word' id='word_1_246' title='bbox 1153 2380 1256 2434; x_wconf 86' lang='lat' dir='ltr'><strong><em>hoc</em></strong></span> <span class='ocrx_word' id='word_1_247' title='bbox 1295 2380 1440 2434; x_wconf 82' lang='lat' dir='ltr'><strong><em>fonte</em></strong></span> <span class='ocrx_word' id='word_1_248' title='bbox 1482 2379 1732 2437; x_wconf 88' lang='lat' dir='ltr'><strong><em>haustum</em></strong></span> <span class='ocrx_word' id='word_1_249' title='bbox 1774 2397 1893 2437; x_wconf 88' lang='lat' dir='ltr'><strong><em>esse</em></strong></span> 
     </span>
    </p>
   </div>
   <div class='ocr_carea' id='block_1_37' title="bbox 309 2468 1895 2529">
    <p class='ocr_par' dir='ltr' id='par_1_37' title="bbox 309 2468 1895 2529">
     <span class='ocr_line' id='line_1_37' title="bbox 309 2468 1895 2529; baseline 0.004 -6"><span class='ocrx_word' id='word_1_250' title='bbox 309 2472 512 2524; x_wconf 87' lang='lat' dir='ltr'><strong><em>nemini</em></strong></span> <span class='ocrx_word' id='word_1_251' title='bbox 560 2470 777 2524; x_wconf 91' lang='lat' dir='ltr'><strong><em>dubium</em></strong></span> <span class='ocrx_word' id='word_1_252' title='bbox 809 2477 909 2524; x_wconf 86' lang='lat' dir='ltr'><strong><em>est.</em></strong></span> <span class='ocrx_word' id='word_1_253' title='bbox 951 2468 1204 2524; x_wconf 91' lang='lat' dir='ltr'><strong><em>Continet</em></strong></span> <span class='ocrx_word' id='word_1_254' title='bbox 1250 2478 1429 2524; x_wconf 88' lang='lat' dir='ltr'><strong><em>autem</em></strong></span> <span class='ocrx_word' id='word_1_255' title='bbox 1485 2471 1599 2526; x_wconf 76' lang='lat' dir='ltr'><strong><em>haec</em></strong></span> <span class='ocrx_word' id='word_1_256' title='bbox 1644 2472 1895 2529; x_wconf 88' lang='lat' dir='ltr'><strong><em>collectio</em></strong></span> 
     </span>
    </p>
   </div>
   <div class='ocr_carea' id='block_1_38' title="bbox 309 2544 1894 2628">
    <p class='ocr_par' dir='ltr' id='par_1_38' title="bbox 309 2544 1894 2628">
     <span class='ocr_line' id='line_1_38' title="bbox 309 2544 1894 2628; baseline 0.001 -13"><span class='ocrx_word' id='word_1_257' title='bbox 309 2561 531 2615; x_wconf 83' lang='lat' dir='ltr'><strong><em>eosdem</em></strong></span> <span class='ocrx_word' id='word_1_258' title='bbox 562 2558 674 2614; x_wconf 79' lang='lat' dir='ltr'><strong><em>fere</em></strong></span> <span class='ocrx_word' id='word_1_259' title='bbox 702 2544 1052 2613; x_wconf 83' lang='lat' dir='ltr'><strong><em>conciliorum</em></strong></span> <span class='ocrx_word' id='word_1_260' title='bbox 1085 2574 1319 2622; x_wconf 85' lang='lat' dir='ltr'><strong><em>canones</em></strong></span> <span class='ocrx_word' id='word_1_261' title='bbox 1363 2573 1502 2628; x_wconf 90' lang='lat' dir='ltr'><strong><em>quos</em></strong></span> <span class='ocrx_word' id='word_1_262' title='bbox 1542 2558 1761 2616; x_wconf 62' lang='lat' dir='ltr'><strong><em>Graecus</em></strong></span> <span class='ocrx_word' id='word_1_263' title='bbox 1789 2560 1894 2616; x_wconf 86' lang='lat' dir='ltr'><strong><em>Ec-</em></strong></span> 
     </span>
    </p>
   </div>
   <div class='ocr_carea' id='block_1_39' title="bbox 310 2646 1894 2712">
    <p class='ocr_par' dir='ltr' id='par_1_39' title="bbox 310 2646 1894 2712">
     <span class='ocr_line' id='line_1_39' title="bbox 310 2646 1894 2712; baseline 0.002 -9"><span class='ocrx_word' id='word_1_264' title='bbox 310 2651 489 2703; x_wconf 66' lang='lat' dir='ltr'><strong><em>clesia:</em></strong></span> <span class='ocrx_word' id='word_1_265' title='bbox 520 2650 782 2703; x_wconf 76' lang='lat' dir='ltr'><strong><em>universa:</em></strong></span> <span class='ocrx_word' id='word_1_266' title='bbox 812 2646 1095 2712; x_wconf 84' lang='lat' dir='ltr'><strong><em>Codex,ab</em></strong></span> <span class='ocrx_word' id='word_1_267' title='bbox 1120 2649 1307 2704; x_wconf 90' lang='lat' dir='ltr'><strong><em>eodem</em></strong></span> <span class='ocrx_word' id='word_1_268' title='bbox 1334 2646 1563 2705; x_wconf 86' lang='lat' dir='ltr'><strong><em>Justello</em></strong></span> <span class='ocrx_word' id='word_1_269' title='bbox 1594 2666 1736 2705; x_wconf 89' lang='lat' dir='ltr'><strong><em>anno</em></strong></span> <span class='ocrx_word' id='word_1_270' title='bbox 1759 2651 1894 2706; x_wconf 89' lang='grc'><strong>1610</strong></span> 
     </span>
    </p>
   </div>
   <div class='ocr_carea' id='block_1_40' title="bbox 312 2738 1893 2813">
    <p class='ocr_par' dir='ltr' id='par_1_40' title="bbox 312 2738 1893 2813">
     <span class='ocr_line' id='line_1_40' title="bbox 312 2738 1893 2813; baseline 0.004 -22"><span class='ocrx_word' id='word_1_271' title='bbox 312 2738 520 2802; x_wconf 84' lang='lat' dir='ltr'><strong><em>editus;</em></strong></span> <span class='ocrx_word' id='word_1_272' title='bbox 554 2752 795 2792; x_wconf 83' lang='lat' dir='ltr'><strong><em>canones</em></strong></span> <span class='ocrx_word' id='word_1_273' title='bbox 818 2746 1078 2806; x_wconf 74' lang='lat' dir='ltr'><strong><em>przcterea</em></strong></span> <span class='ocrx_word' id='word_1_274' title='bbox 1108 2738 1199 2806; x_wconf 89' lang='lat' dir='ltr'><strong><em>qui</em></strong></span> <span class='ocrx_word' id='word_1_275' title='bbox 1222 2738 1468 2813; x_wconf 83' lang='lat' dir='ltr'><strong><em>dicuntur</em></strong></span> <span class='ocrx_word' id='word_1_276' title='bbox 1512 2738 1893 2809; x_wconf 84' lang='lat' dir='ltr'><strong><em>Apostolorum</em></strong></span> 
     </span>
    </p>
   </div>
   <div class='ocr_carea' id='block_1_41' title="bbox 311 2824 1891 2899">
    <p class='ocr_par' dir='ltr' id='par_1_41' title="bbox 311 2824 1891 2899">
     <span class='ocr_line' id='line_1_41' title="bbox 311 2824 1891 2899; baseline 0.006 -22"><span class='ocrx_word' id='word_1_277' title='bbox 311 2828 722 2897; x_wconf 79' lang='lat' dir='ltr'><strong><em>quinquaginta,</em></strong></span> <span class='ocrx_word' id='word_1_278' title='bbox 746 2824 1078 2881; x_wconf 91' lang='lat' dir='ltr'><strong><em>Sardicensis</em></strong></span> <span class='ocrx_word' id='word_1_279' title='bbox 1107 2828 1268 2881; x_wconf 88' lang='lat' dir='ltr'><strong><em>etiam</em></strong></span> <span class='ocrx_word' id='word_1_280' title='bbox 1293 2827 1380 2893; x_wconf 73' lang='lat'><strong><em>2!,</em></strong></span> <span class='ocrx_word' id='word_1_281' title='bbox 1414 2836 1469 2882; x_wconf 82' lang='lat' dir='ltr'><strong><em>et</em></strong></span> <span class='ocrx_word' id='word_1_282' title='bbox 1494 2828 1891 2899; x_wconf 84' lang='lat' dir='ltr'><strong><em>Africanarum,</em></strong></span> 
     </span>
    </p>
   </div>
   <div class='ocr_carea' id='block_1_42' title="bbox 310 2914 1895 2986">
    <p class='ocr_par' dir='ltr' id='par_1_42' title="bbox 310 2914 1895 2986">
     <span class='ocr_line' id='line_1_42' title="bbox 310 2914 1895 2986; baseline 0.002 -17"><span class='ocrx_word' id='word_1_283' title='bbox 310 2918 426 2970; x_wconf 77' lang='lat' dir='ltr'><strong><em>sive</em></strong></span> <span class='ocrx_word' id='word_1_284' title='bbox 454 2914 958 2985; x_wconf 84' lang='lat' dir='ltr'><strong><em>Carthaginensium</em></strong></span> <span class='ocrx_word' id='word_1_285' title='bbox 994 2916 1321 2985; x_wconf 85' lang='lat' dir='ltr'><strong><em>synodorum</em></strong></span> <span class='ocrx_word' id='word_1_286' title='bbox 1351 2916 1582 2986; x_wconf 90' lang='lat' dir='ltr'><strong><em>capitula</em></strong></span> <span class='ocrx_word' id='word_1_287' title='bbox 1615 2916 1715 2971; x_wconf 78' lang='grc'><strong><em>158</em></strong></span> <span class='ocrx_word' id='word_1_288' title='bbox 1744 2933 1895 2974; x_wconf 84' lang='lat' dir='ltr'><strong><em>com-</em></strong></span> 
     </span>
    </p>
   </div>
   <div class='ocr_carea' id='block_1_43' title="bbox 312 3004 1893 3073">
    <p class='ocr_par' dir='ltr' id='par_1_43' title="bbox 312 3004 1893 3073">
     <span class='ocr_line' id='line_1_43' title="bbox 312 3004 1893 3073; baseline 0.004 -16"><span class='ocrx_word' id='word_1_289' title='bbox 312 3006 470 3073; x_wconf 84' lang='lat' dir='ltr'><strong><em>plecti</em></strong></span> <span class='ocrx_word' id='word_1_290' title='bbox 480 3014 584 3059; x_wconf 90' lang='lat' dir='ltr'><strong><em>tur.</em></strong></span> <span class='ocrx_word' id='word_1_291' title='bbox 603 3004 774 3072; x_wconf 82' lang='lat' dir='ltr'><strong><em>Hujus</em></strong></span> <span class='ocrx_word' id='word_1_292' title='bbox 792 3020 896 3058; x_wconf 90' lang='lat' dir='ltr'><strong><em>non</em></strong></span> <span class='ocrx_word' id='word_1_293' title='bbox 916 3004 1140 3059; x_wconf 88' lang='lat' dir='ltr'><strong><em>obscure</em></strong></span> <span class='ocrx_word' id='word_1_294' title='bbox 1156 3004 1729 3061; x_wconf 79' lang='lat' dir='ltr'><strong><em>meminitllincmarus</em></strong></span> <span class='ocrx_word' id='word_1_295' title='bbox 1750 3006 1893 3063; x_wconf 78' lang='lat' dir='ltr'><strong><em>Rhe-</em></strong></span> 
     </span>
    </p>
   </div>
   <div class='ocr_carea' id='block_1_44' title="bbox 310 3096 1891 3169">
    <p class='ocr_par' dir='ltr' id='par_1_44' title="bbox 310 3096 1891 3169">
     <span class='ocr_line' id='line_1_44' title="bbox 310 3096 1891 3169; baseline 0.004 -20"><span class='ocrx_word' id='word_1_296' title='bbox 310 3096 513 3149; x_wconf 83' lang='lat' dir='ltr'><strong><em>mensis</em></strong></span> <span class='ocrx_word' id='word_1_297' title='bbox 561 3096 995 3164; x_wconf 76' lang='lat' dir='ltr'><strong><em>archiepiscopus</em></strong></span> <span class='ocrx_word' id='word_1_298' title='bbox 1025 3096 1075 3149; x_wconf 91' lang='lat' dir='ltr'><strong><em>in</em></strong></span> <span class='ocrx_word' id='word_1_299' title='bbox 1107 3111 1291 3165; x_wconf 92' lang='lat' dir='ltr'><strong><em>opusc.</em></strong></span> <span class='ocrx_word' id='word_1_300' title='bbox 1334 3096 1400 3151; x_wconf 85' lang='lat'><strong><em>55</em></strong></span> <span class='ocrx_word' id='word_1_301' title='bbox 1438 3098 1656 3169; x_wconf 88' lang='lat' dir='ltr'><strong><em>capitul.</em></strong></span> <span class='ocrx_word' id='word_1_302' title='bbox 1696 3101 1891 3156; x_wconf 88' lang='lat' dir='ltr'><strong><em>adver-</em></strong></span> 
     </span>
    </p>
   </div>
   <div class='ocr_carea' id='block_1_45' title="bbox 2002 1935 3569 2012">
    <p class='ocr_par' dir='ltr' id='par_1_45' title="bbox 2002 1935 3569 2012">
     <span class='ocr_line' id='line_1_45' title="bbox 2002 1935 3569 2012; baseline 0.013 -25"><span class='ocrx_word' id='word_1_303' title='bbox 2002 1935 2357 2003; x_wconf 88' lang='lat' dir='ltr'><strong><em>antiquiorem</em></strong></span> <span class='ocrx_word' id='word_1_304' title='bbox 2386 1935 2569 2001; x_wconf 80' lang='lat' dir='ltr'><strong><em>fuisse,</em></strong></span> <span class='ocrx_word' id='word_1_305' title='bbox 2618 1937 2673 1991; x_wconf 91' lang='lat' dir='ltr'><strong><em>in</em></strong></span> <span class='ocrx_word' id='word_1_306' title='bbox 2702 1937 2851 2007; x_wconf 88' lang='lat' dir='ltr'><strong><em>cujus</em></strong></span> <span class='ocrx_word' id='word_1_307' title='bbox 2895 1941 3106 1997; x_wconf 90' lang='lat' dir='ltr'><strong><em>actione</em></strong></span> <span class='ocrx_word' id='word_1_308' title='bbox 3133 1942 3184 2008; x_wconf 71' lang='lat'><strong>4,</strong></span> <span class='ocrx_word' id='word_1_309' title='bbox 3218 1946 3276 2000; x_wconf 92' lang='grc'><strong><em>11</em></strong></span> <span class='ocrx_word' id='word_1_310' title='bbox 3309 1956 3364 2002; x_wconf 89' lang='lat' dir='ltr'><strong><em>et</em></strong></span> <span class='ocrx_word' id='word_1_311' title='bbox 3390 1948 3472 2012; x_wconf 81' lang='grc'>15,</span> <span class='ocrx_word' id='word_1_312' title='bbox 3502 1966 3569 2008; x_wconf 80' lang='lat' dir='ltr'><strong><em>ex</em></strong></span> 
     </span>
    </p>
   </div>
   <div class='ocr_carea' id='block_1_46' title="bbox 2001 2022 3569 2104">
    <p class='ocr_par' dir='ltr' id='par_1_46' title="bbox 2001 2022 3569 2104">
     <span class='ocr_line' id='line_1_46' title="bbox 2001 2022 3569 2104; baseline 0.013 -30"><span class='ocrx_word' id='word_1_313' title='bbox 2001 2022 2115 2092; x_wconf 88' lang='lat' dir='ltr'><strong><em>ipsa</em></strong></span> <span class='ocrx_word' id='word_1_314' title='bbox 2139 2030 2263 2077; x_wconf 87' lang='lat' dir='ltr'><strong><em>ante</em></strong></span> <span class='ocrx_word' id='word_1_315' title='bbox 2290 2025 2399 2091; x_wconf 88' lang='lat' dir='ltr'><strong><em>jam</em></strong></span> <span class='ocrx_word' id='word_1_316' title='bbox 2445 2024 2582 2078; x_wconf 87' lang='lat' dir='ltr'><strong><em>facta</em></strong></span> <span class='ocrx_word' id='word_1_317' title='bbox 2629 2026 2965 2095; x_wconf 88' lang='lat' dir='ltr'><strong><em>collectione,</em></strong></span> <span class='ocrx_word' id='word_1_318' title='bbox 3008 2036 3278 2089; x_wconf 90' lang='lat' dir='ltr'><strong><em>communi</em></strong></span> <span class='ocrx_word' id='word_1_319' title='bbox 3309 2037 3569 2104; x_wconf 88' lang='lat' dir='ltr'><strong><em>majorum</em></strong></span> 
     </span>
    </p>
   </div>
   <div class='ocr_carea' id='block_1_47' title="bbox 1998 2114 3569 2197">
    <p class='ocr_par' dir='ltr' id='par_1_47' title="bbox 1998 2114 3569 2197">
     <span class='ocr_line' id='line_1_47' title="bbox 1998 2114 3569 2197; baseline 0.011 -31"><span class='ocrx_word' id='word_1_320' title='bbox 1998 2114 2319 2167; x_wconf 88' lang='lat' dir='ltr'><strong><em>auctoritate</em></strong></span> <span class='ocrx_word' id='word_1_321' title='bbox 2367 2115 2614 2183; x_wconf 89' lang='lat' dir='ltr'><strong><em>probata,</em></strong></span> <span class='ocrx_word' id='word_1_322' title='bbox 2663 2117 2899 2187; x_wconf 87' lang='lat' dir='ltr'><strong><em>quinque</em></strong></span> <span class='ocrx_word' id='word_1_323' title='bbox 2940 2134 3207 2191; x_wconf 85' lang='lat' dir='ltr'><strong><em>canones,</em></strong></span> <span class='ocrx_word' id='word_1_324' title='bbox 3235 2125 3267 2177; x_wconf 70' lang='grc'>4</span> <span class='ocrx_word' id='word_1_325' title='bbox 3297 2127 3569 2197; x_wconf 79' lang='lat' dir='ltr'><strong><em>videlicet,</em></strong></span> 
     </span>
    </p>
   </div>
   <div class='ocr_carea' id='block_1_48' title="bbox 1998 2199 3637 2277">
    <p class='ocr_par' dir='ltr' id='par_1_48' title="bbox 1998 2199 3637 2277">
     <span class='ocr_line' id='line_1_48' title="bbox 1998 2199 3637 2277; baseline 0.012 -23"><span class='ocrx_word' id='word_1_326' title='bbox 1998 2199 2087 2265; x_wconf 78' lang='grc'><strong><em>85,</em></strong></span> <span class='ocrx_word' id='word_1_327' title='bbox 2119 2200 2209 2269; x_wconf 73' lang='grc'><strong><em>84,</em></strong></span> <span class='ocrx_word' id='word_1_328' title='bbox 2241 2200 2310 2255; x_wconf 87' lang='grc'><strong><em>95</em></strong></span> <span class='ocrx_word' id='word_1_329' title='bbox 2331 2210 2385 2256; x_wconf 90' lang='lat' dir='ltr'><strong><em>et</em></strong></span> <span class='ocrx_word' id='word_1_330' title='bbox 2406 2202 2492 2266; x_wconf 89' lang='lat'><strong><em>96,</em></strong></span> <span class='ocrx_word' id='word_1_331' title='bbox 2517 2205 2608 2273; x_wconf 88' lang='lat' dir='ltr'><strong><em>qui</em></strong></span> <span class='ocrx_word' id='word_1_332' title='bbox 2637 2203 2671 2257; x_wconf 75' lang='grc'><strong>4</strong></span> <span class='ocrx_word' id='word_1_333' title='bbox 2698 2206 2916 2273; x_wconf 72' lang='lat' dir='ltr'><strong><em>Nicmni,</em></strong></span> <span class='ocrx_word' id='word_1_334' title='bbox 2944 2217 2999 2263; x_wconf 88' lang='lat' dir='ltr'><strong><em>et</em></strong></span> <span class='ocrx_word' id='word_1_335' title='bbox 3021 2210 3077 2276; x_wconf 74' lang='grc'>4,</span> <span class='ocrx_word' id='word_1_336' title='bbox 3107 2212 3160 2277; x_wconf 83' lang='lat'><strong>5,</strong></span> <span class='ocrx_word' id='word_1_337' title='bbox 3195 2214 3261 2267; x_wconf 84' lang='grc'><strong><em>16</em></strong></span> <span class='ocrx_word' id='word_1_338' title='bbox 3287 2225 3342 2270; x_wconf 88' lang='lat' dir='ltr'><strong><em>et</em></strong></span> <span class='ocrx_word' id='word_1_339' title='bbox 3366 2216 3428 2269; x_wconf 89' lang='grc'><strong>17</strong></span> <span class='ocrx_word' id='word_1_340' title='bbox 3456 2219 3568 2273; x_wconf 84' lang='lat' dir='ltr'><strong><em>An-</em></strong></span> <span class='ocrx_word' id='word_1_341' title='bbox 3634 2272 3637 2273; x_wconf 65' lang='lat'>,</span> 
     </span>
    </p>
   </div>
   <div class='ocr_carea' id='block_1_49' title="bbox 2000 2291 3570 2369">
    <p class='ocr_par' dir='ltr' id='par_1_49' title="bbox 2000 2291 3570 2369">
     <span class='ocr_line' id='line_1_49' title="bbox 2000 2291 3570 2369; baseline 0.016 -26"><span class='ocrx_word' id='word_1_342' title='bbox 2000 2291 2236 2347; x_wconf 88' lang='lat' dir='ltr'><strong><em>tiocheni</em></strong></span> <span class='ocrx_word' id='word_1_343' title='bbox 2264 2293 2473 2349; x_wconf 91' lang='lat' dir='ltr'><strong><em>concilii</em></strong></span> <span class='ocrx_word' id='word_1_344' title='bbox 2520 2310 2640 2349; x_wconf 89' lang='lat' dir='ltr'><strong><em>esse</em></strong></span> <span class='ocrx_word' id='word_1_345' title='bbox 2680 2299 3043 2369; x_wconf 90' lang='lat' dir='ltr'><strong><em>reperiuntur,</em></strong></span> <span class='ocrx_word' id='word_1_346' title='bbox 3085 2303 3255 2359; x_wconf 88' lang='lat' dir='ltr'><strong><em>lectos</em></strong></span> <span class='ocrx_word' id='word_1_347' title='bbox 3284 2321 3349 2362; x_wconf 92' lang='lat' dir='ltr'><strong><em>ac</em></strong></span> <span class='ocrx_word' id='word_1_348' title='bbox 3376 2309 3570 2368; x_wconf 80' lang='lat' dir='ltr'><strong><em>citatos</em></strong></span> 
     </span>
    </p>
   </div>
   <div class='ocr_carea' id='block_1_50' title="bbox 1997 2381 3570 2462">
    <p class='ocr_par' dir='ltr' id='par_1_50' title="bbox 1997 2381 3570 2462">
     <span class='ocr_line' id='line_1_50' title="bbox 1997 2381 3570 2462; baseline 0.015 -27"><span class='ocrx_word' id='word_1_349' title='bbox 1997 2381 2163 2437; x_wconf 87' lang='lat' dir='ltr'><strong><em>fuisse</em></strong></span> <span class='ocrx_word' id='word_1_350' title='bbox 2203 2393 2537 2453; x_wconf 88' lang='lat' dir='ltr'><strong><em>compertum</em></strong></span> <span class='ocrx_word' id='word_1_351' title='bbox 2567 2395 2670 2442; x_wconf 88' lang='lat' dir='ltr'><strong><em>est.</em></strong></span> <span class='ocrx_word' id='word_1_352' title='bbox 2703 2386 2804 2454; x_wconf 87' lang='lat' dir='ltr'><strong><em>Qui</em></strong></span> <span class='ocrx_word' id='word_1_353' title='bbox 2827 2390 3042 2458; x_wconf 91' lang='lat' dir='ltr'><strong><em>quidem</em></strong></span> <span class='ocrx_word' id='word_1_354' title='bbox 3072 2409 3326 2462; x_wconf 88' lang='lat' dir='ltr'><strong><em>canones,</em></strong></span> <span class='ocrx_word' id='word_1_355' title='bbox 3376 2400 3570 2458; x_wconf 89' lang='lat' dir='ltr'><strong><em>eodem</em></strong></span> 
     </span>
    </p>
   </div>
   <div class='ocr_carea' id='block_1_51' title="bbox 1998 2473 3569 2556">
    <p class='ocr_par' dir='ltr' id='par_1_51' title="bbox 1998 2473 3569 2556">
     <span class='ocr_line' id='line_1_51' title="bbox 1998 2473 3569 2556; baseline 0.016 -30"><span class='ocrx_word' id='word_1_356' title='bbox 1998 2473 2203 2538; x_wconf 89' lang='lat' dir='ltr'><strong><em>ordine,</em></strong></span> <span class='ocrx_word' id='word_1_357' title='bbox 2237 2482 2397 2542; x_wconf 87' lang='lat' dir='ltr'><strong><em>atque</em></strong></span> <span class='ocrx_word' id='word_1_358' title='bbox 2423 2476 2748 2545; x_wconf 90' lang='lat' dir='ltr'><strong><em>continuata,</em></strong></span> <span class='ocrx_word' id='word_1_359' title='bbox 2772 2495 2872 2536; x_wconf 90' lang='lat' dir='ltr'><strong><em>nec</em></strong></span> <span class='ocrx_word' id='word_1_360' title='bbox 2901 2482 3198 2556; x_wconf 90' lang='lat' dir='ltr'><strong><em>interrupta</em></strong></span> <span class='ocrx_word' id='word_1_361' title='bbox 3228 2505 3569 2554; x_wconf 85' lang='lat' dir='ltr'><strong><em>numerorum</em></strong></span> 
     </span>
    </p>
   </div>
   <div class='ocr_carea' id='block_1_52' title="bbox 1997 2560 3569 2644">
    <p class='ocr_par' dir='ltr' id='par_1_52' title="bbox 1997 2560 3569 2644">
     <span class='ocr_line' id='line_1_52' title="bbox 1997 2560 3569 2644; baseline 0.015 -31"><span class='ocrx_word' id='word_1_362' title='bbox 1997 2560 2139 2614; x_wconf 87' lang='lat' dir='ltr'><strong><em>serie</em></strong></span> <span class='ocrx_word' id='word_1_363' title='bbox 2192 2561 2373 2632; x_wconf 88' lang='lat' dir='ltr'><strong><em>(quam</em></strong></span> <span class='ocrx_word' id='word_1_364' title='bbox 2420 2572 2634 2620; x_wconf 89' lang='lat' dir='ltr'><strong><em>veteres</em></strong></span> <span class='ocrx_word' id='word_1_365' title='bbox 2672 2570 3113 2638; x_wconf 89' lang='lat' dir='ltr'><strong><em>consequentiam</em></strong></span> <span class='ocrx_word' id='word_1_366' title='bbox 3142 2576 3440 2644; x_wconf 85' lang='lat' dir='ltr'><strong><em>regularem</em></strong></span> <span class='ocrx_word' id='word_1_367' title='bbox 3471 2597 3569 2636; x_wconf 81' lang='lat' dir='ltr'><strong><em>vo-</em></strong></span> 
     </span>
    </p>
   </div>
   <div class='ocr_carea' id='block_1_53' title="bbox 1998 2651 3568 2727">
    <p class='ocr_par' dir='ltr' id='par_1_53' title="bbox 1998 2651 3568 2727">
     <span class='ocr_line' id='line_1_53' title="bbox 1998 2651 3568 2727; baseline 0.015 -24"><span class='ocrx_word' id='word_1_368' title='bbox 1998 2651 2168 2720; x_wconf 88' lang='lat' dir='ltr'><strong><em>cant),</em></strong></span> <span class='ocrx_word' id='word_1_369' title='bbox 2198 2659 2415 2707; x_wconf 80' lang='lat' dir='ltr'><strong><em>exstant</em></strong></span> <span class='ocrx_word' id='word_1_370' title='bbox 2444 2654 2498 2708; x_wconf 90' lang='lat' dir='ltr'><strong><em>in</em></strong></span> <span class='ocrx_word' id='word_1_371' title='bbox 2529 2655 2728 2711; x_wconf 88' lang='lat' dir='ltr'><strong><em>Codice</em></strong></span> <span class='ocrx_word' id='word_1_372' title='bbox 2775 2657 2961 2715; x_wconf 84' lang='lat' dir='ltr'><strong><em>Graeco</em></strong></span> <span class='ocrx_word' id='word_1_373' title='bbox 3006 2676 3267 2721; x_wconf 88' lang='lat' dir='ltr'><strong><em>canonum</em></strong></span> <span class='ocrx_word' id='word_1_374' title='bbox 3317 2667 3568 2727; x_wconf 60' lang='lat' dir='ltr'><strong><em>Ecclesia)</em></strong></span> 
     </span>
    </p>
   </div>
   <div class='ocr_carea' id='block_1_54' title="bbox 1996 2740 3569 2825">
    <p class='ocr_par' dir='ltr' id='par_1_54' title="bbox 1996 2740 3569 2825">
     <span class='ocr_line' id='line_1_54' title="bbox 1996 2740 3569 2825; baseline 0.015 -31"><span class='ocrx_word' id='word_1_375' title='bbox 1996 2740 2278 2807; x_wconf 60' lang='lat' dir='ltr'><strong><em>universae,</em></strong></span> <span class='ocrx_word' id='word_1_376' title='bbox 2321 2743 2470 2814; x_wconf 82' lang='lat' dir='ltr'><strong><em>etin</em></strong></span> <span class='ocrx_word' id='word_1_377' title='bbox 2516 2744 2616 2800; x_wconf 87' lang='lat' dir='ltr'><strong><em>hac</em></strong></span> <span class='ocrx_word' id='word_1_378' title='bbox 2643 2745 2829 2802; x_wconf 80' lang='lat' dir='ltr'><strong><em>Latina</em></strong></span> <span class='ocrx_word' id='word_1_379' title='bbox 2882 2749 3117 2823; x_wconf 83' lang='lat' dir='ltr'><strong><em>Dionysii</em></strong></span> <span class='ocrx_word' id='word_1_380' title='bbox 3165 2754 3353 2825; x_wconf 78' lang='lat' dir='ltr'><strong><em>Exigui</em></strong></span> <span class='ocrx_word' id='word_1_381' title='bbox 3399 2761 3569 2818; x_wconf 48' lang='lat' dir='ltr'><strong><em>colles</em></strong></span> 
     </span>
    </p>
   </div>
   <div class='ocr_carea' id='block_1_55' title="bbox 1996 2830 3565 2914">
    <p class='ocr_par' dir='ltr' id='par_1_55' title="bbox 1996 2830 3565 2914">
     <span class='ocr_line' id='line_1_55' title="bbox 1996 2830 3565 2914; baseline 0.015 -30"><span class='ocrx_word' id='word_1_382' title='bbox 1996 2830 2196 2885; x_wconf 91' lang='lat' dir='ltr'><strong><em>ctione.</em></strong></span> <span class='ocrx_word' id='word_1_383' title='bbox 2230 2833 2336 2886; x_wconf 85' lang='lat' dir='ltr'><strong><em>Sed</em></strong></span> <span class='ocrx_word' id='word_1_384' title='bbox 2374 2841 2428 2888; x_wconf 92' lang='lat' dir='ltr'><strong><em>et</em></strong></span> <span class='ocrx_word' id='word_1_385' title='bbox 2472 2843 2595 2889; x_wconf 79' lang='lat' dir='ltr'><strong><em>ante</em></strong></span> <span class='ocrx_word' id='word_1_386' title='bbox 2624 2834 2950 2905; x_wconf 86' lang='lat' dir='ltr'><strong><em>Ephesinum</em></strong></span> <span class='ocrx_word' id='word_1_387' title='bbox 2990 2844 3298 2914; x_wconf 88' lang='lat' dir='ltr'><strong><em>concilium,</em></strong></span> <span class='ocrx_word' id='word_1_388' title='bbox 3325 2847 3565 2907; x_wconf 62' lang='lat' dir='ltr'><strong><em>Graecam</em></strong></span> 
     </span>
    </p>
   </div>
   <div class='ocr_carea' id='block_1_56' title="bbox 1993 2921 3567 3006">
    <p class='ocr_par' dir='ltr' id='par_1_56' title="bbox 1993 2921 3567 3006">
     <span class='ocr_line' id='line_1_56' title="bbox 1993 2921 3567 3006; baseline 0.014 -30"><span class='ocrx_word' id='word_1_389' title='bbox 1993 2921 2139 2976; x_wconf 88' lang='lat' dir='ltr'><strong><em>illam</em></strong></span> <span class='ocrx_word' id='word_1_390' title='bbox 2160 2923 2531 2980; x_wconf 89' lang='lat' dir='ltr'><strong><em>collectionem</em></strong></span> <span class='ocrx_word' id='word_1_391' title='bbox 2562 2924 2756 2982; x_wconf 82' lang='lat' dir='ltr'><strong><em>factam</em></strong></span> <span class='ocrx_word' id='word_1_392' title='bbox 2793 2929 2975 2997; x_wconf 81' lang='lat' dir='ltr'><strong><em>fuisse,</em></strong></span> <span class='ocrx_word' id='word_1_393' title='bbox 3000 2948 3068 2988; x_wconf 81' lang='lat' dir='ltr'><strong><em>ex</em></strong></span> <span class='ocrx_word' id='word_1_394' title='bbox 3095 2936 3316 3006; x_wconf 86' lang='lat' dir='ltr'><strong><em>epistola</em></strong></span> <span class='ocrx_word' id='word_1_395' title='bbox 3363 2955 3395 2994; x_wconf 87' lang='lat' dir='ltr'><strong><em>a</em></strong></span> <span class='ocrx_word' id='word_1_396' title='bbox 3435 2941 3567 2998; x_wconf 86' lang='lat' dir='ltr'><strong><em>Dio-</em></strong></span> 
     </span>
    </p>
   </div>
   <div class='ocr_carea' id='block_1_57' title="bbox 1994 3014 3569 3103">
    <p class='ocr_par' dir='ltr' id='par_1_57' title="bbox 1994 3014 3569 3103">
     <span class='ocr_line' id='line_1_57' title="bbox 1994 3014 3569 3103; baseline 0.013 -35"><span class='ocrx_word' id='word_1_397' title='bbox 1994 3014 2147 3084; x_wconf 90' lang='lat' dir='ltr'><strong><em>nysio</em></strong></span> <span class='ocrx_word' id='word_1_398' title='bbox 2173 3014 2289 3085; x_wconf 89' lang='lat' dir='ltr'><strong><em>ipso</em></strong></span> <span class='ocrx_word' id='word_1_399' title='bbox 2322 3016 2447 3072; x_wconf 85' lang='lat' dir='ltr'><strong><em>huic</em></strong></span> <span class='ocrx_word' id='word_1_400' title='bbox 2476 3017 2647 3073; x_wconf 90' lang='lat' dir='ltr'><strong><em>codici</em></strong></span> <span class='ocrx_word' id='word_1_401' title='bbox 2673 3020 2921 3088; x_wconf 58' lang='lat' dir='ltr'><strong><em>praeﬁxa,</em></strong></span> <span class='ocrx_word' id='word_1_402' title='bbox 2950 3024 3166 3093; x_wconf 90' lang='lat' dir='ltr'><strong><em>planum</em></strong></span> <span class='ocrx_word' id='word_1_403' title='bbox 3193 3036 3274 3084; x_wconf 88' lang='lat' dir='ltr'><strong><em>est</em></strong></span> <span class='ocrx_word' id='word_1_404' title='bbox 3306 3048 3319 3083; x_wconf 89' lang='lat'>:</span> <span class='ocrx_word' id='word_1_405' title='bbox 3352 3048 3456 3103; x_wconf 86' lang='lat' dir='ltr'><strong><em>qua</em></strong></span> <span class='ocrx_word' id='word_1_406' title='bbox 3484 3036 3569 3089; x_wconf 64' lang='grc' dir='ltr'><strong><em>νία-</em></strong></span> 
     </span>
    </p>
   </div>
   <div class='ocr_carea' id='block_1_58' title="bbox 1991 3100 3567 3186">
    <p class='ocr_par' dir='ltr' id='par_1_58' title="bbox 1991 3100 3567 3186">
     <span class='ocr_line' id='line_1_58' title="bbox 1991 3100 3567 3186; baseline 0.014 -31"><span class='ocrx_word' id='word_1_407' title='bbox 1991 3100 2187 3157; x_wconf 89' lang='lat' dir='ltr'><strong><em>delicet</em></strong></span> <span class='ocrx_word' id='word_1_408' title='bbox 2211 3117 2446 3159; x_wconf 88' lang='lat' dir='ltr'><strong><em>canones</em></strong></span> <span class='ocrx_word' id='word_1_409' title='bbox 2470 3118 2500 3157; x_wconf 89' lang='lat' dir='ltr'><strong><em>a</em></strong></span> <span class='ocrx_word' id='word_1_410' title='bbox 2528 3104 2742 3161; x_wconf 66' lang='lat' dir='ltr'><strong><em>Nicmno</em></strong></span> <span class='ocrx_word' id='word_1_411' title='bbox 2764 3110 3082 3179; x_wconf 58' lang='lat' dir='ltr'><strong><em>ceterisque</em></strong></span> <span class='ocrx_word' id='word_1_412' title='bbox 3117 3100 3567 3186; x_wconf 79' lang='lat' dir='ltr'><strong><em>consequentibus</em></strong></span> 
     </span>
    </p>
   </div>
   <div class='ocr_carea' id='block_1_59' title="bbox 309 3185 3567 3275">
    <p class='ocr_par' dir='ltr' id='par_1_59' title="bbox 309 3185 3567 3275">
     <span class='ocr_line' id='line_1_59' title="bbox 309 3185 3567 3275; baseline 0.007 -36"><span class='ocrx_word' id='word_1_413' title='bbox 309 3201 402 3239; x_wconf 84' lang='lat' dir='ltr'><strong><em>sus</em></strong></span> <span class='ocrx_word' id='word_1_414' title='bbox 451 3185 793 3239; x_wconf 85' lang='lat' dir='ltr'><strong><em>llincmarum</em></strong></span> <span class='ocrx_word' id='word_1_415' title='bbox 826 3185 1229 3241; x_wconf 87' lang='lat' dir='ltr'><strong><em>Laudunensem</em></strong></span> <span class='ocrx_word' id='word_1_416' title='bbox 1257 3187 1591 3258; x_wconf 88' lang='lat' dir='ltr'><strong><em>episcopum,</em></strong></span> <span class='ocrx_word' id='word_1_417' title='bbox 1641 3205 1761 3261; x_wconf 88' lang='lat' dir='ltr'><strong><em>cap.</em></strong></span> <span class='ocrx_word' id='word_1_418' title='bbox 1796 3189 1884 3258; x_wconf 72' lang='grc'>45,</span> <span class='ocrx_word' id='word_1_419' title='bbox 1916 3197 1963 3259; x_wconf 83' lang='lat' dir='ltr'>C</span> <span class='ocrx_word' id='word_1_420' title='bbox 1994 3190 2254 3259; x_wconf 91' lang='lat' dir='ltr'><strong><em>conciliis,</em></strong></span> <span class='ocrx_word' id='word_1_421' title='bbox 2288 3205 2408 3260; x_wconf 65' lang='lat' dir='ltr'><strong><em>quae</em></strong></span> <span class='ocrx_word' id='word_1_422' title='bbox 2433 3201 2557 3247; x_wconf 86' lang='lat' dir='ltr'><strong><em>ante</em></strong></span> <span class='ocrx_word' id='word_1_423' title='bbox 2586 3193 2713 3249; x_wconf 87' lang='lat' dir='ltr'><strong><em>illud</em></strong></span> <span class='ocrx_word' id='word_1_424' title='bbox 2750 3196 2837 3251; x_wconf 91' lang='lat' dir='ltr'><strong><em>vel</em></strong></span> <span class='ocrx_word' id='word_1_425' title='bbox 2883 3200 3224 3267; x_wconf 88' lang='lat' dir='ltr'><strong><em>postmodum</em></strong></span> <span class='ocrx_word' id='word_1_426' title='bbox 3252 3205 3391 3261; x_wconf 78' lang='lat' dir='ltr'><strong><em>facta</em></strong></span> <span class='ocrx_word' id='word_1_427' title='bbox 3419 3220 3567 3275; x_wconf 88' lang='lat' dir='ltr'><strong><em>sunt,</em></strong></span> 
     </span>
    </p>
   </div>
   <div class='ocr_carea' id='block_1_60' title="bbox 310 3274 1886 3352">
    <p class='ocr_par' dir='ltr' id='par_1_60' title="bbox 310 3274 1886 3352">
     <span class='ocr_line' id='line_1_60' title="bbox 310 3274 1886 3352; baseline 0.005 -24"><span class='ocrx_word' id='word_1_428' title='bbox 310 3276 393 3331; x_wconf 82' lang='lat' dir='ltr'><strong><em>bis</em></strong></span> <span class='ocrx_word' id='word_1_429' title='bbox 414 3276 593 3330; x_wconf 88' lang='lat' dir='ltr'><strong><em>verbis</em></strong></span> <span class='ocrx_word' id='word_1_430' title='bbox 634 3293 647 3327; x_wconf 92' lang='lat'><strong>:</strong></span> <span class='ocrx_word' id='word_1_431' title='bbox 692 3274 791 3339; x_wconf 83' lang='lat' dir='ltr'><strong><em>Qui</em></strong></span> <span class='ocrx_word' id='word_1_432' title='bbox 827 3287 947 3329; x_wconf 86' lang='lat' dir='ltr'><strong><em>sunt</em></strong></span> <span class='ocrx_word' id='word_1_433' title='bbox 983 3277 1078 3343; x_wconf 88' lang='lat' dir='ltr'><strong><em>illi,</em></strong></span> <span class='ocrx_word' id='word_1_434' title='bbox 1112 3278 1302 3347; x_wconf 89' lang='lat' dir='ltr'><strong><em>inquit,</em></strong></span> <span class='ocrx_word' id='word_1_435' title='bbox 1345 3297 1470 3350; x_wconf 84' lang='lat' dir='ltr'><strong><em>quos</em></strong></span> <span class='ocrx_word' id='word_1_436' title='bbox 1514 3290 1565 3334; x_wconf 89' lang='lat' dir='ltr'><strong><em>et</em></strong></span> <span class='ocrx_word' id='word_1_437' title='bbox 1602 3282 1886 3352; x_wconf 86' lang='lat' dir='ltr'><strong><em>apostolica</em></strong></span> 
     </span>
    </p>
   </div>
   <div class='ocr_carea' id='block_1_61' title="bbox 308 3366 1887 3436">
    <p class='ocr_par' dir='ltr' id='par_1_61' title="bbox 308 3366 1887 3436">
     <span class='ocr_line' id='line_1_61' title="bbox 308 3366 1887 3436; baseline 0.005 -17"><span class='ocrx_word' id='word_1_438' title='bbox 308 3366 477 3429; x_wconf 79' lang='lat' dir='ltr'><strong><em>sedes,</em></strong></span> <span class='ocrx_word' id='word_1_439' title='bbox 493 3374 545 3418; x_wconf 90' lang='lat' dir='ltr'><strong><em>et</em></strong></span> <span class='ocrx_word' id='word_1_440' title='bbox 565 3382 742 3417; x_wconf 85' lang='lat' dir='ltr'><strong><em>omnes</em></strong></span> <span class='ocrx_word' id='word_1_441' title='bbox 763 3367 985 3435; x_wconf 86' lang='lat' dir='ltr'><strong><em>episcopi</em></strong></span> <span class='ocrx_word' id='word_1_442' title='bbox 1016 3384 1105 3436; x_wconf 89' lang='lat' dir='ltr'><strong><em>per</em></strong></span> <span class='ocrx_word' id='word_1_443' title='bbox 1133 3370 1419 3422; x_wconf 87' lang='lat' dir='ltr'><strong><em>universum</em></strong></span> <span class='ocrx_word' id='word_1_444' title='bbox 1442 3370 1631 3436; x_wconf 87' lang='lat' dir='ltr'><strong><em>orbem,</em></strong></span> <span class='ocrx_word' id='word_1_445' title='bbox 1646 3379 1696 3426; x_wconf 89' lang='lat' dir='ltr'><strong><em>et</em></strong></span> <span class='ocrx_word' id='word_1_446' title='bbox 1720 3375 1887 3427; x_wconf 84' lang='lat' dir='ltr'><strong><em>omnis</em></strong></span> 
     </span>
    </p>
   </div>
   <div class='ocr_carea' id='block_1_62' title="bbox 311 3452 1889 3530">
    <p class='ocr_par' dir='ltr' id='par_1_62' title="bbox 311 3452 1889 3530">
     <span class='ocr_line' id='line_1_62' title="bbox 311 3452 1889 3530; baseline 0.007 -25"><span class='ocrx_word' id='word_1_447' title='bbox 311 3452 550 3506; x_wconf 86' lang='lat' dir='ltr'><strong><em>Ecclesia</em></strong></span> <span class='ocrx_word' id='word_1_448' title='bbox 571 3453 825 3506; x_wconf 49' lang='lat' dir='ltr'><strong><em>catfrolica</em></strong></span> <span class='ocrx_word' id='word_1_449' title='bbox 844 3471 1065 3508; x_wconf 87' lang='lat' dir='ltr'><strong><em>canones</em></strong></span> <span class='ocrx_word' id='word_1_450' title='bbox 1093 3457 1354 3526; x_wconf 57' lang='lat' dir='ltr'><strong><em>appellant</em></strong></span> <span class='ocrx_word' id='word_1_451' title='bbox 1374 3497 1388 3522; x_wconf 94' lang='lat'><strong><em>,</em></strong></span> <span class='ocrx_word' id='word_1_452' title='bbox 1412 3461 1592 3530; x_wconf 86' lang='lat' dir='ltr'><strong><em>quique</em></strong></span> <span class='ocrx_word' id='word_1_453' title='bbox 1609 3477 1641 3513; x_wconf 89' lang='grc' dir='ltr'><em>α</em></span> <span class='ocrx_word' id='word_1_454' title='bbox 1670 3459 1724 3513; x_wconf 89' lang='grc' dir='ltr'><strong><em>Ν</em></strong></span> <span class='ocrx_word' id='word_1_455' title='bbox 1728 3462 1889 3516; x_wconf 78' lang='lat' dir='ltr'><strong><em>icuzno</em></strong></span> 
     </span>
    </p>
   </div>
   <div class='ocr_carea' id='block_1_63' title="bbox 310 3545 1887 3621">
    <p class='ocr_par' dir='ltr' id='par_1_63' title="bbox 310 3545 1887 3621">
     <span class='ocr_line' id='line_1_63' title="bbox 310 3545 1887 3621; baseline 0.004 -26"><span class='ocrx_word' id='word_1_456' title='bbox 310 3545 553 3607; x_wconf 84' lang='lat' dir='ltr'><strong><em>concilio,</em></strong></span> <span class='ocrx_word' id='word_1_457' title='bbox 581 3545 718 3614; x_wconf 85' lang='lat' dir='ltr'><strong><em>quod</em></strong></span> <span class='ocrx_word' id='word_1_458' title='bbox 747 3547 969 3613; x_wconf 87' lang='lat' dir='ltr'><strong><em>primum</em></strong></span> <span class='ocrx_word' id='word_1_459' title='bbox 1013 3547 1065 3598; x_wconf 89' lang='lat' dir='ltr'><strong><em>in</em></strong></span> <span class='ocrx_word' id='word_1_460' title='bbox 1107 3549 1297 3621; x_wconf 83' lang='lat' dir='ltr'><strong><em>nostris</em></strong></span> <span class='ocrx_word' id='word_1_461' title='bbox 1326 3548 1588 3603; x_wconf 87' lang='lat' dir='ltr'><strong><em>codicibus</em></strong></span> <span class='ocrx_word' id='word_1_462' title='bbox 1608 3592 1621 3615; x_wconf 92' lang='lat'><strong><em>,</em></strong></span> <span class='ocrx_word' id='word_1_463' title='bbox 1670 3568 1798 3621; x_wconf 86' lang='lat' dir='ltr'><strong><em>quos</em></strong></span> <span class='ocrx_word' id='word_1_464' title='bbox 1824 3550 1887 3603; x_wconf 88' lang='lat' dir='ltr'><strong><em>ab</em></strong></span> 
     </span>
    </p>
   </div>
   <div class='ocr_carea' id='block_1_64' title="bbox 313 3636 1885 3712">
    <p class='ocr_par' dir='ltr' id='par_1_64' title="bbox 313 3636 1885 3712">
     <span class='ocr_line' id='line_1_64' title="bbox 313 3636 1885 3712; baseline 0.006 -26"><span class='ocrx_word' id='word_1_465' title='bbox 313 3636 597 3703; x_wconf 83' lang='lat' dir='ltr'><strong><em>apostolica</em></strong></span> <span class='ocrx_word' id='word_1_466' title='bbox 628 3637 748 3689; x_wconf 85' lang='lat' dir='ltr'><strong><em>sede</em></strong></span> <span class='ocrx_word' id='word_1_467' title='bbox 775 3637 1001 3708; x_wconf 84' lang='lat' dir='ltr'><strong><em>majores</em></strong></span> <span class='ocrx_word' id='word_1_468' title='bbox 1041 3640 1205 3692; x_wconf 88' lang='lat' dir='ltr'><strong><em>nostri</em></strong></span> <span class='ocrx_word' id='word_1_469' title='bbox 1247 3650 1549 3709; x_wconf 86' lang='lat' dir='ltr'><strong><em>acceperunt</em></strong></span> <span class='ocrx_word' id='word_1_470' title='bbox 1584 3643 1885 3712; x_wconf 89' lang='lat' dir='ltr'><strong><em>sequendos,</em></strong></span> 
     </span>
    </p>
   </div>
   <div class='ocr_carea' id='block_1_65' title="bbox 313 3731 1891 3803">
    <p class='ocr_par' dir='ltr' id='par_1_65' title="bbox 313 3731 1891 3803">
     <span class='ocr_line' id='line_1_65' title="bbox 313 3731 1891 3803; baseline 0.005 -22"><span class='ocrx_word' id='word_1_471' title='bbox 313 3748 400 3795; x_wconf 73' lang='lat' dir='ltr'><strong><em>per</em></strong></span> <span class='ocrx_word' id='word_1_472' title='bbox 420 3731 655 3782; x_wconf 86' lang='lat' dir='ltr'><strong><em>ordinem</em></strong></span> <span class='ocrx_word' id='word_1_473' title='bbox 675 3746 832 3800; x_wconf 87' lang='lat' dir='ltr'><strong><em>usque</em></strong></span> <span class='ocrx_word' id='word_1_474' title='bbox 853 3732 920 3783; x_wconf 84' lang='lat' dir='ltr'><strong><em>ad</em></strong></span> <span class='ocrx_word' id='word_1_475' title='bbox 940 3732 1239 3801; x_wconf 76' lang='lat' dir='ltr'><strong><em>Africanum</em></strong></span> <span class='ocrx_word' id='word_1_476' title='bbox 1267 3733 1541 3787; x_wconf 87' lang='lat' dir='ltr'><strong><em>concilium</em></strong></span> <span class='ocrx_word' id='word_1_477' title='bbox 1558 3772 1570 3796; x_wconf 93' lang='lat'><strong><em>,</em></strong></span> <span class='ocrx_word' id='word_1_478' title='bbox 1610 3750 1703 3803; x_wconf 85' lang='lat' dir='ltr'><strong><em>pro</em></strong></span> <span class='ocrx_word' id='word_1_479' title='bbox 1733 3751 1891 3790; x_wconf 89' lang='lat' dir='ltr'><strong><em>cano-</em></strong></span> 
     </span>
    </p>
   </div>
   <div class='ocr_carea' id='block_1_66' title="bbox 309 3818 1891 3889">
    <p class='ocr_par' dir='ltr' id='par_1_66' title="bbox 309 3818 1891 3889">
     <span class='ocr_line' id='line_1_66' title="bbox 309 3818 1891 3889; baseline 0.006 -19"><span class='ocrx_word' id='word_1_480' title='bbox 309 3818 461 3872; x_wconf 84' lang='lat' dir='ltr'><strong><em>nibus</em></strong></span> <span class='ocrx_word' id='word_1_481' title='bbox 488 3820 814 3889; x_wconf 86' lang='lat' dir='ltr'><strong><em>recipiendis,</em></strong></span> <span class='ocrx_word' id='word_1_482' title='bbox 848 3822 1145 3875; x_wconf 84' lang='lat' dir='ltr'><strong><em>venerandis</em></strong></span> <span class='ocrx_word' id='word_1_483' title='bbox 1178 3832 1227 3875; x_wconf 92' lang='lat' dir='ltr'><strong><em>et</em></strong></span> <span class='ocrx_word' id='word_1_484' title='bbox 1253 3823 1601 3889; x_wconf 86' lang='lat' dir='ltr'><strong><em>observandis,</em></strong></span> <span class='ocrx_word' id='word_1_485' title='bbox 1633 3826 1891 3880; x_wconf 85' lang='lat' dir='ltr'><strong><em>retinent?</em></strong></span> 
     </span>
    </p>
   </div>
   <div class='ocr_carea' id='block_1_67' title="bbox 308 3910 1887 3987">
    <p class='ocr_par' dir='ltr' id='par_1_67' title="bbox 308 3910 1887 3987">
     <span class='ocr_line' id='line_1_67' title="bbox 308 3910 1887 3987; baseline 0.006 -22"><span class='ocrx_word' id='word_1_486' title='bbox 308 3910 357 3965; x_wconf 78' lang='lat' dir='ltr'><strong><em>Is</em></strong></span> <span class='ocrx_word' id='word_1_487' title='bbox 388 3925 519 3964; x_wconf 82' lang='lat' dir='ltr'><strong><em>vero</em></strong></span> <span class='ocrx_word' id='word_1_488' title='bbox 542 3920 628 3966; x_wconf 90' lang='lat' dir='ltr'><strong><em>est</em></strong></span> <span class='ocrx_word' id='word_1_489' title='bbox 655 3911 938 3983; x_wconf 76' lang='lat' dir='ltr'><strong><em>Dionysius</em></strong></span> <span class='ocrx_word' id='word_1_490' title='bbox 964 3912 1199 3981; x_wconf 77' lang='lat' dir='ltr'><strong><em>Exiguus</em></strong></span> <span class='ocrx_word' id='word_1_491' title='bbox 1221 3956 1236 3980; x_wconf 89' lang='lat'><strong><em>,</em></strong></span> <span class='ocrx_word' id='word_1_492' title='bbox 1267 3917 1355 3984; x_wconf 90' lang='lat' dir='ltr'><strong><em>qui</em></strong></span> <span class='ocrx_word' id='word_1_493' title='bbox 1378 3957 1391 3979; x_wconf 94' lang='lat'><strong><em>,</em></strong></span> <span class='ocrx_word' id='word_1_494' title='bbox 1426 3918 1624 3972; x_wconf 88' lang='lat' dir='ltr'><strong><em>omissa</em></strong></span> <span class='ocrx_word' id='word_1_495' title='bbox 1665 3920 1887 3987; x_wconf 83' lang='lat' dir='ltr'><strong><em>profana</em></strong></span> 
     </span>
    </p>
   </div>
   <div class='ocr_carea' id='block_1_68' title="bbox 309 4001 1884 4074">
    <p class='ocr_par' dir='ltr' id='par_1_68' title="bbox 309 4001 1884 4074">
     <span class='ocr_line' id='line_1_68' title="bbox 309 4001 1884 4074; baseline 0.009 -25"><span class='ocrx_word' id='word_1_496' title='bbox 309 4015 576 4052; x_wconf 86' lang='lat' dir='ltr'><strong><em>annorum</em></strong></span> <span class='ocrx_word' id='word_1_497' title='bbox 613 4001 982 4055; x_wconf 88' lang='lat' dir='ltr'><strong><em>numeratione</em></strong></span> <span class='ocrx_word' id='word_1_498' title='bbox 1008 4017 1104 4071; x_wconf 89' lang='lat' dir='ltr'><strong><em>per</em></strong></span> <span class='ocrx_word' id='word_1_499' title='bbox 1130 4004 1479 4073; x_wconf 76' lang='lat' dir='ltr'><strong><em>olympiadas,</em></strong></span> <span class='ocrx_word' id='word_1_500' title='bbox 1503 4007 1587 4060; x_wconf 88' lang='lat' dir='ltr'><strong><em>vel</em></strong></span> <span class='ocrx_word' id='word_1_501' title='bbox 1611 4008 1884 4074; x_wconf 89' lang='lat' dir='ltr'><strong><em>consules,</em></strong></span> 
     </span>
    </p>
   </div>
   <div class='ocr_carea' id='block_1_69' title="bbox 309 4088 1889 4158">
    <p class='ocr_par' dir='ltr' id='par_1_69' title="bbox 309 4088 1889 4158">
     <span class='ocr_line' id='line_1_69' title="bbox 309 4088 1889 4158; baseline 0.008 -18"><span class='ocrx_word' id='word_1_502' title='bbox 309 4089 397 4141; x_wconf 80' lang='lat' dir='ltr'><strong><em>vel</em></strong></span> <span class='ocrx_word' id='word_1_503' title='bbox 422 4088 767 4154; x_wconf 89' lang='lat' dir='ltr'><strong><em>indictiones,</em></strong></span> <span class='ocrx_word' id='word_1_504' title='bbox 794 4091 998 4158; x_wconf 88' lang='lat' dir='ltr'><strong><em>primus</em></strong></span> <span class='ocrx_word' id='word_1_505' title='bbox 1039 4092 1103 4145; x_wconf 90' lang='lat' dir='ltr'><strong><em>ab</em></strong></span> <span class='ocrx_word' id='word_1_506' title='bbox 1127 4092 1499 4151; x_wconf 85' lang='lat' dir='ltr'><strong><em>lncarnatione</em></strong></span> <span class='ocrx_word' id='word_1_507' title='bbox 1529 4097 1725 4152; x_wconf 89' lang='lat' dir='ltr'><strong><em>Christi</em></strong></span> <span class='ocrx_word' id='word_1_508' title='bbox 1752 4106 1889 4154; x_wconf 90' lang='lat' dir='ltr'><strong><em>tem-</em></strong></span> 
     </span>
    </p>
   </div>
   <div class='ocr_carea' id='block_1_70' title="bbox 308 4180 1891 4252">
    <p class='ocr_par' dir='ltr' id='par_1_70' title="bbox 308 4180 1891 4252">
     <span class='ocr_line' id='line_1_70' title="bbox 308 4180 1891 4252; baseline 0.008 -23"><span class='ocrx_word' id='word_1_509' title='bbox 308 4193 441 4247; x_wconf 88' lang='lat' dir='ltr'><strong><em>pora</em></strong></span> <span class='ocrx_word' id='word_1_510' title='bbox 481 4187 785 4246; x_wconf 69' lang='lat' dir='ltr'><strong><em>pnenotare</em></strong></span> <span class='ocrx_word' id='word_1_511' title='bbox 815 4180 998 4249; x_wconf 73' lang='lat' dir='ltr'><strong><em>cmpit,</em></strong></span> <span class='ocrx_word' id='word_1_512' title='bbox 1038 4192 1091 4235; x_wconf 90' lang='lat' dir='ltr'><strong><em>et</em></strong></span> <span class='ocrx_word' id='word_1_513' title='bbox 1131 4183 1337 4251; x_wconf 87' lang='lat' dir='ltr'><strong><em>cyclum</em></strong></span> <span class='ocrx_word' id='word_1_514' title='bbox 1368 4186 1671 4252; x_wconf 84' lang='lat' dir='ltr'><strong><em>paschalem</em></strong></span> <span class='ocrx_word' id='word_1_515' title='bbox 1702 4186 1770 4239; x_wconf 87' lang='lat'><strong><em>95</em></strong></span> <span class='ocrx_word' id='word_1_516' title='bbox 1796 4204 1891 4242; x_wconf 84' lang='lat' dir='ltr'><strong><em>an-</em></strong></span> 
     </span>
    </p>
   </div>
   <div class='ocr_carea' id='block_1_71' title="bbox 311 4266 1886 4343">
    <p class='ocr_par' dir='ltr' id='par_1_71' title="bbox 311 4266 1886 4343">
     <span class='ocr_line' id='line_1_71' title="bbox 311 4266 1886 4343; baseline 0.009 -24"><span class='ocrx_word' id='word_1_517' title='bbox 311 4282 503 4320; x_wconf 89' lang='lat' dir='ltr'><strong><em>norum</em></strong></span> <span class='ocrx_word' id='word_1_518' title='bbox 546 4266 854 4337; x_wconf 89' lang='lat' dir='ltr'><strong><em>descripsit,</em></strong></span> <span class='ocrx_word' id='word_1_519' title='bbox 897 4270 997 4324; x_wconf 89' lang='lat' dir='ltr'><strong><em>sub</em></strong></span> <span class='ocrx_word' id='word_1_520' title='bbox 1034 4273 1337 4340; x_wconf 88' lang='lat' dir='ltr'><strong><em>consulatu,</em></strong></span> <span class='ocrx_word' id='word_1_521' title='bbox 1371 4290 1477 4329; x_wconf 91' lang='lat' dir='ltr'><strong><em>non</em></strong></span> <span class='ocrx_word' id='word_1_522' title='bbox 1506 4276 1585 4331; x_wconf 90' lang='lat' dir='ltr'><strong><em>Fl.</em></strong></span> <span class='ocrx_word' id='word_1_523' title='bbox 1619 4276 1886 4343; x_wconf 81' lang='lat' dir='ltr'><strong><em>Mavortii,</em></strong></span> 
     </span>
    </p>
   </div>
   <div class='ocr_carea' id='block_1_72' title="bbox 309 4357 1888 4433">
    <p class='ocr_par' dir='ltr' id='par_1_72' title="bbox 309 4357 1888 4433">
     <span class='ocr_line' id='line_1_72' title="bbox 309 4357 1888 4433; baseline 0.01 -26"><span class='ocrx_word' id='word_1_524' title='bbox 309 4364 368 4407; x_wconf 87' lang='lat' dir='ltr'><strong><em>ut</em></strong></span> <span class='ocrx_word' id='word_1_525' title='bbox 395 4358 581 4410; x_wconf 83' lang='lat' dir='ltr'><strong><em>scribit</em></strong></span> <span class='ocrx_word' id='word_1_526' title='bbox 605 4357 872 4413; x_wconf 79' lang='lat' dir='ltr'><strong><em>Marianus</em></strong></span> <span class='ocrx_word' id='word_1_527' title='bbox 902 4360 1094 4415; x_wconf 89' lang='lat' dir='ltr'><strong><em>Scotus</em></strong></span> <span class='ocrx_word' id='word_1_528' title='bbox 1122 4362 1172 4414; x_wconf 88' lang='lat' dir='ltr'><strong><em>in</em></strong></span> <span class='ocrx_word' id='word_1_529' title='bbox 1202 4360 1470 4419; x_wconf 89' lang='lat' dir='ltr'><strong><em>Chronico</em></strong></span> <span class='ocrx_word' id='word_1_530' title='bbox 1493 4381 1617 4419; x_wconf 90' lang='lat' dir='ltr'><strong><em>ann.</em></strong></span> <span class='ocrx_word' id='word_1_531' title='bbox 1646 4365 1771 4433; x_wconf 74' lang='grc'>527,</span> <span class='ocrx_word' id='word_1_532' title='bbox 1793 4369 1888 4423; x_wconf 89' lang='lat' dir='ltr'><strong><em>sed</em></strong></span> 
     </span>
    </p>
   </div>
   <div class='ocr_carea' id='block_1_73' title="bbox 307 4443 1886 4522">
    <p class='ocr_par' dir='ltr' id='par_1_73' title="bbox 307 4443 1886 4522">
     <span class='ocr_line' id='line_1_73' title="bbox 307 4443 1886 4522; baseline 0.009 -26"><span class='ocrx_word' id='word_1_533' title='bbox 307 4443 386 4496; x_wconf 73' lang='grc' dir='ltr'><strong><em>ΡΙ.</em></strong></span> <span class='ocrx_word' id='word_1_534' title='bbox 420 4444 707 4499; x_wconf 77' lang='lat' dir='ltr'><strong><em>Philoxeni</em></strong></span> <span class='ocrx_word' id='word_1_535' title='bbox 736 4455 789 4500; x_wconf 91' lang='lat' dir='ltr'><strong><em>et</em></strong></span> <span class='ocrx_word' id='word_1_536' title='bbox 820 4446 991 4501; x_wconf 85' lang='lat' dir='ltr'><strong><em>Anicii</em></strong></span> <span class='ocrx_word' id='word_1_537' title='bbox 1023 4447 1183 4504; x_wconf 85' lang='lat' dir='ltr'><strong><em>Probi</em></strong></span> <span class='ocrx_word' id='word_1_538' title='bbox 1225 4450 1455 4519; x_wconf 85' lang='lat' dir='ltr'><strong><em>junioris</em></strong></span> <span class='ocrx_word' id='word_1_539' title='bbox 1490 4454 1785 4510; x_wconf 86' lang='lat' dir='ltr'><strong><em>indictione</em></strong></span> <span class='ocrx_word' id='word_1_540' title='bbox 1832 4457 1886 4522; x_wconf 80' lang='grc'><strong><em>5,</em></strong></span> 
     </span>
    </p>
   </div>
   <div class='ocr_carea' id='block_1_74' title="bbox 1995 3280 3567 3368">
    <p class='ocr_par' dir='ltr' id='par_1_74' title="bbox 1995 3280 3567 3368">
     <span class='ocr_line' id='line_1_74' title="bbox 1995 3280 3567 3368; baseline 0.013 -34"><span class='ocrx_word' id='word_1_541' title='bbox 1995 3296 2163 3361; x_wconf 77' lang='lat' dir='ltr'><strong><em>usque</em></strong></span> <span class='ocrx_word' id='word_1_542' title='bbox 2188 3280 2257 3335; x_wconf 89' lang='lat' dir='ltr'><strong><em>ad</em></strong></span> <span class='ocrx_word' id='word_1_543' title='bbox 2287 3283 2571 3339; x_wconf 89' lang='lat' dir='ltr'><strong><em>concilium</em></strong></span> <span class='ocrx_word' id='word_1_544' title='bbox 2601 3283 3248 3359; x_wconf 72' lang='lat' dir='ltr'><strong><em>Constantinopolitanum</em></strong></span> <span class='ocrx_word' id='word_1_545' title='bbox 3278 3311 3313 3350; x_wconf 89' lang='lat' dir='ltr'><strong><em>ll</em></strong></span> <span class='ocrx_word' id='word_1_546' title='bbox 3334 3312 3567 3368; x_wconf 65' lang='lat' dir='ltr'><strong><em>(acume-</em></strong></span> 
     </span>
    </p>
   </div>
   <div class='ocr_carea' id='block_1_75' title="bbox 1994 3372 3566 3459">
    <p class='ocr_par' dir='ltr' id='par_1_75' title="bbox 1994 3372 3566 3459">
     <span class='ocr_line' id='line_1_75' title="bbox 1994 3372 3566 3459; baseline 0.015 -35"><span class='ocrx_word' id='word_1_547' title='bbox 1994 3372 2200 3438; x_wconf 89' lang='lat' dir='ltr'><strong><em>nicum,</em></strong></span> <span class='ocrx_word' id='word_1_548' title='bbox 2230 3372 2329 3427; x_wconf 89' lang='lat' dir='ltr'><strong><em>sub</em></strong></span> <span class='ocrx_word' id='word_1_549' title='bbox 2357 3373 2474 3444; x_wconf 90' lang='lat' dir='ltr'><strong><em>ipso</em></strong></span> <span class='ocrx_word' id='word_1_550' title='bbox 2501 3375 2687 3431; x_wconf 90' lang='lat' dir='ltr'><strong><em>ordine</em></strong></span> <span class='ocrx_word' id='word_1_551' title='bbox 2728 3393 3094 3450; x_wconf 88' lang='lat' dir='ltr'><strong><em>numerorum,</em></strong></span> <span class='ocrx_word' id='word_1_552' title='bbox 3136 3384 3189 3441; x_wconf 91' lang='lat' dir='ltr'><strong><em>id</em></strong></span> <span class='ocrx_word' id='word_1_553' title='bbox 3228 3396 3311 3443; x_wconf 90' lang='lat' dir='ltr'><strong><em>est</em></strong></span> <span class='ocrx_word' id='word_1_554' title='bbox 3334 3403 3363 3443; x_wconf 90' lang='lat' dir='ltr'><strong><em>a</em></strong></span> <span class='ocrx_word' id='word_1_555' title='bbox 3393 3390 3566 3459; x_wconf 89' lang='lat' dir='ltr'><strong><em>primo</em></strong></span> 
     </span>
    </p>
   </div>
   <div class='ocr_carea' id='block_1_76' title="bbox 1993 3462 3564 3550">
    <p class='ocr_par' dir='ltr' id='par_1_76' title="bbox 1993 3462 3564 3550">
     <span class='ocr_line' id='line_1_76' title="bbox 1993 3462 3564 3550; baseline 0.014 -35"><span class='ocrx_word' id='word_1_556' title='bbox 1993 3462 2227 3532; x_wconf 88' lang='lat' dir='ltr'><strong><em>capitulo</em></strong></span> <span class='ocrx_word' id='word_1_557' title='bbox 2247 3478 2415 3533; x_wconf 91' lang='lat' dir='ltr'><strong><em>usque</em></strong></span> <span class='ocrx_word' id='word_1_558' title='bbox 2434 3464 2500 3519; x_wconf 90' lang='lat' dir='ltr'><strong><em>ad</em></strong></span> <span class='ocrx_word' id='word_1_559' title='bbox 2521 3468 2869 3524; x_wconf 91' lang='lat' dir='ltr'><strong><em>centesimum</em></strong></span> <span class='ocrx_word' id='word_1_560' title='bbox 2888 3475 3279 3542; x_wconf 78' lang='lat' dir='ltr'><strong><em>sexagesimum</em></strong></span> <span class='ocrx_word' id='word_1_561' title='bbox 3300 3481 3564 3550; x_wconf 88' lang='lat' dir='ltr'><strong><em>quintum,</em></strong></span> 
     </span>
    </p>
   </div>
   <div class='ocr_carea' id='block_1_77' title="bbox 1993 3553 3563 3637">
    <p class='ocr_par' dir='ltr' id='par_1_77' title="bbox 1993 3553 3563 3637">
     <span class='ocr_line' id='line_1_77' title="bbox 1993 3553 3563 3637; baseline 0.017 -33"><span class='ocrx_word' id='word_1_562' title='bbox 1993 3561 2290 3606; x_wconf 89' lang='lat' dir='ltr'><strong><em>enumerat.</em></strong></span> <span class='ocrx_word' id='word_1_563' title='bbox 2323 3553 2550 3619; x_wconf 79' lang='lat' dir='ltr'><strong><em>Quinam</em></strong></span> <span class='ocrx_word' id='word_1_564' title='bbox 2579 3566 2759 3613; x_wconf 89' lang='lat' dir='ltr'><strong><em>autem</em></strong></span> <span class='ocrx_word' id='word_1_565' title='bbox 2798 3559 2906 3615; x_wconf 85' lang='lat' dir='ltr'><strong><em>sint</em></strong></span> <span class='ocrx_word' id='word_1_566' title='bbox 2951 3561 3026 3617; x_wconf 88' lang='lat' dir='ltr'><strong><em>illi</em></strong></span> <span class='ocrx_word' id='word_1_567' title='bbox 3059 3564 3162 3619; x_wconf 89' lang='grc'><strong>165</strong></span> <span class='ocrx_word' id='word_1_568' title='bbox 3188 3582 3441 3637; x_wconf 88' lang='lat' dir='ltr'><strong><em>canones,</em></strong></span> <span class='ocrx_word' id='word_1_569' title='bbox 3485 3573 3563 3630; x_wconf 82' lang='lat' dir='ltr'><strong><em>fa-</em></strong></span> 
     </span>
    </p>
   </div>
   <div class='ocr_carea' id='block_1_78' title="bbox 1994 3640 3563 3720">
    <p class='ocr_par' dir='ltr' id='par_1_78' title="bbox 1994 3640 3563 3720">
     <span class='ocr_line' id='line_1_78' title="bbox 1994 3640 3563 3720; baseline 0.017 -27"><span class='ocrx_word' id='word_1_570' title='bbox 1994 3640 2097 3695; x_wconf 89' lang='lat' dir='ltr'><strong><em>cile</em></strong></span> <span class='ocrx_word' id='word_1_571' title='bbox 2123 3648 2301 3696; x_wconf 82' lang='lat' dir='ltr'><strong><em>estex</em></strong></span> <span class='ocrx_word' id='word_1_572' title='bbox 2339 3644 2690 3701; x_wconf 90' lang='lat' dir='ltr'><strong><em>conciliorum</em></strong></span> <span class='ocrx_word' id='word_1_573' title='bbox 2728 3648 2917 3706; x_wconf 87' lang='lat' dir='ltr'><strong><em>ordine</em></strong></span> <span class='ocrx_word' id='word_1_574' title='bbox 2959 3660 3015 3707; x_wconf 92' lang='lat' dir='ltr'><strong><em>et</em></strong></span> <span class='ocrx_word' id='word_1_575' title='bbox 3059 3669 3322 3713; x_wconf 88' lang='lat' dir='ltr'><strong><em>canonum</em></strong></span> <span class='ocrx_word' id='word_1_576' title='bbox 3370 3677 3563 3720; x_wconf 90' lang='lat' dir='ltr'><strong><em>conse-</em></strong></span> 
     </span>
    </p>
   </div>
   <div class='ocr_carea' id='block_1_79' title="bbox 1992 3731 3565 3818">
    <p class='ocr_par' dir='ltr' id='par_1_79' title="bbox 1992 3731 3565 3818">
     <span class='ocr_line' id='line_1_79' title="bbox 1992 3731 3565 3818; baseline 0.017 -36"><span class='ocrx_word' id='word_1_577' title='bbox 1992 3731 2231 3797; x_wconf 87' lang='lat' dir='ltr'><strong><em>quentia,</em></strong></span> <span class='ocrx_word' id='word_1_578' title='bbox 2262 3732 2455 3800; x_wconf 87' lang='lat' dir='ltr'><strong><em>quibus</em></strong></span> <span class='ocrx_word' id='word_1_579' title='bbox 2484 3736 2765 3791; x_wconf 89' lang='lat' dir='ltr'><strong><em>coustabat</em></strong></span> <span class='ocrx_word' id='word_1_580' title='bbox 2794 3741 3046 3810; x_wconf 87' lang='lat' dir='ltr'><strong><em>antiquus</em></strong></span> <span class='ocrx_word' id='word_1_581' title='bbox 3070 3744 3160 3800; x_wconf 89' lang='lat' dir='ltr'><strong><em>ille</em></strong></span> <span class='ocrx_word' id='word_1_582' title='bbox 3186 3748 3565 3818; x_wconf 82' lang='lat' dir='ltr'><strong><em>codex,cuivis</em></strong></span> 
     </span>
    </p>
   </div>
   <div class='ocr_carea' id='block_1_80' title="bbox 1993 3822 3563 3907">
    <p class='ocr_par' dir='ltr' id='par_1_80' title="bbox 1993 3822 3563 3907">
     <span class='ocr_line' id='line_1_80' title="bbox 1993 3822 3563 3907; baseline 0.015 -32"><span class='ocrx_word' id='word_1_583' title='bbox 1993 3822 2325 3893; x_wconf 80' lang='lat' dir='ltr'><strong><em>dignoscere.</em></strong></span> <span class='ocrx_word' id='word_1_584' title='bbox 2354 3824 2485 3879; x_wconf 83' lang='lat' dir='ltr'><strong><em>Nam</em></strong></span> <span class='ocrx_word' id='word_1_585' title='bbox 2515 3825 2582 3880; x_wconf 71' lang='lat'><strong><em>20</em></strong></span> <span class='ocrx_word' id='word_1_586' title='bbox 2610 3842 2844 3886; x_wconf 90' lang='lat' dir='ltr'><strong><em>canones</em></strong></span> <span class='ocrx_word' id='word_1_587' title='bbox 2874 3834 3087 3888; x_wconf 90' lang='lat' dir='ltr'><strong><em>concilii</em></strong></span> <span class='ocrx_word' id='word_1_588' title='bbox 3112 3836 3333 3907; x_wconf 77' lang='lat' dir='ltr'><strong><em>Nicami,</em></strong></span> <span class='ocrx_word' id='word_1_589' title='bbox 3364 3840 3432 3894; x_wconf 72' lang='grc'><strong><em>24</em></strong></span> <span class='ocrx_word' id='word_1_590' title='bbox 3454 3844 3563 3898; x_wconf 88' lang='lat' dir='ltr'><strong><em>An-</em></strong></span> 
     </span>
    </p>
   </div>
   <div class='ocr_carea' id='block_1_81' title="bbox 1993 3914 3562 3995">
    <p class='ocr_par' dir='ltr' id='par_1_81' title="bbox 1993 3914 3562 3995">
     <span class='ocr_line' id='line_1_81' title="bbox 1993 3914 3562 3995; baseline 0.014 -28"><span class='ocrx_word' id='word_1_591' title='bbox 1993 3916 2195 3983; x_wconf 90' lang='lat' dir='ltr'><strong><em>cyrani,</em></strong></span> <span class='ocrx_word' id='word_1_592' title='bbox 2230 3914 2295 3967; x_wconf 80' lang='lat' dir='ltr'><strong>M</strong></span> <span class='ocrx_word' id='word_1_593' title='bbox 2345 3916 2810 3987; x_wconf 72' lang='lat' dir='ltr'><strong><em>Neocazsariensis,</em></strong></span> <span class='ocrx_word' id='word_1_594' title='bbox 2853 3922 2923 3975; x_wconf 78' lang='grc'>20</span> <span class='ocrx_word' id='word_1_595' title='bbox 2964 3922 3305 3995; x_wconf 89' lang='lat' dir='ltr'><strong><em>Gangrensis,</em></strong></span> <span class='ocrx_word' id='word_1_596' title='bbox 3338 3931 3408 3985; x_wconf 74' lang='lat'><strong>25</strong></span> <span class='ocrx_word' id='word_1_597' title='bbox 3450 3935 3562 3990; x_wconf 85' lang='lat' dir='ltr'><strong><em>An-</em></strong></span> 
     </span>
    </p>
   </div>
   <div class='ocr_carea' id='block_1_82' title="bbox 1992 4004 3559 4091">
    <p class='ocr_par' dir='ltr' id='par_1_82' title="bbox 1992 4004 3559 4091">
     <span class='ocr_line' id='line_1_82' title="bbox 1992 4004 3559 4091; baseline 0.015 -35"><span class='ocrx_word' id='word_1_598' title='bbox 1992 4004 2252 4070; x_wconf 88' lang='lat' dir='ltr'><strong><em>tiocheni,</em></strong></span> <span class='ocrx_word' id='word_1_599' title='bbox 2294 4004 2365 4059; x_wconf 84' lang='lat'><strong><em>59</em></strong></span> <span class='ocrx_word' id='word_1_600' title='bbox 2406 4005 2709 4074; x_wconf 83' lang='lat' dir='ltr'><strong><em>Laudiceni,</em></strong></span> <span class='ocrx_word' id='word_1_601' title='bbox 2736 4008 2770 4062; x_wconf 83' lang='grc'><strong><em>5</em></strong></span> <span class='ocrx_word' id='word_1_602' title='bbox 2798 4008 3373 4086; x_wconf 86' lang='lat' dir='ltr'><strong><em>Constantinopolitani</em></strong></span> <span class='ocrx_word' id='word_1_603' title='bbox 3427 4042 3439 4076; x_wconf 92' lang='lat'>:</span> <span class='ocrx_word' id='word_1_604' title='bbox 3485 4026 3559 4091; x_wconf 93' lang='lat' dir='ltr'><strong><em>hi,</em></strong></span> 
     </span>
    </p>
   </div>
   <div class='ocr_carea' id='block_1_83' title="bbox 1994 4091 3563 4184">
    <p class='ocr_par' dir='ltr' id='par_1_83' title="bbox 1994 4091 3563 4184">
     <span class='ocr_line' id='line_1_83' title="bbox 1994 4091 3563 4184; baseline 0.017 -40"><span class='ocrx_word' id='word_1_605' title='bbox 1994 4091 2231 4161; x_wconf 89' lang='lat' dir='ltr'><strong><em>inquam,</em></strong></span> <span class='ocrx_word' id='word_1_606' title='bbox 2264 4093 2474 4150; x_wconf 89' lang='lat' dir='ltr'><strong><em>collecti</em></strong></span> <span class='ocrx_word' id='word_1_607' title='bbox 2506 4097 2710 4152; x_wconf 88' lang='lat' dir='ltr'><strong><em>numeri</em></strong></span> <span class='ocrx_word' id='word_1_608' title='bbox 2746 4108 2957 4155; x_wconf 90' lang='lat' dir='ltr'><strong><em>centum</em></strong></span> <span class='ocrx_word' id='word_1_609' title='bbox 2989 4113 3044 4158; x_wconf 87' lang='lat' dir='ltr'><strong><em>et</em></strong></span> <span class='ocrx_word' id='word_1_610' title='bbox 3088 4110 3362 4177; x_wconf 82' lang='lat' dir='ltr'><strong><em>sexaginta</em></strong></span> <span class='ocrx_word' id='word_1_611' title='bbox 3408 4116 3563 4184; x_wconf 88' lang='lat' dir='ltr'><strong><em>quin-</em></strong></span> 
     </span>
    </p>
   </div>
   <div class='ocr_carea' id='block_1_84' title="bbox 1992 4183 3562 4265">
    <p class='ocr_par' dir='ltr' id='par_1_84' title="bbox 1992 4183 3562 4265">
     <span class='ocr_line' id='line_1_84' title="bbox 1992 4183 3562 4265; baseline 0.018 -30"><span class='ocrx_word' id='word_1_612' title='bbox 1992 4199 2096 4253; x_wconf 90' lang='lat' dir='ltr'><strong><em>que</em></strong></span> <span class='ocrx_word' id='word_1_613' title='bbox 2121 4183 2378 4240; x_wconf 83' lang='lat' dir='ltr'><strong><em>et‘liciunt.</em></strong></span> <span class='ocrx_word' id='word_1_614' title='bbox 2412 4186 2491 4242; x_wconf 83' lang='lat' dir='ltr'><strong><em>Ex</em></strong></span> <span class='ocrx_word' id='word_1_615' title='bbox 2519 4190 2712 4257; x_wconf 89' lang='lat' dir='ltr'><strong><em>quibus</em></strong></span> <span class='ocrx_word' id='word_1_616' title='bbox 2753 4194 2913 4247; x_wconf 89' lang='lat' dir='ltr'><strong><em>etiam</em></strong></span> <span class='ocrx_word' id='word_1_617' title='bbox 2962 4200 3331 4264; x_wconf 82' lang='lat' dir='ltr'><strong><em>cognoscimus</em></strong></span> <span class='ocrx_word' id='word_1_618' title='bbox 3350 4183 3562 4265; x_wconf 83' lang='lat' dir='ltr'><strong><em>veteres</em></strong></span> 
     </span>
    </p>
   </div>
   <div class='ocr_carea' id='block_1_85' title="bbox 1993 4274 3560 4352">
    <p class='ocr_par' dir='ltr' id='par_1_85' title="bbox 1993 4274 3560 4352">
     <span class='ocr_line' id='line_1_85' title="bbox 1993 4274 3560 4352; baseline 0.017 -26"><span class='ocrx_word' id='word_1_619' title='bbox 1993 4274 2045 4326; x_wconf 92' lang='lat' dir='ltr'><strong><em>in</em></strong></span> <span class='ocrx_word' id='word_1_620' title='bbox 2074 4274 2475 4331; x_wconf 89' lang='lat' dir='ltr'><strong><em>dinumerandis</em></strong></span> <span class='ocrx_word' id='word_1_621' title='bbox 2515 4281 2864 4338; x_wconf 90' lang='lat' dir='ltr'><strong><em>conciliorum</em></strong></span> <span class='ocrx_word' id='word_1_622' title='bbox 2905 4287 3197 4344; x_wconf 87' lang='lat' dir='ltr'><strong><em>canonibus</em></strong></span> <span class='ocrx_word' id='word_1_623' title='bbox 3236 4307 3343 4347; x_wconf 89' lang='lat' dir='ltr'><strong><em>non</em></strong></span> <span class='ocrx_word' id='word_1_624' title='bbox 3372 4296 3560 4352; x_wconf 88' lang='lat' dir='ltr'><strong><em>eadem</em></strong></span> 
     </span>
    </p>
   </div>
   <div class='ocr_carea' id='block_1_86' title="bbox 1992 4366 3563 4442">
    <p class='ocr_par' dir='ltr' id='par_1_86' title="bbox 1992 4366 3563 4442">
     <span class='ocr_line' id='line_1_86' title="bbox 1992 4366 3563 4442; baseline 0.015 -24"><span class='ocrx_word' id='word_1_625' title='bbox 1992 4366 2202 4419; x_wconf 85' lang='lat' dir='ltr'><strong><em>ratione</em></strong></span> <span class='ocrx_word' id='word_1_626' title='bbox 2237 4382 2361 4421; x_wconf 90' lang='lat' dir='ltr'><strong><em>usos</em></strong></span> <span class='ocrx_word' id='word_1_627' title='bbox 2391 4366 2571 4424; x_wconf 84' lang='lat' dir='ltr'><strong><em>fuisse.</em></strong></span> <span class='ocrx_word' id='word_1_628' title='bbox 2621 4369 2751 4425; x_wconf 87' lang='lat' dir='ltr'><strong><em>Nam</em></strong></span> <span class='ocrx_word' id='word_1_629' title='bbox 2782 4387 2849 4427; x_wconf 85' lang='lat' dir='ltr'><strong><em>ex</em></strong></span> <span class='ocrx_word' id='word_1_630' title='bbox 2877 4376 3052 4432; x_wconf 87' lang='lat' dir='ltr'><strong><em>verbis</em></strong></span> <span class='ocrx_word' id='word_1_631' title='bbox 3081 4381 3293 4437; x_wconf 90' lang='lat' dir='ltr'><strong><em>concilii</em></strong></span> <span class='ocrx_word' id='word_1_632' title='bbox 3340 4383 3563 4442; x_wconf 88' lang='lat' dir='ltr'><strong><em>Chalce-</em></strong></span> 
     </span>
    </p>
   </div>
   <div class='ocr_carea' id='block_1_87' title="bbox 1992 4456 3563 4545">
    <p class='ocr_par' dir='ltr' id='par_1_87' title="bbox 1992 4456 3563 4545">
     <span class='ocr_line' id='line_1_87' title="bbox 1992 4456 3563 4545; baseline 0.015 -34"><span class='ocrx_word' id='word_1_633' title='bbox 1992 4456 2244 4512; x_wconf 84' lang='lat' dir='ltr'><strong><em>donensis</em></strong></span> <span class='ocrx_word' id='word_1_634' title='bbox 2268 4459 2537 4528; x_wconf 84' lang='lat' dir='ltr'><strong><em>colligitur</em></strong></span> <span class='ocrx_word' id='word_1_635' title='bbox 2564 4477 2799 4519; x_wconf 87' lang='lat' dir='ltr'><strong><em>canones</em></strong></span> <span class='ocrx_word' id='word_1_636' title='bbox 2845 4480 3006 4537; x_wconf 90' lang='lat' dir='ltr'><strong><em>supra</em></strong></span> <span class='ocrx_word' id='word_1_637' title='bbox 3037 4470 3228 4528; x_wconf 88' lang='lat' dir='ltr'><strong><em>citatos</em></strong></span> <span class='ocrx_word' id='word_1_638' title='bbox 3256 4474 3308 4539; x_wconf 90' lang='grc'>1,</span> <span class='ocrx_word' id='word_1_639' title='bbox 3332 4474 3386 4545; x_wconf 76' lang='grc'>4,</span> <span class='ocrx_word' id='word_1_640' title='bbox 3414 4477 3469 4543; x_wconf 92' lang='grc'><strong><em>5,</em></strong></span> <span class='ocrx_word' id='word_1_641' title='bbox 3495 4479 3563 4534; x_wconf 88' lang='grc'><strong><em>16</em></strong></span> 
     </span>
    </p>
   </div>
   <div class='ocr_carea' id='block_1_88' title="bbox 304 4536 3560 4639">
    <p class='ocr_par' dir='ltr' id='par_1_88' title="bbox 304 4536 3560 4639">
     <span class='ocr_line' id='line_1_88' title="bbox 304 4536 3560 4639; baseline 0.012 -50"><span class='ocrx_word' id='word_1_642' title='bbox 304 4536 411 4591; x_wconf 87' lang='lat' dir='ltr'><strong><em>hoc</em></strong></span> <span class='ocrx_word' id='word_1_643' title='bbox 439 4546 525 4591; x_wconf 89' lang='lat' dir='ltr'><strong><em>est</em></strong></span> <span class='ocrx_word' id='word_1_644' title='bbox 552 4554 697 4593; x_wconf 89' lang='lat' dir='ltr'><strong><em>anno</em></strong></span> <span class='ocrx_word' id='word_1_645' title='bbox 740 4536 938 4594; x_wconf 88' lang='lat' dir='ltr'><strong><em>Christi</em></strong></span> <span class='ocrx_word' id='word_1_646' title='bbox 970 4539 1094 4608; x_wconf 71' lang='lat'><strong>525,</strong></span> <span class='ocrx_word' id='word_1_647' title='bbox 1129 4550 1185 4594; x_wconf 91' lang='lat' dir='ltr'><strong><em>ut</em></strong></span> <span class='ocrx_word' id='word_1_648' title='bbox 1213 4543 1327 4611; x_wconf 90' lang='lat' dir='ltr'><strong><em>ipse</em></strong></span> <span class='ocrx_word' id='word_1_649' title='bbox 1356 4544 1637 4615; x_wconf 78' lang='lat' dir='ltr'><strong><em>Dionysius</em></strong></span> <span class='ocrx_word' id='word_1_650' title='bbox 1661 4554 1889 4601; x_wconf 87' lang='lat' dir='ltr'><strong><em>testatur</em></strong></span> <span class='ocrx_word' id='word_1_651' title='bbox 1916 4568 1964 4627; x_wconf 72' lang='grc' dir='ltr'>ο</span> <span class='ocrx_word' id='word_1_652' title='bbox 1992 4555 2046 4601; x_wconf 91' lang='lat' dir='ltr'><strong><em>et</em></strong></span> <span class='ocrx_word' id='word_1_653' title='bbox 2070 4548 2133 4600; x_wconf 91' lang='grc'>17</span> <span class='ocrx_word' id='word_1_654' title='bbox 2158 4551 2367 4604; x_wconf 87' lang='lat' dir='ltr'><strong><em>concilii</em></strong></span> <span class='ocrx_word' id='word_1_655' title='bbox 2395 4551 2729 4622; x_wconf 86' lang='lat' dir='ltr'><strong><em>Anliocheni,</em></strong></span> <span class='ocrx_word' id='word_1_656' title='bbox 2762 4557 2811 4611; x_wconf 90' lang='lat' dir='ltr'><strong><em>in</em></strong></span> <span class='ocrx_word' id='word_1_657' title='bbox 2836 4536 3002 4615; x_wconf 76' lang='lat' dir='ltr'><strong><em>veteri</em></strong></span> <span class='ocrx_word' id='word_1_658' title='bbox 3033 4561 3218 4621; x_wconf 59' lang='lat' dir='ltr'><strong><em>Graeco</em></strong></span> <span class='ocrx_word' id='word_1_659' title='bbox 3239 4536 3560 4639; x_wconf 32' lang='lat' dir='ltr'><strong><em>codice,&#39;80,</em></strong></span> 
     </span>
    </p>
   </div>
   <div class='ocr_carea' id='block_1_89' title="bbox 306 4627 1883 4706">
    <p class='ocr_par' dir='ltr' id='par_1_89' title="bbox 306 4627 1883 4706">
     <span class='ocr_line' id='line_1_89' title="bbox 306 4627 1883 4706; baseline 0.008 -27"><span class='ocrx_word' id='word_1_660' title='bbox 306 4628 360 4680; x_wconf 88' lang='lat' dir='ltr'><strong><em>in</em></strong></span> <span class='ocrx_word' id='word_1_661' title='bbox 392 4627 624 4695; x_wconf 86' lang='lat' dir='ltr'><strong><em>epistola</em></strong></span> <span class='ocrx_word' id='word_1_662' title='bbox 654 4629 890 4696; x_wconf 83' lang='lat' dir='ltr'><strong><em>paschali</em></strong></span> <span class='ocrx_word' id='word_1_663' title='bbox 918 4632 1085 4699; x_wconf 89' lang='lat' dir='ltr'><strong><em>prima</em></strong></span> <span class='ocrx_word' id='word_1_664' title='bbox 1117 4632 1183 4685; x_wconf 87' lang='lat' dir='ltr'><strong><em>ad</em></strong></span> <span class='ocrx_word' id='word_1_665' title='bbox 1212 4630 1519 4688; x_wconf 88' lang='lat' dir='ltr'><strong><em>Petronium</em></strong></span> <span class='ocrx_word' id='word_1_666' title='bbox 1551 4635 1883 4706; x_wconf 91' lang='lat' dir='ltr'><strong><em>episcopum,</em></strong></span> 
     </span>
    </p>
   </div>
   <div class='ocr_carea' id='block_1_90' title="bbox 304 4716 1890 4793">
    <p class='ocr_par' dir='ltr' id='par_1_90' title="bbox 304 4716 1890 4793">
     <span class='ocr_line' id='line_1_90' title="bbox 304 4716 1890 4793; baseline 0.007 -24"><span class='ocrx_word' id='word_1_667' title='bbox 304 4731 478 4784; x_wconf 86' lang='lat' dir='ltr'><strong><em>nuper</em></strong></span> <span class='ocrx_word' id='word_1_668' title='bbox 506 4733 535 4769; x_wconf 87' lang='lat' dir='ltr'><strong><em>a</em></strong></span> <span class='ocrx_word' id='word_1_669' title='bbox 563 4716 876 4772; x_wconf 89' lang='lat' dir='ltr'><strong><em>doctissimo</em></strong></span> <span class='ocrx_word' id='word_1_670' title='bbox 908 4718 1127 4775; x_wconf 88' lang='lat' dir='ltr'><strong><em>Petavio</em></strong></span> <span class='ocrx_word' id='word_1_671' title='bbox 1154 4737 1218 4775; x_wconf 85' lang='lat' dir='ltr'><strong><em>ex</em></strong></span> <span class='ocrx_word' id='word_1_672' title='bbox 1241 4724 1361 4778; x_wconf 93' lang='lat' dir='ltr'><strong><em>cod.</em></strong></span> <span class='ocrx_word' id='word_1_673' title='bbox 1389 4739 1488 4777; x_wconf 89' lang='lat' dir='ltr'><strong><em>ms.</em></strong></span> <span class='ocrx_word' id='word_1_674' title='bbox 1512 4725 1742 4793; x_wconf 91' lang='lat' dir='ltr'><strong><em>primum</em></strong></span> <span class='ocrx_word' id='word_1_675' title='bbox 1772 4725 1890 4780; x_wconf 87' lang='lat' dir='ltr'><strong><em>edi-</em></strong></span> 
     </span>
    </p>
   </div>
   <div class='ocr_carea' id='block_1_91' title="bbox 306 4808 1888 4887">
    <p class='ocr_par' dir='ltr' id='par_1_91' title="bbox 306 4808 1888 4887">
     <span class='ocr_line' id='line_1_91' title="bbox 306 4808 1888 4887; baseline 0.009 -30"><span class='ocrx_word' id='word_1_676' title='bbox 306 4818 362 4858; x_wconf 81' lang='lat' dir='ltr'><strong><em>ta</em></strong></span> <span class='ocrx_word' id='word_1_677' title='bbox 394 4825 405 4857; x_wconf 91' lang='lat'>:</span> <span class='ocrx_word' id='word_1_678' title='bbox 434 4808 487 4861; x_wconf 90' lang='lat' dir='ltr'><strong><em>in</em></strong></span> <span class='ocrx_word' id='word_1_679' title='bbox 517 4822 625 4876; x_wconf 88' lang='lat' dir='ltr'><strong><em>qua</em></strong></span> <span class='ocrx_word' id='word_1_680' title='bbox 654 4810 816 4862; x_wconf 88' lang='lat' dir='ltr'><strong><em>etiam</em></strong></span> <span class='ocrx_word' id='word_1_681' title='bbox 845 4826 912 4863; x_wconf 83' lang='lat' dir='ltr'><strong><em>cx</em></strong></span> <span class='ocrx_word' id='word_1_682' title='bbox 934 4812 1098 4865; x_wconf 89' lang='lat' dir='ltr'><strong><em>sacris</em></strong></span> <span class='ocrx_word' id='word_1_683' title='bbox 1121 4814 1435 4882; x_wconf 89' lang='lat' dir='ltr'><strong><em>canonibus,</em></strong></span> <span class='ocrx_word' id='word_1_684' title='bbox 1460 4816 1562 4870; x_wconf 91' lang='lat' dir='ltr'><strong><em>hoc</em></strong></span> <span class='ocrx_word' id='word_1_685' title='bbox 1584 4824 1664 4870; x_wconf 88' lang='lat' dir='ltr'><strong><em>est</em></strong></span> <span class='ocrx_word' id='word_1_686' title='bbox 1685 4832 1753 4871; x_wconf 80' lang='lat' dir='ltr'><strong><em>ex</em></strong></span> <span class='ocrx_word' id='word_1_687' title='bbox 1772 4817 1888 4887; x_wconf 90' lang='lat' dir='ltr'><strong><em>ipso</em></strong></span> 
     </span>
    </p>
   </div>
   <div class='ocr_carea' id='block_1_92' title="bbox 305 4898 1886 4974">
    <p class='ocr_par' dir='ltr' id='par_1_92' title="bbox 305 4898 1886 4974">
     <span class='ocr_line' id='line_1_92' title="bbox 305 4898 1886 4974; baseline 0.009 -28"><span class='ocrx_word' id='word_1_688' title='bbox 305 4899 474 4951; x_wconf 74' lang='lat' dir='ltr'><strong><em>reteri</em></strong></span> <span class='ocrx_word' id='word_1_689' title='bbox 501 4898 702 4952; x_wconf 90' lang='lat' dir='ltr'><strong><em>Codice</em></strong></span> <span class='ocrx_word' id='word_1_690' title='bbox 722 4899 998 4954; x_wconf 87' lang='lat' dir='ltr'><strong><em>Canomnn</em></strong></span> <span class='ocrx_word' id='word_1_691' title='bbox 1023 4918 1180 4971; x_wconf 88' lang='lat' dir='ltr'><strong><em>quem</em></strong></span> <span class='ocrx_word' id='word_1_692' title='bbox 1214 4920 1354 4958; x_wconf 92' lang='lat' dir='ltr'><strong><em>nunc</em></strong></span> <span class='ocrx_word' id='word_1_693' title='bbox 1383 4904 1607 4969; x_wconf 84' lang='lat' dir='ltr'><strong><em>odimus,</em></strong></span> <span class='ocrx_word' id='word_1_694' title='bbox 1634 4916 1794 4974; x_wconf 88' lang='lat' dir='ltr'><strong><em>atque</em></strong></span> <span class='ocrx_word' id='word_1_695' title='bbox 1822 4922 1886 4961; x_wconf 84' lang='lat' dir='ltr'><strong><em>ex</em></strong></span> 
     </span>
    </p>
   </div>
   <div class='ocr_carea' id='block_1_93' title="bbox 302 4989 1889 5064">
    <p class='ocr_par' dir='ltr' id='par_1_93' title="bbox 302 4989 1889 5064">
     <span class='ocr_line' id='line_1_93' title="bbox 302 4989 1889 5064; baseline 0.004 -23"><span class='ocrx_word' id='word_1_696' title='bbox 302 5002 400 5041; x_wconf 81' lang='lat' dir='ltr'><strong><em>sua</em></strong></span> <span class='ocrx_word' id='word_1_697' title='bbox 430 4989 901 5056; x_wconf 85' lang='lat' dir='ltr'><strong><em>interpretatione,</em></strong></span> <span class='ocrx_word' id='word_1_698' title='bbox 929 4991 1061 5044; x_wconf 86' lang='lat' dir='ltr'><strong><em>citat</em></strong></span> <span class='ocrx_word' id='word_1_699' title='bbox 1105 5007 1365 5047; x_wconf 89' lang='lat' dir='ltr'><strong><em>canonem</em></strong></span> <span class='ocrx_word' id='word_1_700' title='bbox 1411 4992 1495 5060; x_wconf 87' lang='grc'><strong><em>79,</em></strong></span> <span class='ocrx_word' id='word_1_701' title='bbox 1546 4995 1636 5061; x_wconf 92' lang='lat' dir='ltr'><strong><em>qui</em></strong></span> <span class='ocrx_word' id='word_1_702' title='bbox 1686 4995 1889 5064; x_wconf 90' lang='lat' dir='ltr'><strong><em>primus</em></strong></span> 
     </span>
    </p>
   </div>
   <div class='ocr_carea' id='block_1_94' title="bbox 304 5078 1884 5153">
    <p class='ocr_par' dir='ltr' id='par_1_94' title="bbox 304 5078 1884 5153">
     <span class='ocr_line' id='line_1_94' title="bbox 304 5078 1884 5153; baseline 0.007 -26"><span class='ocrx_word' id='word_1_703' title='bbox 304 5078 871 5143; x_wconf 66' lang='lat' dir='ltr'><strong><em>AntioclieiiLconcilii</em></strong></span> <span class='ocrx_word' id='word_1_704' title='bbox 904 5095 1022 5134; x_wconf 90' lang='lat' dir='ltr'><strong><em>esse</em></strong></span> <span class='ocrx_word' id='word_1_705' title='bbox 1050 5082 1330 5149; x_wconf 86' lang='lat' dir='ltr'><strong><em>reperitur.</em></strong></span> <span class='ocrx_word' id='word_1_706' title='bbox 1365 5080 1441 5137; x_wconf 77' lang='lat' dir='ltr'><strong><em>Ex</em></strong></span> <span class='ocrx_word' id='word_1_707' title='bbox 1472 5085 1665 5153; x_wconf 88' lang='lat' dir='ltr'><strong><em>quibus</em></strong></span> <span class='ocrx_word' id='word_1_708' title='bbox 1693 5082 1884 5139; x_wconf 81' lang='lat' dir='ltr'><strong><em>conﬁr-</em></strong></span> 
     </span>
    </p>
   </div>
   <div class='ocr_carea' id='block_1_95' title="bbox 298 5166 1878 5241">
    <p class='ocr_par' dir='ltr' id='par_1_95' title="bbox 298 5166 1878 5241">
     <span class='ocr_line' id='line_1_95' title="bbox 298 5166 1878 5241; baseline 0.011 -28"><span class='ocrx_word' id='word_1_709' title='bbox 298 5174 481 5217; x_wconf 76' lang='lat' dir='ltr'><strong><em>matur</em></strong></span> <span class='ocrx_word' id='word_1_710' title='bbox 511 5166 647 5219; x_wconf 91' lang='lat' dir='ltr'><strong><em>ordo</em></strong></span> <span class='ocrx_word' id='word_1_711' title='bbox 696 5175 749 5220; x_wconf 90' lang='lat' dir='ltr'><strong><em>et</em></strong></span> <span class='ocrx_word' id='word_1_712' title='bbox 792 5184 1046 5224; x_wconf 89' lang='lat' dir='ltr'><strong><em>numerus</em></strong></span> <span class='ocrx_word' id='word_1_713' title='bbox 1081 5186 1349 5225; x_wconf 91' lang='lat' dir='ltr'><strong><em>canonum</em></strong></span> <span class='ocrx_word' id='word_1_714' title='bbox 1393 5173 1444 5226; x_wconf 92' lang='lat' dir='ltr'><strong><em>in</em></strong></span> <span class='ocrx_word' id='word_1_715' title='bbox 1496 5173 1586 5227; x_wconf 93' lang='lat' dir='ltr'><strong><em>illo</em></strong></span> <span class='ocrx_word' id='word_1_716' title='bbox 1615 5186 1878 5241; x_wconf 90' lang='lat' dir='ltr'><strong><em>servatus,</em></strong></span> 
     </span>
    </p>
   </div>
   <div class='ocr_carea' id='block_1_96' title="bbox 301 5257 1883 5329">
    <p class='ocr_par' dir='ltr' id='par_1_96' title="bbox 301 5257 1883 5329">
     <span class='ocr_line' id='line_1_96' title="bbox 301 5257 1883 5329; baseline 0.009 -23"><span class='ocrx_word' id='word_1_717' title='bbox 301 5263 464 5321; x_wconf 79' lang='lat' dir='ltr'><strong><em>atque</em></strong></span> <span class='ocrx_word' id='word_1_718' title='bbox 493 5262 559 5309; x_wconf 77' lang='lat' dir='ltr'><strong><em>ex</em></strong></span> <span class='ocrx_word' id='word_1_719' title='bbox 598 5257 662 5310; x_wconf 88' lang='lat' dir='ltr'><strong><em>iis</em></strong></span> <span class='ocrx_word' id='word_1_720' title='bbox 685 5259 864 5327; x_wconf 81' lang='lat' dir='ltr'><strong><em>colligi</em></strong></span> <span class='ocrx_word' id='word_1_721' title='bbox 894 5269 1073 5329; x_wconf 89' lang='lat' dir='ltr'><strong><em>potest</em></strong></span> <span class='ocrx_word' id='word_1_722' title='bbox 1101 5277 1338 5317; x_wconf 86' lang='lat' dir='ltr'><strong><em>canones</em></strong></span> <span class='ocrx_word' id='word_1_723' title='bbox 1370 5264 1532 5318; x_wconf 88' lang='lat' dir='ltr'><strong><em>hosce</em></strong></span> <span class='ocrx_word' id='word_1_724' title='bbox 1554 5265 1883 5320; x_wconf 89' lang='lat' dir='ltr'><strong><em>ecclesiasti-</em></strong></span> 
     </span>
    </p>
   </div>
   <div class='ocr_carea' id='block_1_97' title="bbox 300 5346 1882 5424">
    <p class='ocr_par' dir='ltr' id='par_1_97' title="bbox 300 5346 1882 5424">
     <span class='ocr_line' id='line_1_97' title="bbox 300 5346 1882 5424; baseline 0.007 -27"><span class='ocrx_word' id='word_1_725' title='bbox 300 5360 397 5398; x_wconf 82' lang='lat' dir='ltr'><strong><em>cos</em></strong></span> <span class='ocrx_word' id='word_1_726' title='bbox 440 5346 552 5412; x_wconf 85' lang='lat' dir='ltr'><strong><em>jam</em></strong></span> <span class='ocrx_word' id='word_1_727' title='bbox 582 5356 707 5401; x_wconf 83' lang='lat' dir='ltr'><strong><em>ante</em></strong></span> <span class='ocrx_word' id='word_1_728' title='bbox 764 5364 830 5403; x_wconf 81' lang='lat' dir='ltr'><strong><em>ex</em></strong></span> <span class='ocrx_word' id='word_1_729' title='bbox 878 5348 1079 5405; x_wconf 71' lang='lat' dir='ltr'><strong><em>Grtecis</em></strong></span> <span class='ocrx_word' id='word_1_730' title='bbox 1135 5352 1530 5421; x_wconf 77' lang='lat' dir='ltr'><strong><em>exemplaribus</em></strong></span> <span class='ocrx_word' id='word_1_731' title='bbox 1576 5352 1882 5424; x_wconf 80' lang='lat' dir='ltr'><strong><em>Dionysium</em></strong></span> 
     </span>
    </p>
   </div>
   <div class='ocr_carea' id='block_1_98' title="bbox 302 5435 1882 5515">
    <p class='ocr_par' dir='ltr' id='par_1_98' title="bbox 302 5435 1882 5515">
     <span class='ocr_line' id='line_1_98' title="bbox 302 5435 1882 5515; baseline 0.009 -29"><span class='ocrx_word' id='word_1_732' title='bbox 302 5435 663 5491; x_wconf 86' lang='lat' dir='ltr'><strong><em>transtulisse.</em></strong></span> <span class='ocrx_word' id='word_1_733' title='bbox 697 5436 830 5502; x_wconf 84' lang='lat' dir='ltr'><strong><em>Quis</em></strong></span> <span class='ocrx_word' id='word_1_734' title='bbox 859 5448 1037 5494; x_wconf 87' lang='lat' dir='ltr'><strong><em>autem</em></strong></span> <span class='ocrx_word' id='word_1_735' title='bbox 1061 5441 1221 5495; x_wconf 79' lang='lat' dir='ltr'><strong><em>fuerit</em></strong></span> <span class='ocrx_word' id='word_1_736' title='bbox 1243 5439 1441 5515; x_wconf 66' lang='lat' dir='ltr'><strong><em>Graecae</em></strong></span> <span class='ocrx_word' id='word_1_737' title='bbox 1482 5445 1621 5498; x_wconf 89' lang='lat' dir='ltr'><strong><em>illius</em></strong></span> <span class='ocrx_word' id='word_1_738' title='bbox 1649 5446 1882 5515; x_wconf 72' lang='lat' dir='ltr'><strong><em>antiqutc</em></strong></span> 
     </span>
    </p>
   </div>
   <div class='ocr_carea' id='block_1_99' title="bbox 300 5512 1881 5605">
    <p class='ocr_par' dir='ltr' id='par_1_99' title="bbox 300 5512 1881 5605">
     <span class='ocr_line' id='line_1_99' title="bbox 300 5512 1881 5605; baseline 0.007 -24"><span class='ocrx_word' id='word_1_739' title='bbox 300 5528 640 5582; x_wconf 83' lang='lat' dir='ltr'><strong><em>collectionis</em></strong></span> <span class='ocrx_word' id='word_1_740' title='bbox 667 5543 934 5584; x_wconf 89' lang='lat' dir='ltr'><strong><em>canonum</em></strong></span> <span class='ocrx_word' id='word_1_741' title='bbox 963 5540 1170 5597; x_wconf 90' lang='lat' dir='ltr'><strong><em>auctor,</em></strong></span> <span class='ocrx_word' id='word_1_742' title='bbox 1194 5550 1312 5604; x_wconf 68' lang='lat' dir='ltr'><strong><em>quae</em></strong></span> <span class='ocrx_word' id='word_1_743' title='bbox 1333 5551 1363 5589; x_wconf 93' lang='lat' dir='ltr'><strong><em>a</em></strong></span> <span class='ocrx_word' id='word_1_744' title='bbox 1390 5512 1603 5592; x_wconf 57' lang='grc' dir='ltr'><strong><em>ἃὶαεηο</em></strong></span> <span class='ocrx_word' id='word_1_745' title='bbox 1626 5552 1793 5605; x_wconf 90' lang='lat' dir='ltr'><strong><em>usque</em></strong></span> <span class='ocrx_word' id='word_1_746' title='bbox 1814 5539 1881 5592; x_wconf 86' lang='lat' dir='ltr'><strong><em>ad</em></strong></span> 
     </span>
    </p>
   </div>
   <div class='ocr_carea' id='block_1_100' title="bbox 300 5619 1880 5699">
    <p class='ocr_par' dir='ltr' id='par_1_100' title="bbox 300 5619 1880 5699">
     <span class='ocr_line' id='line_1_100' title="bbox 300 5619 1880 5699; baseline 0.009 -26"><span class='ocrx_word' id='word_1_747' title='bbox 300 5619 958 5690; x_wconf 86' lang='lat' dir='ltr'><strong><em>Constantiuopolitanum</em></strong></span> <span class='ocrx_word' id='word_1_748' title='bbox 990 5628 1275 5681; x_wconf 70' lang='lat' dir='ltr'><strong><em>concilium</em></strong></span> <span class='ocrx_word' id='word_1_749' title='bbox 1323 5631 1682 5699; x_wconf 89' lang='lat' dir='ltr'><strong><em>protenditur,</em></strong></span> <span class='ocrx_word' id='word_1_750' title='bbox 1728 5631 1880 5699; x_wconf 86' lang='lat' dir='ltr'><strong><em>cujus</em></strong></span> 
     </span>
    </p>
   </div>
   <div class='ocr_carea' id='block_1_101' title="bbox 302 5714 1874 5793">
    <p class='ocr_par' dir='ltr' id='par_1_101' title="bbox 302 5714 1874 5793">
     <span class='ocr_line' id='line_1_101' title="bbox 302 5714 1874 5793; baseline 0.006 -25"><span class='ocrx_word' id='word_1_751' title='bbox 302 5714 719 5768; x_wconf 67' lang='lat' dir='ltr'><strong><em>translationem</em></strong></span> <span class='ocrx_word' id='word_1_752' title='bbox 773 5717 1009 5783; x_wconf 72' lang='lat' dir='ltr'><strong><em>suscepit</em></strong></span> <span class='ocrx_word' id='word_1_753' title='bbox 1077 5731 1169 5785; x_wconf 89' lang='lat' dir='ltr'><strong><em>pse</em></strong></span> <span class='ocrx_word' id='word_1_754' title='bbox 1212 5718 1521 5793; x_wconf 84' lang='lat' dir='ltr'><strong><em>Dionysius,</em></strong></span> <span class='ocrx_word' id='word_1_755' title='bbox 1577 5722 1874 5793; x_wconf 71' lang='lat' dir='ltr'><strong><em>ignoratur.</em></strong></span> 
     </span>
    </p>
   </div>
   <div class='ocr_carea' id='block_1_102' title="bbox 629 5805 1199 5872">
    <p class='ocr_par' dir='ltr' id='par_1_102' title="bbox 629 5805 1199 5872">
     <span class='ocr_line' id='line_1_102' title="bbox 629 5805 1199 5872; baseline 0.012 -8"><span class='ocrx_word' id='word_1_756' title='bbox 629 5806 877 5865; x_wconf 69' lang='lat' dir='ltr'><strong><em>Pauor.</em></strong></span> <span class='ocrx_word' id='word_1_757' title='bbox 947 5805 1199 5872; x_wconf 77' lang='lat' dir='ltr'><strong><em>LXVII.</em></strong></span> 
     </span>
    </p>
   </div>
   <div class='ocr_carea' id='block_1_103' title="bbox 1989 4636 3561 4731">
    <p class='ocr_par' dir='ltr' id='par_1_103' title="bbox 1989 4636 3561 4731">
     <span class='ocr_line' id='line_1_103' title="bbox 1989 4636 3561 4731; baseline 0.019 -43"><span class='ocrx_word' id='word_1_758' title='bbox 1989 4636 2079 4731; x_wconf 67' lang='grc'><strong><em>95,</em></strong></span> <span class='ocrx_word' id='word_1_759' title='bbox 2221 4638 2290 4692; x_wconf 92' lang='grc'><strong><em>95</em></strong></span> <span class='ocrx_word' id='word_1_760' title='bbox 2313 4649 2369 4695; x_wconf 92' lang='lat' dir='ltr'><strong><em>et</em></strong></span> <span class='ocrx_word' id='word_1_761' title='bbox 2392 4641 2458 4695; x_wconf 88' lang='lat'><strong>96</strong></span> <span class='ocrx_word' id='word_1_762' title='bbox 2487 4642 2667 4710; x_wconf 81' lang='lat' dir='ltr'><strong><em>fuisse,</em></strong></span> <span class='ocrx_word' id='word_1_763' title='bbox 2699 4647 2790 4716; x_wconf 90' lang='lat' dir='ltr'><strong><em>qui</em></strong></span> <span class='ocrx_word' id='word_1_764' title='bbox 2816 4649 2867 4703; x_wconf 92' lang='lat' dir='ltr'><strong><em>in</em></strong></span> <span class='ocrx_word' id='word_1_765' title='bbox 2892 4648 3082 4708; x_wconf 89' lang='lat' dir='ltr'><strong><em>Latino</em></strong></span> <span class='ocrx_word' id='word_1_766' title='bbox 3110 4654 3347 4727; x_wconf 86' lang='lat' dir='ltr'><strong><em>Dionysii</em></strong></span> <span class='ocrx_word' id='word_1_767' title='bbox 3373 4636 3561 4731; x_wconf 78' lang='lat' dir='ltr'><strong><em>Exigui</em></strong></span> 
     </span>
    </p>
   </div>
   <div class='ocr_carea' id='block_1_104' title="bbox 1994 4728 3561 4809">
    <p class='ocr_par' dir='ltr' id='par_1_104' title="bbox 1994 4728 3561 4809">
     <span class='ocr_line' id='line_1_104' title="bbox 1994 4728 3561 4809; baseline 0.019 -29"><span class='ocrx_word' id='word_1_768' title='bbox 1994 4728 2076 4795; x_wconf 88' lang='lat'><strong>79,</strong></span> <span class='ocrx_word' id='word_1_769' title='bbox 2102 4730 2188 4795; x_wconf 72' lang='grc'><strong><em>8-1,</em></strong></span> <span class='ocrx_word' id='word_1_770' title='bbox 2232 4732 2321 4799; x_wconf 86' lang='grc'><strong><em>85,</em></strong></span> <span class='ocrx_word' id='word_1_771' title='bbox 2353 4734 2419 4787; x_wconf 89' lang='grc'>96</span> <span class='ocrx_word' id='word_1_772' title='bbox 2447 4743 2502 4789; x_wconf 87' lang='lat' dir='ltr'><strong><em>et</em></strong></span> <span class='ocrx_word' id='word_1_773' title='bbox 2530 4734 2597 4788; x_wconf 91' lang='lat'><strong><em>97</em></strong></span> <span class='ocrx_word' id='word_1_774' title='bbox 2618 4752 2736 4793; x_wconf 89' lang='lat' dir='ltr'><strong><em>esse</em></strong></span> <span class='ocrx_word' id='word_1_775' title='bbox 2763 4741 3117 4809; x_wconf 87' lang='lat' dir='ltr'><strong><em>reperiuntur.</em></strong></span> <span class='ocrx_word' id='word_1_776' title='bbox 3144 4745 3249 4801; x_wconf 90' lang='lat' dir='ltr'><strong><em>Sed</em></strong></span> <span class='ocrx_word' id='word_1_777' title='bbox 3273 4749 3387 4806; x_wconf 65' lang='lat' dir='ltr'><strong><em>haec</em></strong></span> <span class='ocrx_word' id='word_1_778' title='bbox 3406 4728 3561 4808; x_wconf 78' lang='lat' dir='ltr'><strong><em>dill‘e-</em></strong></span> 
     </span>
    </p>
   </div>
   <div class='ocr_carea' id='block_1_105' title="bbox 1991 4821 3561 4905">
    <p class='ocr_par' dir='ltr' id='par_1_105' title="bbox 1991 4821 3561 4905">
     <span class='ocr_line' id='line_1_105' title="bbox 1991 4821 3561 4905; baseline 0.017 -33"><span class='ocrx_word' id='word_1_779' title='bbox 1991 4821 2163 4874; x_wconf 89' lang='lat' dir='ltr'><strong><em>rentia</em></strong></span> <span class='ocrx_word' id='word_1_780' title='bbox 2190 4837 2258 4877; x_wconf 84' lang='lat' dir='ltr'><strong><em>ex</em></strong></span> <span class='ocrx_word' id='word_1_781' title='bbox 2288 4837 2353 4878; x_wconf 88' lang='lat' dir='ltr'><strong><em>eo</em></strong></span> <span class='ocrx_word' id='word_1_782' title='bbox 2383 4833 2509 4879; x_wconf 87' lang='lat' dir='ltr'><strong><em>nata</em></strong></span> <span class='ocrx_word' id='word_1_783' title='bbox 2537 4826 2747 4881; x_wconf 89' lang='lat' dir='ltr'><strong><em>videtur</em></strong></span> <span class='ocrx_word' id='word_1_784' title='bbox 2761 4830 2904 4897; x_wconf 90' lang='lat' dir='ltr'><strong><em>quod</em></strong></span> <span class='ocrx_word' id='word_1_785' title='bbox 2918 4831 3254 4905; x_wconf 84' lang='lat' dir='ltr'><strong><em>Ancyranum</em></strong></span> <span class='ocrx_word' id='word_1_786' title='bbox 3277 4842 3561 4898; x_wconf 91' lang='lat' dir='ltr'><strong><em>concilium</em></strong></span> 
     </span>
    </p>
   </div>
   <div class='ocr_carea' id='block_1_106' title="bbox 1993 4908 3558 5001">
    <p class='ocr_par' dir='ltr' id='par_1_106' title="bbox 1993 4908 3558 5001">
     <span class='ocr_line' id='line_1_106' title="bbox 1993 4908 3558 5001; baseline 0.015 -38"><span class='ocrx_word' id='word_1_787' title='bbox 1993 4911 2044 4963; x_wconf 90' lang='lat' dir='ltr'><strong><em>in</em></strong></span> <span class='ocrx_word' id='word_1_788' title='bbox 2066 4908 2251 4967; x_wconf 57' lang='lat' dir='ltr'><strong><em>Graeco</em></strong></span> <span class='ocrx_word' id='word_1_789' title='bbox 2281 4914 2467 4970; x_wconf 91' lang='lat' dir='ltr'><strong><em>codice</em></strong></span> <span class='ocrx_word' id='word_1_790' title='bbox 2516 4916 2701 4983; x_wconf 84' lang='lat' dir='ltr'><strong><em>viginti</em></strong></span> <span class='ocrx_word' id='word_1_791' title='bbox 2737 4920 2970 4988; x_wconf 91' lang='lat' dir='ltr'><strong><em>quinque</em></strong></span> <span class='ocrx_word' id='word_1_792' title='bbox 2998 4926 3291 4982; x_wconf 88' lang='lat' dir='ltr'><strong><em>canonibus</em></strong></span> <span class='ocrx_word' id='word_1_793' title='bbox 3329 4940 3558 5001; x_wconf 88' lang='lat' dir='ltr'><strong><em>constat,</em></strong></span> 
     </span>
    </p>
   </div>
   <div class='ocr_carea' id='block_1_107' title="bbox 1993 4998 3559 5091">
    <p class='ocr_par' dir='ltr' id='par_1_107' title="bbox 1993 4998 3559 5091">
     <span class='ocr_line' id='line_1_107' title="bbox 1993 4998 3559 5091; baseline 0.016 -40"><span class='ocrx_word' id='word_1_794' title='bbox 1993 5007 2046 5051; x_wconf 89' lang='lat' dir='ltr'><strong><em>et</em></strong></span> <span class='ocrx_word' id='word_1_795' title='bbox 2070 4998 2496 5057; x_wconf 70' lang='lat' dir='ltr'><strong><em>Neocazsariense</em></strong></span> <span class='ocrx_word' id='word_1_796' title='bbox 2524 5005 2830 5073; x_wconf 90' lang='lat' dir='ltr'><strong><em>quindecim</em></strong></span> <span class='ocrx_word' id='word_1_797' title='bbox 2857 5026 2869 5059; x_wconf 74' lang='grc' dir='ltr'><strong><em>ι</em></strong></span> <span class='ocrx_word' id='word_1_798' title='bbox 2900 5008 2951 5062; x_wconf 91' lang='lat' dir='ltr'><strong><em>in</em></strong></span> <span class='ocrx_word' id='word_1_799' title='bbox 2975 5009 3160 5067; x_wconf 87' lang='lat' dir='ltr'><strong><em>Latina</em></strong></span> <span class='ocrx_word' id='word_1_800' title='bbox 3172 5029 3299 5071; x_wconf 88' lang='lat' dir='ltr'><strong><em>vero</em></strong></span> <span class='ocrx_word' id='word_1_801' title='bbox 3324 4998 3559 5091; x_wconf 87' lang='lat' dir='ltr'><strong><em>Dionysii</em></strong></span> 
     </span>
    </p>
   </div>
   <div class='ocr_carea' id='block_1_108' title="bbox 1993 5090 3555 5169">
    <p class='ocr_par' dir='ltr' id='par_1_108' title="bbox 1993 5090 3555 5169">
     <span class='ocr_line' id='line_1_108' title="bbox 1993 5090 3555 5169; baseline 0.014 -27"><span class='ocrx_word' id='word_1_802' title='bbox 1993 5090 2310 5146; x_wconf 90' lang='lat' dir='ltr'><strong><em>collectione</em></strong></span> <span class='ocrx_word' id='word_1_803' title='bbox 2342 5095 2744 5162; x_wconf 86' lang='lat' dir='ltr'><strong><em>quatuordecim</em></strong></span> <span class='ocrx_word' id='word_1_804' title='bbox 2774 5105 2828 5150; x_wconf 89' lang='lat' dir='ltr'><strong><em>et</em></strong></span> <span class='ocrx_word' id='word_1_805' title='bbox 2850 5098 3029 5165; x_wconf 79' lang='lat' dir='ltr'><strong><em>viginti</em></strong></span> <span class='ocrx_word' id='word_1_806' title='bbox 3055 5110 3284 5169; x_wconf 89' lang='lat' dir='ltr'><strong><em>quatuor</em></strong></span> <span class='ocrx_word' id='word_1_807' title='bbox 3303 5090 3507 5163; x_wconf 88' lang='lat' dir='ltr'><strong><em>tantum</em></strong></span> <span class='ocrx_word' id='word_1_808' title='bbox 3541 5130 3555 5165; x_wconf 91' lang='lat'><strong>:</strong></span> 
     </span>
    </p>
   </div>
   <div class='ocr_carea' id='block_1_109' title="bbox 1992 5187 3558 5271">
    <p class='ocr_par' dir='ltr' id='par_1_109' title="bbox 1992 5187 3558 5271">
     <span class='ocr_line' id='line_1_109' title="bbox 1992 5187 3558 5271; baseline 0.015 -39"><span class='ocrx_word' id='word_1_809' title='bbox 1992 5194 2328 5249; x_wconf 84' lang='lat' dir='ltr'><strong><em>canoncsque</em></strong></span> <span class='ocrx_word' id='word_1_810' title='bbox 2375 5192 2597 5252; x_wconf 82' lang='lat' dir='ltr'><strong><em>quartus</em></strong></span> <span class='ocrx_word' id='word_1_811' title='bbox 2641 5193 2696 5238; x_wconf 88' lang='lat' dir='ltr'><strong><em>et</em></strong></span> <span class='ocrx_word' id='word_1_812' title='bbox 2740 5187 2957 5255; x_wconf 90' lang='lat' dir='ltr'><strong><em>quintus</em></strong></span> <span class='ocrx_word' id='word_1_813' title='bbox 3012 5190 3278 5261; x_wconf 86' lang='lat' dir='ltr'><strong><em>Ancyrani</em></strong></span> <span class='ocrx_word' id='word_1_814' title='bbox 3325 5200 3558 5271; x_wconf 85' lang='lat' dir='ltr'><strong><em>concilii,</em></strong></span> 
     </span>
    </p>
   </div>
   <div class='ocr_carea' id='block_1_110' title="bbox 1994 5272 3560 5348">
    <p class='ocr_par' dir='ltr' id='par_1_110' title="bbox 1994 5272 3560 5348">
     <span class='ocr_line' id='line_1_110' title="bbox 1994 5272 3560 5348; baseline 0.015 -24"><span class='ocrx_word' id='word_1_815' title='bbox 1994 5272 2116 5326; x_wconf 92' lang='lat' dir='ltr'><strong><em>item</em></strong></span> <span class='ocrx_word' id='word_1_816' title='bbox 2148 5274 2335 5329; x_wconf 88' lang='lat' dir='ltr'><strong><em>tertius</em></strong></span> <span class='ocrx_word' id='word_1_817' title='bbox 2380 5274 2615 5331; x_wconf 89' lang='lat' dir='ltr'><strong><em>decimus</em></strong></span> <span class='ocrx_word' id='word_1_818' title='bbox 2656 5284 2709 5331; x_wconf 89' lang='lat' dir='ltr'><strong><em>et</em></strong></span> <span class='ocrx_word' id='word_1_819' title='bbox 2735 5288 2953 5345; x_wconf 84' lang='lat' dir='ltr'><strong><em>quartus</em></strong></span> <span class='ocrx_word' id='word_1_820' title='bbox 2997 5281 3233 5340; x_wconf 89' lang='lat' dir='ltr'><strong><em>decimus</em></strong></span> <span class='ocrx_word' id='word_1_821' title='bbox 3283 5286 3560 5348; x_wconf 62' lang='lat' dir='ltr'><strong><em>Neoc’nsao</em></strong></span> 
     </span>
    </p>
   </div>
   <div class='ocr_carea' id='block_1_111' title="bbox 1993 5362 3561 5445">
    <p class='ocr_par' dir='ltr' id='par_1_111' title="bbox 1993 5362 3561 5445">
     <span class='ocr_line' id='line_1_111' title="bbox 1993 5362 3561 5445; baseline 0.017 -32"><span class='ocrx_word' id='word_1_822' title='bbox 1993 5362 2202 5429; x_wconf 85' lang='lat' dir='ltr'><strong><em>riensis,</em></strong></span> <span class='ocrx_word' id='word_1_823' title='bbox 2234 5380 2330 5431; x_wconf 89' lang='lat' dir='ltr'><strong><em>pro</em></strong></span> <span class='ocrx_word' id='word_1_824' title='bbox 2353 5366 2508 5419; x_wconf 89' lang='lat' dir='ltr'><strong><em>unico</em></strong></span> <span class='ocrx_word' id='word_1_825' title='bbox 2546 5366 2829 5432; x_wconf 88' lang='lat' dir='ltr'><strong><em>habentur,</em></strong></span> <span class='ocrx_word' id='word_1_826' title='bbox 2873 5378 2931 5423; x_wconf 89' lang='lat' dir='ltr'><strong><em>ut</em></strong></span> <span class='ocrx_word' id='word_1_827' title='bbox 2954 5386 3017 5424; x_wconf 80' lang='lat' dir='ltr'><strong><em>ex</em></strong></span> <span class='ocrx_word' id='word_1_828' title='bbox 3046 5375 3323 5445; x_wconf 80' lang='lat' dir='ltr'><strong><em>utriusque</em></strong></span> <span class='ocrx_word' id='word_1_829' title='bbox 3363 5382 3561 5440; x_wconf 83' lang='lat' dir='ltr'><strong><em>codicis</em></strong></span> 
     </span>
    </p>
   </div>
   <div class='ocr_carea' id='block_1_112' title="bbox 1991 5452 3560 5532">
    <p class='ocr_par' dir='ltr' id='par_1_112' title="bbox 1991 5452 3560 5532">
     <span class='ocr_line' id='line_1_112' title="bbox 1991 5452 3560 5532; baseline 0.012 -25"><span class='ocrx_word' id='word_1_830' title='bbox 1991 5452 2276 5509; x_wconf 89' lang='lat' dir='ltr'><strong><em>collatione</em></strong></span> <span class='ocrx_word' id='word_1_831' title='bbox 2320 5455 2473 5511; x_wconf 83' lang='lat' dir='ltr'><strong><em>facile</em></strong></span> <span class='ocrx_word' id='word_1_832' title='bbox 2502 5465 2584 5511; x_wconf 89' lang='lat' dir='ltr'><strong><em>est</em></strong></span> <span class='ocrx_word' id='word_1_833' title='bbox 2621 5458 2927 5515; x_wconf 84' lang='lat' dir='ltr'><strong><em>observare.</em></strong></span> <span class='ocrx_word' id='word_1_834' title='bbox 2974 5461 3353 5532; x_wconf 79' lang='lat' dir='ltr'><strong><em>Subjunximus</em></strong></span> <span class='ocrx_word' id='word_1_835' title='bbox 3396 5481 3451 5525; x_wconf 87' lang='lat' dir='ltr'><strong><em>et</em></strong></span> <span class='ocrx_word' id='word_1_836' title='bbox 3488 5460 3560 5526; x_wconf 58' lang='lat' dir='ltr'><strong><em>‘ex</em></strong></span> 
     </span>
    </p>
   </div>
   <div class='ocr_carea' id='block_1_113' title="bbox 1984 5546 3557 5631">
    <p class='ocr_par' dir='ltr' id='par_1_113' title="bbox 1984 5546 3557 5631">
     <span class='ocr_line' id='line_1_113' title="bbox 1984 5546 3557 5631; baseline 0.011 -31"><span class='ocrx_word' id='word_1_837' title='bbox 1984 5546 2169 5601; x_wconf 91' lang='lat' dir='ltr'><strong><em>codice</em></strong></span> <span class='ocrx_word' id='word_1_838' title='bbox 2216 5563 2313 5603; x_wconf 89' lang='lat' dir='ltr'><strong><em>ms.</em></strong></span> <span class='ocrx_word' id='word_1_839' title='bbox 2369 5552 2685 5619; x_wconf 90' lang='lat' dir='ltr'><strong><em>perantiquo</em></strong></span> <span class='ocrx_word' id='word_1_840' title='bbox 2731 5551 2968 5621; x_wconf 90' lang='lat' dir='ltr'><strong><em>ejusdem</em></strong></span> <span class='ocrx_word' id='word_1_841' title='bbox 3023 5554 3228 5612; x_wconf 85' lang='lat' dir='ltr'><strong><em>Justelli</em></strong></span> <span class='ocrx_word' id='word_1_842' title='bbox 3277 5562 3557 5631; x_wconf 86' lang='lat' dir='ltr'><strong><em>epistolam</em></strong></span> 
     </span>
    </p>
   </div>
   <div class='ocr_carea' id='block_1_114' title="bbox 1985 5637 3639 5725">
    <p class='ocr_par' dir='ltr' id='par_1_114' title="bbox 1985 5637 3639 5725">
     <span class='ocr_line' id='line_1_114' title="bbox 1985 5637 3639 5725; baseline 0.012 -37"><span class='ocrx_word' id='word_1_843' title='bbox 1985 5637 2292 5706; x_wconf 87' lang='lat' dir='ltr'><strong><em>synodicam</em></strong></span> <span class='ocrx_word' id='word_1_844' title='bbox 2322 5640 2490 5695; x_wconf 88' lang='lat' dir='ltr'><strong><em>sancti</em></strong></span> <span class='ocrx_word' id='word_1_845' title='bbox 2516 5639 2697 5710; x_wconf 82' lang='lat' dir='ltr'><strong><em>Cyrilli</em></strong></span> <span class='ocrx_word' id='word_1_846' title='bbox 2726 5651 2781 5697; x_wconf 89' lang='lat' dir='ltr'><strong><em>et</em></strong></span> <span class='ocrx_word' id='word_1_847' title='bbox 2820 5645 3028 5701; x_wconf 83' lang='lat' dir='ltr'><strong><em>concilii</em></strong></span> <span class='ocrx_word' id='word_1_848' title='bbox 3068 5647 3362 5708; x_wconf 75' lang='lat' dir='ltr'><strong><em>dimceseos</em></strong></span> <span class='ocrx_word' id='word_1_849' title='bbox 3392 5652 3560 5725; x_wconf 67' lang='lat' dir='ltr'><strong><em>Egy-</em></strong></span> <span class='ocrx_word' id='word_1_850' title='bbox 3628 5642 3639 5655; x_wconf 78' lang='grc'><em>’</em></span> 
     </span>
    </p>
   </div>
   <div class='ocr_carea' id='block_1_115' title="bbox 1980 5725 3554 5803">
    <p class='ocr_par' dir='ltr' id='par_1_115' title="bbox 1980 5725 3554 5803">
     <span class='ocr_line' id='line_1_115' title="bbox 1980 5725 3554 5803; baseline 0.013 -25"><span class='ocrx_word' id='word_1_851' title='bbox 1980 5725 2075 5796; x_wconf 91' lang='lat' dir='ltr'><strong><em>pti,</em></strong></span> <span class='ocrx_word' id='word_1_852' title='bbox 2109 5725 2442 5785; x_wconf 76' lang='lat' dir='ltr'><strong><em>Alexandria:</em></strong></span> <span class='ocrx_word' id='word_1_853' title='bbox 2470 5734 2774 5803; x_wconf 76' lang='lat' dir='ltr'><strong><em>congregati</em></strong></span> <span class='ocrx_word' id='word_1_854' title='bbox 2816 5751 2956 5793; x_wconf 86' lang='lat' dir='ltr'><strong><em>anno</em></strong></span> <span class='ocrx_word' id='word_1_855' title='bbox 2985 5736 3088 5791; x_wconf 69' lang='grc'><strong><em>450</em></strong></span> <span class='ocrx_word' id='word_1_856' title='bbox 3117 5753 3240 5794; x_wconf 88' lang='lat' dir='ltr'><strong><em>cum</em></strong></span> <span class='ocrx_word' id='word_1_857' title='bbox 3278 5741 3554 5799; x_wconf 84' lang='lat' dir='ltr'><strong><em>duodecim</em></strong></span> 
     </span>
    </p>
   </div>
  </div>
