3982 6196
535 305 634 363 139

1811 301 2153 358 DlONYSlUS
2192 301 2520 359 EXIGUUS.‘

3683 306 3772 360 lio

529 417 992 476 anathematismis
1038 423 1226 474 contra
1271 399 1599 483 Nestorium,
1648 429 1715 470 ex
1746 414 1933 468 Latina
1979 415 2107 470 Dio-

2231 413 2296 485 Γῷ
2320 417 2699 490 εὐλαϐεστὰτῳ,
2740 419 2827 472 καὶ
2867 416 3227 490 Θεοφιλεστᾶτῳ
3281 417 3649 493 συλλειτουργῷ
3689 433 3775 475 Ns-

532 511 670 584 nysii
714 509 904 580 Exigui
951 507 1416 577 interpretatione,
1461 507 1550 561 cui
1597 506 1876 561 epistolam
1905 506 1969 560 ad
2001 505 2106 560 Pe-

535 612 673 657 trum
694 601 978 672 quemdam
1001 599 1312 669 episcorium
1336 598 1449 667 ipse
1474 593 1714 668 praeﬁxit.
1748 596 1875 663 Quae
1895 597 2108 665 quidem

535 694 761 765 epistola
783 691 1040 765 synodica
1066 689 1133 744 ab
1158 687 1380 753 Isidoro,
1409 698 1464 743 et
1501 689 1619 743 aliis
1647 689 1737 757 qui
1781 703 1902 742 eum
1940 689 2109 742 secuti

534 791 658 838 sunt
686 782 883 837 Latinis
921 777 1272 836 conciliorum
1318 777 1717 842 collectoribus,
1769 786 1955 830 contra
1993 792 2110 830 om-

538 873 681 928 nium
706 872 860 927 codd.
891 881 1133 926 veterum
1163 868 1472 924 Gnecorum
1499 877 1554 922 et
1590 868 1898 923 Latinorum
1927 865 2107 934 ﬁdem,

540 962 786 1018 tribuitur
807 959 1076 1030 Ephesino
1092 959 1323 1014 concilio
1351 973 1406 1012 ιιι
1429 957 1782 1020 (ecumcnico,
1807 957 1949 1024 quod
1971 971 2110 1010 anno

537 1051 750 1106 demum
795 1048 1036 1117 sequenti
1087 1045 1418 1102 celebratum
1472 1059 1592 1099 esse
1647 1051 1876 1108 constat,
1923 1042 2110 1096 Anicio

539 1142 704 1197 Basso
737 1149 793 1195 et
833 1138 1104 1193 Antiocho
1147 1151 1288 1191 coss.
1317 1135 1444 1190 Haec
1471 1150 1602 1189 vero
1631 1143 1807 1190 exstat
1848 1133 2031 1188 Grmce
2059 1141 2114 1186 ct

540 1231 746 1298 Latine,
775 1231 869 1286 sed
891 1229 993 1284 alia
1022 1228 1288 1290 versione,
1307 1227 1445 1280 inter
1470 1234 1588 1280 acta
1615 1225 1826 1280 concilii
1857 1223 2107 1294 Ephesini

539 1332 648 1379 act.
678 1323 736 1391 l,
767 1332 821 1378 ct
858 1319 1072 1377 concilii
1101 1317 1680 1388 Constantinopolitani
1708 1333 1741 1370 v
1769 1315 2104 1381 oecumenici,

541 1414 723 1468 collat.
754 1415 786 1466 ti
814 1412 942 1469 edit.
994 1411 1153 1465 Rom.
1203 1417 1257 1463 et
1284 1408 1500 1472 Colon.,
1527 1422 1649 1461 cum
1676 1407 1776 1461 hac
1798 1405 2104 1476 epigraphe,

566 1533 3436 1557 *Μ

2211 511 2398 581 stopie.)
2428 507 2690 583 Κύριλλος,
2717 511 2799 562 καὶ
2831 510 2862 566 ἡ
2898 507 3216 562 συνελθοῦσα
3248 505 3458 568 σύνοδος
3488 507 3537 561 ἐν
3562 511 3778 573 Ἀλεξαν-

2211 598 2352 672 δρείᾳ
2398 608 2490 658 τῆς
2539 601 2884 670 Αἰγυπτιακῆς
2932 597 3224 658 διοικήσεως
3264 600 3313 652 ἐν
3351 603 3511 676 Κυρίῳ
3558 605 3778 674 χαίρειν.

2207 688 2352 743 Illius
2381 690 2542 742 etiam
2565 688 2807 742 meminit
2829 687 3112 742 Liberatus
3133 687 3543 743 archidiaconus
3563 689 3784 742 Cartha-

2210 779 2445 845 ginensis
2478 779 2532 831 in
2560 777 2866 841 Breviario,
2899 777 2986 831 lib.
3031 793 3103 830 ιν.
3149 775 3396 847 Cyrillus,
3444 777 3633 846 inquit,
3685 777 3785 831 Nec

2209 871 2369 922 storio
2391 867 2690 938 synodicam
2710 866 2899 918 direxit
2927 866 3216 932 epistolam,
3240 867 3292 918 in
3315 883 3414 936 qua
3441 877 3490 919 et
3520 867 3783 918 duodecim

2213 957 2442 1026 capitula
2473 965 2652 1009 contra
2686 956 2797 1025 ejus
2823 954 3009 1022 dogma
3039 955 3246 1006 dictavit
3275 964 3325 1006 et
3365 955 3612 1018 inseruit;
3639 962 3686 1006 et
3713 962 3784 1006 est

2213 1045 2523 1115 principium
2551 1060 2569 1096 :
2590 1061 2608 1093 ι
2628 1041 3106 1106 DicenteDomiuo,
3135 1039 3234 1104 Qui
3257 1051 3396 1095 amat
3416 1050 3614 1110 patrem
3642 1058 3786 1094 suum

2211 1143 2261 1188 et
2292 1132 2506 1187 matrem
2531 1149 2675 1186 suam
2707 1131 2820 1201 plus
2849 1148 3001 1202 quam
3030 1148 3140 1196 me,
3175 1148 3276 1184 non
3322 1140 3398 1184 est
3439 1146 3517 1183 me
3536 1131 3739 1200 dignus.
3763 1148 3779 1180 ι

2209 1224 2342 1279 Cum
2359 1224 2473 1278 haec
2494 1223 2562 1277 ad
2577 1222 2886 1276 memoriam
2908 1221 3234 1290 antiquitatis
3254 1221 3525 1275 canonicee
3545 1230 3600 1273 et
3619 1220 3789 1274 eccle-

2207 1314 2436 1368 siastica:
2474 1311 2896 1366 conservandam
2925 1311 3245 1379 pertineant,
3287 1324 3504 1378 Operam
3531 1317 3787 1372 nostram,

2211 1403 2403 1469 lector,
2435 1401 2558 1455 boni
2588 1401 2806 1455 consule
2835 1409 2890 1454 et
2914 1397 3174 1454 beneﬁcio
3201 1406 3386 1454 nostro
3413 1399 3608 1454 fruere.

3445 1542 3777 1556 ———_

1533 1640 2228 1714 TESTIMONIA
2305 1637 2786 1720 ALIQUOT

680 1773 760 1813 DE
807 1771 1100 1813 DIONYSIO
1146 1771 1406 1825 EYIGUO,
1453 1769 1725 1820 EJUSQUE
1770 1767 1995 1810 LATINA
2041 1767 2117 1810 CA

2231 1765 2341 1806 ιωι
2389 1761 2999 1805 Ερριιεειλςτιαοιισιι
3049 1761 3630 1804 ΙΝΤΕΒΡΒΒΤΔΤΙΟΝΕ
3642 1790 3654 1801 .

616 1937 986 2003 Cassiodorus,
1019 1954 1138 2010 cap.
1173 1940 1241 1993 ‘25
1269 1939 1442 1994 Divin.
1475 1939 1624 1995 Lect.
1654 1958 1667 1992 :
1699 1939 1919 1992 Cenerat
1951 1938 2105 1990 etiam
2143 1939 2180 1991 lt
2210 1946 2380 1984 anuus
2412 1929 2728 1984 Diocletiani
2754 1927 2878 1994 248,
2909 1937 3024 1998 post
3065 1929 3385 1983 consulatum
3433 1929 3708 2002 Lampadii
3744 1943 3795 1987 et

546 2029 791 2099 hodieque
819 2029 1073 2084 catholica
1103 2027 1340 2083 Ecclesia
1362 2032 1495 2083 uiros
1519 2030 1744 2082 illustres
1778 2025 2120 2097 probabilium

546 2117 843 2188 dogmatum
885 2118 1066 2172 decore
1091 2117 1343 2189 fulgentes
1369 2135 1384 2171 :
1419 2121 1516 2189 fuit
1543 2119 1677 2171 enim
1707 2117 1898 2170 nostris
1930 2124 2122 2184 tempo-

547 2207 685 2260 ribus
713 2216 759 2258 et
790 2207 1066 2275 L-ionysius
1092 2207 1388 2272 monachus,
1417 2207 1614 2277 Scytha
1642 2207 1870 2269 natione,
1893 2203 1981 2258 sed
2007 2220 2121 2258 mo-

547 2298 686 2350 ribus
715 2297 921 2350 omnino
966 2295 1254 2363 Romanus,
1283 2297 1336 2348 in
1379 2305 1592 2364 utraque
1633 2297 1810 2367 lingua
1849 2294 1999 2348 valde
2025 2293 2121 2347 do-

547 2389 826 2452 ctissimus,
858 2385 1082 2439 reddens
1111 2386 1398 2439 actionibus
1422 2388 1529 2439 suis
1557 2402 1708 2457 quam
1736 2387 1792 2438 in
1826 2384 1972 2438 libris
2011 2383 2122 2437 Do-

547 2480 674 2532 mini
715 2479 907 2548 lrgerat
940 2477 1262 2542 mquitatem;
1305 2477 1390 2544 qui
1422 2475 1724 2546 Scripturas
1753 2476 1950 2529 divinas
1981 2481 2125 2527 tanta

550 2571 844 2624 curiositate
897 2567 1208 2621 discusserat
1281 2577 1432 2637 atque
1500 2567 1862 2633 intellexerat,
1921 2576 1977 2618 ut
2024 2566 2124 2618 u‘n-

548 2659 808 2730 decunque
849 2659 1195 2725 interrogatus
1242 2657 1419 2726 fuisset
1455 2666 1694 2728 paratum
1739 2656 1944 2710 haberet
1983 2672 2124 2709 com-

549 2757 724 2817 petens
793 2747 904 2800 sine
963 2746 1139 2818 aliqua
1205 2745 1455 2800 dilatione
1513 2763 1828 2816 responsum.
1895 2745 2019 2802 Fuit
2073 2747 2125 2798 in

549 2840 642 2893 illo
705 2855 820 2892 cum
878 2838 1134 2907 sapientia
1189 2853 1382 2909 magna
1453 2840 1800 2908 simplicitas,
1873 2856 1984 2892 cum
2031 2840 2125 2892 do-

551 2930 719 2983 ctrina
782 2928 1064 2989 humilitas,
1106 2945 1219 2982 cum
1249 2930 1493 2999 facundia
1555 2931 1791 3001 loquendi
1858 2933 2126 3000 parcitas:

552 3029 607 3073 ut
666 3021 723 3073 in
760 3018 901 3073 nullo
940 3035 994 3072 se
1032 3018 1108 3072 vel
1152 3019 1392 3072 eatremis
1431 3021 1637 3089 famulis
1679 3023 1971 3091 anteferret,
2016 3037 2129 3073 cum

553 3109 736 3181 dignus
782 3117 914 3163 esset
961 3125 1138 3178 regum
1181 3109 1292 3162 sine
1326 3108 1645 3163 dubitatione
1689 3110 1975 3179 colloquiis.
2030 3107 2129 3172 Qui

551 3187 734 3272 petitus
774 3217 806 3254 a
853 3200 1118 3269 Stephano
1165 3201 1408 3270 episcopo
1457 3199 1784 3264 Salonitano,
1826 3218 1889 3255 ex
1937 3202 2129 3256 Cra’cis

2225 2019 2443 2077 Orestis.

2292 2111 2447 2167 Joan.
2482 2111 2824 2179 Trithemius,
2855 2110 2947 2166 lib.
2978 2112 3044 2166 de
3071 2111 3267 2182 Script.
3301 2112 3600 2168 ecclesiast.
3629 2133 3642 2166 :
3674 2115 3799 2170 Dio-

2221 2206 2399 2275 nysius
2428 2203 2586 2256 abbas
2623 2202 2908 2272 Romanus,
2939 2213 3272 2274 cognomento
3314 2203 3568 2278 Exiguus,
3599 2212 3676 2262 vir
3717 2211 3802 2262 in-

2224 2297 2373 2365 genio
2393 2303 2441 2348 et
2460 2294 2676 2348 scientia
2695 2310 2913 2365 magnus
2947 2303 3098 2366 atque
3127 2295 3462 2357 clarissimus,
3487 2299 3538 2350 in
3564 2297 3805 2367 Scriptu-

2225 2386 2294 2438 ris
2321 2385 2516 2438 sanctis
2544 2381 2792 2446 eruditus,
2822 2391 2872 2435 et
2897 2384 2952 2435 in
2989 2381 3263 2453 disciplina
3293 2385 3618 2438 scecularium
3661 2387 3806 2441 litte-

2224 2490 2399 2527 rarum
2437 2471 2674 2526 nobiliter
2701 2473 2901 2541 doctus,
2949 2471 3129 2529 Graeco
3159 2485 3209 2543 et
3241 2474 3431 2530 Latino
3460 2477 3658 2547 eloquio
3687 2479 3805 2531 cla-

2225 2582 2333 2632 rus,
2365 2565 2673 2634 computista
2700 2573 2750 2618 et
2775 2565 3058 2620 calculator
3077 2557 3364 2638 temporum
3393 2571 3645 2640 egregius,
3670 2573 3807 2624 scri-

2224 2658 2327 2726 psit
2357 2655 2542 2709 Latino
2569 2672 2804 2710 sermone
2831 2658 3078 2711 nonnulla
3100 2660 3364 2728 opuscula.
3397 2659 3476 2713 De
3503 2661 3680 2732 quibus
3709 2681 3807 2734 ego

2233 2755 2432 2800 tantum
2452 2747 2616 2816 reperi
2636 2747 3174 2816 subjecta:Aunorum
3215 2746 3318 2802 552
3341 2749 3549 2820 Cyclum
3587 2754 3808 2821 pascha-

2227 2841 2327 2893 lcm
2359 2855 2638 2909 magnum;
2671 2840 2931 2893 transtulit
2959 2841 3022 2894 de
3063 2839 3241 2894 Crwco
3270 2843 3321 2894 in
3352 2840 3590 2896 Latinum
3631 2843 3822 2897 Vitam

2229 2929 2394 2981 sancti
2423 2926 2657 2981 Pacomii
2686 2925 2907 2993 abbatis,
2931 2927 3115 2980 librum
3142 2945 3336 3000 quoque
3359 2927 3592 2998 Gregorii
3621 2928 3801 2984 Emis-

2228 3018 2338 3070 seni
2361 3017 2424 3070 de
2452 3015 2757 3070 Conditione
2777 3017 3018 3085 hominis,
3042 3026 3090 3070 et
3110 3020 3302 3088 scripta
3328 3017 3553 3073 Proterii
3574 3021 3810 3074 Alexan-

2230 3105 2367 3158 drini
2396 3107 2620 3176 episcopi
2642 3107 2711 3158 ad
2735 3103 2955 3160 Leonem
2983 3125 3190 3178 papam,
3221 3119 3268 3162 et
3297 3112 3528 3180 quccdam
3551 3112 3675 3166 alia.
3712 3112 3810 3166 In-

2233 3197 2430 3250 choavit
2458 3205 2628 3250 autem
2657 3195 2866 3267 Cyclum
2910 3215 3060 3253 suum
3109 3217 3245 3254 anno
3285 3201 3496 3257 Domini
3538 3203 3662 3268 55!,
3691 3214 3803 3259 etc.

552 3289 928 3360 exemplaribus
973 3305 1201 3342 canones
1235 3291 1634 3355 ecclesiasticos,
1664 3291 1887 3345 moribus
1916 3293 2043 3358 suis,
2074 3300 2127 3344 ut
2153 3299 2200 3362 ο
2230 3287 2428 3341 Claruit
2451 3286 2542 3340 sub
2571 3287 2866 3342 Iustiniano
2888 3306 3074 3361 magno
3101 3307 3237 3345 anno
3269 3291 3389 3347 540.

554 3389 666 3433 erat
689 3381 874 3448 planus
895 3387 1046 3448 atque
1065 3378 1307 3445 disertus,
1330 3396 1532 3449 magna:
1551 3382 1849 3450 eloquentia:
1870 3381 1978 3435 luce
1997 3397 2130 3434 com-

554 3472 744 3542 posuit,
775 3486 898 3541 quos
926 3469 1079 3526 hodie
1115 3486 1213 3524 usu
1253 3469 1581 3525 celeberrimo
1617 3470 1852 3526 Ecclesia
1892 3472 2129 3527 Romana

555 3563 924 3632 complectitur.
955 3561 1004 3614 Η
1010 3577 1066 3616 os
1093 3562 1249 3615 etiam
1274 3569 1472 3630 oportet
1500 3578 1585 3616 vos
1614 3562 1821 3616 assidue
1848 3563 2040 3634 legere,
2065 3580 2128 3617 ne

555 3653 832 3707 rideamini
861 3661 966 3706 tam
987 3651 1241 3707 salutares
1264 3653 1638 3707 ecclesiasticas
1667 3653 1870 3722 regulas
1899 3653 2127 3723 culpabi-

555 3743 674 3798 liter
700 3744 962 3814 ignorare.
994 3741 1113 3795 Alia
1140 3758 1338 3813 quoque
1366 3743 1526 3796 multa
1557 3760 1622 3796 ex
1656 3741 1836 3797 Grceco
1865 3743 2128 3796 transtulit

554 3834 607 3888 in
638 3831 904 3898 Latinum,
933 3847 1047 3903 quae
1073 3833 1288 3886 utilitati
1320 3841 1533 3904 possunt
1559 3831 1807 3887 Ecclesia:
1837 3833 2123 3886 convenire.

624 3964 793 4031 Beda,
817 3963 894 4019 De
923 3972 1152 4034 tempor.
1193 3963 1315 4018 Rat.
1347 3980 1466 4034 cap.
1495 3963 1600 4018 45:
1639 3965 1803 4019 Primi
1835 3965 2129 4020 decennalis

556 4055 733 4111 circuli
757 4070 909 4108 cursu
962 4064 1245 4125 temporum
1275 4054 1402 4109 ordo
1429 4056 1717 4126 prceﬁgitur
1739 4096 1754 4121 ,
1786 4072 1933 4126 quem
1961 4055 2127 4110 Graeci

557 4147 894 4206 calculatores
915 4163 946 4198 a
971 4145 1281 4200 Diocletiani
1304 4146 1550 4214 principis
1580 4148 1732 4201 annis
1761 4146 2126 4202 observarere:

557 4239 647 4293 sed
694 4235 975 4308 Dionysius
1020 4235 1325 4319 venerabilis
1376 4236 1536 4289 abbas
1585 4236 1835 4290 Romanae
1877 4237 2037 4301 urbis,
2081 4248 2131 4292 et

557 4329 816 4401 utriusque
845 4328 1051 4398 linguaz,
1078 4323 1272 4380 Greece:
1299 4325 1528 4379 videlicet
1549 4335 1595 4378 et
1619 4325 1836 4388 Latinte,
1860 4343 1961 4381 non
1981 4328 2131 4400 igua-

558 4421 645 4474 bili
675 4419 921 4490 pra‘ditus
949 4419 1183 4484 scientia,
1213 4418 1481 4488 paschales
1508 4418 1735 4473 scribens
1766 4419 2000 4486 circulos,
2031 4436 2128 4474 no-

559 4508 653 4562 luit
683 4509 776 4574 cis,
814 4508 946 4562 sicut
978 4509 1087 4578 ipse
1129 4515 1368 4575 testatur,
1398 4509 1693 4562 memoriam
1723 4510 1866 4579 impii
1896 4527 2130 4580 persecu-

563 4600 687 4652 toris
715 4599 991 4666 innectere,
1021 4598 1113 4651 sed
1138 4599 1304 4669 magis
1346 4598 1495 4669 elegit
1525 4599 1589 4650 ab
1620 4596 1990 4654 Incarnatione
2016 4599 2124 4654 Do—

2298 3375 2380 3430 Ex
2407 3377 2599 3430 Annal.
2645 3378 2944 3434 ecclesiast.
2993 3379 3218 3437 Caisaris
3263 3381 3475 3437 Baronii
3516 3386 3810 3441 cardinalis

2229 3485 2317 3524 an.
2344 3469 2468 3538 5'25,
2494 3486 2640 3524 num.
2671 3471 2772 3524 ηδ
2800 3489 2813 3523 :
2844 3471 2904 3526 Si
2927 3472 3152 3542 fidelitas
3176 3483 3326 3544 atque
3345 3477 3529 3545 peritia
3555 3479 3606 3530 in
3636 3488 3810 3532 trans-

2229 3561 2461 3632 ferendo,
2497 3571 2546 3615 et
2567 3563 2846 3642 sinceritas
2874 3565 2927 3616 in
2956 3563 3152 3618 edendo
3195 3582 3344 3636 quam
3374 3567 3601 3621 maxima
3630 3570 3798 3638 requi-

2227 3660 2406 3716 ratur,
2439 3653 2584 3706 nulla
2611 3655 2810 3724 exquiri
2847 3664 3010 3724 potest
3037 3655 3194 3711 editio
3227 3660 3457 3712 exactior
3492 3670 3644 3730 atque
3670 3662 3812 3728 ﬁde-

2228 3741 2328 3794 lior
2354 3758 2506 3813 quam
2535 3759 2648 3814 qua:
2675 3743 2941 3797 elaborata
2981 3752 3055 3798 est
3079 3762 3112 3798 α
3136 3763 3322 3817 magno
3347 3749 3456 3812 illo,
3483 3750 3574 3802 sed
3607 3767 3812 3820 cogno-

2227 3841 2397 3887 mento
2443 3833 2651 3905 Exiguo
2698 3833 2971 3906 Dionysio,
3011 3836 3156 3905 cujus
3194 3839 3439 3892 eximiam
3484 3840 3536 3892 in
3583 3849 3812 3909 utraque

2227 3921 2405 3993 lingua
2434 3925 2698 3993 peritiam,
2726 3933 2773 3978 et
2802 3943 3002 3980 morum
3041 3931 3297 3999 egregiam
3325 3929 3628 3999 probitatem
3667 3931 3812 3986 Cas-

2227 4015 2466 4069 siodorus
2494 4016 2667 4087 dignis
2698 4017 2930 4072 laudibus
2957 4021 3172 4089 mirifice
3199 4023 3464 4090 prazdicat.

2301 4103 2438 4158 Rob.
2469 4104 2820 4161 Bellarminus
2844 4109 3147 4176 cardinalis,
3180 4111 3246 4166 de
3274 4111 3467 4183 Script.
3497 4117 3812 4173 ecclesiast.

2229 4210 2317 4250 an.
2348 4194 2449 4249 523
2477 4214 2490 4248 :
2521 4195 2800 4277 Dionysius
2825 4197 3077 4270 Exiguus,
3103 4204 3310 4257 natione
3336 4203 3548 4276 Scytha,
3575 4208 3668 4260 sed
3694 4227 3821 4263 mo—

2229 4284 2366 4339 ribus
2398 4285 2683 4352 Romanus,
2714 4291 3144 4357 quemadmodum
3176 4306 3506 4364 cognomento
3543 4296 3815 4370 Exiguus,

2227 4378 2319 4431 sed
2369 4379 2608 4433 doctrina
2654 4390 2703 4433 et
2748 4383 3024 4435 sanctitate
3064 4387 3348 4450 maximus,
3398 4388 3525 4440 rixit
3575 4398 3822 4460 tempore

2233 4469 2534 4526 Theoderici
2581 4473 2714 4542 regis
2764 4471 2958 4539 Italica,
3010 4483 3058 4528 et
3101 4492 3450 4530 successorum
3493 4480 3603 4549 ejus
3630 4497 3647 4533 .'
3681 4498 3823 4536 nam

2231 4577 2368 4615 anno
2410 4559 2513 4614 527
2541 4562 2746 4632 scripsit
2799 4561 3008 4633 Cyclum
3038 4567 3350 4634 paschalcm,
3382 4575 3432 4622 et
3465 4572 3658 4623 omissa
3686 4589 3827 4640 pro-

561 4689 685 4743 mini
714 4688 875 4742 nostri
899 4688 1023 4741 .lcsu
1054 4653 1252 4742 Christi
1279 4653 1506 4758 tempora
1536 4698 1856 4760 prwnotare;
1885 4701 2130 4763 quatenus
2164 4673 2208 4730 D
2237 4653 2362 4754 {Tm
2391 4663 2742 4763 “moratione
2765 4671 3017 4707 annorum
3043 4655 3105 4708 ab
3133 4657 3345 4763 {mpfrio
3372 4656 3684 4761 mortalia,”
3710 4663 3828 4762 im-

555 4779 824 4836 «xordium
852 4780 957 4851 spei
980 4787 1169 4834 nostris
1196 4779 1366 4833 notius
1393 4781 1538 4834 nobis
1566 4783 1823 4836 existeret.

630 4908 799 4976 Hem,
833 4910 885 4964 in
915 4907 1183 4964 Chronico
1207 4923 1304 4963 seu
1345 4909 1435 4963 tib.
1475 4909 1551 4964 De
1591 4926 1684 4964 sex
1724 4910 1988 4977 :ctatibus,
2033 4927 2120 4964 an.

557 5000 740 5056 mundi
769 4999 909 5054 M80
934 5018 948 5054 :
976 4999 1257 5070 Dionysius
1286 4999 1554 5070 paschales
1594 5001 1770 5053 scribit
1800 5004 2012 5057 circulos
2038 5002 2122 5054 in-

562 5094 752 5163 cipiens
781 5093 846 5149 ab
874 5111 1012 5150 anno
1040 5093 1314 5148 dominicae
1348 5091 1734 5147 Incarnationis
1776 5093 1901 5163 552,
1927 5097 2010 5168 qui
2051 5105 2127 5148 est

2235 4743 2305 4811 pii
2334 4746 2688 4810 persecutoris,
2731 4761 3000 4797 numerare
3029 4747 3172 4817 carpit
3203 4747 3265 4799 ab
3299 4747 3668 4804 lncarnatione
3700 4751 3828 4806 Do-

2235 4833 2362 4884 mini
2409 4831 2532 4885 Jesu
2563 4830 2772 4886 Christi.
2801 4833 3024 4904 Scripsit
3050 4845 3298 4903 prccterea
3329 4837 3693 4894 Collectionem
3723 4859 3834 4896 sa-

2234 4940 2438 4978 crorum
2501 4943 2782 4992 canonum,
2823 4945 2886 4981 ex
2931 4931 3161 4984 conciliis
3199 4931 3446 4988 Ecclesia:
3490 4936 3763 4992 catholica:
3807 4957 3831 4993 :

2233 5029 2380 5082 quem
2426 5025 2606 5083 postea
2655 5019 2841 5071 imitati
2891 5025 3007 5072 sunt
3057 5019 3317 5076 Martinus
3372 5024 3708 5081 Bracarensis
3764 5041 3835 5083 ει

2235 5102 2552 5160 Cresconius.
3433 5116 3460 5140 ⁶

551 5207 3676 5242 Μῂῄ

1051 5290 1354 5355 CODICIS
1395 5288 1774 5354 CANONUM
1819 5293 2595 5361 ECCLESIASTICORUM
2645 5284 2990 5363 DlONYSll
3040 5278 3321 5368 ΕΧἸΟΠΙ

3679 5234 3806 5246 Ψ

1913 5430 2453 5513 ΡΒᾸΞΡΑΤΙΟ.

635 5620 856 5678 Domino
883 5622 1186 5679 venerando
1215 5624 1345 5680 mihi
1376 5623 1521 5682 Patri
1566 5625 1840 5696 Stephano
1875 5627 2130 5698 episcopo

560 5709 841 5781 llionysius
868 5709 1102 5782 Exiguus
1130 5711 1182 5766 in
1211 5713 1438 5769 Domino
1467 5717 1714 5772 salutem.

2307 5626 2560 5692 Quamvis
2615 5630 2959 5688 charissimus
3019 5634 3184 5692 frater
3228 5650 3412 5696 noster
3461 5643 3844 5718 Laurentius,

2235 5722 2442 5776 assidua
2471 5733 2522 5778 ct
2552 5723 2796 5779 familiari
2823 5727 3195 5802 cohortatione
3221 5735 3543 5799 parvitatem
3565 5745 3833 5792 nostrzuv
