3982 6196
320 253 336 298 ι
347 249 404 298 s1
1296 245 1519 302 CODEX
1554 243 1776 300 CANON
1787 244 1878 301 Ub!
1918 245 2587 306 ECCLESIASTICORUM

3468 260 3572 314 ΗΞ

312 356 520 424 regulas
549 353 939 409 ecclesiasticas
968 353 1033 409 de
1063 352 1248 410 Crmco
1281 353 1572 408 transferre
1602 354 1890 424 pepulerit,
1920 364 1964 426 Α
1995 357 2186 425 quibus
2214 359 2339 426 quia
2382 359 2593 427 plurimi
2644 376 2960 416 consensum
2994 379 3098 417 non
3133 366 3408 434 prrebuere
3439 369 3567 422 faci-

311 447 624 502 confusione
642 438 802 504 cretlo
825 447 1011 514 prisce
1041 445 1401 502 translationis
1424 445 1675 510 ollensus,
1701 445 1893 502 nihilo-

312 539 486 592 minus
533 548 714 592 tamen
779 538 1046 606 ingestum
1101 537 1339 591 laborem
1386 546 1489 591 ture
1551 537 1896 594 beatitudinis

311 627 742 682 consnderationc
757 625 990 696 suscepi,
1007 625 1089 679 cui
1103 625 1346 680 Christus
1372 625 1712 694 omnipotens
1728 626 1891 695 Deus,

313 718 463 772 solita
497 717 708 786 populis
737 717 939 786 pietate
978 717 1329 786 prospiciens,
1381 719 1575 774 summi
1604 718 1890 774 sacerdotii

312 811 535 866 contulit
566 810 900 877 dignitatem.
943 808 1013 864 Ut
1044 810 1182 863 inter
1209 811 1433 888 plurima
1471 810 1683 866 virtutis
1728 827 1892 865 orna-

315 911 507 963 menta,
540 903 734 969 quibus
761 899 1054 956 Ecclesiam
1103 900 1312 955 Domini
1360 919 1568 956 morum
1611 891 1893 959 sanctitate

312 991 664 1055 condccoras,
715 991 875 1044 etiam
908 990 1266 1044 sacratissima
1308 989 1448 1058 jura,
1498 990 1893 1060 pontiﬁcalibus

314 1096 406 1148 per
453 1079 547 1134 Dei
598 1081 823 1146 gratiam
873 1081 1076 1150 digesta
1125 1081 1517 1148 conventibus,
1573 1081 1890 1136 intemerata

314 1186 672 1238 conservans,
723 1171 960 1240 perfecto
1010 1172 1272 1242 regimine
1319 1172 1521 1226 clerum
1573 1172 1891 1241 plebemque

313 1261 605 1316 modereris
630 1279 642 1313 :
679 1263 983 1316 nullatenus
1011 1263 1180 1318 nostri
1209 1262 1387 1315 sreculi
1415 1276 1564 1316 more
1589 1271 1892 1328 contentus,

312 1366 416 1420 quo
467 1352 693 1421 pronius
722 1351 1094 1408 desideramus
1119 1361 1268 1407 recta
1299 1366 1457 1408 nosse
1487 1365 1647 1420 quam
1679 1339 1854 1406 facere
1876 1392 1891 1416 ,

312 1442 402 1495 sed
451 1443 636 1495 divino
660 1442 878 1508 junctus
917 1443 1140 1509 auxilio,
1169 1457 1287 1512 qua:
1317 1442 1429 1495 fieri
1485 1440 1728 1510 principis
1771 1449 1894 1498 ante

312 1531 578 1600 periit-ias,
629 1541 689 1587 ut
730 1531 1106 1587 elﬁcacissuno
1150 1532 1391 1588 lidelibus
1419 1533 1593 1601 prosis
1623 1533 1890 1602 exemplo.

314 1621 502 1689 lngua
533 1634 617 1676 est
651 1622 913 1691 siquidem
939 1623 1176 1690 jubentis
1205 1621 1514 1686 auctoritas,
1563 1620 1749 1676 eadem
1780 1622 1891 1689 pri-

1995 453 2120 514 lem,
2153 453 2256 506 hoc
2285 455 2454 522 ipsum
2488 464 2716 510 vestram
2744 456 3010 512 noluimus
3041 459 3286 526 ignorare
3315 463 3568 514 sanctita-

1996 551 2104 598 tem
2129 583 2144 608 ,
2175 544 2416 613 quamvis
2441 553 2625 612 postea
2666 547 2907 613 qumdam
2935 549 3222 602 constituta
3255 549 3564 621 pontiﬁcum

1995 649 2062 688 ex
2092 635 2219 703 ipsis
2247 636 2542 691 eanonibus
2564 645 2834 706 assumpta
2871 653 2989 694 csse
3018 640 3321 696 videantur.
3367 640 3570 698 Deinde

1997 725 2207 792 regulas
2236 723 2462 782 Nicaeus:
2485 726 2698 797 synodi,
2748 735 2801 781 et
2850 729 3100 801 deinceps
3129 732 3368 788 omnium
3397 735 3570 788 conci~

1997 817 2211 884 liorum,
2251 817 2366 874 sive
2391 832 2510 886 qua:
2553 827 2678 874 ante
2718 834 2870 882 eam,
2918 821 3031 876 sive
3068 838 3186 891 qum
3233 825 3570 894 pustmodum

1996 907 2136 963 facta
2165 916 2324 974 sunt,
2353 924 2522 978 usque
2553 910 2620 964 ad
2649 912 2907 981 synodum
2938 921 3154 967 centum
3187 916 3566 985 quinquaginta

1996 999 2328 1069 pontiﬁcum,
2351 1003 2442 1069 qui
2471 1001 2606 1071 apud
2632 1002 3147 1072 Constantinopolim
3177 1014 3565 1080 convenerunt,

1996 1093 2094 1147 sub
2123 1091 2310 1147 ordine
2333 1109 2700 1157 numerorum,
2733 1095 2782 1148 iil
2813 1105 2895 1150 est
2921 1112 2950 1149 a
2982 1098 3153 1166 primo
3194 1114 3234 1152 c.
3261 1100 3368 1170 pite
3399 1116 3570 1170 usque

1997 1180 2066 1234 ad
2093 1182 2444 1236 centesimum
2475 1184 2866 1251 sexagesimum
2890 1186 3155 1255 quintum,
3182 1188 3319 1245 sicut
3343 1191 3570 1244 habetur

1996 1271 2050 1326 in
2079 1271 2261 1325 Graeca
2290 1274 2630 1337 auctoritate,
2668 1273 3000 1341 digessimus.
3037 1276 3167 1330 Tum
3209 1279 3379 1333 sancti
3408 1279 3568 1333 Chal-

1997 1360 2312 1415 cedonensis
2335 1361 2545 1415 concilii
2575 1363 2790 1418 decreta
2815 1365 3124 1434 subdentes,
3161 1368 3212 1420 in
3244 1367 3324 1424 his
3350 1370 3570 1424 Graeco-

1998 1463 2114 1503 rum
2143 1463 2407 1504 canonum
2435 1447 2594 1506 linem
2629 1465 2745 1506 esse
2773 1451 3126 1508 declaramus.
3175 1454 3252 1509 Ne
3290 1456 3415 1526 quid
3446 1475 3570 1526 prae-

1999 1546 2142 1594 terca
2174 1539 2375 1593 notitiae
2404 1548 2594 1594 vestrae
2622 1543 2811 1597 credar
2845 1544 2980 1597 velle
3005 1545 3340 1615 subtrahere,
3371 1558 3570 1604 statuta

1996 1642 2212 1696 quoque
2232 1626 2565 1686 Sardicensis
2594 1630 2803 1686 concilii
2827 1641 2986 1701 atque
3015 1633 3245 1690 Africani
3267 1677 3282 1703 ,
3320 1653 3436 1708 quin
3467 1637 3569 1692 La-

311 1714 469 1766 mitns
493 1715 644 1778 jussa
673 1713 1016 1781 complentis,
1071 1721 1338 1781 quatenus
1367 1709 1676 1766 inconvulsa
1706 1709 1891 1765 Ecclc-
1929 1723 1970 1779 Β
2000 1718 2107 1774 tinc
2133 1729 2256 1774 sunt
2281 1720 2446 1790 edita,
2497 1722 2604 1780 suis
2631 1738 2660 1776 a
2689 1723 2844 1778 nobis
2874 1726 3108 1782 numeris
3137 1740 3426 1783 cernuntur
3453 1747 3570 1786 esse

313 1801 506 1854 siastici
535 1801 739 1854 ordinis
771 1799 1050 1869 disciplina
1099 1799 1421 1854 inviolabilis
1461 1813 1784 1870 permanens
1823 1798 1889 1850 ad

310 1891 695 1958 mpessendum
727 1905 964 1960 perenne
994 1891 1272 1960 pnnmium
1303 1889 1620 1948 Christianis
1648 1890 1896 1945 omnibus

315 1989 530 2047 pncstat
555 1995 833 2033 accessum
859 1999 871 2031 :
918 1995 1014 2050 per
1039 1995 1200 2049 quem
1228 1981 1398 2035 sancti
1431 1979 1687 2049 prmsules
1710 1988 1893 2049 pater~

316 2068 396 2121 nis
422 2070 738 2122 muniantur
765 2070 996 2137 regulis,
1021 2079 1075 2124 et
1103 2069 1416 2126 obedientes
1445 2068 1627 2139 populi
1656 2068 1899 2138 spiritua-

317 2156 452 2212 libus
477 2159 786 2212 imbuuntur
820 2161 1102 2230 exemplis.
1153 2159 1208 2214 ln
1239 2158 1502 2232 principio
1532 2159 1714 2228 itaque
1741 2174 1898 2215 cano-

317 2261 411 2302 nes
429 2249 520 2316 qui
542 2248 1186 2319 dicunturApostolorIm
1207 2249 1275 2304 de
1287 2248 1474 2305 Grzeco
1499 2249 1861 2304 transtulimus
1881 2267 1893 2301 :

315 2367 1629 2412 «Μ

1997 1813 2266 1868 distincta.
2302 1811 2676 1872 Universarum
2703 1831 2830 1874 vero
2858 1817 3222 1874 definitionum
3253 1820 3431 1876 titulos
3453 1832 3570 1894 post

2000 1903 2136 1958 hanc
2184 1902 2548 1978 prmfatiouem
2597 1906 2830 1960 strictius
2879 1907 3207 1973 ordinantes,
3259 1925 3320 1964 ea
3369 1927 3486 1980 qua:
3518 1913 3569 1969 in

2000 1994 2218 2062 singulis
2247 1996 2471 2064 sparsim
2515 2004 2639 2050 sunt
2667 1998 3001 2072 promulgata
3030 2001 3285 2067 conciliis,
3334 2007 3432 2058 sub
3464 2023 3570 2059 uno

2000 2095 2218 2157 aspectu
2247 2087 2558 2150 locavimus,
2608 2097 2667 2142 ut
2692 2090 2756 2142 ad
2786 2090 3177 2158 inquisitionem
3206 2095 3462 2163 cujusque
3495 2100 3568 2152 iei

1999 2177 2373 2248 compendium
2404 2177 2617 2247 aliquod
2646 2179 2887 2234 attulisse
2917 2181 3207 2236 videamur.

1969 2378 3530 2413 Way-rb

849 2468 1188 2530 REGULE
1239 2469 1868 2534 ECCLESIASTICE
1914 2469 2383 2534 SANCTORUM
2429 2468 3034 2542 APOS'I‘OLORUM,

927 2605 1226 2654 PROLATE
1268 2606 1389 2650 PER
1439 2607 1824 2654 οιειιεκτευ
1870 2609 1891 2651 1

2005 2605 2182 2650 ζιειῶ
2229 2607 2505 2650 κοικΔιιΕ
2542 2605 2947 2652 PONTIFICEH.

750 2798 828 2853 De
854 2800 1180 2861 ordinatione
1203 2801 1450 2872 episcopi.

379 2887 421 2943 Ι.
455 2887 751 2958 Episcopus
779 2903 810 2942 a
835 2888 1043 2945 duobus
1089 2898 1184 2946 aut
1236 2890 1406 2947 tribus
1449 2887 1718 2961 episcopis
1744 2887 1887 2943 ordi-

312 2991 488 3036 DBlDl‘.

2001 2797 2070 2852 Ut
2105 2797 2408 2870 sacerdotes;
2452 2807 2502 2851 et
2541 2801 2766 2922 mizli’stri
2803 2800 2987 2854 altaris
3059 2799 3390 2858 stcadaribus
3431 2806 3566 2860 curis

2681 2879 2927 2922 “meant.

2681 2879 2927 2924 ειειιεαιιι.

2063 2957 2171 3012 γιι.
2214 2957 2528 3028 Episcopus,
2560 2966 2653 3014 aut
2693 2959 2991 3031 presbyter.
3046 2969 3136 3016 aut
3177 2962 3432 3018 diaconus
3475 2982 3566 3020 nc-

335 3089 415 3145 De
438 3092 768 3146 ordinatione
795 3091 1097 3163 presbyteri,
1134 3098 1181 3145 et
1211 3091 1438 3158 diaconi,
1462 3098 1510 3145 et
1537 3100 1857 3146 creterrarum.
1919 3073 1965 3137 C
1995 3053 2596 3163 ﬁf‘ﬂ‘}f{f__m“'a’°s
2656 3066 2813 3107 ms
2873 3062 3146 3107 assumant
3185 3072 3197 3119 ἶ
3255 3072 3334 3108 ⁸³η
3390 3056 3563 3123 abte"

380 3200 443 3256 ll.
477 3199 766 3274 Presbyter
793 3203 859 3258 ab
891 3218 993 3258 uno
1018 3202 1273 3275 episcopo
1301 3203 1599 3270 ordinetur,
1630 3209 1689 3258 et
1709 3201 1888 3258 diaco-

312 3310 433 3360 nus,
459 3304 517 3350 et
544 3296 738 3365 reliqui
761 3297 964 3352 clerici.

313 3402 465 3459 Nihil
493 3406 637 3460 aliud
663 3407 718 3460 in
745 3408 1028 3478 sacriﬁcio,
1049 3416 1236 3478 printer
1256 3407 1394 3478 quod
1418 3406 1665 3461 Dominus
1685 3406 1888 3475 statuit,

931 3477 1272 3546 oﬂ‘erendum.

384 3563 469 3618 Ill.
503 3565 560 3620 Si
592 3567 714 3635 quis
741 3567 1046 3637 episcopus,
1075 3574 1168 3621 aut
1197 3566 1492 3637 presbyter,
1523 3572 1718 3636 prmter
1742 3565 1890 3621 ordi-

320 3657 598 3711 nationem
631 3655 861 3722 Domini,
894 3657 998 3711 alia
1026 3657 1268 3726 quaedam
1311 3656 1364 3710 in
1407 3656 1670 3712 sacriﬁcio
1699 3654 1893 3712 oﬂerat

311 3763 472 3816 super
497 3748 706 3801 altare:
759 3748 810 3802 id
838 3756 920 3802 est
948 3755 1040 3802 aut
1081 3747 1204 3812 mel,
1249 3754 1342 3800 aut
1367 3747 1466 3808 lac,
1500 3755 1593 3800 aut
1637 3761 1735 3817 pro
1764 3747 1889 3800 vino

311 3839 561 3906 siceram,
591 3847 645 3892 et
673 3837 914 3893 confecta
942 3837 1214 3908 quaedam,
1245 3845 1339 3892 aut
1364 3836 1623 3905 volatilia,
1653 3844 1746 3892 aut
1774 3837 1889 3890 ani-

320 3930 479 3983 malia
524 3929 724 3998 aliqua,
771 3937 863 3982 aut
891 3928 1195 3997 legumina:
1242 3935 1428 3983 contra
1456 3927 1887 3984 constitutionem

320 4017 528 4073 Domini
559 4017 782 4082 faciens,
822 4032 1058 4088 congruo
1089 4024 1332 4088 tempore
1355 4017 1674 4087 deponatur.

319 4125 443 4193 Qua
473 4129 670 4198 species
689 4127 758 4181 ad
799 4128 964 4181 altare
994 4143 1098 4198 non
1129 4126 1198 4180 ad
1223 4125 1677 4198 sacriﬁcium,_sctl_
1715 4125 1786 4180 ad
1814 4124 1892 4182 be-

532 4199 872 4250 nedictionem
901 4197 1182 4268 simplicem
1208 4194 1426 4250 debeant
1447 4194 1696 4250 exhiberi.

381 4310 472 4366 IV.
493 4310 687 4365 OlTerri
713 4325 819 4364 non
850 4309 1009 4364 liceat
1044 4307 1246 4377 aliquid
1274 4307 1338 4363 ad
1369 4308 1539 4362 altare
1568 4315 1764 4378 praeter
1791 4322 1889 4362 no-

1992 3143 2333 3212 deiiciantur.

2311 3255 2422 3323 Quo
2454 3263 2678 3325 tempore
2708 3252 2914 3308 Pascha
2941 3254 3240 3309 celebretur.

2062 3366 2192 3421 Vlll.
2226 3367 2281 3420 Si
2308 3367 2428 3437 quis
2456 3366 2758 3436 episcopus,
2790 3373 2884 3419 aut
2912 3366 3209 3436 presbyter,
3245 3376 3337 3420 aut
3377 3367 3561 3423 diaco~

1990 3472 2088 3510 nus
2115 3463 2356 3511 sanctum
2387 3454 2603 3510 Pascha:
2631 3455 2771 3510 diem
2799 3462 2923 3510 ante
2951 3455 3168 3509 vernale
3187 3457 3566 3528 mqninoctium

1990 3559 2111 3599 cum
2140 3543 2334 3600 Judzeis
2359 3545 2733 3613 celebraverlt,
2767 3545 3066 3616 abjiciatur.

1993 3651 2141 3720 Quod
2178 3655 2401 3709 ministri
2445 3655 2664 3721 altaris,
2707 3653 2966 3736 oblatione
3012 3653 3290 3722 celebrata,
3342 3658 3563 3713 debeant

2566 3741 2962 3778 cornmttmcare.

2058 3835 2148 3892 ιχ.
2181 3835 2237 3891 Si
2265 3838 2385 3906 quis
2405 3837 2709 3906 episcopus,
2739 3843 2830 3892 aut
2851 3836 3148 3905 presbyter,
3174 3844 3265 3890 aut
3287 3837 3563 3903 diaconus,

1989 3928 2076 3983 vel
2103 3927 2328 3996 quilibet
2353 3942 2421 3982 ex
2448 3926 2768 3981 sacerdotali
2797 3926 3062 3994 catalogo,
3097 3927 3234 3980 facta
3265 3926 3560 3993 oblatione,

1991 4033 2098 4074 non
2125 4016 2601 4072 communicaverit
2627 4032 2640 4067 :
2672 4023 2765 4070 aut
2785 4029 3001 4069 causam
3030 4015 3190 4081 dicat,
3223 4023 3302 4086 ut,
3333 4017 3376 4072 si
3404 4020 3565 4073 ratio.

1990 4109 2182 4166 nobilis
2213 4108 2394 4174 fuerit,
2445 4106 2653 4164 veniam
2680 4117 3078 4178 consequatur;
3130 4117 3223 4164 aut
3263 4109 3308 4164 si
3347 4125 3452 4165 non
3483 4111 3563 4166 di-

1992 4198 2150 4260 xerit,
2202 4198 2579 4253 communione
2621 4197 2884 4266 privetur,
2933 4204 3186 4268 tanquam
3235 4201 3326 4269 qui
3364 4203 3564 4272 popqu

1992 4302 2154 4342 causa
2197 4286 2428 4341 laesionis
2455 4284 2737 4353 exstiterit,
2794 4285 2930 4341 dans
2967 4289 3329 4357 suspicionem
3384 4290 3451 4345 de
3497 4306 3565 4347 eo

317 4418 407 4456 vas
437 4403 618 4472 spicas
649 4409 704 4455 et
732 4416 899 4465 uvas;
945 4407 1001 4454 et
1043 4376 1222 4454 oleum
1270 4397 1336 4452 ad
1363 4376 1663 4460 luminaria,
1696 4407 1752 4452 et
1777 4398 1891 4468 thy-

2005 4377 2086 4446 qui
2114 4376 2448 4442 sacriﬁcavit,
2481 4376 2622 4444 quod
2647 4384 2793 4431 recte
2815 4391 2919 4432 non
2952 4378 3225 4432 obtulerit.

318 4493 536 4558 etiam,
567 4491 617 4544 id
648 4499 730 4546 est
758 4491 1031 4545 incensum
1057 4506 1070 4541 :
1122 4496 1363 4558 tempore
1403 4501 1510 4557 quo
1535 4494 1718 4542 sancta
1741 4487 1887 4542 cele-

317 4584 500 4640 bratur
528 4581 753 4638 oblatio.

316 4689 462 4756 Quod
490 4708 554 4746 ea
583 4705 695 4761 quin
723 4693 776 4744 in
833 4690 1062 4746 ecclesiis
1111 4691 1289 4759 offerri
1317 4707 1420 4745 non
1447 4698 1680 4760 possunt,
1708 4690 1778 4744 ad
1803 4689 1891 4744 do-

539 4779 650 4814 mus
672 4763 994 4816 sacerdotum
1018 4779 1050 4814 a
1075 4762 1312 4831 ﬁdelibus
1341 4761 1657 4830 deferantur.

383 4853 447 4907 Υ.
483 4854 705 4923 Reliqua
727 4868 884 4923 poma
912 4854 1091 4908 omnia
1134 4853 1200 4906 ad
1234 4852 1453 4907 domum
1501 4851 1745 4922 primitiae
1773 4848 1891 4919 epi-

319 4958 481 5014 scopo
519 4950 577 4997 et
614 4941 942 5014 presbyteris
984 4943 1299 5012 dirigantur,
1355 4957 1453 4996 nec
1500 4939 1792 4996 offerantur
1839 4939 1888 4994 in

315 5032 490 5087 altari.
523 5031 745 5087 Certum
774 5040 857 5105 est
907 5040 1087 5086 autem
1116 5031 1259 5101 quod
1291 5030 1555 5100 episc0pis
1589 5037 1642 5084 et
1669 5029 1891 5100 presby-

321 5122 450 5176 teris
478 5121 743 5189 dividant,
771 5131 827 5178 et
855 5123 1115 5191 diaconis,
1142 5130 1197 5177 et
1227 5122 1444 5192 reliquis
1472 5121 1701 5178 clericis.

320 5233 389 5288 Ut
415 5238 704 5307 episcopus,
743 5246 834 5290 aut
873 5235 1133 5308 presbyter
1153 5252 1365 5290 uxorem
1383 5251 1551 5300 suam,
1574 5251 1725 5305 quam
1747 5233 1892 5290 debet

703 5317 843 5361 caste
872 5323 1066 5377 regere,
1099 5321 1202 5360 non
1223 5307 1497 5374 relinquat.

388 5393 472 5449 Vl.
527 5394 856 5467 EpiseOpus,
887 5406 981 5452 aut
1024 5397 1304 5467 presbyter
1355 5409 1578 5450 uxorem
1617 5395 1890 5464 propriam

318 5500 652 5556 nequaquam
689 5489 791 5543 sub
819 5489 1043 5544 obtentu
1072 5487 1341 5558 religionis
1385 5485 1636 5555 abjiciat:
1691 5487 1736 5541 si
1763 5501 1893 5541 vero

318 5578 582 5642 rejecerit,
615 5579 1129 5646 excommunicetur,
1155 5578 1247 5634 sed
1277 5585 1330 5633 et
1359 5577 1403 5632 si
1436 5576 1885 5647 perseveraverit,

316 5668 613 5736 deiiciatur.

1996 4484 2146 4551 Quod
2184 4485 2361 4556 fideles
2392 4485 2544 4553 laici,
2587 4487 2928 4557 ingredientes
2956 4489 3245 4557 ecclesiam,
3273 4494 3560 4550 communi-

2579 4555 2699 4612 care
2719 4555 2958 4613 debeant.

2064 4667 2130 4724 Χ.
2175 4666 2373 4723 (hones
2398 4665 2587 4724 ﬁdeles
2627 4669 2720 4737 qui
2766 4670 3134 4738 ingrediuntur
3175 4673 3478 4738 ecclesiam,
3511 4685 3565 4730 et

1994 4757 2296 4828 Scripturas
2318 4758 2613 4826 audientes,
2641 4775 2749 4814 non
2777 4769 2953 4815 autem
2983 4771 3330 4830 perseverant
3357 4765 3410 4817 in
3438 4780 3564 4818 ora-

1996 4850 2159 4916 tione,
2191 4865 2292 4906 nec
2329 4859 2568 4907 sanctam
2594 4852 3024 4908 communionem
3066 4854 3386 4923 percipiunt,
3419 4856 3565 4909 velut

1991 4943 2385 5012 inquietudines
2405 4941 2656 5000 Ecclesia:
2685 4954 3105 5008 commoventes,
3139 4944 3388 5001 convenit
3414 4961 3564 5000 com-

1992 5034 2246 5088 munione
2267 5035 2489 5103 privari.

2124 5145 2274 5210 Quod
2304 5163 2415 5200 cum
2448 5148 2898 5202 excommunicatis
2926 5163 3029 5201 non
3058 5149 3126 5200 sit
3152 5148 3424 5202 orandum.

2065 5256 2152 5316 X1.
2183 5256 2239 5314 Si
2267 5258 2387 5328 quis
2413 5272 2534 5313 cum
2562 5259 3054 5325 escommunicato,
3096 5258 3285 5314 saltem
3319 5259 3369 5315 in
3405 5262 3560 5316 .Eo;::o

1993 5349 2150 5408 simul
2171 5347 2422 5414 oraverit,
2456 5348 2557 5410 ista
2583 5347 2958 5406 communione
2985 5350 3247 5423 privetur.

2117 5459 2265 5526 Quod
2290 5477 2406 5516 cum
2432 5460 2691 5518 damnatis
2715 5463 2912 5519 clericis
2941 5481 3041 5521 non
3074 5468 3140 5520 sit
3162 5468 3433 5521 orandum.

2068 5571 2179 5626 Xll.
2211 5571 2266 5626 Si
2296 5574 2413 5641 quis
2435 5588 2554 5627 cum
2583 5572 2834 5629 damnato
2863 5575 3080 5642 clerico,
3113 5577 3274 5632 veluti
3306 5591 3422 5630 cum
3455 5575 3563 5628 cle~

2001 5667 2132 5731 riuo,
2162 5664 2316 5718 simul
2346 5664 2597 5731 oraverit,
2628 5667 2728 5723 iste
2769 5667 3069 5722 (lalllllt‘lttr.
