4040 6202
371 285 474 342 ηδ

373 402 441 459 Ut
466 398 634 455 nullus
662 393 889 468 ﬁdelium
927 397 1112 468 pratter
1141 378 1590 468 Acqmmendatitias
1622 375 1934 445 suscipiatur
1961 370 2016 429 Α

1019 458 1283 526 epistolas.

440 560 574 615 XIII.
616 558 673 613 Si
701 556 820 625 quis
856 551 1101 613 clericus,
1146 554 1236 600 aut
1282 544 1447 598 laicus
1492 556 1523 595 a
1556 537 1935 595 communione

371 664 679 722 suspensus,
700 661 795 702 seu
823 639 1222 697 communicans
1247 635 1310 689 ad
1341 634 1497 687 aliam
1529 634 1783 700 properet
1808 626 1940 681 civi-

371 717 556 807 tatem,
586 747 640 795 et
658 734 975 805 suscipiatur
1002 736 1198 800 praeter
1225 719 1689 779 commendatitias
1713 717 1938 778 litteras,

374 843 429 890 et
461 804 553 901 qui
592 804 962 895 susceperunt,
1011 826 1067 873 et
1105 816 1196 885 qui
1240 820 1522 881 susceptus
1562 804 1947 863 communione

373 896 668 994 priventur.
707 908 1185 969 Excommunicato
1215 918 1345 959 vero
1375 899 1669 971 proteletur
1690 896 1803 965 ipsa
1826 907 1949 994 (ιρι-τ

375 983 570 1084 reptio,
606 1018 856 1077 tanquam
885 1003 976 1072 qui
1005 998 1257 1054 mentitus
1300 995 1388 1051 sit.
1430 999 1487 1047 et
1524 988 1823 1045 Ecclesiam
1849 983 1947 1039 Dei

376 1103 667 1163 seduxerit.

512 1212 580 1267 Ut
610 1210 672 1264 ab
702 1205 951 1279 episc0pis
979 1200 1226 1273 parochia
1257 1195 1465 1249 minime
1487 1190 1818 1263 pervadatur.

449 1302 585 1359 XIV.
618 1300 882 1370 Episcopo
903 1310 1012 1349 non
1033 1293 1197 1346 licere
1219 1289 1446 1342 alienam
1469 1282 1797 1354 parochiam,
1813 1293 1951 1370 pro-

380 1395 495 1465 pria
540 1367 757 1453 relic—ta,
802 1382 1131 1457 pervadere,
1178 1378 1305 1436 licet
1348 1382 1571 1443 cogatur
1611 1386 1640 1425 a
1687 1367 1946 1440 plurimis.

382 1462 490 1539 Νἰεὶ
521 1482 656 1538 forte
683 1493 804 1533 eum
831 1471 1161 1529 rationabilis
1190 1482 1349 1523 causa
1371 1462 1673 1532 compellat,
1699 1468 1953 1527 tanquam

382 1576 473 1645 qui
504 1574 673 1644 possit
702 1569 898 1625 ibidem
937 1562 1241 1621 constitutis
1280 1559 1400 1629 plus
1428 1557 1564 1611 lucri
1596 1552 1863 1619 conferre,
1889 1558 1956 1645 et

386 1639 440 1720 in
467 1639 627 1720 causa
664 1658 936 1727 religionis
981 1652 1182 1722 aliquid
1225 1650 1466 1720 profecto
1509 1645 1836 1715 prospicere.
1888 1639 1956 1693 Et

388 1757 491 1811 hoc
519 1770 627 1808 non
648 1768 677 1805 a
699 1747 989 1816 semetipso
1009 1748 1300 1814 pertentet,
1323 1737 1419 1794 sed
1440 1735 1729 1791 multorum
1752 1734 1956 1802 episco-
1990 1744 2036 1802 Β

390 1860 579 1917 porum
604 1841 823 1913 judicio,
849 1847 904 1893 et
928 1837 1158 1891 maxima
1179 1830 1567 1902 supplicatione
1598 1826 1855 1897 perficiat.

537 1956 607 2011 Ut
635 1953 807 2007 clerici
830 1950 1067 2020 praprias
1088 1945 1348 1999 Ecclesias
1375 1959 1477 1998 non
1509 1940 1821 2018 relinquant.

468 2048 579 2103 XV.
621 2046 679 2100 Si
706 2044 826 2113 quis
852 2040 1129 2111 presbyter
1149 2081 1165 2107 ,
1195 2045 1285 2093 aut
1314 2036 1593 2101 diaconus,
1627 2038 1719 2086 aut
1746 2027 1971 2099 quilibet

394 2142 463 2195 de
501 2151 725 2193 numero
775 2132 1115 2194 clericorum,
1165 2127 1475 2194 relinquens
1502 2120 1775 2192 pr0priam
1807 2132 1968 2187 paro-

400 2229 575 2284 chiam
620 2230 809 2294 pergat
855 2220 923 2274 ad
971 2219 1198 2273 alienam
1224 2255 1241 2281 ,
1283 2224 1339 2269 et
1385 2213 1604 2269 omnino
1644 2209 1968 2277 demigrans,

406 2325 601 2389 printer
630 2310 867 2382 episcopi
894 2309 976 2364 sui
1001 2305 1406 2367 conscientiam,
1431 2303 1487 2356 in
1514 2301 1685 2355 aliena
1714 2296 1969 2368 parochia

397 2414 779 2468 commoretur,
812 2404 956 2456 hunc
982 2399 1205 2453 ulterius
1230 2396 1537 2451 ministrare
1566 2408 1672 2448 non
1694 2392 1928 2461 patimur
1952 2408 1965 2442 :

396 2498 662 2569 praecipue
689 2495 754 2559 si,
787 2500 1007 2547 vocatus
1035 2490 1101 2545 ab
1124 2489 1399 2558 episcopo,
1429 2485 1607 2540 redire
1629 2492 1971 2552 contempse-

400 2588 491 2655 rit,
538 2586 592 2639 in
632 2598 728 2638 sua
776 2579 1141 2649 inquietudine
1180 2589 1551 2646 perseverans.
1597 2574 1972 2628 Verumtamen

401 2686 655 2746 tanquam
684 2674 849 2728 laicus
875 2670 950 2726 ibi
975 2668 1353 2725 communicet.
1822 2668 1830 2675 ‘

406 2789 474 2845 Ut
503 2790 771 2860 episcOpus
818 2786 902 2858 qui
933 2783 1143 2866 clericos
1171 2782 1384 2864 alterius
1415 2781 1714 2852 susceperit,
1745 2794 1971 2835 commu-

962 2862 1117 2907 nione
1155 2862 1401 2923 privetur.

472 2946 606 3002 XVI.
639 2946 936 3016 Episcopus
963 2958 1113 3010 vero,
1145 2943 1286 3012 apud
1306 2957 1466 3012 quem
1495 2950 1825 2997 memoratos
1853 2955 1972 2997 esse

402 3036 721 3101 constiterit,
753 3034 800 3089 si
827 3040 1013 3088 contra
1053 3047 1148 3087 eos
1183 3031 1455 3086 decretam
1485 3031 1840 3087 cessationem
1871 3047 1969 3101 pro
2026 3091 2035 3099 ,

401 3125 570 3181 nihilo
616 3132 912 3194 reputans,
959 3133 1211 3192 tanquam
1266 3123 1490 3177 clericos
1536 3120 1677 3177 forte
1723 3137 1970 3193 suscepe-
1999 3113 2044 3176 C

404 3216 519 3285 rit:
570 3215 716 3271 velut
745 3214 998 3282 magister
1024 3212 1424 3283 inquietudinis,
1453 3212 1832 3268 communione
1859 3214 1984 3283 pri-,

406 3316 573 3362 vetur.

585 3395 735 3461 Quod
763 3396 953 3467 bigami
976 3412 1080 3451 non
1109 3395 1448 3449 admittuntur
1477 3396 1545 3448 ad
1583 3397 1791 3451 clerum.

476 3484 636 3540 XVII.
670 3483 726 3539 Si
752 3485 870 3554 quis
898 3492 1021 3554 post
1046 3484 1309 3553 baptisma
1331 3484 1576 3539 secundis
1598 3484 1758 3540 fuerit
1777 3486 1976 3555 nuptiis

407 3576 704 3647 copulatus,
730 3583 822 3628 aut
846 3574 1197 3629 concubinam
1224 3574 1491 3641 habuerit,
1515 3589 1623 3629 non
1652 3584 1831 3644 potest
1857 3589 1977 3629 esse

405 3667 711 3736 episcopus,
736 3679 844 3718 non
874 3663 1173 3733 presbyter,
1207 3669 1298 3715 aut
1334 3662 1614 3731 diaconus,
1638 3670 1729 3717 aut
1759 3678 1978 3734 prorsus

409 3771 475 3810 ex
496 3769 719 3809 numero
748 3768 934 3807 eorum
963 3753 1054 3821 qui
1104 3752 1401 3807 ministerio
1430 3767 1583 3807 sacro
1611 3753 1937 3808 deserviunt.

409 3863 559 3929 Quod
606 3865 652 3917 is
694 3865 779 3933 qui
827 3862 1034 3916 viduam
1058 3902 1073 3928 ,
1122 3863 1200 3933 vel
1237 3862 1481 3931 ejectum,
1531 3879 1621 3916 aut
1666 3873 1978 3919 meretricem

653 3931 924 4003 acceperit,
956 3949 1057 3986 non
1087 3931 1388 3986 admittatur
1415 3932 1483 3985 ad
1516 3934 1726 3987 clerum.

477 4021 663 4078 XVIII.
692 4022 748 4077 Si
770 4022 890 4091 quis
922 4021 1155 4090 viduam,
1183 4030 1237 4077 et
1278 4022 1503 4091 ejectam
1555 4024 1840 4093 acceperit,
1889 4034 1981 4079 aut

406 4115 765 4180 meretricem,
795 4121 885 4167 aut
927 4114 1191 4178 ancillam,
1221 4114 1307 4167 vel
1334 4115 1564 4183 aliquam
1629 4116 1696 4169 de
1741 4098 1826 4170 his
1864 4130 1981 4185 qua:

407 4205 633 4279 publicis
679 4202 1003 4272 spectaculis
1046 4204 1445 4272 mancipantur,
1490 4221 1598 4259 non
1649 4215 1826 4275 potest
1862 4222 1981 4263 esse

408 4297 714 4367 episcopus,
746 4299 838 4348 aut
883 4294 1192 4364 presbyter,
1223 4302 1315 4347 aut
1338 4294 1612 4360 diaconus,
1659 4306 1750 4351 aut
1773 4312 1842 4352 ex
1872 4313 1938 4354 eo
1964 4303 1982 4323 ⁶

408 4400 632 4441 numero
662 4385 752 4453 qui
781 4384 1077 4438 ministerio
1107 4398 1259 4437 sacro
1290 4384 1614 4439 deserviunt.
1958 4390 1961 4391 ⁷

443 4474 544 4539 Qui
591 4475 717 4527 duas
774 4490 973 4528 sorores
1038 4474 1305 4540 habuerit,
1357 4492 1461 4530 non
1519 4477 1821 4532 admittatur
1875 4480 1944 4532 ad
2007 4468 2060 4529 D

1083 4545 1296 4597 clerum.

475 4632 616 4688 XIX.
650 4634 751 4701 Qui
798 4635 931 4689 duas
976 4634 1031 4688 in
1078 4635 1383 4705 conjugium
1425 4652 1641 4693 sorores
1687 4650 1977 4711 acceperit,

408 4726 489 4782 vel
521 4726 682 4779 tiliam
707 4725 902 4794 fratris,
934 4725 1162 4781 clericus
1188 4742 1306 4783 esse
1336 4743 1441 4783 non
1475 4731 1692 4799 poterit.

616 4815 868 4869 Clericum
898 4815 1274 4886 ﬁdeijussorem
1305 4834 1415 4871 esse
1454 4834 1558 4873 non
1588 4837 1755 4889 posse.

477 4902 590 4959 XX.
659 4905 896 4960 Clericus
961 4904 1409 4975 tideijussionibus
1468 4909 1766 4965 inserviens
1836 4911 1972 4981 abji-

408 4998 593 5051 riatur.

410 5085 557 5149 Quod
583 5088 622 5140 ii
657 5089 741 5175 qui
771 5105 874 5143 non
903 5088 1431 5212 spontedeulnuchizati
1460 5098 1602 5159 sunt,
1628 5093 1976 5164 suscipiantur

1032 5175 1063 5211 a
1130 5174 1340 5212 cerum.

1032 5174 1101 5211 aa
1130 5174 1340 5212 elerum.

476 5244 615 5299 XXI.
650 5246 956 5315 Eunuchus,
1009 5249 1054 5304 si
1096 5264 1193 5320 per
1235 5249 1453 5307 insidias
1497 5251 1775 5308 hominum
1806 5255 1976 5312 factus

411 5348 509 5405 est,
536 5339 618 5393 vel
647 5339 692 5394 si
715 5340 767 5394 in
796 5344 1169 5410 persecutione
1191 5342 1305 5412 ejus
1335 5352 1459 5400 sunt
1488 5354 1761 5415 amputata
1782 5349 1976 5418 virilia,

412 5418 499 5486 vel
521 5432 565 5487 si
606 5431 678 5486 ita
717 5439 873 5486 natus
902 5441 1003 5500 est,
1052 5442 1106 5489 et
1147 5444 1231 5490 est
1277 5435 1506 5504 dignus:
1559 5436 1819 5493 efﬁciatur
1861 5438 1976 5509 epi-

408 5538 624 5592 scopus.

493 5670 510 5689 ‘
542 5670 841 5742 Legendntn
874 5692 1066 5740 eorum,
1100 5685 1156 5733 ut
1184 5678 1237 5733 in
1269 5654 1473 5737 canone
1510 5682 1852 5754 praecedenti.
1890 5683 2045 5745 EDIT.

1667 251 2014 315 DlONYSlUS
2052 251 2207 307 EXIG
2217 251 2370 308 UUS.

2183 370 2249 423 Ut
2277 369 2321 421 is
2361 369 2444 439 qui
2472 384 2526 421 se
2554 365 2939 429 eunuci'iizavit,
2973 364 3189 418 clericus
3221 378 3322 416 non
3351 362 3466 429 fiat.

2116 461 2275 515 XXII.
2319 461 2374 515 Si
2417 460 2536 529 quis
2557 459 2785 513 abscidit
2811 456 3182 525 semetipsum,
3215 454 3266 507 id
3296 460 3396 516 est,
3428 451 3472 505 si
3501 450 3619 520 quis

2045 553 2341 622 amputavit
2369 550 2468 605 sibi
2508 548 2698 613 virilia,
2745 562 2853 601 non
2895 545 2986 598 ﬁat
3025 545 3276 605 clericus,
3328 543 3454 611 quia
3494 556 3623 596 suus

2044 644 2311 700 homicida
2337 651 2441 710 est,
2470 650 2525 696 et
2550 641 2642 695 Dei
2674 638 3001 697 conditionis
3031 638 3298 691 inimicus.

2099 754 2167 809 Ut
2193 754 2407 808 clericus
2435 755 2520 824 qui
2562 769 2617 806 se
2637 751 3025 815 eunuchizavit,
3057 748 3333 819 abjiciatur
3360 763 3391 799 a
3432 746 3589 799 rlero.

2119 845 2309 900 XXIII.
2333 846 2390 899 Si
2415 845 2556 915 quis,
2605 859 2727 898 cum
2756 842 2984 897 clericus
3014 839 3189 904 fuerit,
3232 837 3518 893 absciderit
3546 850 3626 891 se-

2051 938 2364 1006 metipsum,
2412 935 2631 991 omnino
2670 933 2977 998 damnetur,
3022 930 3143 999 quia
3170 944 3296 984 suus
3326 935 3409 982 est
3452 926 3630 981 benti-

2050 1030 2191 1086 cida.

2092 1121 2159 1177 Ut
2188 1122 2350 1175 laicus
2378 1120 2463 1190 qui
2492 1136 2545 1173 se
2573 1116 2951 1190 eunuchizauit,
2984 1113 3139 1167 tribus
3174 1113 3325 1165 annis
3360 1126 3592 1165 commu-

2624 1188 2776 1240 nione
2805 1186 2883 1253 pri
2891 1194 3047 1237 retur.

2123 1280 2311 1333 XXIV.
2346 1277 2539 1333 Laicus
2567 1276 2909 1343 semetipsum
2952 1272 3287 1331 abscindens,
3337 1269 3488 1322 annis
3538 1268 3631 1321 tri-

2056 1374 2154 1429 bus
2183 1371 2563 1428 communione
2590 1369 2849 1439 privetur,
2884 1364 3008 1436 quia
3037 1379 3146 1419 sua:
3189 1364 3309 1417 vitae
3357 1362 3634 1415 insidiator

2058 1462 2282 1517 exstitit.

2062 1552 2210 1617 Quod
2238 1553 2527 1621 episcopus,
2576 1558 2665 1602 aut
2695 1547 2976 1621 presbyter,
3020 1555 3111 1621 aut
3139 1545 3402 1621 diaconus,
3453 1544 3497 1596 si
3520 1560 3633 1621 pro

2132 1614 2430 1676 criminibus
2476 1614 2710 1674 damnati
2754 1614 2981 1689 fuerint,
3028 1617 3237 1669 minime
3276 1614 3632 1668 communione

2136 1694 2418 1763 priventur.

2136 1784 2297 1839 XXV.
2326 1782 2644 1853 Episcopus,
2675 1788 2768 1835 aut
2795 1780 3089 1851 presbyter,
3123 1787 3211 1833 aut
3236 1776 3516 1845 diaconus,
3545 1774 3635 1844 qui

2066 1878 2120 1934 in
2147 1876 2520 1939 fornicatione,
2569 1882 2661 1927 aut
2690 1872 2945 1942 perjurio,
2998 1880 3088 1923 aut
3130 1870 3268 1923 furto
3316 1878 3504 1937 captus
3531 1875 3633 1929 est,

2066 1967 2368 2037 deponatur
2396 1981 2410 2017 ;
2443 1978 2552 2017 non
2581 1970 2762 2017 tamen
2792 1960 3170 2015 communione
3197 1959 3457 2027 privetur.
3501 1955 3634 2009 Dicit

2068 2058 2209 2112 enim
2238 2056 2514 2125 Scriptura
2544 2072 2557 2108 :
2587 2054 2704 2108 Non
2750 2051 3040 2107 vindicabit
3068 2049 3324 2104 Dominus
3352 2048 3434 2103 bis
3468 2047 3521 2101 in
3558 2044 3637 2099 id-

2070 2148 2266 2217 ipsum.

2311 2236 2565 2291 Similiter
2592 2242 2639 2287 et
2668 2233 2849 2302 reliqui
2879 2233 3102 2286 ministri
3137 2230 3402 2284 Ecclesiw.

2141 2324 2327 2379 XXVI.
2358 2325 2614 2379 Similiter
2654 2331 2709 2378 et
2736 2322 2928 2392 reliqui
2972 2321 3153 2377 clerici
3198 2321 3321 2375 huic
3350 2316 3640 2375 conditioni

2071 2415 2404 2485 subjaceant.

2292 2504 2393 2567 Qui
2422 2504 2592 2557 clerici
2622 2503 2837 2557 debeant
2865 2502 3163 2573 conjugibus
3192 2501 3438 2572 capulari.

2144 2614 2351 2670 XXVII.
2397 2615 2640 2684 Innuptis
2669 2622 2867 2679 autem,
2926 2615 3018 2683 qui
3048 2614 3115 2668 ad
3157 2614 3356 2668 clerum
3404 2612 3641 2680 provecti

2071 2716 2215 2774 sunt,
2247 2707 2579 2777 prmcipimus
2605 2725 2616 2759 :
2652 2716 2708 2760 ut
2736 2707 2781 2760 si
2802 2706 3086 2771 voluerint,
3120 2721 3315 2760 uxores
3341 2706 3642 2775 accipiant;

2076 2800 2169 2855 sed
2199 2800 2448 2863 lectores,
2479 2808 2836 2867 eantoresque
2866 2798 3254 2852 tantummodo.

2076 2907 2224 2974 Quod
2249 2911 2535 2981 episcopus,
2560 2910 2822 2981 presbyter
2850 2920 2900 2962 et
2928 2910 3195 2981 diaconus,
3230 2919 3494 2974 peccantes
3516 2910 3647 2979 ﬁde-

2468 2980 2541 3033 les
2570 2979 2836 3033 verberare
2864 2997 2965 3033 non
2994 2979 3228 3032 debeant.

2144 3074 2376 3131 XXVIII.
2411 3073 2756 3143 Episcopum,
2788 3082 2881 3127 aut
2908 3075 3299 3144 presbyterum,
3339 3080 3429 3126 aut
3458 3073 3642 3127 diaco—

2077 3182 2225 3231 num,
2251 3166 2634 3235 percutientein
2666 3163 2849 3219 fideles
2875 3165 3269 3235 delinquentes,
3293 3175 3384 3218 aut
3407 3164 3646 3220 infideles

2076 3258 2257 3325 Inique
2300 3264 2538 3323 agentes,
2590 3265 2645 3310 et
2688 3272 2784 3326 per
2824 3257 3131 3325 hujusmodi
3178 3258 3420 3311 volentes
3452 3257 3643 3321 timeri,

2076 3349 2230 3418 dejici
2259 3349 2326 3403 ab
2355 3346 2532 3402 oflicio
2562 3363 2659 3402 suo
2691 3349 3047 3417 prmcipimus,
3089 3347 3213 3416 quia
3256 3363 3516 3415 nusquam
3544 3362 3644 3401 nos

2078 3444 2180 3498 boc
2225 3442 2483 3496 Dominus
2531 3440 2733 3496 docuit.
2786 3439 3097 3495 Econtrario
3146 3456 3272 3496 vero
3325 3441 3477 3509 ipse,
3525 3454 3647 3495 cum

2078 3541 2463 3604 percuteretur,
2496 3548 2603 3585 non
2626 3532 3048 3600 repercutiebat;
3073 3546 3192 3585 cum
3220 3532 3647 3598 malediceretur,

2078 3640 2187 3680 non
2213 3623 2625 3679 remaledicebat
2659 3640 2674 3690 ;
2723 3637 2843 3678 cum
2874 3631 3168 3692 pateretur,
3210 3639 3317 3679 non
3345 3625 3643 3679 commina-

2079 3717 2254 3771 batur.

2081 3804 2231 3870 Quod
2292 3807 2510 3876 oﬂicium
2581 3805 2855 3875 pristinum
2909 3804 3140 3876 damnati
3198 3822 3292 3875 pro
3353 3804 3649 3859 criminibus

2541 3889 2793 3943 usurpare
2820 3891 2921 3927 non
2953 3874 3186 3926 debeant.

2150 3964 2337 4020 XXIX.
2368 3965 2425 4020 Si
2448 3966 2568 4035 quis
2597 3965 2904 4034 episcopus,
2941 3973 3032 4019 aut
3076 3966 3374 4037 presbyter,
3410 3974 3503 4020 aut
3531 3965 3647 4021 dia-

2080 4073 2248 4114 conus
2272 4057 2545 4128 depositus
2580 4057 2724 4127 juste
2751 4074 2909 4126 super
2936 4059 3097 4112 certis
3128 4059 3455 4125 criminibus,
3490 4074 3648 4114 ausus

2080 4148 2241 4205 fuerit
2269 4156 2560 4205 attrectare
2609 4151 2959 4204 ministerium
3006 4150 3205 4205 dudum
3254 4152 3353 4206 sibi
3398 4152 3649 4206 comatis-

2081 4257 2223 4300 sum.
2252 4241 2340 4295 hic
2361 4243 2428 4296 ab
2458 4241 2691 4296 Ecclesia
2724 4243 2937 4311 penitus
2965 4242 3321 4297 abscindatur.

2133 4349 2285 4415 Quod
2349 4368 2451 4405 non
2507 4352 2722 4405 debeant
2768 4354 2933 4473 agi-cia
2984 4354 3327 4407 ecclesiastica
3372 4355 3599 4423 pecuniis

2756 4440 2785 4473 ο
2823 4425 2992 4473 (tueri.

2756 4433 2992 4476 oDttueri.

2153 4512 2314 4567 XXX.
2372 4513 2429 4568 Si
2458 4514 2575 4585 quis
2605 4515 2905 4584 episcopus,
2957 4522 3049 4567 aut
3078 4513 3378 4585 presbyter,
3420 4522 3511 4567 aut
3539 4513 3652 4567 dia-

2082 4617 2253 4659 conus
2301 4618 2397 4673 per
2443 4604 2694 4672 pecunias
2767 4604 2905 4657 hanc
2966 4604 3258 4657 obtinuerit
3307 4603 3650 4670 dignitatem,

2081 4694 2363 4763 dejieiatur
2384 4700 2437 4747 et
2459 4686 2595 4762 ipse,
2611 4701 2666 4747 et
2690 4694 2967 4747 ordinator
2989 4694 3126 4762 ejus,
3151 4703 3203 4748 et
3226 4710 3253 4746 a
3277 4695 3653 4749 communione

2080 4783 2253 4837 modis
2282 4782 2528 4838 omnibus
2562 4782 2925 4849 abscindatur,
2978 4786 3117 4837 sicut
3159 4782 3342 4837 Simon
3388 4785 3573 4853 Magus
3620 4798 3650 4836 a

2080 4869 2260 4926 Petro.

2143 4982 2211 5036 Ut
2238 4982 2471 5037 Ecclesia
2498 4983 2734 5038 swculari
2761 4984 2991 5054 potentia
3020 4986 3228 5038 minime
3255 4972 3586 5053 pet-radatur.

2156 5071 2340 5127 XXXI.
2372 5072 2429 5127 Si
2469 5074 2588 5142 quis
2628 5074 2912 5143 episcopus
2940 5074 3117 5128 szcculi
3149 5076 3502 5144 potestatibus
3530 5090 3655 5130 usus

2086 5161 2379 5219 Ecclesiam
2422 5180 2519 5233 per
2555 5166 2698 5233 ipsos
2727 5165 2990 5234 obtineat,
3021 5166 3339 5235 deponatur,
3393 5177 3447 5221 et
3474 5181 3657 5235 segre-

2081 5263 2273 5322 gentur
2301 5270 2487 5309 omnes
2514 5257 2603 5324 qui
2636 5256 2708 5310 illi
2735 5258 3155 5312 communicant.

2080 5365 2160 5420 De
2191 5369 2484 5439 presbytero
2530 5370 2613 5440 qui
2645 5377 2825 5422 contra
2854 5370 3144 5438 episc0pum
3175 5386 3405 5425 seorsum
3434 5385 3655 5426 converto

2501 5450 2578 5492 tus
2608 5455 2922 5509 congregare
2950 5442 3236 5495 tentaverit.

2153 5527 2362 5583 XXXII.
2402 5530 2457 5585 Si
2486 5530 2604 5600 quis
2632 5530 2932 5600 presbyter,
2963 5539 3312 5587 contemnens
3340 5532 3651 5602 episcopum

3520 242 3618 295 Hi
3697 244 3702 252 ’
