4040 6202
390 390 491 445 Hb

1347 385 1571 441 CODEX
1604 386 1928 443 CXNONUM
1968 386 2661 447 ECCLESIASTIGORUM.

3535 403 3637 459 I48

301 516 309 523 '
387 518 562 565 suum,
614 516 855 557 seorsum
897 500 1189 568 collegerit,
1232 510 1285 554 et
1328 501 1496 555 altare
1525 500 1664 554 aliud
1693 500 1951 564 erexerit,
1986 503 2029 559 Α
2064 496 2130 550 Ut
2170 507 2367 553 tantum
2416 518 2592 555 curam
2642 519 2833 583 rerum
2858 507 3320 562 ecclesiasticarum
3369 512 3633 583 cpiscopus

387 597 517 649 nihil
546 595 773 659 habens,
795 593 937 661 quod
964 591 1317 661 reprehendat
1345 592 1653 661 episc0pum
1695 592 1749 645 in
1792 607 1955 645 causa

388 686 601 757 pietatis
648 692 705 737 et
742 678 996 747 iustitiae,
1047 682 1371 751 deponatur,
1422 682 1573 749 quasi
1619 682 1955 750 principatus

388 788 597 831 amator
616 777 869 841 existens,
897 784 978 830 est
997 776 1138 830 enim
1164 784 1443 845 tyrannus;
1473 784 1527 829 et
1545 775 1723 829 caeteri
1745 773 1953 839 clerici,

388 869 696 936 quicunque
733 866 822 919 tali
865 864 1226 927 consentiunt,
1252 861 1608 932 deponantur,
1659 863 1782 917 laici
1825 878 1955 918 vero

387 966 757 1025 segregentur.
809 954 933 1009 limo
984 962 1161 1008 autem
1188 964 1313 1022 post
1342 970 1519 1018 unam,
1571 962 1625 1007 et
1649 952 1959 1019 secundam,

389 1058 445 1102 et
474 1048 683 1102 tertiam
713 1045 952 1115 episcopi
980 1044 1391 1098 obtestationem
1420 1042 1534 1098 ﬁeri
1563 1042 1871 1097 conveniet.

463 1160 613 1224 Quod
642 1161 814 1213 clerici
844 1160 1076 1212 damnati
1105 1174 1208 1211 non
1229 1157 1447 1211 debeant
1474 1156 1537 1211 ab
1560 1159 1679 1211 aliis
1708 1156 1883 1227 recipi.

464 1271 693 1325 XXXIII.
728 1272 783 1325 Si
813 1271 932 1340 quis
960 1270 1257 1341 presbyter,
1312 1279 1403 1323 aut
1444 1268 1703 1323 diaconus
1748 1270 1814 1324 ab
1853 1270 1966 1338 epi-

392 1378 563 1430 scopo
590 1377 687 1415 suo
716 1368 1045 1429 segregetur,
1071 1360 1212 1412 hunc
1237 1374 1344 1412 non
1370 1358 1529 1411 licere
1551 1358 1617 1410 ab
1648 1358 1752 1411 alio
1775 1359 1965 1426 recipi,

393 1453 485 1508 sed
515 1453 581 1506 ab
610 1453 748 1520 ipso,
795 1452 882 1520 qui
934 1466 1057 1505 enin
1107 1458 1562 1518 sequestraverat,
1595 1450 1698 1503 nisi
1743 1450 1967 1505 forsitan

394 1543 596 1598 obierit
624 1543 904 1612 episcopus
934 1542 1070 1611 ipse,
1120 1542 1211 1609 qui
1253 1557 1374 1596 eum
1421 1554 1731 1610 scgregasse
1768 1556 1969 1611 cogno-

393 1643 585 1687 θρίων.

400 1741 470 1798 Ut
495 1742 667 1795 nullus
694 1742 979 1810 episcOpns,
1007 1738 1288 1811 presbyter,
1310 1747 1398 1793 aut
1426 1740 1671 1795 diaconus
1695 1741 1804 1796 sine
1824 1759 1966 1798 com-

730 1810 1042 1864 mendatitiis
1068 1810 1378 1879 suscipiatur
1405 1811 1650 1878 epistolis.

469 1921 709 1977 XXXIV.
750 1921 934 1975 Nullus
970 1921 1343 1990 episcoporum
1389 1921 1821 1989 peregrinorum,
1878 1930 1971 1977 aut

401 2017 859 2088 presbyterorum,
883 2022 975 2067 aut
999 2013 1369 2079 diaconorum,
1393 2013 1507 2067 sine
1524 2013 1974 2070 commendatitiis

400 2108 729 2177 suscipiatur
756 2105 1017 2175 epistolis,
1048 2113 1104 2158 et
1130 2120 1251 2158 cum
1273 2104 1474 2173 scripta
1512 2104 1821 2172 detulerint,
1860 2104 1973 2160 dis-

402 2200 677 2255 cutiantur
705 2198 979 2258 attentius,
1012 2205 1069 2251 et
1118 2197 1191 2250 ita
1220 2196 1597 2266 suscipiantur,
1645 2196 1689 2251 si
1718 2197 1976 2265 prmdica—

405 2301 551 2344 tores
579 2289 796 2358 pietatis
843 2287 1145 2342 exstiterim
1190 2288 1385 2351 minus,
1436 2301 1537 2341 nec
1565 2301 1685 2356 qua:
1728 2296 1853 2341 sunt
1881 2303 1977 2343 ne-

406 2381 643 2437 cessaria
674 2379 1143 2433 subministrentur
1190 2378 1288 2443 eis,
1334 2386 1388 2432 et
1432 2376 1500 2431 ad
1545 2379 1976 2432 communionem

405 2473 712 2526 nullatenus
732 2469 1101 2537 admittantur,
1130 2469 1253 2537 quia
1278 2483 1373 2538 per
1393 2468 1791 2540 subreptionem
1811 2469 1978 2524 multa

408 2558 753 2630 proveniunt.
1276 2564 1277 2567 ‘

827 2672 901 2724 De
930 2672 1155 2741 primatu
1183 2670 1553 2739 episcoporum.

481 2784 687 2839 XXXV.
724 2782 1016 2852 Episcopos
1043 2780 1281 2849 gentium
1309 2780 1639 2847 singularum
1682 2780 1821 2835 scire
1849 2795 1981 2835 con-

412 2878 579 2942 venit,
611 2875 730 2943 quis
771 2875 912 2927 inter
944 2887 1037 2925 eos
1065 2872 1267 2940 primus
1314 2870 1593 2935 habeatur,
1646 2886 1808 2939 quem
1838 2870 1983 2925 velut

413 2976 575 3035 caput
614 2962 943 3029 existiment,
986 2967 1040 3015 et
1068 2961 1194 3014 nihil
1228 2960 1455 3028 amplius
1482 2969 1677 3029 praeter
1713 2959 1828 3029 ejus
1858 2975 1983 3015 con-

414 3057 693 3113 scientiam
720 3063 926 3123 gerant,
958 3069 1117 3122 quam
1148 3053 1237 3107 illa
1278 3053 1392 3107 sola
1434 3053 1645 3119 singuli,
1678 3068 1795 3121 quae
1824 3069 1984 3123 paro-

416 3150 550 3202 chirc
580 3147 825 3216 propriae,
869 3154 923 3199 et
952 3145 1091 3199 villis
1121 3160 1237 3213 quae
1264 3145 1360 3199 sub
1384 3160 1449 3199 ea
1474 3153 1615 3210 sunt,
1648 3153 1981 3215 competunt,

2747 573 2948 628 habeat.

2133 678 2368 734 XXXIX.
2401 680 2646 737 Omnium
2676 687 3011 754 negotiorum
3041 692 3521 749 ecclesiasticorum
3551 712 3635 751 cn-

2062 786 2176 824 ram
2208 773 2490 843 episcopus
2513 775 2732 844 habeat,
2764 787 2816 832 et
2844 795 2907 834 ea
2934 781 3078 835 velut
3097 784 3209 839 Deo
3237 788 3635 857 contemplanto

2063 861 2353 932 dispenset,
2390 881 2487 921 nec
2524 868 2575 921 ei
2618 868 2777 923 liceat
2806 886 2872 925 ex
2906 873 2990 927 his
3032 874 3229 943 aliquid
3258 879 3475 934 omnino
3504 896 3635 934 con-

2065 955 2290 1022 tingere,
2320 967 2411 1011 aut
2439 960 2751 1028 parentibus
2778 964 3026 1033 propriis,
3071 980 3189 1034 qua:
3216 967 3309 1023 Dei
3339 979 3478 1033 sunt,
3508 987 3637 1025 con-

2068 1048 2290 1103 donare.
2325 1050 2477 1116 Quod
2506 1052 2550 1106 si
2580 1066 2842 1123 pauperes
2871 1064 3013 1122 sunt,
3038 1066 3285 1127 tanquam
3316 1062 3637 1130 pauperibus

2068 1139 2452 1207 subministret,
2492 1156 2593 1197 nec
2620 1156 2805 1197 eorum
2844 1146 3126 1203 occasione
3148 1147 3400 1204 Ecclesia:
3424 1154 3636 1220 negotia

2068 1229 2458 1298 depnedentur.

2072 1340 2150 1395 De
2178 1342 2427 1413 dignitate
2466 1346 2741 1414 pontiﬁcis,
2764 1351 2999 1471 (ethluod
3028 1369 3195 1406 rerum
3219 1371 3426 1409 suarum
3453 1356 3637 1410 habent

2694 1434 2757 1471 vo
2781 1436 2833 1471 es
2858 1437 2887 1471 a
2913 1438 3009 1471 em.

2693 1434 3009 1487 patestatem.

2138 1517 2248 1572 XL.
2282 1518 2587 1593 Presbyteri
2617 1533 2671 1578 et
2698 1525 2908 1581 diaconi
2939 1540 3131 1597 praeter
3157 1518 3466 1602 episcopum
3508 1535 3639 1588 nihil

2069 1621 2228 1675 agere
2255 1618 2581 1679 pertentent.
2613 1614 2743 1667 Nam
2773 1615 2981 1670 Domini
3003 1620 3228 1689 populus
3258 1621 3356 1690 ipsi
3385 1624 3639 1677 commis-

2069 1714 2159 1754 sus
2182 1709 2283 1764 est,
2332 1710 2388 1756 et
2429 1719 2527 1771 pro
2556 1706 2833 1761 animabus
2873 1723 3060 1763 eorum
3097 1711 3186 1766 hic
3228 1712 3531 1769 redditurus
3562 1723 3641 1768 est

2070 1790 2355 1846 rationem.
2386 1791 2506 1847 Sint
2533 1803 2711 1850 autem
2735 1797 3031 1853 manifesta:
3050 1817 3136 1855 res
3159 1804 3384 1875 propriae
3406 1805 3639 1874 episcOpi

2007 1866 2054 1925 B
2082 1876 2149 1947 (si
2167 1885 2346 1934 tamen
2372 1880 2534 1935 habet
2561 1883 2847 1953 prOprias),
2869 1892 2923 1939 et
2944 1866 3234 1943 manifesta:
3254 1866 3560 1955 Dominictr,
3585 1866 3642 1949 ut

2074 1977 2396 2039 potestatem
2434 1972 2646 2038 habeat,
2687 1974 2755 2028 de
2791 1978 3021 2045 propriis
3066 1981 3300 2035 moriens
3336 1982 3640 2051 episcopus,

2074 2058 2216 2113 sicut
2255 2060 2506 2125 voluerit,
2550 2068 2604 2115 et
2632 2063 2824 2131 quibus
2851 2066 3081 2120 voluerit
3118 2068 3507 2139 derelinquere.
3538 2069 3644 2124 Nec

2076 2148 2177 2203 sub
2204 2147 2487 2203 occasione
2514 2149 2995 2207 ecclesiasticarum
3023 2170 3220 2221 rerum,
3261 2172 3379 2225 qua:
3407 2159 3643 2228 episcopi

2076 2250 2197 2292 esse
2220 2237 2536 2306 probantur,
2569 2239 2917 2307 intercidant;
2964 2242 3205 2298 fortassis
3233 2246 3372 2298 enim
3401 2254 3491 2299 aut
3513 2262 3645 2300 uso-

2078 2344 2193 2384 rem
2221 2328 2401 2394 habet,
2428 2338 2522 2384 aut
2550 2329 2705 2399 filios,
2738 2341 2830 2386 aut
2856 2334 3208 2404 pr0pinquos,
3234 2345 3326 2390 aut
3354 2351 3557 2391 servos.
3581 2336 3646 2393 Et

2073 2418 2275 2489 justum
2306 2426 2390 2474 est
2416 2420 2521 2475 hoc
2548 2421 2686 2491 apud
2730 2422 2898 2477 Deum
2929 2430 2983 2478 et
3019 2424 3283 2494 homines,
3321 2436 3381 2480 ut
3418 2441 3517 2482 nec
3543 2425 3646 2481 Ec-

2079 2511 2243 2567 clesia
2271 2509 2649 2567 detrimentum
2675 2513 2931 2582 patiatur,
2954 2514 3287 2583 ignoratione
3312 2532 3488 2570 rerum
3512 2531 3647 2586 pon-

2081 2600 2259 2666 titicis,
2291 2614 2390 2655 nec
2411 2600 2715 2671 episcopus,
2739 2602 2824 2657 vel
2851 2602 2967 2672 ejus
2993 2604 3275 2675 propinqui
3302 2607 3401 2661 sub
3429 2606 3649 2661 obtentu

2082 2689 2332 2745 Ecclesiae
2352 2690 2773 2759 proscribantur,
2803 2699 2857 2746 et
2883 2692 2935 2746 in
2963 2708 3154 2748 causas
3182 2694 3432 2760 incidant,
3464 2696 3555 2763 qui
3585 2696 3650 2750 ad

2083 2798 2204 2838 eum
2232 2783 2522 2853 pertinent,
2571 2797 2823 2853 morsque
2850 2783 2966 2855 ejus
2993 2784 3203 2856 injuriis
3240 2793 3294 2841 et
3321 2788 3472 2841 malae
3498 2786 3650 2841 fama:

2086 2875 2383 2945 subjaceat.

2088 2983 2237 3049 Quod
2264 2987 2528 3060 episcopus
2559 2987 3020 3060 ecclesiasticarum
3070 3006 3235 3043 rerum
3265 3005 3357 3058 pro
3388 2989 3650 3060 dispensa-

2367 3057 2504 3109 tione
2533 3072 2810 3127 pauperum
2839 3058 3022 3111 habeat
3049 3057 3367 3128 potestatem.

2160 3163 2288 3219 XLI.
2320 3163 2663 3235 Prmcipimus
2708 3173 2767 3219 ut
2822 3166 2875 3219 in
2922 3174 3185 3235 potestate
3231 3183 3326 3220 sua
3373 3166 3653 3236 episcopus

414 3239 508 3291 sed
537 3253 636 3291 nec
670 3237 758 3289 ille
789 3244 981 3306 praeter
1007 3236 1245 3288 omnium
1292 3235 1675 3289 conscientiam
1704 3234 1862 3289 faciat
1888 3235 1985 3288 aIi—
2011 3229 2056 3294 C
2086 3252 2339 3309 Ecclesia,
2374 3268 2462 3308 res
2490 3229 2713 3308 habeat.
2746 3253 2803 3308 Si
2837 3229 2981 3308 eni'm
3017 3255 3204 3309 animm
3230 3229 3503 3309 homin'um
3531 3229 3654 3325 ρ’τθ,

416 3328 567 3399 quid,
595 3329 672 3382 sic
700 3328 839 3381 enim
863 3326 1182 3380 unanimitas
1204 3326 1324 3391 erit,
1352 3333 1405 3381 et
1430 3324 1818 3397 gloriﬁcabitur
1846 3326 1988 3381 Deus

419 3435 515 3487 per
544 3417 811 3471 Christum
842 3417 893 3468 in
924 3414 1125 3485 Spiritu
1152 3424 1359 3470 sancto.

422 3550 571 3615 Quod
600 3567 703 3605 non
734 3549 887 3603 liceat
914 3550 1205 3619 episcopum
1226 3550 1279 3602 in
1299 3551 1469 3603 aliena
1495 3549 1756 3619 provincia
1777 3549 1988 3604 clericos

1073 3620 1334 3673 ordinare.

493 3732 731 3786 XXXVI.
763 3732 1079 3802 Episcopum
1128 3748 1235 3785 non
1282 3731 1481 3786 audere
1524 3738 1678 3785 extra
1726 3733 1984 3789 terminos

424 3825 671 3894 proprios
699 3823 1066 3876 ordinationes
1110 3820 1290 3876 facere
1328 3822 1380 3874 in
1421 3821 1730 3876 civitatibus
1773 3831 1827 3877 et
1856 3822 1992 3877 viIIis

422 3930 541 3983 qua:
567 3915 640 3967 illi
668 3914 815 3967 nullo
835 3914 954 3981 jure
980 3913 1235 3980 subjectae
1263 3920 1389 3967 sunt
1422 3933 1435 3964 :
1477 3913 1525 3967 si
1546 3928 1673 3967 vero
1704 3913 1985 3968 convictus

424 4007 581 4060 fuerit
613 4005 717 4059 hoc
770 4004 961 4058 fecisse
993 4012 1186 4073 praeter
1232 4018 1416 4058 eorum
1466 4004 1852 4058 conscientiam
1899 4003 1990 4072 qui

424 4102 666 4154 civitates
693 4100 835 4167 ipsas
864 4107 915 4153 et
944 4099 1091 4152 villas
1136 4097 1397 4164 detinent,
1429 4103 1483 4150 et
1510 4097 1624 4166 ipse
1668 4096 1989 4166 deponatur,
2038 4124 2041 4127 -

424 4202 478 4246 et
505 4193 594 4261 qui
624 4193 693 4244 ab
722 4192 813 4245 illo
851 4201 970 4245 sunt
999 4190 1246 4244 ordinati.

671 4303 751 4357 De
778 4304 1031 4358 ordinatis
1060 4305 1334 4375 episcopis,
1374 4321 1466 4357 nec
1501 4304 1739 4375 receptis.

496 4417 747 4473 XXXVII.
772 4417 828 4472 Si
849 4417 966 4487 quis
986 4417 1267 4487 episc0pus
1300 4432 1407 4471 non
1422 4416 1720 4485 susceperit
1736 4415 1992 4479 ofﬁcium,

424 4518 479 4561 et
506 4523 685 4561 curam
715 4506 899 4576 populi
939 4505 1039 4559 sibi
1068 4505 1411 4560 commissam
1436 4543 1451 4570 ,
1501 4505 1589 4558 hic
1618 4505 1993 4560 communione

424 4600 680 4668 privetur,
710 4596 1059 4667 quoadusque
1100 4597 1402 4652 consentiat
1446 4596 1803 4651 obedientiam
1841 4612 1993 4651 com-

425 4690 692 4756 modans;
725 4690 967 4743 similiter
1004 4697 1182 4744 autem
1212 4696 1267 4742 et.
1293 4689 1572 4759 presbyter
1607 4696 1662 4742 et
1714 4687 1990 4742 diaconus.

427 4782 484 4837 Si
514 4798 641 4836 vero
671 4781 988 4850 perrexerit,
1020 4796 1120 4836 n-.c
1141 4788 1388 4849 receptus
1418 4780 1605 4847 fuerit,
1637 4796 1743 4834 non
1773 4796 1871 4848 pro
1900 4795 1994 4834 sua

426 4874 711 4938 sententia,
739 4872 833 4927 sed
860 4888 959 4942 pro
988 4872 1191 4925 malitia
1220 4873 1405 4942 populi
1431 4890 1441 4924 :
1490 4874 1601 4941 ipse
1630 4872 1844 4941 quidem
1878 4887 1995 4925 ma-

430 4974 552 5017 neat
579 4964 904 5032 episcopus;
952 4962 1134 5018 clerici
1168 4977 1299 5017 vero
1350 4962 1581 5016 civitatis
1618 4961 1997 5016 communione

430 5059 725 5128 priventur,
747 5073 812 5112 eo
832 5058 976 5127 quod
995 5057 1292 5112 eruditores
1315 5056 1669 5113 inobedientis
1687 5055 1867 5127 populi
1891 5070 1998 5109 non

430 5150 662 5207 fuerunt.

698 5261 765 5317 Ut
786 5261 862 5315 bis
889 5262 941 5315 in
969 5278 1107 5315 anno
1133 5261 1353 5315 concilia
1381 5259 1717 5313 celebrentur.

500 5373 776 5429 XXXVIII.
808 5374 895 5429 Bis
924 5374 975 5428 in
1007 5389 1148 5427 anno
1186 5374 1562 5443 episcoporum
1592 5371 1814 5426 concilia
1854 5371 1999 5427 cele-

433 5466 685 5531 brentur;
715 5472 772 5518 ut
800 5465 937 5517 inter
962 5480 1019 5517 se
1048 5464 1272 5518 invicem
1298 5463 1545 5529 dogmata
1577 5461 1793 5531 pictatis
1819 5461 2004 5531 explo-

431 5565 568 5621 rent,
600 5565 653 5609 et
684 5563 1017 5623 emergentes
1046 5555 1431 5610 ecclesiasticas
1451 5555 1821 5609 contentiones
1850 5569 2001 5608 amo-

434 5654 592 5698 veant
614 5662 628 5697 :
652 5644 817 5699 semel
848 5643 1059 5711 quidem
1090 5650 1276 5712 quarta
1296 5644 1591 5711 septimana
1620 5641 1962 5697 Pentecostes
1986 5660 2000 5706 ;

431 5734 665 5790 secundo
682 5749 812 5790 vero
831 5733 900 5787 η
919 5734 1004 5787 die
1032 5734 1227 5787 mensis
1248 5732 1667 5801 Hyperberctmi,
1688 5733 1739 5789 id
1761 5741 1840 5790 est
1849 5732 2001 5803 juxta

433 5825 705 5883 Romanos
728 5834 920 5899 quarto
951 5824 1069 5879 idus
1096 5822 1359 5881 Octobris.

2089 3346 2240 3399 tiosae
2268 3343 2343 3397 illi
2373 3352 2496 3398 sunt
2516 3343 2749 3412 creditre,
2788 3344 2956 3399 multo
2983 3345 3149 3415 magis
3178 3353 3390 3414 oportet
3416 3360 3537 3400 eum
3566 3362 3655 3399 cu-

2089 3451 2203 3490 ram
2234 3435 2579 3503 pecuniarum
2608 3450 2814 3504 gerere,
2856 3437 2927 3490 ita
2968 3446 3027 3492 ut
3062 3446 3327 3508 potestate
3365 3440 3480 3507 ejus
3519 3439 3656 3493 indi-

2088 3524 2334 3594 gentibus
2378 3524 2557 3579 omnia
2622 3524 2995 3594 dispensentur
3051 3541 3149 3595 per
3201 3527 3542 3598 presbyteros
3605 3536 3657 3583 et

2090 3619 2368 3683 diaconos,
2396 3624 2451 3672 et
2478 3632 2597 3672 cum
2625 3620 2837 3684 timore,
2861 3620 3110 3687 omnique
3130 3618 3482 3674 sollicitudine
3503 3619 3656 3673 mini-

2088 3717 2342 3764 strentur.
2362 3707 2441 3762 Ex
2468 3708 2551 3762 his
2567 3716 2745 3763 autem
2769 3724 2887 3779 quae
2916 3710 3115 3778 indiget
3136 3711 3199 3781 (si
3229 3719 3405 3764 tamen
3437 3711 3658 3781 indiget)

2090 3798 2156 3854 ad
2172 3814 2295 3854 suas
2310 3799 2675 3863 necessitates,
2694 3807 2749 3853 et
2772 3798 2839 3852 ad
2866 3800 3267 3868 peregrinorum
3296 3799 3517 3853 fratrum
3536 3812 3657 3853 usus

2092 3889 2207 3958 ipse
2229 3888 2509 3956 percipiat,
2536 3897 2594 3941 ut
2616 3888 2747 3942 nihil
2772 3888 2849 3941 eis
2874 3888 3043 3955 possit
3070 3889 3288 3942 omnino
3316 3888 3521 3941 deesse.
3550 3887 3657 3943 Lex

2093 3978 2234 4033 enim
2254 3976 2348 4030 Dei
2388 3977 2648 4045 praecipit,
2673 3985 2733 4030 ut
2758 3979 2850 4044 qui
2879 3976 3033 4029 altari
3058 3975 3382 4039 deserviunt,
3403 3975 3469 4029 de
3504 3976 3658 4029 altari

2095 4074 2399 4136 pascantur,
2456 4066 2577 4134 quia
2610 4081 2711 4121 nec
2734 4065 2886 4120 miles
2912 4064 3189 4136 stipendiis
3221 4066 3448 4136 propriis
3472 4073 3658 4121 contra

2096 4156 2278 4209 hostes
2306 4169 2452 4208 arma
2481 4155 2712 4209 sustulit.

2098 4262 2247 4327 Quod
2292 4269 2581 4335 episcopus,
2624 4268 2903 4335 presbyter,
2960 4273 3009 4319 et
3044 4265 3314 4330 diaconus,
3371 4268 3577 4320 aleator.
3614 4278 3661 4321 et

2512 4334 2739 4388 ebriosus
2769 4351 2878 4387 esse
2906 4351 3007 4389 non
3038 4336 3235 4388 debeat.

2170 4444 2326 4499 XLII.
2380 4444 2699 4513 Episcopus,
2748 4452 2841 4499 aut
2893 4445 3209 4516 presbyter,
3265 4454 3355 4499 aut
3407 4446 3663 4502 diaconus

2099 4535 2231 4589 aleae
2278 4542 2437 4603 atque
2483 4534 2729 4589 ebrietati
2775 4534 3110 4603 deserviens,
3167 4543 3259 4590 aut
3295 4535 3530 4603 desinat,
3571 4544 3664 4591 aut

2099 4638 2245 4685 certe
2273 4628 2577 4683 damnetur.

2104 4736 2355 4792 Similiter
2383 4735 2556 4790 clerici
2576 4745 2625 4789 et
2654 4737 2791 4817 laict,
2814 4738 2860 4790 si
2882 4739 3255 4819 permanserint
3281 4738 3334 4791 in
3363 4738 3499 4802 alea,
3521 4753 3664 4793 com-

2607 4823 2843 4874 munione
2869 4820 3145 4874 prwentur.

2171 4916 2349 4971 XLllI.
2382 4915 2772 4986 Subdiaconus,
2796 4927 2888 4972 aut
2913 4919 3099 4981 lector,
3131 4928 3222 4972 aut
3242 4926 3446 4983 cantor,
3472 4920 3664 4976 similia

2102 5005 2323 5074 faciens,
2346 5014 2436 5061 aut
2460 5007 2688 5077 desinat,
2711 5017 2803 5064 aut
2822 5014 3196 5064 communione
3223 5010 3485 5080 privetur;
3515 5014 3664 5069 simi-
3698 5076 3699 5079 η

2100 5098 2223 5152 liter
2249 5099 2408 5152 etiam
2437 5099 2581 5154 laici.

2103 5207 2253 5273 Quod
2280 5211 2563 5281 episcopus,
2595 5210 2875 5281 presbyter,
2918 5220 3006 5292 aut
3045 5211 3293 5265 diaconus
3321 5229 3423 5266 non
3453 5214 3669 5268 debeant

2657 5297 2841 5334 usuras
2870 5296 3115 5343 acapere.

2173 5369 2353 5425 XLIV.
2385 5368 2700 5439 Episcopus,
2725 5378 2818 5423 aut
2846 5371 3140 5441 presbyter,
3167 5380 3257 5425 aut
3277 5372 3529 5427 diaconus
3551 5389 3669 5428 usu-

2104 5476 2191 5515 ras
2233 5477 2263 5514 a
2291 5461 2621 5515 debitoribus
2667 5462 2905 5529 exigens,
2955 5472 3047 5517 aut
3093 5464 3337 5530 desinat,
3385 5473 3479 5521 aut
3523 5471 3671 5520 certo

2104 5554 2405 5608 damnetur.

2107 5662 2254 5728 Quod
2297 5678 2397 5715 non
2432 5661 2611 5715 debeat
2649 5663 2933 5735 episcopus,
2982 5664 3259 5735 presbyter,
3302 5674 3391 5721 aut
3425 5667 3671 5724 diaconus

2588 5749 2701 5785 cum
2730 5733 2979 5787 ltwreticis
3009 5733 3179 5788 orare.

2178 5817 2333 5877 XLV.
2366 5817 2679 5892 Episcopus,
2728 5822 3004 5896 presbyter
3030 5832 3086 5881 et
3113 5823 3383 5892 diaconus,
3433 5825 3522 5894 qui
3553 5838 3675 5881 cum
3716 5872 3721 5875 .
