3982 6196
457 409 556 460 H1

1717 399 2066 455 DIONYSIUS
2105 397 2422 453 EXIGUUS.

3600 397 3696 452 ΗΒ

454 520 714 577 ιιωτειίςὶε
743 519 992 585 oraverit,
1024 516 1394 572 tantummodo
1433 517 1809 572 communione
1838 515 2014 584 prive-
2046 521 2094 571 Α
2124 509 2334 563 ιαὶεαηι
2380 509 2653 578 pellentem
2697 523 2842 559 suam
2890 521 3157 585 conjugcm
3205 507 3556 560 communione
3586 511 3694 577 pri-
3757 516 3760 520 '

455 619 580 664 tur:
612 611 657 663 si
708 624 836 662 vero
886 617 1137 678 tanquam
1184 607 1406 663 clericos
1451 607 1694 661 hortatus
1733 621 1826 662 eos
1865 604 2022 660 fuerit

458 712 634 770 agere,
667 701 748 754 vel
778 713 955 768 orare,
981 698 1280 754 damnetur.

460 869 608 934 Quod
641 885 744 924 non
786 869 1001 925 debeant
1036 867 1389 990 harezicoi'um
1441 865 1751 938 baptismum
1786 882 2024 935 compro-

1209 954 1307 990 an.

1209 954 1307 992 art.

526 1071 706 1126 XLVI.
735 1071 1076 1142 Episcopum,
1125 1079 1218 1124 aut
1255 1070 1622 1141 presbytertun
1653 1062 2021 1123 hmreticorum

457 1165 833 1232 suscipientem
884 1162 1147 1231 baptisma
1183 1161 1422 1215 damnari
1478 1159 1814 1230 prmcipimus
1855 1177 1867 1210 :
1904 1173 2022 1226 qua:

455 1254 597 1308 enim
615 1254 897 1308 conventio
913 1252 1110 1308 Christi
1138 1251 1204 1305 ad
1234 1251 1434 1305 Belial?
1465 1259 1557 1304 aut
1583 1257 1701 1319 quae
1728 1262 1853 1319 pars
1881 1247 2022 1303 ﬁdeli

453 1360 576 1401 cum
607 1345 850 1421 inﬁdeli?

457 1499 606 1564 Quod
654 1498 900 1552 Ecclesia!
937 1495 1242 1566 baptismate
1279 1496 1568 1566 baptizatus
1623 1493 1787 1566 denuo
1845 1493 2015 1566 bapti-

525 1570 634 1622 zari
663 1586 766 1622 non
805 1561 1012 1634 debeat,
1045 1575 1093 1618 et
1131 1581 1234 1619 non
1268 1561 1353 1618 ita
1381 1563 1665 1632 baptizatus
1703 1562 1882 1627 debeat
1923 1561 2016 1614 bd-

467 1690 473 1700 η
525 1639 732 1708 ptizari.

522 1768 722 1823 XLVII.
754 1767 1065 1839 Episcopus,
1115 1775 1206 1822 aut
1232 1765 1529 1837 presbyter,
1566 1765 1612 1818 si
1639 1777 1784 1831 eum,
1813 1764 1905 1834 qui
1933 1779 2018 1818 se-

451 1857 682 1912 cundum
708 1858 987 1913 veritatem
1017 1856 1261 1912 habuerit
1308 1855 1590 1924 baptisma,
1633 1853 1812 1908 denuo
1839 1853 2017 1922 bapti-

2782 577 3020 629 randum.

2197 665 2418 724 XLVIII.
2453 666 2510 722 Si
2548 669 2668 737 quis
2707 665 2874 721 laicus
2907 680 3129 720 uxorem
3175 667 3444 736 propriam
3491 667 3695 736 pellens

2123 761 2369 825 alteram,
2402 759 2484 814 vel
2509 759 2576 813 ab
2606 758 2710 813 alio
2753 757 3024 811 dhiiissam
3054 756 3288 824 duxerit,
3320 759 3695 813 eorumnnione

2121 855 2379 924 privetur.

2276 943 2425 1008 Quod
2452 945 2506 997 in
2535 943 2738 997 nomine
2769 940 3039 996 Trinitatis
3060 939 3239 994 debeat
3266 938 3536 1008 baptizari.

2141 1033 2148 1038 ’
2191 1035 2370 1090 XLIX.
2401 1035 2458 1089 Si
2487 1036 2606 1103 quis
2635 1034 2936 1104 episcOpus,
2967 1040 3057 1085 aut
3082 1031 3358 1101 presbyter
3387 1029 3534 1096 juxta
3559 1043 3693 1096 pm-

2121 1135 2334 1197 ceptum
2363 1126 2573 1180 Domini
2613 1140 2721 1179 non
2751 1122 3099 1192 baptizaverit
3145 1121 3196 1173 in
3255 1120 3468 1172 nomine
3498 1116 3688 1180 Patris,

2119 1226 2175 1273 et
2205 1217 2340 1280 Filii,
2369 1224 2424 1271 et
2451 1214 2682 1285 Spiritus
2710 1212 2898 1277 sancti,
2945 1211 3038 1266 sed
3089 1211 3138 1262 in
3191 1209 3358 1262 tribus
3387 1210 3502 1261 sine
3542 1208 3691 1261 initio

2121 1305 2412 1376 principiis,
2446 1311 2537 1358 aut
2567 1304 2618 1357 in
2649 1302 2816 1356 tribus
2846 1301 2884 1354 F
2890 1300 3012 1364 iliis,
3042 1306 3134 1352 aut
3163 1299 3216 1352 in
3247 1297 3412 1351 tribus
3441 1296 3691 1350 Paracle-

2121 1398 2207 1462 tis,
2240 1395 2538 1466 abjiciatur.

2122 1507 2270 1573 Quod
2310 1525 2412 1562 non
2443 1507 2621 1562 debeat
2647 1524 2749 1559 una
2790 1505 2975 1560 mersio
3005 1505 3058 1557 in
3089 1503 3412 1572 baptismate,
3455 1502 3603 1573 quasi
3637 1503 3689 1554 in

2533 1585 2696 1630 morte
2725 1574 2956 1640 Domini,
2991 1575 3273 1644 provenire.

2191 1667 2250 1722 L.
2283 1667 2340 1723 Si
2387 1667 2505 1737 quis
2548 1667 2862 1736 episcopus,
2909 1673 3001 1718 aut
3044 1662 3321 1733 presbyter
3369 1676 3473 1714 non
3500 1661 3690 1714 trinam

2121 1758 2444 1813 mersion‘em
2473 1757 2628 1812 unius
2652 1755 2888 1828 mysterii
2913 1753 3162 1817 celebret,
3189 1754 3281 1807 sed
3301 1751 3465 1806 semel
3485 1761 3691 1822 mergat

2123 1851 2176 1904 in
2205 1851 2547 1920 baptismate,
2585 1849 2728 1918 quod
2769 1847 2884 1902 dari
2925 1847 3134 1902 videtur
3163 1847 3213 1899 in
3245 1846 3452 1900 Domini
3498 1855 3689 1909 morte,

450 1948 670 2012 zaverit,
712 1955 806 2001 aut
853 1947 1117 2016 pollutum
1161 1945 1228 2000 ab
1277 1921 1451 2014 impiis
1494 1957 1602 1998 non
1645 1921 2013 2013 baptizaverit,
2051 1921 2098 1978 Β
2126 1940 2443 2010 deponatur.
2476 1939 2593 1993 Non
2622 1939 2771 1992 enim
2793 1938 2927 1992 dixit
2954 1937 3107 1991 nobis
3134 1934 3409 1999 Dominus,
3429 1934 3489 1988 In
3516 1925 3689 1993 morte

451 2036 770 2107 deponatur,
796 2046 1049 2105 tanquam
1075 2034 1323 2090 deridens
1351 2048 1562 2088 crucem
1586 2039 1646 2088 et
1669 2040 1899 2087 mortem
1921 2032 2020 2087 Do-

450 2129 598 2193 mini,
621 2142 721 2183 nec
744 2127 1055 2183 sacerdotes
1081 2141 1112 2179 ι
1140 2124 1286 2181 falsis
1309 2123 1675 2180 sacerdotibus
1689 2123 1810 2193 jure
1829 2121 2026 2178 discer-

447 2232 600 2279 nens.

2123 2045 2243 2085 mea
2271 2029 2562 2100 baptizate,
2589 2028 2707 2096 sed,
2737 2025 2938 2081 Euntes
2958 2026 3146 2080 docete
3173 2039 3358 2078 omnes
3379 2033 3582 2094 gentes,
3608 2023 3690 2076 ba-

2123 2121 2388 2191 ptizsntes
2417 2133 2513 2176 eos
2538 2117 2594 2174 in
2622 2119 2839 2174 nomine
2871 2115 3066 2182 Patris,
3113 2124 3168 2170 et
3195 2114 3335 2182 Filii,
3381 2124 3437 2168 et
3465 2112 3695 2183 Spiritus

2121 2203 2316 2268 sancti.

1428 2440 1789 2504 CANONES
1827 2437 2121 2502 NIC/‘ENI
2166 2435 2514 2499 CONCILII
2566 2434 2716 2496 XX.
3167 2422 3170 2424 ’

654 2653 734 2708 De
761 2653 1024 2717 eunuchis,
1052 2658 1101 2706 et
1127 2665 1434 2720 quum-pem
1463 2648 1810 2702 absciderunt.

517 2742 558 2797 I.
590 2742 646 2797 Si
687 2743 808 2812 quis
835 2757 865 2796 a
895 2741 1113 2797 medicis
1141 2755 1248 2812 per
1263 2740 1575 2809 languorem
1622 2738 1866 2794 desectus
1911 2745 2012 2800 est,

446 2843 538 2890 aut
564 2849 594 2888 a
622 2834 862 2889 barbaris
887 2833 1146 2900 abscisus,
1197 2832 1284 2886 hic
1331 2832 1384 2886 in
1413 2827 1572 2886 clero'
1599 2835 1928 2900 permaneat.
1957 2825 2014 2882 Si

447 2925 566 2993 quis
594 2931 773 2978 autem
807 2938 866 2979 se
891 2938 1051 2978 sanus
1073 2922 1315 2990 abscidit,
1346 2921 1509 2990 hunc,
1539 2929 1594 2976 et
1622 2921 1676 2974 in
1721 2919 1864 2974 clero
1887 2933 2015 2973 con-

447 3015 691 3070 stitutum
718 3014 974 3070 abstineri
1002 3015 1308 3083 conveniet,
1337 3021 1393 3069 et
1419 3012 1670 3082 deinceps
1697 3012 1902 3066 nullum
1922 3007 2014 3063 de—

443 3103 572 3160 bere
594 3105 775 3159 talium
802 3105 1128 3175 promoveri.
1157 3104 1309 3160 Sicut
1329 3113 1510 3159 autem
1532 3105 1635 3159 hoc
1655 3103 1843 3168 claret,
1867 3099 2010 3170 quod

441 3196 508 3252 de
534 3196 617 3252 his
643 3197 735 3264 qui
763 3197 900 3252 hanc
927 3211 1042 3250 rem
1093 3195 1362 3258 aﬁ‘ectant,
1409 3195 1495 3251 vel
1522 3194 1741 3260 audent,
1789 3208 1893 3263 qua
1921 3206 2010 3246 se-

442 3288 699 3356 metipsos
723 3287 998 3342 abscidere
1025 3287 1224 3341 dictum
1246 3288 1351 3341 sit:
1379 3287 1458 3341 sic
1478 3300 1593 3353 eos,
1619 3298 1755 3354 quos
1775 3292 1868 3337 aut
1887 3282 2010 3337 bar—
2039 3295 2082 3356 ρ

442 3377 578 3442 hari,
627 3386 719 3431 aut
762 3375 964 3432 domini
1010 3384 1410 3444 castraverunt;
1459 3375 1802 3430 inveniuntur
1829 3381 2007 3429 autem

441 3468 572 3524 alias
599 3466 913 3536 dignissimi,
940 3467 1074 3522 tales
1103 3466 1171 3522 ad
1196 3466 1398 3522 clerum
1425 3466 1645 3536 suscipit
1665 3464 1865 3536 regula.

439 3580 517 3636 De
537 3581 637 3650 his,
659 3581 747 3653 qui
773 3596 841 3636 ea:
863 3579 1155 3653 gentilibus,
1187 3589 1300 3650 post
1331 3581 1608 3650 baptisma,
1637 3567 1714 3632 ad
1733 3577 2005 3632 clericatus

904 3652 1137 3705 ordinem
1165 3659 1546 3722 promouentur.

506 3738 569 3794 II.
602 3739 864 3806 Quoniam
892 3739 1068 3810 plura,
1090 3748 1182 3795 aut
1209 3755 1305 3811 per
1329 3739 1724 3806 necessitatem,
1755 3747 1848 3794 aut
1872 3739 2008 3794 alias

433 3829 748 3898 cogentibus
776 3829 1107 3896 hominibus,
1140 3829 1395 3885 adversus
1422 3829 1838 3885 ecclesiasticam
1864 3828 2003 3884 facta

431 3927 556 3973 sunt
577 3918 836 3988 regulam,
863 3927 923 3974 ut
946 3919 1189 3976 homines
1218 3936 1285 3976 ex
1312 3922 1496 3990 gentili
1515 3924 1626 3977 vita
1657 3937 1828 3992 nuper
1852 3935 2006 3976 acce-

434 4007 621 4063 dentes
649 4007 715 4062 ad
741 4008 917 4074 ﬁdem,
967 4017 1023 4065 et
1062 4011 1350 4068 instructos
1367 4012 1528 4070 .brevi
1567 4021 1828 4081 tempore,
1877 4027 2003 4067 mox

433 4098 501 4153 ad
541 4100 807 4153 lavacrum
834 4100 1076 4168 spiritale
1103 4101 1479 4170 perducerent,
1528 4102 1793 4170 simulque
1817 4109 1876 4155 ut
1903 4100 2000 4155 ba-

431 4186 617 4254 ptizati
645 4195 789 4250 sunt,
815 4188 975 4240 etiam
1005 4187 1074 4242 ad
1094 4190 1478 4258 episcopatum,
1519 4191 1604 4244 vel
1633 4192 1699 4244 ad
1722 4191 2000 4260 presbyte-

429 4275 566 4332 rium
593 4285 975 4345 promoverent
1000 4295 1012 4330 :
1045 4279 1245 4346 optime
1274 4278 1491 4348 placuit,
1524 4279 1654 4333 nihil
1684 4279 1788 4334 tale
1818 4279 1886 4334 de
1915 4294 2000 4334 re—

428 4367 572 4433 liquo
597 4364 728 4420 ﬁeri.
758 4365 892 4420 Nam
920 4375 976 4422 et
1004 4374 1246 4436 tempore
1274 4383 1408 4437 Opus
1435 4376 1518 4423 est
1547 4369 1596 4423 ei
1641 4368 1732 4438 qui
1761 4369 2001 4425 catechi-

426 4459 601 4520 satur,
651 4460 707 4508 et
747 4463 868 4523 post
913 4456 1176 4525 baptisma
1217 4456 1538 4526 probatione
1583 4458 1994 4529 quamplurima.

424 4539 703 4603 Manifesta
733 4550 815 4598 est
854 4545 995 4598 enim
1024 4545 1318 4616 apostolica
1346 4545 1622 4617 Scriptura
1640 4587 1654 4612 ,
1687 4564 1805 4618 qua:
1833 4548 1992 4603 dicit:

2123 2642 2197 2697 De
2225 2643 2303 2696 his
2331 2643 2415 2712 qui
2445 2643 2512 2695 ad
2539 2650 2887 2711 episcopatum
2931 2643 2986 2696 in
3027 2639 3297 2710 provinciis
3327 2638 3685 2707 provehantur.

2189 2730 2276 2784 IV.
2307 2729 2627 2801 Episcopum
2659 2730 2911 2786 convenit
2936 2720 3166 2782 maxime
3187 2727 3402 2794 quidem
3431 2728 3497 2780 ab
3525 2727 3685 2780 omni-

2117 2822 2216 2877 bus
2246 2821 2336 2890 qui
2357 2829 2482 2876 sunt
2511 2822 2564 2876 in
2585 2819 2858 2891 provincia
2881 2819 3146 2889 episcopis
3161 2815 3488 2872 ordinari.Si
3508 2831 3682 2871 autem

2117 2913 2220 2967 hoc
2246 2909 2459 2968 diﬁicile
2485 2909 2664 2976 fuerit,
2695 2919 2787 2965 aut
2827 2917 3048 2982 propter
3076 2909 3362 2963 instantem
3397 2908 3683 2962 necessita-

2117 3010 2245 3065 tem,
2277 3011 2367 3055 aut
2395 3009 2614 3072 propter
2636 2998 2840 3055 itineris
2865 2997 3269 3066 longitudinem,
3316 2996 3485 3049 tribus
3506 3004 3684 3050 tamen

2118 3092 2438 3146 omnimodis
2463 3092 2515 3146 in
2537 3090 2766 3161 idipsum
2809 3087 3268 3152 convenientibus,
3300 3095 3354 3140 et
3378 3086 3682 3142 absentibus

2117 3196 2333 3252 quoque
2359 3182 2474 3250 pari
2497 3179 2660 3236 modo
2686 3178 3111 3244 decernentibus,
3135 3183 3189 3231 et
3221 3191 3319 3246 per
3339 3176 3536 3246 scripta
3564 3191 3681 3230 con-

2117 3269 2512 3336 sentientibus,
2564 3277 2692 3325 tunc
2739 3267 3005 3324 ordinatio
3069 3265 3386 3321 celebretur.
3439 3263 3681 3320 Firmitas

2112 3370 2291 3416 autem
2320 3376 2505 3416 eorum
2534 3375 2652 3430 qua:
2681 3368 2936 3428 geruntur
2962 3373 3056 3428 per
3096 3369 3527 3426 unamquamque
3556 3370 3679 3425 pro-

2111 3451 2361 3515 vinciam,
2393 3450 2804 3520 metrOpolitano
2829 3449 3088 3502 tribuatur
3111 3448 3382 3516 episcopo.

2612 3558 2692 3615 De
2719 3559 3189 3615 excommunicatis.

2181 3652 2245 3707 V.
2278 3653 2354 3708 De
2374 3653 2456 3707 his
2481 3652 2570 3722 qui
2603 3645 2976 3706 communione
2998 3650 3290 3720 privamur,
3308 3662 3402 3702 seu
3423 3661 3488 3700 ex
3509 3645 3673 3709 clero,

2107 3758 2206 3800 seu
2230 3758 2297 3797 ex
2322 3742 2458 3797 laico
2485 3742 2694 3809 ordine,
2725 3741 2792 3795 ab
2818 3741 3084 3810 episcopis
3125 3753 3221 3808 per
3250 3747 3676 3804 unamquamque

2107 3835 2461 3906 provinciam,
2503 3833 2772 3888 sententia
2823 3831 3081 3899 regularis
3109 3830 3344 3884 obtineat
3369 3847 3382 3882 :
3412 3836 3470 3882 ut
3499 3827 3552 3880 hi
3580 3827 3672 3896 qui

2106 3920 2428 3992 abjiciuntur
2454 3920 2520 3975 ab
2559 3920 2694 3984 aliis,
2725 3921 2792 3973 ab
2821 3920 2938 3973 aliis
2965 3933 3072 3972 non
3101 3918 3444 3986 recipiantur.
3473 3914 3673 3982 Requi-

2104 4017 2254 4065 ratur
2274 4017 2472 4078 autem,
2503 4023 2571 4064 ne
2599 4009 3053 4079 pusillanimitate,
3085 4014 3178 4061 aut
3204 4006 3564 4069 contentione,
3589 4002 3673 4057 vel

2105 4102 2212 4158 alio
2237 4101 2477 4170 quolibet
2511 4100 2748 4170 episcopi
2786 4099 2917 4154 vit-io
2943 4096 3186 4153 videatur
3209 4111 3240 4150 a
3261 4095 3674 4163 congregatione

2101 4192 2359 4246 seclusus.
2387 4189 2455 4244 Ut
2481 4191 2585 4245 hoc
2606 4202 2732 4258 ergo
2753 4188 3031 4244 decentius
3055 4186 3368 4254 inquiratur,
3394 4186 3529 4238 bene
3553 4183 3672 4253 pla-

2101 4281 2232 4345 cuit,
2263 4281 2417 4335 annis
2443 4280 2685 4348 singulis,
2731 4295 2826 4348 per
2865 4292 3292 4346 unamquamque
3340 4276 3670 4345 provinciam

2099 4369 2182 4426 bis
2210 4371 2264 4424 in
2292 4385 2433 4425 anno
2477 4369 2707 4424 concilia
2747 4367 3045 4424 celebrari:
3086 4376 3143 4420 ut
3171 4367 3522 4422 communiter
3549 4380 3670 4419 om-

2101 4463 2256 4518 nibus
2283 4462 2440 4517 simul
2465 4462 2729 4533 episctipis
2758 4460 3046 4531 provincia:
3084 4459 3439 4526 congregatis,
3491 4456 3671 4512 discu-

2099 4554 2302 4609 tiantur
2345 4553 2647 4624 hujusmodi
2675 4552 3018 4622 quaestiones.
3059 4549 3125 4604 Et
3154 4551 3249 4618 sic,
3294 4549 3383 4620 qui
3412 4565 3508 4605 suo
3539 4565 3668 4619 pec-

423 4631 540 4686 Non
570 4633 921 4704 neophytum,
949 4651 1019 4691 ne
1043 4637 1098 4691 in
1129 4639 1433 4706 superbiam
1460 4639 1633 4694 elatus
1654 4639 1708 4694 in
1732 4627 1989 4708 judicium
2018 4649 2072 4708 Ι)
2098 4651 2354 4698 caverunt
2372 4642 2650 4697 evidenter
2669 4641 2941 4710 episc0po,
2967 4639 3413 4695 excommunicati
3436 4639 3669 4692 rationa-

423 4722 639 4790 incidat,
664 4733 719 4779 et
737 4725 983 4794 laqueum
1001 4727 1218 4783 diaboli.
1234 4729 1290 4783 Si
1311 4743 1440 4784 vero
1455 4744 1712 4798 processu
1733 4733 1991 4801 temporis

422 4811 639 4880 aliquod
667 4812 920 4867 delictum
967 4815 1153 4870 animae
1184 4817 1324 4872 circa
1367 4831 1654 4887 personam
1691 4820 1994 4888 reperiatur

422 4900 750 4971 hujusmodi,
781 4910 835 4956 et
875 4917 906 4957 a
927 4903 1132 4961 duobus
1158 4906 1243 4960 vel
1273 4906 1442 4962 tribus
1465 4908 1690 4964 testibus
1717 4919 1990 4978 arguatur,

419 5008 450 5049 a
479 4997 622 5058 clero
652 4997 773 5051 talis
801 4997 1080 5053 abstineat.
1114 4999 1169 5054 Si
1191 4999 1309 5068 quis
1342 5008 1518 5056 autem
1548 5008 1742 5072 praeter
1768 5002 1881 5056 hzec
1909 5005 1988 5058 l'e-

419 5087 570 5148 cerit,
611 5089 760 5155 quasi
798 5098 986 5144 contra
1026 5104 1272 5158 magnum
1311 5093 1593 5148 concilium
1623 5109 1683 5152 se
1718 5095 1946 5154 ellerens
1968 5136 1984 5162 ,

419 5177 535 5248 ipse
557 5177 624 5232 de
645 5179 925 5236 clericatus
955 5183 1160 5237 honore
1188 5183 1595 5252 periclitabitur.

784 5291 861 5345 De
885 5293 1284 5347 subintroductis
1313 5293 1629 5350 mulieribus.

399 5403 419 5421 δ
490 5377 576 5433 Ill.
603 5377 880 5432 Interdixit
904 5397 1002 5449 per
1030 5384 1206 5436 omnia
1233 5396 1422 5450 magna
1452 5382 1708 5454 synodus,
1742 5398 1850 5439 non
1872 5385 1986 5454 epi-

416 5481 600 5544 scopo,
633 5483 740 5521 non
770 5469 1106 5538 presbytero,
1135 5487 1243 5526 non
1273 5473 1519 5539 diacono,
1550 5488 1651 5528 nec
1679 5474 1836 5529 alicui
1861 5490 1979 5530 om-

415 5558 563 5621 nino,
589 5557 677 5624 qui
701 5558 754 5611 in
778 5557 923 5612 clero
947 5567 1046 5624 est,
1080 5560 1240 5616 licere
1277 5563 1738 5619 subintroductam
1781 5564 1981 5620 habere

413 5647 694 5708 mulierem
720 5664 734 5701 :
763 5649 864 5704 nisi
888 5648 1026 5703 forte
1053 5659 1303 5721 matrem,
1326 5661 1419 5707 aut
1445 5668 1708 5718 sororem,
1731 5663 1822 5708 aut
1848 5655 1980 5709 ami-

415 5748 542 5802 tum,
571 5739 656 5795 vel
681 5755 770 5796 cas
825 5751 1029 5798 tantum
1062 5757 1314 5814 personas
1342 5760 1461 5817 quae
1489 5746 1818 5817 suspiciones
1846 5745 1979 5801 ellu-

411 5840 580 5904 Simia

2097 4733 2276 4788 biliter
2312 4733 2379 4787 ab
2426 4732 2673 4786 omnibus
2708 4729 3038 4785 mstimentur
3079 4747 3092 4781 :
3137 4743 3435 4798 usquequo,
3493 4728 3572 4782 vel
3611 4729 3666 4783 in

2095 4822 2388 4888 communi,
2429 4821 2514 4876 vel
2550 4821 2723 4876 eidem
2759 4819 3011 4888 episcopo
3051 4818 3259 4888 placeat
3295 4819 3667 4873 humaniorem

2091 4927 2192 4984 pro
2222 4912 2417 4968 talibus
2445 4911 2584 4967 ferre
2611 4911 2949 4966 sententiam.
2983 4907 3222 4964 Coneilia
3244 4923 3372 4962 vero
3392 4908 3638 4962 celebrcn

2092 5010 2198 5069 tur,
2229 5017 2390 5055 unum
2419 4999 2634 5070 quidem
2675 5007 2800 5054 ante
2829 4995 3297 5066 Quadragesimam
3326 4997 3542 5054 Pascha:
3567 5016 3578 5050 :
3607 5010 3668 5052 ut

2091 5090 2239 5148 omni
2259 5091 2589 5146 diSSensione
2610 5091 2816 5145 sublata
2847 5105 3039 5144 munus
3067 5089 3321 5145 oﬁ‘eratur
3351 5090 3460 5144 Deo
3490 5092 3671 5160 puris-

2093 5183 2285 5238 simum
2312 5200 2324 5235 :
2357 5182 2647 5238 secundum
2673 5196 2822 5246 vero,
2847 5182 2990 5236 circa
3018 5190 3226 5250 tempus
3253 5183 3511 5236 autumni.

2056 5293 2172 5356 ,οε
2211 5295 2491 5365 privilegiis
2533 5309 2645 5365 quin
2676 5294 2977 5366 quibusdam
3014 5293 3299 5348 civitatibus
3347 5305 3655 5362 competunt.

2164 5385 2249 5440 Vl.
2291 5385 2520 5453 Antiqua
2567 5383 2894 5439 consuetudo
2935 5391 3180 5438 servetur
3225 5400 3320 5454 per
3348 5383 3655 5456 Egyptnm,

2085 5474 2329 5546 Libyam,
2354 5483 2406 5528 et
2422 5471 2776 5544 Pentapolim,
2793 5473 2865 5527 ita
2887 5482 2944 5527 ut
2963 5473 3355 5530 Alexandrinus
3375 5475 3658 5545 episcopus

2085 5567 2274 5621 horum
2321 5567 2558 5621 omnium
2613 5566 2809 5621 habeat
2848 5575 3188 5636 potestatem.
3240 5567 3370 5633 Quia
3419 5579 3475 5623 et
3510 5569 3656 5624 urbis

2085 5656 2266 5711 Roma:
2295 5658 2549 5727 episcopo
2579 5657 2763 5726 parilis
2798 5672 2919 5712 mos
2946 5665 3046 5712 est.
3092 5657 3349 5713 Similiter
3385 5667 3562 5714 autem
3599 5667 3654 5714 et

2077 5745 2223 5814 apud
2252 5744 2610 5814 Antiochiam,
2637 5755 2967 5816 exterasque
2996 5748 3315 5824 provincias,
3350 5749 3461 5804 suis
3487 5750 3652 5819 privi-

2085 5837 2224 5910 legia
2273 5845 2556 5896 serventur
2599 5836 2869 5896 Ecclesiis.
2919 5835 3054 5900 ωωι
3107 5847 3285 5897 autem
3332 5841 3650 5912 generaliter
