3982 6196
361 320 468 374 149
1330 320 1547 376 CODEX
1585 319 1910 376 CANONUM
1953 317 2645 375 ECCLESIASTICORUM.
3521 324 3624 380 {50

358 440 564 490 ciarum
595 439 695 494 est,
738 434 882 500 quod
913 437 957 486 st
987 433 1106 499 quis
1147 441 1342 501 preter
1384 433 1705 487 sententiam
1734 441 1938 485 metro-
1967 433 2012 490 Α
2043 431 2144 484 bus
2173 437 2353 484 autem
2383 429 2536 483 annis
2583 428 2700 482 sine
2747 426 3024 484 oblatione
3065 427 3266 500 populo
3297 427 3349 483 in
3379 428 3624 488 oratione

359 522 585 591 politani
615 523 772 576 fuerit
802 522 974 576 factus
996 524 1302 590 episcopus,
1326 523 1464 576 hunc
1491 536 1681 589 magna
1705 521 1940 591 synodus

360 613 600 666 detinivit
637 613 949 681 episcOpum
989 627 1108 667 esse
1154 628 1263 666 non
1303 623 1574 680 oportere.
1616 610 1708 664 Sin
1758 620 1941 664 autem

362 705 633 758 communi
661 712 981 758 cunctorum
1029 704 1247 758 decreto
1291 704 1614 767 rationabili,
1665 713 1719 757 et
1747 719 1939 755 secun-

362 794 488 846 dum
521 795 941 848 ecclesiasticam
989 793 1224 860 regulam
1271 795 1621 862 comprobato
1646 833 1660 856 ,
1713 793 1818 847 duo
1847 800 1941 845 aut

364 893 504 947 tres,
555 894 774 953 propter
813 885 1187 938 contentiones
1225 887 1487 953 proprias,
1529 884 1940 949 contradicunt,

362 976 604 1030 obtineat
633 977 898 1028 sententia
929 975 1300 1044 plurimorum.

526 1086 604 1140 De
623 1089 859 1156 episcopo
887 1087 1070 1154 Elim,
1100 1089 1154 1141 id
1176 1101 1250 1142 est
1275 1089 1768 1159 Hierosolymorum.

439 1201 549 1254 Vll.
579 1202 711 1265 Quia
742 1201 1074 1256 consuetudo
1107 1203 1358 1269 obtinuit,
1377 1210 1430 1256 et
1459 1203 1674 1271 antiqua
1706 1202 1944 1271 traditio,

368 1303 424 1344 ut
443 1291 595 1344 .Elim
616 1293 899 1360 episcopus
928 1293 1242 1356 honoretur,
1285 1293 1482 1346 habeat
1507 1293 1725 1347 honoris
1749 1309 1940 1348 conse-

364 1383 664 1450 quentiam,
689 1384 831 1435 salva
859 1371 1147 1451 metropoli
1169 1383 1385 1452 propria
1414 1384 1691 1450 dignitate.

522 1491 599 1545 De
625 1493 704 1546 his
729 1493 816 1563 qui
856 1493 1095 1546 dicuntur
1135 1492 1365 1558 cat/tari,
1401 1492 1455 1544 id
1483 1502 1558 1547 est
1587 1493 1782 1548 mundi.

438 1603 573 1657 Ylll.
605 1604 677 1657 De
703 1604 785 1657 his
813 1603 903 1672 qui
947 1618 1005 1656 se
1054 1602 1434 1670 cognominant
1476 1603 1754 1665 catharos,
1786 1602 1837 1656 id
1862 1610 1946 1657 est

366 1695 615 1756 mundos,
643 1695 689 1748 si
718 1694 1006 1762 aliquando
1033 1693 1279 1747 venerint
1307 1692 1372 1746 ad
1401 1689 1691 1748 Ecclesiam
1720 1693 1948 1746 catholi-

2044 521 2459 575 communicent.

2043 633 2122 686 De
2149 636 2226 688 his
2274 637 2357 704 qui
2395 634 2900 702 abrcmtntiavcrunt,
2950 646 2999 690 et
3033 638 3215 691 iterum
3261 637 3330 691 ad
3376 639 3620 692 oraculum

2631 716 2750 758 sunt
2783 707 3022 776 regressi.
3557 763 3559 766 ,

2113 789 2224 849 XII.
2254 796 2568 864 Quicunque
2613 797 2789 849 vocati
2830 811 2924 867 per
2947 796 3197 865 gratiam,
3245 797 3472 866 primum
3499 797 3618 868 qui-

2042 885 2160 940 dem
2193 886 2446 955 impetum
2471 893 2906 940 monstraverunt
2929 885 3258 956 deponentes
3287 887 3486 940 militiae
3513 887 3622 941 cin-

2043 977 2220 1045 gulum
2249 995 2260 1029 :
2294 977 2636 1047 postmodum
2665 993 2796 1032 vero
2824 977 2887 1031 ad
2911 977 3187 1048 proprium
3215 977 3473 1032 vomitum
3496 987 3620 1033 sunt

2045 1066 2259 1134 remisi,
2293 1067 2365 1119 ita
2399 1076 2456 1120 ut
2483 1066 2696 1135 quidam
2729 1076 2784 1121 et
2811 1068 3065 1136 pecunias
3094 1068 3410 1134 tribuerent,
3443 1075 3497 1121 et
3519 1067 3617 1122 be-
3710 1105 3714 1109 -

2043 1153 2247 1206 neticiis
2286 1151 2528 1208 militiam
2566 1162 2910 1224 repeterent,
2979 1154 3035 1208 hi
3080 1153 3266 1210 decem
3305 1157 3460 1211 annis
3497 1164 3620 1226 post

2043 1243 2256 1296 triennii
2299 1251 2505 1312 tempus
2545 1245 2674 1315 (quo
2714 1245 2853 1299 inter
2881 1244 3156 1314 audientes
3193 1245 3371 1316 erunt)
3404 1245 3456 1298 in
3486 1244 3619 1299 aﬂii-

2045 1333 2223 1387 ctione
2252 1342 2618 1400 permaneant.
2665 1333 2770 1388 Sed
2799 1335 2851 1388 in
2881 1335 2964 1390 his
3009 1335 3256 1390 omnibus
3284 1334 3616 1406 propositum

2047 1430 2097 1476 et
2118 1423 2351 1493 speciem
2382 1425 2709 1494 pmnitentiae‘
2739 1426 2990 1480 convenit
3013 1426 3295 1496 explorare
3319 1444 3332 1480 :
3357 1432 3620 1495 quotquot

1962 1549 1968 1556 -
2045 1513 2186 1566 enim
2213 1523 2379 1581 metu,
2406 1524 2460 1569 et
2496 1515 2765 1586 lacrymis,
2808 1522 2967 1584 atque
3000 1516 3335 1584 pmniten’tia,
3360 1515 3448 1569 vel
3468 1514 3622 1569 bOnis

2045 1603 2298 1672 operibus
2325 1605 2486 1659 rebus
2515 1605 2646 1673 ipsis
2675 1605 3083 1659 conversionem
3114 1619 3289 1671 suam,
3319 1615 3428 1658 non
3457 1603 3622 1658 simu-

2045 1690 2264 1757 latione,
2289 1693 2658 1749 demonstrant
2685 1712 2696 1747 :
2725 1695 2780 1748 hi
2799 1693 3078 1749 definitum
3101 1701 3310 1765 tempus
3333 1692 3622 1749 auditionis

367 1804 508 1852 cam,
538 1789 742 1857 placuit
771 1796 958 1841 sancto
997 1795 1051 1840 et
1083 1800 1274 1854 magno
1304 1785 1534 1839 concilio
1563 1791 1620 1839 ut
1649 1785 1947 1853 impositio-
1978 1805 2020 1862 Β
2047 1785 2348 1857 implentes,
2379 1796 2490 1842 tum
2519 1787 2733 1843 demum
2763 1788 3005 1843 ﬁdelibus
3034 1791 3086 1843 in
3115 1790 3360 1844 oratione
3383 1804 3622 1845 commu-

367 1895 490 1933 nem
531 1894 720 1932 manus
760 1877 1121 1946 accipientes,
1167 1877 1243 1929 sic
1298 1876 1349 1928 in
1389 1876 1533 1929 clero
1571 1882 1938 1943 permaneant.

367 1970 491 2024 Haec
537 1979 714 2023 autem
747 1985 855 2037 pne
885 1967 1132 2022 omnibus
1159 1980 1254 2020 eos
1281 1965 1494 2034 scriptis
1541 1965 1791 2018 convenit
1819 1980 1943 2034 pro-

368 2060 526 2120 ﬁteri,
560 2058 703 2128 quod
735 2058 1011 2112 catholica:
1055 2066 1109 2110 et
1159 2055 1465 2124 apostolica:
1515 2052 1765 2108 Ecclesim
1813 2053 1944 2122 dog-

365 2160 514 2204 mata
545 2149 858 2219 suscipiant,
903 2156 958 2201 et
982 2154 1274 2214 sequantur
1303 2163 1316 2197 :
1349 2144 1400 2198 id
1421 2151 1524 2208 est,
1547 2151 1602 2196 et
1628 2143 1853 2210 bigamis
1881 2158 1940 2198 se

368 2242 786 2303 communicare,
837 2248 891 2294 et
924 2239 1005 2292 his
1047 2238 1138 2306 qui
1191 2237 1244 2289 in
1289 2235 1662 2304 persecutione
1706 2233 1940 2303 prolapsi

367 2342 516 2398 sunt,
541 2347 666 2400 erga
697 2347 832 2400 quos
859 2340 915 2385 et
940 2331 1112 2400 spatia
1144 2329 1431 2384 constituta
1459 2334 1602 2390 sunt,
1628 2335 1681 2380 et
1704 2335 1946 2396 tempora

368 2422 628 2478 definita:
687 2429 747 2475 ut
790 2422 862 2475 ita
910 2419 1158 2474 Ecclesia)
1199 2417 1476 2472 catholicae
1536 2424 1590 2470 et
1635 2416 1945 2484 apostolicae

368 2513 564 2584 placita
595 2511 886 2581 sequantur
932 2509 982 2562 in
1009 2507 1272 2562 omnibus.
1309 2502 1622 2576 Ubicunque
1653 2519 1799 2564 vero.
1833 2505 1946 2558 sive

371 2605 425 2660 in
454 2603 777 2671 municipiis,
809 2617 904 2654 seu
937 2599 986 2652 in
1019 2597 1321 2654 civitatibus
1349 2595 1448 2665 ipsi
1477 2595 1578 2649 soli
1605 2595 1804 2664 reperti
1834 2594 1948 2649 fue-

371 2697 478 2750 rint
507 2689 778 2757 ordinati,
808 2693 900 2761 qui
946 2691 1288 2745 inveniuntur
1333 2689 1385 2742 in
1430 2688 1575 2742 clero
1657 2687 1712 2740 in
1757 2686 1948 2740 eodem

370 2785 555 2838 habitu
607 2790 986 2854 perseverent:
1021 2780 1108 2834 ubi
1157 2770 1652 2834 autem‘catholicze
1695 2774 1948 2830 Ecclesia:

371 2876 647 2946 CpiSCOpO,
698 2874 784 2926 vel
814 2870 1128 2941 presbytero
1159 2869 1450 2924 constituto
1475 2865 1689 2941 quidam
1733 2881 1800 2919 ex
1841 2865 1948 2920 illis

371 2967 681 3028 adveniunt,
712 2973 916 3019 certum
945 2969 1026 3016 est
1066 2959 1207 3030 quod
1235 2959 1518 3028 episcopus
1571 2955 1822 3011 Ecclesiae
1852 2956 1947 3009 ha-

372 3056 522 3109 bebit
551 3054 792 3124 episcopi
824 3039 1156 3119 dignitatem.
1205 3047 1254 3102 Is
1296 3060 1473 3102 autem
1511 3048 1600 3114 qui
1646 3046 1950 3100 nominatur

374 3145 517 3214 apud
547 3160 644 3198 eos
672 3144 978 3213 episcopus,
1006 3142 1266 3195 honorem
1290 3136 1605 3210 presbyterii
1634 3136 1923 3205 possidebit

373 3235 477 3290 nisi
524 3233 664 3286 forte
712 3232 971 3302 placuerit
1008 3230 1262 3298 cpisCOpo
1314 3226 1546 3281 nominis
1583 3241 1704 3280 eum
1744 3225 1952 3280 honore

372 3325 603 3380 censeri.
633 3324 692 3378 Si
723 3339 848 3377 vero
880 3323 982 3376 hoc
1011 3321 1061 3376 ei
1091 3320 1307 3374 minime
1338 3318 1617 3387 placuerit,
1648 3315 1951 3385 providebit

375 3416 424 3468 ei
457 3423 549 3466 aut
577 3412 1074 3481 chorepiscopatus,
1106 3415 1196 3462 aut
1225 3405 1542 3478 presbyterii
1572 3405 1767 3470 locum,
1801 3411 1858 3457 ut
1895 3403 1949 3457 in

373 3502 519 3557 clero
550 3517 768 3571 prorsus
797 3515 914 3555 esse
944 3499 1213 3560 videatur,
1273 3512 1337 3550 ne
1367 3497 1418 3548 in
1457 3509 1561 3549 una
1601 3494 1815 3548 civitate
1844 3493 1949 3548 duo

375 3595 612 3664 episcopi
643 3593 939 3662 probentur
965 3591 1216 3644 existere.

379 3706 454 3759 De
485 3708 564 3759 his
594 3706 677 3776 qui
707 3704 775 3756 ad
803 3705 1045 3757 honorem
1073 3699 1369 3782 presbyterii
1409 3699 1520 3750 sine
1555 3699 1792 3751 examine
1829 3712 1950 3765 pro-

1015 3781 1134 3826 rccti
1166 3781 1302 3826 sunt.

447 3885 535 3940 1X.
569 3885 624 3940 Si
650 3888 739 3954 qui
765 3884 1060 3955 presbyteri
1105 3885 1220 3938 sine
1249 3885 1496 3938 examine
1538 3891 1663 3950 sunt
1687 3879 1947 3950 provecti,

377 3977 480 4040 vel,
521 3992 641 4030 cum
681 3975 1094 4038 discuterentur,
1133 3982 1352 4043 peccata
1391 3988 1485 4027 sua
1535 3969 1764 4026 confessi
1806 3975 1949 4034 sunt,

380 4079 431 4122 et
459 4069 736 4130 homines,
786 4075 972 4120 contra
1003 4080 1238 4120 canones
1283 4063 1558 4126 commoti,
1603 4074 1792 4114 manus
1817 4072 1950 4112 con-

379 4157 528 4212 fessis
560 4159 836 4226 imponere
863 4162 1225 4220 tentaverunt,
1252 4155 1384 4209 tales
1409 4153 1591 4221 regula
1623 4166 1728 4205 non
1758 4147 1951 4202 admit-

379 4249 462 4314 tit,
487 4249 608 4318 quia
638 4246 780 4314 quod
809 4245 1276 4315 irreprehcnsibile
1305 4251 1390 4298 est
1423 4241 1688 4296 catholica
1717 4238 1952 4294 defendit

379 4336 636 4393 Ecclesia.

382 4451 454 4505 De
483 4453 561 4504 his
595 4452 683 4522 qui
720 4452 773 4503 in
801 4448 1232 4522 persecutionibus
1268 4453 1602 4522 negaverunt,
1643 4451 1691 4498 et
1719 4452 1949 4513 postmo-

775 4521 895 4573 dum
918 4522 971 4572 in
1002 4520 1136 4572 clero
1162 4519 1382 4588 promoti
1409 4525 1548 4570 sunt.

448 4636 509 4691 Χ.
543 4637 856 4704 Quicunque
884 4635 950 4688 de
999 4634 1160 4702 lapsis
1187 4633 1255 4686 ad
1285 4631 1523 4685 ordinem
1555 4629 1686 4684 cleri
1717 4626 1948 4697 promoti

378 4740 501 4786 sunt
530 4745 625 4800 per
653 4728 1028 4798 ignorantiam,
1065 4725 1145 4779 vel
1176 4741 1274 4794 per
1312 4722 1676 4778 ordinantium
1703 4719 1951 4774 dissimu-

379 4824 654 4884 lationem,
709 4820 811 4874 hoc
848 4817 1230 4874 ecclesiastica:
1263 4831 1370 4870 non
1398 4813 1702 4884 praeiudicat
1732 4810 1948 4879 regulaa,

379 4915 577 4985 cogniti
607 4927 838 4981 namque
865 4910 1223 4981 deponantur.

793 5025 870 5078 De
898 5024 1042 5077 taicis
1081 5023 1164 5092 qui
1207 5029 1537 5093 negaverunt.

449 5135 538 5193 X1.
569 5137 644 5191 De
692 5135 775 5190 his
819 5135 911 5204 qui
955 5141 1149 5203 prseter
1194 5131 1568 5187 necessitatem
1618 5127 1951 5198 pnevaricati

376 5237 523 5294 sunt,
562 5236 654 5282 aut
691 5236 887 5297 prmter
922 5224 1248 5278 ablationem
1279 5219 1607 5284 facultatum,
1642 5226 1734 5271 aut
1759 5225 1953 5287 praeter

378 5319 698 5390 periculum,
738 5317 822 5372 vel
869 5313 1070 5384 aliquid
1100 5311 1424 5382 hujusmodi,
1471 5311 1612 5380 quod
1643 5308 1840 5364 factum
1869 5319 1954 5365 est

380 5409 476 5463 sub
507 5406 785 5479 tyrannide
807 5404 995 5460 Licinii
1024 5420 1036 5457 :
1073 5403 1269 5472 placuit
1297 5400 1525 5474 synodo,
1575 5402 1817 5470 quamvis
1847 5400 1950 5455 hu-

381 5499 637 5556 manitate
657 5496 952 5568 probentur
975 5494 1195 5563 indigni,
1219 5503 1397 5548 tamen
1426 5493 1503 5548 eis
1525 5491 1955 5548 benevolentiam

384 5589 734 5646 commodari.
777 5588 1090 5656 Quicunque
1119 5601 1246 5654 ergo
1275 5585 1538 5641 veraciter
1566 5583 1955 5653 pmnitudinem

383 5691 595 5754 gerunt,
642 5683 812 5736 tribus
839 5681 993 5735 annis
1023 5677 1204 5734 ﬁdeles
1234 5679 1374 5733 inter
1411 5677 1686 5732 audientes
1714 5675 1952 5730 habean-

388 5783 510 5831 tur:
541 5782 596 5832 et
614 5788 708 5832 sex
733 5773 886 5833 annis
912 5772 1057 5830 omni
1086 5784 1144 5829 se
1169 5770 1490 5829 contritione
1517 5768 1790 5844 dejiciant,
1821 5768 1955 5827 duo-

2048 1877 2249 1946 nicent,
2278 1877 2620 1948 postmodum
2647 1891 2778 1932 vero
2819 1879 3002 1933 licebit
3039 1879 3295 1949 episcopo
3323 1879 3390 1934 de
3417 1880 3498 1935 his
3527 1880 3623 1934 ali-

2045 1965 2172 2034 quid
2191 1966 2474 2022 humanius
2495 1967 2750 2035 cogitare.
2776 1966 3091 2038 Quicunque
3110 1984 3239 2024 vero
3260 1968 3624 2024 indifferenter

2047 2056 2303 2124 tulerunt,
2344 2064 2400 2110 et
2447 2053 2646 2110 aditum
2683 2057 2990 2113 introeundi
3017 2056 3312 2113 Ecclesiam
3347 2059 3450 2115 sibi
3482 2059 3625 2114 arbi-

2045 2142 2170 2196 trati
2197 2151 2319 2197 sunt
2348 2143 2415 2198 ad
2444 2145 2853 2205 conversionem
2881 2159 3040 2216 posse
3059 2145 3328 2215 sufﬁcere,
3356 2148 3412 2202 hi
3439 2148 3626 2204 defini-

2045 2236 2159 2285 tum
2187 2232 2360 2288 modis
2386 2233 2630 2289 omnibus
2660 2242 2870 2304 tempus
2897 2235 3213 2305 implebunt.

2047 2339 2126 2394 De
2165 2342 2242 2395 his
2286 2342 2372 2412 qui
2402 2345 2808 2398 communionem
2861 2355 3085 2416 tempore
3113 2348 3294 2401 mortis
3322 2356 3622 2418 exposcunt.

2119 2449 2250 2506 Xlll.
2292 2453 2368 2509 De
2407 2453 2490 2508 his
2530 2455 2620 2523 qui
2663 2453 2730 2508 ad
2769 2455 2974 2510 exitum
3019 2457 3258 2525 veniunt,
3292 2459 3453 2513 etiam
3483 2474 3624 2515 nunc

2046 2544 2134 2598 lex
2164 2546 2381 2613 antiqua
2422 2545 2788 2614 regular-isque
2840 2547 3172 2615 servabitur,
3218 2547 3290 2602 ita
3337 2557 3397 2602 ut
3423 2547 3466 2604 si
3507 2549 3630 2618 quis

2049 2635 2319 2702 egreditur
2345 2649 2376 2688 e
2404 2649 2653 2706 corpore,
2684 2635 2870 2691 ultimo
2899 2645 2954 2690 et
2980 2637 3287 2692 necessario
3315 2638 3511 2693 viatico
3533 2638 3627 2692 mi-

2047 2725 2192 2778 nime
2241 2723 2498 2792 privetur.
2556 2723 2707 2789 Quod
2754 2724 2799 2779 si
2843 2724 3175 2794 desperatus,
3221 2734 3276 2779 et
3305 2736 3628 2781 consecutus

2050 2815 2503 2880 communionem,
2529 2815 2920 2884 oblationisque
2942 2817 3210 2888 particeps
3235 2811 3405 2870 factus
3431 2816 3626 2870 iterum

2049 2907 2402 2970 convaluerit,
2451 2905 2521 2959 sit
2551 2907 2690 2961 inter
2736 2917 2831 2962 eos
2875 2906 2965 2976 qui
3013 2907 3445 2962 communionem
3497 2921 3624 2961 ora-

2052 2995 2211 3050 tionis
2239 2996 2604 3051 tantummodo
2632 3006 3052 3065 consequuntur.
3085 2995 3420 3051 Generaliter
3444 3006 3621 3050 autem

2054 3087 2199 3140 omni
2228 3086 2447 3140 cuilibet
2487 3087 2539 3140 in
2567 3085 2715 3141 exitu
2749 3087 2944 3155 posito,
2979 3094 3032 3140 et
3060 3087 3302 3154 poscenti
3340 3085 3441 3140 sibi
3471 3099 3624 3141 com-

1930 3161 2017 3248 ξε
2054 3177 2320 3233 munionis
2342 3177 2567 3246 gratiam
2610 3177 2801 3243 tribui,
2842 3178 3128 3248 episCOpus
3169 3176 3516 3247 probabiliter
3557 3190 3628 3230 ex

2053 3267 2326 3324 oblatione
2351 3267 2482 3322 dare
2507 3268 2745 3322 debebit.

2488 3377 2568 3432 De
2594 3379 2968 3433 catechumenis
2997 3378 3176 3449 lapsis.

2123 3467 2258 3522 XIV.
2289 3467 2365 3523 De
2394 3468 2817 3535 catechumenis,
2857 3477 3046 3523 sancto
3088 3479 3141 3522 et
3171 3481 3363 3537 magno
3389 3467 3624 3522 concilio

2052 3559 2272 3630 placuit,
2302 3568 2359 3614 ut
2388 3561 2557 3615 tribus
2582 3560 2738 3616 annis
2781 3561 2889 3616 sint
2915 3561 3054 3616 inter
3082 3559 3358 3615 audientes
3389 3568 3623 3614 tantum-

2052 3651 2236 3718 modo,
2267 3652 2507 3722 posthmc
2535 3659 2713 3706 autem
2743 3666 2863 3706 cum
2887 3651 3286 3706 catechumenis
3309 3658 3485 3705 orent.

2353 3740 2379 3755 ~
2409 3760 2558 3825 Quod
2589 3777 2692 3816 non
2709 3769 2944 3832 Oper-teat
2971 3761 3269 3831 demigrari.

2124 3853 2237 3908 XV.
2272 3853 2501 3922 Pr0pter
2525 3853 2748 3906 multam
2778 3851 3254 3920 perturbationem,
3305 3858 3361 3904 et
3402 3847 3625 3903 seditio-

2051 3959 2167 4009 nes,
2217 3957 2335 4011 quae
2367 3940 2535 3995 fiunt:
2573 3941 2775 4009 placuit
2815 3939 3253 3994 consuetudinem
3299 3937 3623 3993 omnimodis

2055 4032 2339 4101 amputari,
2370 4045 2508 4099 quae,
2539 4037 2734 4098 praeter
2762 4029 3020 4097 regulam,
3074 4029 3125 4080 in
3155 4027 3469 4096 quibusdam
3499 4042 3627 4096 par-

2054 4125 2195 4178 tibus
2219 4124 2430 4178 videtur
2450 4121 2678 4176 admissa
2705 4138 2717 4173 :
2743 4120 2816 4174 ita
2838 4127 2897 4173 ut
2918 4118 2985 4172 de
3007 4119 3224 4173 civitate
3243 4117 3310 4172 ad
3329 4117 3623 4182 civitatem,

2055 4231 2162 4270 non
2191 4214 2496 4284 episcopus,
2549 4226 2656 4265 non
2695 4209 2990 4280 presbyter,
3025 4223 3132 4262 non
3159 4207 3414 4262 diaconus
3445 4215 3621 4260 trans-

2054 4305 2273 4361 feratur.
2321 4303 2375 4359 Si
2405 4304 2524 4372 quis
2555 4309 2753 4365 autem,
2794 4309 2918 4372 post
2960 4299 3322 4354 deﬁnitionem
3370 4298 3544 4352 sancti
3573 4305 3627 4351 et

2054 4398 2230 4466 magni
2260 4396 2493 4462 concilii,
2526 4394 2632 4448 tale
2659 4393 2786 4462 quid
2817 4407 2976 4461 agere
3018 4391 3321 4457 tentaverit,
3352 4398 3407 4444 et
3435 4404 3494 4443 se
3525 4389 3626 4442 hu-

1980 4523 2032 4582 D
2051 4489 2346 4558 juscemodi
2369 4487 2584 4554 negotio
2605 4485 2940 4555 manciparit,
2984 4485 3086 4540 hoc
3111 4483 3307 4538 factum
3338 4498 3554 4552 prorsus
3575 4482 3627 4534 in

2058 4582 2267 4636 irritum
2317 4581 2562 4645 ducatur,
2589 4585 2644 4633 et
2669 4577 2977 4632 restituatur
3004 4574 3255 4630 Ecclesia:
3284 4573 3369 4628 cui
3399 4572 3497 4625 fuit
3525 4572 3632 4640 epi-

2058 4690 2271 4744 scopus,
2302 4681 2393 4728 aut
2412 4671 2712 4742 presbyter,
2742 4677 2835 4723 aut
2859 4668 3114 4723 diaconus
3143 4666 3438 4721 ordinatus.

2057 4782 2136 4838 De
2164 4784 2242 4836 his
2278 4784 2361 4853 qui
2403 4783 2457 4836 in
2486 4779 2749 4844 Ecclesiis,
2789 4779 2842 4853 in
2869 4776 3044 4848 quibus
3070 4775 3290 4846 provecti
3313 4782 3452 4841 sunt,
3482 4771 3632 4825 mini—

2599 4867 2692 4903 .me
2714 4847 3077 4919 perdurarunt.

2132 4945 2266 5000 XVI.
2299 4943 2610 5013 Quicunque
2662 4951 2879 5005 temere,
2914 4953 2974 4993 ac
3003 4937 3318 5007 periculose,
3359 4945 3532 5001 neque
3560 4932 3630 4986 ti-

2063 5052 2266 5093 morem
2295 5035 2389 5090 Dei
2420 5050 2529 5105 pra:
2555 5033 2724 5103 oculis
2753 5031 3011 5085 habentes
3033 5067 3046 5091 ,
3088 5041 3187 5080 nec
3217 5023 3632 5077 ecclesiasticam

2059 5129 2294 5199 regulam
2325 5134 2692 5195 agnoscentes,
2743 5119 3020 5176 discedunt
3048 5116 3116 5170 ab
3148 5113 3383 5168 Ecclesia
3410 5112 3634 5184 presby-

2059 5219 2179 5284 teri,
2213 5227 2305 5271 ant
2332 5215 2560 5280 diaconi,
2613 5212 2698 5267 vel
2725 5210 3029 5279 quicunque
3071 5205 3170 5260 sub
3197 5203 3381 5273 regula
3410 5217 3631 5273 prorsus

2061 5310 2318 5375 existunt,
2367 5306 2419 5359 hi
2451 5316 2788 5374 nequaquam
2832 5299 3032 5353 debent
3075 5297 3128 5351 in
3157 5296 3317 5350 aliam
3339 5294 3633 5349 Ecclesium

2058 5399 2246 5468 recipi,
2266 5397 2359 5452 sed
2381 5411 2595 5452 omnem
2627 5391 2998 5448 necessitatem
3016 5388 3268 5444 convenit
3288 5387 3389 5442 illis
3409 5385 3636 5455 imponi,

2060 5500 2119 5546 ut
2146 5491 2210 5544 ad
2240 5505 2364 5543 suas
2394 5486 2674 5557 parochias
2703 5491 3070 5547 revertantur;
3117 5479 3262 5550 quod
3289 5480 3332 5534 si
3357 5495 3464 5532 non
3489 5478 3639 5533 fece-

2058 5582 2183 5644 rint,
2209 5587 2424 5650 oportet
2448 5592 2543 5632 eos
2571 5576 2947 5632 communione
2981 5572 3201 5644 privari.
3231 5571 3287 5626 Si
3314 5573 3434 5640 quis
3459 5579 3639 5624 autem

2059 5674 2126 5728 ad
2151 5673 2310 5726 alium
2348 5669 2706 5743 pertinentem
2753 5669 3018 5724 audacter
3052 5663 3325 5728 invadere,
3373 5671 3428 5716 et
3457 5662 3509 5714 in
3539 5675 3634 5713 sua

2060 5763 2296 5822 Ecclesia
2327 5759 2574 5822 ordinare
2623 5759 2923 5826 tentaverit,
2955 5771 3062 5812 non
3107 5753 3480 5811 consentiente
3526 5751 3640 5820 epi-
