3982 6196
518 362 611 420 εει
1601 371 1610 379 '
1824 361 2170 419 DIONYSIUS
2207 360 2526 419 EXIGUUS.

3675 365 3771 424 153

513 488 681 545 scopo
724 488 754 527 a
796 487 903 548 quo
952 475 1194 533 discessit
1222 480 1267 533 is
1315 473 1407 543 qui
1454 471 1651 542 regula:
1707 474 2081 545 mancipatur:
2114 482 2161 539 Α
2190 475 2445 545 episcopo
2474 477 2572 542 eis,
2603 484 2695 530 aut
2723 464 3035 546 presbytero
3063 476 3388 548 porrigente.
3421 478 3524 535 Sed
3558 495 3655 537 nec
3683 500 3764 536 sc-

515 563 779 618 ordinatio
806 562 1169 631 hujuscemodi
1201 563 1348 617 irrita
1376 565 1774 634 comprobetur.

803 702 823 721 κ
844 675 920 729 De
941 676 1137 730 clericis
1168 692 1351 730 usuras
1381 676 1766 747 accipientibus.

582 765 737 820 XVII.
767 764 1029 831 Quoniam
1059 765 1232 829 multi.
1283 766 1381 822 sub
1413 768 1595 838 regula
1632 768 1928 834 constituti,
1961 785 2087 823 ava-

511 854 689 911 ritiam
731 863 785 909 et
834 854 1009 923 turpia
1054 852 1199 909 lucra
1241 863 1537 924 sectantur,
1589 857 1846 927 oblitique
1893 859 2085 914 divinae

511 943 820 1014 Scriptum,
856 942 1086 999 dicentis
1115 963 1126 997 :
1160 943 1262 1014 Qui
1299 948 1580 1018 pecuniam
1608 962 1759 1002 suam
1800 964 1908 1004 non
1941 948 2090 1004 dedit

511 1034 578 1090 ad
598 1049 833 1099 usuram,
850 1042 1093 1091 mutuum
1117 1035 1306 1092 dantes
1327 1038 1647 1093 centesimas
1669 1037 1891 1108 exigunt
1914 1058 1927 1091 :
1943 1039 2087 1107 juste

513 1126 722 1182 censuit
747 1133 931 1180 sancta
960 1133 1016 1181 et
1042 1139 1234 1195 magna
1263 1126 1523 1198 synodus,
1545 1137 1603 1181 ut
1623 1128 1667 1182 si
1696 1128 1814 1197 quis
1842 1128 2088 1184 inventus

512 1213 693 1279 fuerit,
723 1222 844 1283 post
867 1214 1006 1270 hanc
1034 1214 1424 1282 deﬁnitionem,
1458 1232 1647 1273 usuras
1676 1218 1963 1288 accipiens,
1995 1227 2088 1273 aut

509 1318 577 1358 ex
605 1302 982 1361 adinventione
1008 1305 1203 1375 aliqua,
1235 1306 1319 1361 vel
1348 1307 1592 1377 quolibet
1619 1308 1779 1364 modo
1809 1309 2084 1377 negotium

511 1396 833 1465 transigens,
874 1404 968 1452 aut
1002 1396 1274 1462 hemiolia,
1316 1397 1370 1451 id
1410 1406 1492 1453 est
1528 1399 1794 1470 sescupla,
1835 1400 2083 1467 exigens;

512 1488 598 1543 vel
627 1487 827 1558 aliquid
855 1490 961 1545 tale
993 1506 1212 1560 prorsus
1253 1491 1565 1559 excogitans
1609 1493 1778 1562 turpis
1806 1491 1938 1546 lucri
1966 1505 2086 1559 gra-

511 1580 602 1642 tia,
629 1579 907 1657 dejiciatur
931 1594 962 1635 a
991 1581 1156 1645 clero,
1189 1589 1244 1635 et
1266 1581 1470 1637 alienus
1499 1582 1695 1637 existat
1720 1596 1751 1635 a
1777 1581 1975 1652 regula.

879 1690 958 1747 De
985 1694 1264 1764 privilegiis
1293 1694 1722 1765 presbyterorum.

581 1781 763 1837 XVIII.
798 1782 1050 1838 Pervenit
1093 1783 1159 1837 ad
1198 1792 1444 1839 sanetum
1486 1798 1846 1855 magnumque
1900 1786 2085 1840 conci-

508 1875 659 1940 lium,
687 1874 834 1946 quod
868 1874 922 1928 in
954 1875 1272 1944 quibusdam
1313 1876 1445 1929 locis
1484 1883 1538 1929 et
1583 1875 1905 1941 civitatibus,
1936 1889 2088 1944 pres-

508 1967 713 2038 byteris
739 1965 967 2034 gratiam
1007 1980 1175 2020 sacrm
1213 1964 1608 2020 communionis
1653 1964 1865 2020 diaconi
1911 1966 2086 2035 porri-

507 2063 670 2125 gant;
700 2053 847 2124 quod
894 2068 996 2109 nec
1022 2053 1229 2121 regula,
1274 2068 1374 2108 nec
1402 2051 1732 2109 consuetudo
1760 2052 1999 2117 tradidit,
2027 2062 2088 2108 ut

506 2147 575 2203 ab
600 2146 685 2202 bis
707 2147 798 2217 qui
822 2154 1145 2217 potestatem
1180 2161 1286 2223 non
1327 2145 1527 2199 habent
1581 2143 1841 2199 afferendi
1883 2145 1957 2199 illi
1995 2147 2085 2215 qui

509 2236 747 2294 offerunt
776 2235 974 2291 Christi
1017 2250 1213 2306 corpus
1253 2232 1675 2307 accipiant.'Nec
1722 2252 1831 2291 non
1876 2244 1931 2291 et
1958 2235 2086 2290 illud

507 2326 760 2393 innotuit,
791 2328 937 2396 quod
961 2326 1178 2395 quidam
1201 2325 1412 2381 diaconi
1452 2335 1577 2381 ante
1620 2326 1903 2395 episcopos
1931 2341 2083 2381 sacra

508 2418 690 2474 oblata
719 2421 1052 2491 contingant.
1092 2420 1217 2474 Haec
1263 2420 1424 2490 igitur
1462 2420 1642 2475 omnia
1671 2428 1999 2487 resecentur,
2031 2429 2085 2474 et

506 2511 566 2566 in
593 2525 690 2567 sua
716 2510 929 2568 diaconi
982 2526 1232 2571 mensura
1274 2521 1621 2581 permaneant
1646 2528 1659 2563 :
1688 2510 1915 2565 scientes
1941 2510 2084 2579 quod

505 2601 884 2671 episcoporum
912 2600 1129 2670 quidem
1166 2601 1393 2656 ministri
1421 2601 1546 2667 sint,
1588 2599 1868 2656 inferiores
1903 2609 2080 2655 autem

505 2689 834 2760 presbyteris
860 2689 1159 2744 habeantur
1184 2704 1281 2761 per
1307 2688 1569 2745 ordinem.
1609 2689 1751 2760 Ergo
1780 2702 1901 2761 post
1928 2704 2079 2761 pres-

505 2778 725 2849 byteros
752 2779 977 2849 gratiam
1022 2794 1190 2835 sacrae
1237 2780 1627 2837 communionis
1656 2782 1945 2852 accipiant,
1990 2789 2083 2835 aut

2193 564 2321 620 dere
2362 565 2415 618 in
2454 566 2630 619 medio
2660 567 3096 636 presbyterorum
3128 565 3370 623 diaconis
3401 568 3589 635 liceat;
3637 573 3762 642 quia

2194 660 2237 713 si
2268 661 2371 715 hoc
2396 658 2505 721 ﬁat.
2537 669 2731 730 praeter
2755 662 2995 729 regulam
3021 671 3076 715 et
3111 662 3349 716 ordinem
3376 664 3632 732 probatur
3653 666 3766 718 exi-

2191 762 2353 808 stere.
2385 752 2439 807 Si
2461 754 2579 821 quis
2601 762 2780 808 autem
2811 754 2973 808 etiam
3006 763 3127 825 post
3150 754 3246 809 has
3273 752 3612 811 deﬁnitiones
3635 756 3765 812 obe-

2191 845 2309 901 dire
2338 845 2590 911 noluerit,
2621 861 2649 900 a
2682 846 2977 900 ministerio
3004 861 3216 901 cessare
3242 845 3473 901 debebit.

2192 992 2271 1046 De
2320 994 2399 1047 his
2455 996 2539 1063 qui
2586 1010 2616 1045 a
2664 993 2831 1048 Paulo
2874 993 3213 1073 Sqmosateno
3251 996 3321 1048 ad
3359 994 3639 1051 Eccleswm
3678 1016 3761 1053 re-

2889 1073 3054 1117 munt.

2260 1174 2398 1230 XIX.
2464 1175 2538 1230 De
2583 1175 2924 1230 Panlianistis
2977 1175 3043 1230 ad
3100 1176 3392 1231 Ecclesiam
3448 1179 3762 1234 catholicam

2189 1268 2638 1338 confugientibus,
2671 1269 2910 1323 deﬁnitio
2940 1269 3147 1338 prolata
3178 1278 3280 1331 est,
3333 1277 3391 1323 ut
3432 1269 3763 1339 baptizentur

2190 1358 2536 1415 omnimodis.
2562 1358 2619 1413 Si
2658 1360 2747 1428 qui
2776 1369 2952 1414 autem
2982 1359 3049 1413 de
3089 1358 3172 1412 his
3210 1360 3483 1429 praeterito
3523 1366 3766 1428 tempore

2189 1445 2387 1502 fuerint
2437 1447 2491 1502 in
2519 1448 2685 1512 clero,
2726 1448 2770 1502 si
2798 1448 3013 1518 quidem
3062 1448 3387 1503 immaculati
3435 1458 3489 1503 et
3535 1450 3765 1519 irreprc-

2190 1539 2482 1595 hensibiles
2508 1540 2873 1610 apparuerint,
2900 1540 3152 1610 baptizati
3192 1539 3503 1595 ordinentur
3531 1541 3597 1595 ab
3644 1542 3761 1611 epi-

2189 1645 2354 1699 scopo
2386 1629 2639 1685 Ecclesiae
2667 1631 2943 1685 catholica:
2982 1648 2993 1684 :
3039 1630 3181 1699 quod
3209 1631 3253 1685 si
3283 1630 3540 1686 discussio
3578 1633 3765 1687 incon—

2189 1733 2352 1787 gruos
2379 1734 2474 1773 eos
2502 1719 2786 1784 invenerit,
2819 1719 2978 1788 abjici
3002 1721 3134 1774 tales
3168 1722 3470 1775 conveniet.
3508 1720 3765 1776 Similiter

2191 1818 2369 1864 autem
2398 1809 2539 1865 etde
2577 1810 2906 1874 diaconissis,
2949 1818 3003 1864 et
3058 1811 3278 1865 omnino
3306 1811 3374 1865 de
3420 1811 3501 1866 his
3529 1812 3619 1879 qui
3664 1813 3762 1866 sub

2189 1900 2371 1969 regula
2400 1910 2697 1966 versantur,
2728 1901 2842 1956 haec
2878 1901 3045 1955 forma
3076 1901 3395 1956 servabitur.
3426 1900 3763 1955 Meminimus

2188 1998 2366 2044 autem
2390 1989 2458 2043 de
2484 1990 2820 2054 diaconissis,
2850 2004 2968 2058 quae
2995 1990 3047 2044 in
3070 1990 3259 2045 eodem
3286 1990 3468 2044 habitu
3498 2006 3615 2044 esse
3638 2007 3763 2059 pro-

2188 2085 2403 2151 bantur,
2433 2083 2577 2152 quod
2602 2099 2708 2138 non
2738 2084 2970 2138 habeant
2993 2083 3223 2151 aliquam
3249 2099 3437 2137 manus
3468 2083 3765 2151 impositio-

2188 2188 2334 2240 nem,
2380 2182 2435 2227 et
2487 2173 2607 2228 ideo
2662 2174 2836 2229 modis
2872 2174 3118 2229 omnibus
3155 2189 3247 2230 eas
3286 2174 3426 2229 inter
3469 2175 3633 2229 laicos
3669 2174 3763 2230 de-

2188 2265 2380 2333 putari.

2709 2398 2787 2452 De
2822 2399 3075 2469 ﬂectendo
3103 2415 3255 2471 genu.

2259 2511 2375 2565 XX.
2418 2513 2678 2578 Quoniam
2703 2521 2824 2567 sunt
2851 2513 3065 2583 quidam
3094 2514 3146 2567 in
3186 2512 3273 2567 die
3314 2511 3583 2567 dominico
3616 2525 3755 2580 genu

2188 2601 2483 2666 flectentes,
2532 2608 2589 2655 et
2622 2602 2673 2655 in
2700 2601 2886 2655 diebus
2927 2599 3273 2656 Pentecostes
3316 2617 3327 2653 :
3372 2608 3432 2653 ut
3478 2598 3654 2653 omnia
3702 2599 3757 2652 in

2190 2690 2454 2744 universis
2483 2690 2612 2744 locis
2635 2698 2996 2744 consonanter
3013 2688 3379 2753 observentur,
3412 2688 3608 2757 placuit
3634 2702 3758 2742 san-

2190 2790 2279 2837 cto
2306 2781 2534 2838 concilio
2564 2789 2766 2836 stantes
2789 2781 3013 2837 Domino
3044 2790 3170 2836 vota
3200 2780 3525 2850 persolvere.

1517 2997 1863 3063 REGULIE
1922 3001 2323 3065 ANCYBANI
2380 3001 2746 3067 CONCILII.

573 3202 693 3258 Ista:
713 3201 908 3271 regulae
935 3200 1142 3270 priores
1160 3199 1374 3269 quidem
1403 3208 1528 3255 sunt
1551 3198 1812 3254 Nicrenis:
1845 3196 1938 3253 sed
1959 3198 2080 3254 ideo
2107 3203 2151 3264 C
2186 3200 2409 3259 funestis
2454 3204 2726 3262 sacriﬁciis
2774 3209 3139 3270 admoverent,
3185 3216 3278 3261 aut
3315 3208 3519 3277 aliquid
3570 3209 3757 3278 polluti

501 3294 731 3355 Nicmnte
774 3290 923 3361 prius
975 3289 1185 3359 scriptae
1234 3297 1388 3353 sunt,
1438 3298 1659 3359 propter
1709 3288 2082 3343 auctoritatem

505 3382 745 3451 ejusdem
784 3382 963 3450 magni
1010 3378 1288 3448 sanctique
1336 3379 1549 3435 concilii
1584 3378 1893 3449 congregati
1941 3378 2083 3448 apud

507 3473 761 3529 Nicaeam.

505 3583 900 3655 Depresbyteris
929 3584 1015 3653 qui
1045 3582 1435 3637 immolaverunt
1455 3591 1680 3653 tempore
1689 3585 2080 3654 persecutionis.

573 3696 715 3753 XXI.
756 3695 1106 3766 Presbyteros
1127 3694 1481 3762 immolantes,
1506 3704 1559 3750 et
1589 3695 1782 3751 iterum
1812 3697 2081 3752 luctamen

506 3788 766 3845 adeuntes
788 3827 803 3853 ,
835 3786 881 3842 si
912 3787 1017 3840 hoc
1059 3800 1168 3841 non
1197 3799 1296 3855 per
1333 3785 1634 3841 illusionem
1683 3786 1937 3855 aliquam,
1988 3786 2081 3841 sed

502 3893 574 3935 ex
594 3878 819 3935 veritate
846 3876 1090 3945 fecerint,
1122 3891 1222 3932 nec
1250 3886 1375 3932 ante
1401 3886 1670 3947 parentes,
1693 3885 1747 3933 et
1769 3877 2080 3934 alfectantes

505 3978 669 4041 atque
713 3971 1020 4039 suadentes,
1059 3980 1119 4024 ut
1162 3970 1491 4025 aestimentur
1535 3971 1750 4039 quidem
1800 3972 2081 4028 tormentis

502 4062 697 4132 aptari,
729 4062 824 4118 sed
858 4062 941 4117 his
987 4063 1101 4118 visu
1135 4070 1338 4117 tantum
1379 4072 1434 4118 et
1474 4062 1660 4118 habitu
1706 4064 1936 4133 subjici,
1981 4064 2082 4122 hos

502 4150 707 4221 placuit
728 4152 989 4206 honorem
1015 4151 1231 4220 quidem
1258 4151 1490 4206 retinere
1517 4154 1747 4222 propriae
1774 4155 1916 4209 sedis
1940 4172 1953 4218 ;
1995 4156 2082 4209 of»

500 4240 643 4298 ferre
681 4256 815 4298 vero
865 4249 958 4297 aut
1004 4241 1221 4312 alloqui,
1273 4251 1365 4296 aut
1394 4244 1613 4299 omnino
1658 4244 2080 4302 sacerdotalibus

499 4329 691 4391 ofﬁciis
714 4330 859 4401 fungi
888 4345 996 4387 non
1025 4330 1209 4386 licere.

749 4451 756 4460 '
832 4440 914 4496 De
947 4443 1177 4497 diaconis
1204 4447 1288 4515 qui
1328 4446 1736 4503 immolaverunt.

567 4549 731 4631 XXII.
757 4549 977 4608 Diaeoni
1020 4554 1265 4611 similiter
1310 4558 1402 4625 qui
1441 4557 1869 4628 immolaverunt,
1898 4562 2072 4618 hono-

497 4655 616 4701 rem
642 4638 862 4710 quidem
893 4641 1162 4717 habeant:
1208 4654 1420 4704 cessent
1450 4662 1577 4703 vero
1618 4648 1685 4701 ab
1733 4650 1877 4705 omni
1917 4666 2071 4707 sacro

496 4730 819 4797 ministerio,
852 4733 964 4788 sive
989 4748 1020 4788 a
1058 4750 1217 4804 pane,
1250 4737 1363 4792 sive
1385 4753 1415 4791 a
1444 4738 1610 4794 calice
1649 4739 1942 4809 offerendo,
1986 4743 2073 4797 vel

496 4821 853 4892 pradicando.
895 4822 1049 4891 Quod
1102 4826 1147 4880 si
1196 4826 1415 4896 quidam
1466 4829 1839 4901 episcoporum
1873 4832 2075 4887 conscii

492 4920 619 4971 sunt
647 4913 854 4971 laboris
881 4928 1090 4983 eorum,
1113 4928 1167 4973 et
1187 4918 1520 4986 humilitatis,
1553 4930 1605 4976 et
1633 4923 2075 4991 mansuetudinis,

491 5011 549 5063 et
568 5005 839 5061 voluerint
866 5006 943 5062 eis
970 5007 1170 5077 aliquid
1200 5010 1425 5080 amplius
1447 5012 1682 5069 tribuere
1702 5014 1787 5069 vel
1812 5014 2070 5081 adimere,

491 5110 658 5166 penes
686 5098 832 5169 ipsos
859 5100 963 5155 erit
990 5109 1249 5171 patestas.

490 5227 571 5287 De
598 5230 676 5285 his
703 5234 788 5302 qui
830 5249 894 5287 ea:
925 5237 1049 5313 fuga
1078 5238 1429 5313 comprehensi
1463 5249 1599 5313 sunt,
1645 5251 1696 5293 et
1721 5258 1814 5311 per
1842 5244 1942 5298 vim
1970 5260 2069 5313 pa-

842 5307 965 5372 gani
994 5308 1121 5360 ritus
1152 5308 1348 5378 aliquid
1376 5310 1710 5379 pertulerunt.

558 5407 744 5463 XXIII.
785 5408 886 5477 Qui
912 5411 1184 5481 fugientes
1212 5419 1587 5487 comprehensi
1616 5428 1772 5488 sunt,
1803 5422 1938 5477 vela
1966 5421 2068 5478 do-

488 5502 724 5559 mesticis
754 5501 962 5568 traditi,
987 5505 1074 5559 vel
1106 5506 1372 5579 ademptis
1396 5510 1737 5566 facultatibus
1765 5514 2069 5570 sustinuere

489 5601 775 5658 tormenta,
807 5602 899 5647 aut
928 5594 980 5649 in
1019 5598 1320 5653 custodiam
1354 5602 1485 5656 trusi
1517 5606 1984 5671 proclamaverunt
2016 5621 2073 5660 se

486 5684 821 5741 Christianos
842 5702 980 5752 esse.
1015 5698 1071 5744 et
1096 5704 1333 5759 eousque
1377 5695 1581 5748 astricti
1608 5703 1750 5757 sunt,
1788 5706 1844 5749 ut
1881 5712 2070 5752 manus

486 5792 672 5843 contra
741 5781 1261 5854 comprehendentes
1306 5772 1569 5841 violenter
1611 5787 1962 5857 attraherent,
2013 5796 2066 5844 et

2186 3294 2289 3349 cibi
2319 3311 2415 3365 per
2443 3299 2818 3356 necessitatem
2841 3314 3054 3355 sumere
3074 3310 3414 3369 cogerentur,
3440 3304 3757 3357 conﬁtentes

2179 3385 2379 3455 jugiter
2406 3403 2465 3443 se
2491 3388 2821 3445 Christianos
2842 3405 2979 3457 esse,
3011 3400 3066 3444 et
3093 3391 3292 3446 luctum
3318 3393 3414 3457 rei,
3438 3407 3557 3460 qua:
3584 3392 3745 3446 conti»

2186 3478 2282 3545 git,
2328 3478 2719 3536 incessabiliter
2763 3484 3105 3538 ostendentes
3141 3485 3285 3539 omni
3332 3482 3652 3553 dejectione,
3702 3492 3759 3539 et

2186 3567 2389 3634 habitu,
2418 3578 2473 3623 et
2500 3571 2800 3627 humilitate
2821 3574 2943 3628 vita:
2968 3592 2979 3626 :
3006 3575 3122 3639 hos,
3148 3574 3295 3629 velut
3323 3584 3472 3629 extra
3502 3575 3757 3629 delictum

2184 3661 2523 3728 constitutos,
2550 3677 2580 3716 a
2601 3665 2991 3720 communionis
3009 3668 3177 3733 gratia
3208 3680 3320 3720 non
3337 3666 3525 3719 vetari.
3550 3665 3605 3719 Si
3630 3681 3759 3720 vero

2185 3755 2436 3823 prohibiti
2458 3765 2585 3810 sunt
2622 3756 2687 3810 ab
2717 3758 2999 3827 aliquibus,
3044 3767 3265 3829 propter
3291 3760 3602 3828 ampliorem
3631 3774 3760 3813 cau-

2184 3843 2367 3909 telam,
2397 3845 2482 3899 vel
2514 3854 2731 3915 propter
2758 3847 3110 3915 qnorumdam
3154 3849 3507 3916 ignorantiam
3531 3889 3545 3913 ,
3578 3849 3759 3903 statim

2183 3936 2530 4006 recipiantur.
2562 3936 2676 3993 Hoc
2705 3948 2884 3993 autem
2913 3940 3157 3995 similiter
3187 3950 3241 3994 et
3269 3940 3335 3995 de
3362 3941 3592 4004 clericis,
3618 3948 3672 3995 et
3691 3940 3760 3994 de

2183 4026 2390 4080 czcteris
2420 4026 2571 4081 laicis
2599 4028 2886 4085 observare
2924 4031 3229 4085 conveniet.
3275 4030 3633 4101 Perquisitum
3677 4043 3762 4087 est

2184 4123 2362 4170 autem
2384 4126 2439 4170 et
2466 4117 2614 4182 illud,
2646 4119 2692 4173 si
2719 4129 2945 4187 possunt
2973 4122 3135 4175 etiam
3165 4121 3285 4175 laici
3319 4122 3410 4191 qui
3458 4122 3509 4175 in
3540 4122 3636 4175 has
3666 4136 3767 4174 ne-

2180 4207 2446 4262 cessitatis
2474 4210 2744 4275 angustias
2765 4211 3086 4278 inciderunt,
3110 4212 3175 4265 ad
3205 4211 3487 4267 clericatus
3516 4212 3761 4265 ordinem

2182 4299 2507 4366 promoveri.
2540 4298 2743 4355 Placuit
2789 4317 2916 4370 ergo
2944 4312 2997 4357 et
3037 4304 3154 4368 hos,
3182 4313 3442 4372 tanquam
3490 4304 3580 4374 qui
3629 4304 3761 4358 nihil

2179 4396 2556 4455 peccaverunt,
2589 4390 2633 4443 si
2656 4398 2710 4443 et
2756 4378 3062 4460 praecedens
3104 4408 3289 4447 eorum
3319 4394 3427 4447 vita
3467 4392 3761 4462 probabilis

2177 4480 2266 4546 sit,
2299 4480 2367 4536 ad
2396 4480 2498 4535 hoc
2527 4479 2759 4535 ofﬁcium
2783 4484 3026 4552 provehi.

2102 4564 2150 4621 ι)
2178 4592 2258 4647 De
2306 4594 2383 4648 his
2421 4596 2526 4665 qui,
2578 4595 2789 4649 diversis
2818 4598 3007 4660 causis,
3035 4596 3335 4666 gentilitatis
3377 4596 3505 4649 ritus
3560 4594 3760 4664 aliquid

2799 4675 3118 4736 peregerunt.

2252 4774 2436 4829 XXIV.
2478 4774 2554 4830 De
2605 4776 2688 4830 his
2716 4776 2806 4845 qui
2830 4777 3133 4831 sacriﬁcare
3157 4775 3331 4831 coacti
3370 4785 3513 4843 sunt,
3538 4776 3759 4845 insuper

2180 4875 2236 4922 et
2265 4874 2615 4922 coenaverunt
2640 4868 2692 4922 in
2724 4868 2906 4933 idolio,
2939 4868 3246 4937 quicunque
3275 4882 3481 4933 eorum,
3526 4882 3645 4921 cum
3669 4866 3760 4920 du-

2182 4966 2451 5024 cerentur,
2484 4958 2686 5012 ltetiore
2715 4959 2899 5012 habitu
2931 4957 3162 5023 fuerunt,
3196 4966 3251 5013 et
3278 4958 3609 5012 vestimentis
3637 4973 3760 5026 pre-

2176 5048 2483 5104 tiosioribus
2530 5049 2608 5103 usi
2637 5058 2780 5113 sunt,
2813 5056 2868 5104 et
2902 5058 3209 5119 prinparata:
3237 5063 3403 5103 ccenae
3450 5047 3757 5101 indifferen-

2179 5154 2259 5199 ter
2286 5145 2575 5215 participes
2596 5145 2946 5212 exstiterunt,
2971 5144 3169 5212 placuit
3190 5158 3284 5198 eos
3313 5143 3453 5196 inter
3479 5142 3759 5195 audientes

2177 5250 2287 5289 uno
2334 5250 2477 5289 anno
2514 5234 2791 5299 constitui,
2824 5233 3171 5288 succumbere
3200 5248 3329 5287 vero
3363 5232 3533 5286 tribus
3580 5232 3757 5297 annis,

2177 5325 2232 5379 in
2264 5326 2507 5381 oratione
2537 5332 2718 5380 autem
2748 5324 3147 5379 communicare
3176 5323 3419 5388 biennio,
3446 5329 3501 5377 et
3528 5330 3653 5375 tunc
3689 5322 3756 5374 ad

2175 5413 2522 5485 perfectionis
2576 5416 2803 5483 gratiam
2858 5415 3163 5483 pervenire.
3233 5412 3508 5480 Quotquot
3574 5418 3753 5463 autem

2174 5507 2531 5563 ascenderunt
2568 5509 2764 5578 templa
2810 5516 2959 5561 veste
3000 5506 3230 5574 lugubri,
3278 5514 3333 5558 et
3378 5504 3756 5557 recuinbe‘ntes

2174 5613 2268 5667 per
2298 5614 2457 5653 omne
2486 5608 2696 5667 tempus
2722 5595 2919 5652 flevere
2944 5597 3254 5662 discubitus,
3282 5595 3325 5649 si
3350 5594 3756 5663 con'iplcverunt

2176 5691 2541 5760 pmnitentiam
2572 5689 2788 5745 triennii
2819 5688 3090 5758 temporis,
3123 5687 3240 5741 sine
3268 5685 3541 5739 oblatione
3580 5685 3752 5737 susci-

2174 5783 2405 5856 piantur.
2441 5782 2497 5840 Si
2529 5790 2705 5840 autem
2736 5797 2842 5839 non
2867 5779 3340 5841 manducaverunt,
3371 5774 3588 5832 biennio
3626 5774 3751 5830 Sub-
