3982 6196
295 355 399 413 1515
998 369 1026 377 ’

1296 349 1520 404 CODEX
1547 347 1870 404 CANONUM
1900 345 2586 403 ECCLESIASTICORUM.

3453 355 3553 407 134

286 473 416 542 jecti
451 469 796 542 pmnitentim,
835 466 992 522 tertio
1022 482 1164 520 anno
1192 467 1307 520 sine
1335 468 1607 522 oblatione
1629 482 1863 522 commu—
1891 471 1940 526 Α
1971 466 2167 536 placuit
2196 467 2330 530 erui,
2364 478 2419 522 et
2438 467 2514 521 eis
2545 466 2688 521 reddi
2721 468 2911 536 quibus
2938 478 3062 523 ante
3090 467 3300 525 fuerant
3319 470 3554 539 despon-

291 565 504 619 nicent:
547 572 604 617 ut
649 559 1029 631 perfectionem
1059 558 1410 625 quadriennio
1452 567 1862 626 consequantur.

292 652 465 711 Penes
489 662 668 707 autem
692 653 974 722 episcopos
999 651 1102 704 erit
1123 658 1383 719 potestas,
1408 650 1621 703 modum
1651 664 1866 703 conver-

287 747 454 800 sionis
508 759 697 798 eorum
752 742 1062 811 probantes,
1117 741 1199 795 vel
1252 741 1537 795 humanius
1590 754 1714 808 erga
1773 755 1867 794 eos

289 853 467 906 agere,
494 837 580 890 vel
604 836 833 906 amplius
859 844 1066 904 tempus
1087 833 1352 888 addicere.
1375 835 1510 887 Ante
1536 835 1711 887 omnia
1740 849 1864 887 vero

287 928 595 1000 przccedens
623 941 809 980 eorum
840 925 946 980 vita
972 933 1027 979 et
1055 925 1321 994 posterior
1363 925 1678 996 inquiratur,
1708 934 1760 979 et
1790 925 1862 980 ita

287 1026 365 1079 eis
388 1021 722 1092 impertiatur
749 1019 1070 1073 humanitas.

429 1137 504 1190 De
530 1135 609 1188 his
635 1135 723 1206 qui
748 1135 929 1187 timore
956 1134 1083 1186 ritus
1111 1132 1371 1201 gentilium
1394 1141 1714 1202 peregerunt.

357 1245 519 1301 XXV.
565 1245 640 1299 De
662 1244 748 1298 his
795 1243 885 1312 qui
909 1243 1066 1296 minis
1085 1249 1299 1311 tantum
1322 1258 1532 1298 cessere
1559 1259 1854 1313 pmnarum,

281 1351 374 1392 aut
402 1340 704 1408 privatione
728 1336 1040 1392 facultatum
1069 1335 1262 1401 territi,
1312 1345 1404 1390 aut
1447 1336 1852 1403 dcmigratione,

279 1426 718 1482 sacriﬁcaverunt
741 1466 759 1492 ,
781 1436 834 1481 et
863 1429 1119 1483 hactenus
1140 1425 1482 1495 paenitudinis
1506 1426 1852 1494 negligentes,

281 1532 457 1586 neque
485 1517 732 1572 conversi
771 1526 915 1583 sunt,
946 1516 1103 1585 hujus
1137 1515 1352 1570 concilii
1399 1524 1641 1583 tempore
1685 1524 1856 1570 semet

280 1609 609 1670 obtulerunt,
645 1607 1012 1662 conversionis
1039 1622 1147 1662 sua:
1175 1606 1395 1662 consilia
1423 1607 1715 1676 capientes,
1748 1607 1855 1677 pla-

279 1702 387 1755 cuit
427 1716 596 1769 tisque
647 1700 713 1754 ad
759 1714 1008 1768 magnum
1051 1699 1191 1754 diem
1242 1714 1337 1754 eos
1383 1699 1522 1753 inter
1575 1700 1852 1753 audientes

276 1793 497 1861 suscipi,
527 1801 581 1845 et
607 1801 726 1860 post
758 1806 1007 1859 magnum
1038 1791 1179 1844 diem
1212 1791 1440 1846 triennio
1479 1793 1845 1860 paenitentiam

277 1896 454 1949 agere,
485 1890 541 1934 et
582 1881 926 1949 postmodum
973 1880 1180 1936 duobus
1230 1881 1385 1934 annis
1425 1881 1540 1935 sine
1581 1882 1850 1936 oblatione

277 1969 678 2024 communicare
705 1987 716 2021 :
749 1976 804 2022 et
838 1975 967 2022 tunc
995 1967 1228 2034 demum,
1253 1984 1345 2023 sex
1372 1970 1524 2023 annis
1547 1970 1846 2039 completis,

275 2057 343 2110 ad
389 2056 735 2126 perfectionis
777 2057 1002 2122 gratiam
1044 2057 1345 2125 pervenire.
1379 2057 1434 2112 Si
1463 2074 1590 2112 vero
1634 2060 1846 2127 quidam

274 2156 398 2202 ante
429 2150 568 2201 hanc
593 2146 859 2217 synodum
886 2148 1116 2217 suscepti
1138 2157 1260 2202 sunt
1281 2148 1346 2202 ad
1369 2150 1755 2218 pcenitentiam,
1781 2166 1847 2204 ex

274 2238 364 2292 illo
387 2247 631 2308 tempore
653 2238 860 2292 initium
880 2238 959 2293 eis
977 2239 1216 2293 sexennii
1245 2249 1603 2309 computetur.
1628 2240 1682 2295 Si
1703 2242 1847 2310 quod

271 2341 449 2383 autem
478 2329 796 2399 periculum,
827 2329 907 2383 vel
934 2329 1121 2384 mortis
1149 2332 1500 2400 exspectatio,
1539 2339 1632 2385 aut
1665 2347 1729 2386 ex
1761 2334 1845 2386 iu-

270 2421 539 2485 lirmitate,
565 2429 658 2474 aut
682 2437 747 2475 ex
771 2421 948 2489 aliqua
977 2421 1262 2476 occasione
1287 2422 1606 2490 contigerit,
1637 2425 1718 2479 his
1745 2425 1844 2480 sub

269 2510 579 2567 deﬁnitione
604 2519 802 2565 statuta
831 2513 1136 2568 communio
1162 2529 1268 2568 non
1295 2522 1538 2582 negetur.

415 2623 491 2678 De
513 2625 591 2678 his
609 2624 693 2695 qui
723 2625 776 2676 in
797 2623 922 2678 locis
947 2624 1200 2679 idolorum
1230 2626 1673 2682 manducaverunt.

339 2737 531 2794 XXVI.
571 2737 649 2792 De
691 2738 772 2793 bis
818 2737 908 2808 qui
947 2735 1307 2816 festis'diebus
1333 2741 1611 2810 gentilium
1652 2743 1704 2796 in
1752 2758 1838 2798 re-

265 2834 429 2888 motis
474 2848 662 2888 eorum
708 2831 840 2886 locis
881 2833 1125 2888 convivia
1168 2833 1526 2898 celebrarunt,
1582 2836 1840 2907 cibosque

264 2924 518 2996 proprios
542 2922 846 2978 deferentes
872 2922 1066 2978 ibidem
1094 2924 1465 2992 comederunt,
1496 2925 1697 2996 placuit
1718 2935 1839 2996 post

265 3013 638 3086 pmiiitentiam
681 3013 881 3068 biennii
923 3028 1017 3069 eos
1060 3014 1276 3084 suscipi,
1321 3023 1496 3070 utrum
1542 3032 1671 3072 vero
1716 3033 1835 3074 cum

263 3104 566 3172 oblatione,
591 3103 786 3172 singuli
815 3104 1208 3174 episcoporum,
1241 3107 1531 3176 probantes
1555 3109 1715 3164 vitam
1742 3126 1835 3167 eo-

264 3210 402 3260 rum,
433 3203 490 3248 et
518 3194 754 3262 singulos
782 3203 954 3259 actus,
984 3195 1311 3252 examinem.

455 3307 537 3361 De
559 3308 637 3362 his
666 3309 750 3378 qui
779 3309 1069 3379 frequenter
1088 3310 1239 3364 idolis
1268 3311 1672 3368 immolaverunt.

331 3415 546 3470 XXVII.
589 3416 654 3472 Ili
683 3419 774 3488 qui
830 3421 1066 3475 secundo
1095 3430 1147 3476 et
1195 3425 1356 3477 tertio
1401 3425 1836 3483 sacriﬁcaverunt

263 3510 455 3573 coacti,
488 3518 722 3580 quatuor
750 3511 902 3564 annis
931 3511 1254 3580 paenitentiae
1282 3514 1631 3581 subjiciantur
1658 3534 1669 3568 :
1701 3517 1835 3572 duo-

262 3597 358 3650 bus
417 3606 598 3652 autem
653 3599 808 3652 annis
849 3599 965 3654 sine
1012 3601 1286 3656 oblatione
1314 3605 1729 3670 communicent,
1781 3613 1837 3659 et

263 3687 490 3756 septimo
520 3703 662 3741 anno
690 3689 923 3757 perfecte
955 3689 1301 3758 recipiantur.

331 3797 407 3850 De
434 3799 516 3852 his
540 3801 626 3868 qui
665 3809 714 3854 et
742 3801 860 3855 aliis
887 3793 1218 3870 sacriﬁcan'di
1248 3819 1431 3858 causas
1459 3805 1757 3859 attulerunt.

327 3907 561 3964 XXVIII.
605 3910 879 3980 Quotquot
897 3923 1074 3968 autem
1108 3930 1213 3970 non
1235 3916 1408 3970 solum
1441 3917 1543 3986 ipsi
1587 3918 1834 3976 deviave-

263 4008 401 4063 runt,
433 3999 529 4052 sed
552 4001 714 4055 etiam
749 4002 1170 4071 insurrexerunt,
1203 4013 1257 4060 et
1302 4009 1676 4076 compulerunt
1720 4011 1830 4064 fra-

263 4096 383 4151 tres,
417 4098 474 4142 et
520 4105 711 4145 causas
746 4093 1083 4160 praebuerunt
1135 4104 1194 4149 ut
1236 4106 1592 4165 cogerentur,
1634 4101 1688 4154 hi
1735 4116 1832 4170 per

264 4180 548 4234 triennium
587 4181 804 4250 quidem
833 4185 1010 4240 locum
1053 4187 1195 4241 inter
1223 4188 1496 4244 audientes
1541 4192 1827 4261 accipiant,

263 4286 354 4340 per
392 4274 539 4328 aliud
575 4290 706 4329 vero
750 4278 1060 4332 sexennium
1108 4279 1434 4348 pmnitentize
1481 4283 1831 4352 subjiciantur

258 4364 469 4428 acriori,
510 4374 566 4418 et
594 4365 700 4419 alio
739 4381 883 4422 anno
922 4370 1353 4424 communionem
1395 4371 1510 4426 sine
1555 4373 1830 4431 oblatione

259 4451 573 4521 percipiant,
607 4462 662 4507 ut
686 4455 1088 4523 perfectionem,
1132 4460 1347 4528 expleto
1379 4461 1660 4529 decennio,
1693 4479 1826 4520 con-

1971 565 2120 620 satm,
2159 557 2367 611 etiamsi
2397 557 2475 611 eis
2517 574 2548 611 a
2599 559 2902 626 raptoribus
2932 559 3008 612 vis
3033 561 3176 613 illata
3224 563 3542 620 constiterit.

1969 667 2048 721 De
2093 669 2171 722 his
2219 672 2322 739 qui,
2362 687 2475 724 cum
2530 681 2697 793 essqut
2739 671 3104 735 catechumeni,
3162 673 3314 727 idolis
3359 674 3545 728 immo-

2645 754 2875 793 arerunt.

2645 754 2875 794 arerunt.

2037 846 2226 901 XXXI.
2267 847 2370 903 Eos
2398 849 2489 918 qui
2536 861 2661 905 ante
2684 851 2941 919 baptisma
2973 850 3409 906 sacrificaverunt
3431 853 3543 908 ido-

1965 939 2048 1004 lis,
2082 947 2136 991 et
2183 948 2368 1006 postea
2414 940 2673 1010 baptisma
2704 925 2980 996 consecuti
3010 952 3169 1004 sunt,
3219 944 3422 1012 placuit
3468 945 3536 998 ad

1965 1029 2206 1085 ordinem
2234 1031 2474 1101 provehi,
2500 1032 2641 1100 quod
2671 1033 2961 1101 probentur
2989 1035 3176 1088 abluti.

1965 1142 2113 1206 Quod
2149 1160 2252 1199 non
2305 1153 2536 1216 oporteat
2577 1146 2965 1215 chorepiscopos
3006 1149 3218 1203 clericos
3266 1152 3526 1215 ordinare,

2419 1217 2518 1268 nisi
2546 1217 2598 1268 in
2629 1217 2770 1286 agris
2799 1227 2846 1269 et
2869 1218 3073 1272 rillulis.

2029 1325 2240 1381 XXXII.
2277 1325 2691 1398 Chorepiscopis
2713 1343 2821 1382 non
2851 1328 3010 1383 licere
3039 1330 3396 1401 presbyteros,
3430 1342 3521 1386 aut

1957 1419 2214 1474 diaconos
2245 1419 2509 1484 ordinare,
2541 1419 2633 1474 sed
2666 1435 2764 1473 nec
2789 1421 3110 1489 presbyteris
3138 1422 3389 1490 civitatis,
3412 1424 3528 1477 sine

1955 1519 2223 1579 praecepto
2260 1510 2528 1580 cpiscOpi,
2573 1510 2657 1565 vel
2697 1510 2905 1574 litteris,
2953 1511 3006 1564 in
3063 1527 3381 1581 unaquaque
3431 1529 3527 1583 pa-

1955 1599 2160 1654 rochia.

1955 1707 2034 1762 De
2056 1709 2137 1762 Itis
2163 1713 2249 1780 qui
2271 1726 2410 1764 esum
2435 1711 2667 1763 carnium
2696 1711 2750 1764 in
2773 1712 2906 1765 clero
2937 1712 3199 1766 constituti
3227 1712 3524 1785 di/fugiunt.

1884 1833 1924 1890 Β
2025 1819 2257 1896 XXXIII.
2300 1820 2361 1874 Ili
2391 1821 2481 1891 qui
2510 1822 2560 1876 in
2608 1822 2753 1877 clero
2774 1833 2897 1877 sunt
2944 1824 3268 1895 presbyteri,
3309 1837 3363 1880 et
3410 1827 3523 1880 dia—

1954 1910 2097 1974 coni,
2131 1919 2185 1965 et
2213 1926 2243 1965 a
2293 1911 2540 1966 carnibus
2585 1913 2888 1978 abstinent,
2935 1913 3133 1984 placuit
3178 1931 3269 1968 cas
3307 1917 3522 1987 quidem

1952 2002 2280 2068 contingere,
2302 2009 2355 2054 et
2387 2001 2478 2065 ita,
2511 2001 2553 2055 si
2582 2002 2862 2067 voluerint,
2885 2004 3180 2056 continere.
3203 2004 3351 2070 Quod
3391 2007 3434 2059 si
3468 2024 3518 2060 in

1953 2098 2155 2143 tantum
2185 2105 2276 2144 eas
2305 2091 2699 2158 abominantur,
2731 2100 2910 2146 utnec
2936 2093 3099 2158 olera,
3132 2109 3249 2162 qua:
3288 2112 3407 2148 cum
3445 2098 3523 2151 eis

1949 2188 2279 2250 coquuntur,
2331 2180 2638 2235 existiment
2685 2180 3052 2248 comedenda,
3113 2191 3361 2251 tanquam
3412 2200 3519 2238 non

1947 2269 2348 2324 consentientes
2391 2269 2604 2338 rcgulm,
2639 2269 2705 2322 ab
2745 2269 2932 2323 ordine
2979 2282 3190 2324 cessare
3229 2271 3518 2328 debebunt.

1948 2383 2026 2438 De
2053 2383 2201 2438 rebus
2227 2382 2581 2455 ecclesiasticis
2605 2397 2664 2455 eo
2703 2393 2924 2450 tempore
2948 2382 3231 2455 distractis,
3265 2400 3361 2453 quo
3390 2386 3519 2455 ipsa:

2315 2452 2562 2505 Ecclesia:
2584 2452 2852 2505 viduantur
2877 2453 3146 2522 episcopis.

2015 2560 2251 2616 XXXIV.
2293 2560 2370 2616 De
2391 2561 2474 2616 his
2503 2576 2620 2630 qua:
2662 2561 2932 2630 pertinent
2953 2561 3018 2615 ad
3039 2560 3352 2628 Ecclesiam,
3377 2579 3519 2632 ψιλω-

1943 2669 2172 2722 cunque,
2204 2668 2325 2708 cum
2359 2667 2464 2706 non
2494 2659 2636 2705 esset
2671 2651 2974 2720 episcopus,
3021 2653 3315 2723 presbyteri
3342 2655 3520 2708 vendi-

1942 2745 2131 2799 derunt
2157 2785 2170 2808 ,
2203 2743 2422 2814 placuit,
2455 2742 2681 2796 rescisso
2731 2750 3032 2810 contractu,
3081 2742 3147 2796 ad
3179 2743 3299 2810 jura
3345 2745 3518 2798 eccle-

1942 2835 2158 2890 siastica
2189 2834 2452 2889 revocari.
2483 2832 2537 2886 In
2556 2832 2758 2901 judicio
2801 2841 2978 2887 autem
3007 2835 3110 2888 erit
3162 2835 3418 2903 episcopi,
3470 2835 3517 2890 si

1940 2925 2166 2996 pretium
2191 2924 2384 2979 debeat
2401 2924 2585 2994 recipi,
2618 2937 2788 2979 necne
2814 2941 2825 2974 :
2852 2925 2975 2994 quia
2997 2925 3308 2994 plerumque
3332 2941 3512 2979 rerum

1939 3015 2319 3071 distractarum
2341 3014 2540 3070 reditus
2565 3014 2880 3084 ampliorem
2907 3029 3168 3069 summam
3197 3032 3296 3085 pro
3337 3017 3510 3086 pretio

1936 3105 2062 3160 dato
2090 3103 2396 3160 reddiderit.

1867 3199 1908 3254 (δ
1937 3215 2016 3270 De
2063 3217 2155 3293 his
2193 3218 2277 3286 qui
2321 3218 2642 3293 fornicamur
2688 3216 3128 3293 irrationabiliter,
3180 3219 3233 3293 id
3272 3227 3347 3272 est
3421 3221 3508 3293 qui

1952 3356 1956 3360 _
2006 3289 2280 3341 miscentur
2298 3286 2581 3358 pecoribus,
2613 3296 2701 3340 aut
2727 3304 2839 3341 cum
2861 3291 3100 3342 masculis
3120 3289 3433 3359 polluuntur.

2005 3397 2218 3454 XXXV.
2258 3399 2336 3454 De
2372 3399 2456 3454 his
2499 3399 2589 3468 qui
2636 3400 3072 3456 irrationabiliter
3117 3402 3312 3456 versati
3363 3413 3504 3471 sunt,

1933 3489 2049 3544 sive
2076 3497 2378 3556 versantur,
2405 3497 2670 3558 quotquot
2697 3498 2822 3544 ante
2850 3490 3158 3545 vicesimum
3181 3506 3376 3546 annum
3401 3494 3506 3548 tale

1933 3579 2136 3634 crimen
2161 3579 2546 3642 commiserint,
2579 3561 2882 3648 quindecim
2911 3581 3062 3634 annis
3091 3570 3290 3636 exactis
3318 3583 3370 3636 in
3397 3599 3507 3654 pm-

1933 3669 2177 3736 nitentia,
2200 3670 2631 3724 communionem
2648 3680 2951 3724 mereantur
2963 3673 3261 3726 orationum
3285 3690 3297 3724 :
3312 3673 3506 3729 deinde

1932 3760 2297 3829 quinquennio
2323 3759 2376 3813 in
2407 3759 2507 3815 hac
2539 3762 2916 3816 communione
2957 3762 3226 3827 durantes,
3260 3773 3385 3819 tunc
3411 3765 3506 3819 de-

1933 3866 2080 3906 mum
2107 3851 2391 3906 oblationis
2427 3860 2765 3906 sacramenta
2809 3853 3139 3920 contingant.
3182 3853 3506 3908 Discutiatur

1933 3953 2114 3996 autem
2160 3950 2216 3995 et
2254 3942 2361 3995 vita
2392 3957 2601 4008 eorum,
2648 3943 2820 4011 qualis
2868 3954 3107 4011 tempore
3160 3945 3503 4012 pmnitudinis

1931 4031 2216 4097 exstiterit,
2245 4039 2300 4084 et
2324 4031 2395 4083 ita
2443 4030 2859 4085 misericordiam
2901 4041 3316 4100 consequantur.
3349 4032 3503 4099 Quod

1931 4125 1976 4178 si
2010 4121 2402 4192 inexplebiliter
2429 4122 2511 4176 bis
2539 4121 2742 4176 haesere
2783 4107 3115 4188 criminibus,
3145 4124 3210 4178 ad
3241 4125 3502 4192 agendam

1931 4213 2296 4284 paenitentiam
2338 4212 2599 4283 prolixius
2647 4221 2856 4282 tempus
2902 4213 3189 4268 insumant.
3230 4215 3504 4284 Quotquot

1931 4313 2110 4358 autem
2131 4313 2344 4374 peracta
2367 4318 2436 4356 xx
2459 4317 2718 4356 annorum
2739 4310 2915 4366 actate,
2939 4310 2993 4357 et
3013 4317 3206 4357 uxores
3223 4304 3499 4371 habentes,

1930 4398 2036 4452 hoc
2063 4405 2284 4465 peccato
2315 4394 2547 4465 prolapsi
2587 4404 2729 4455 sunt,
2774 4409 2878 4448 xxv
2918 4395 3070 4448 annis
3117 4395 3502 4463 pmnitudinem

1930 4494 2177 4556 gerentes
2205 4487 2256 4539 in
2285 4485 2714 4540 communionem
2757 4483 3110 4552 suscipiantur
3155 4485 3497 4540 orationum:

257 4553 564 4609 sequantur.
619 4544 762 4601 Inter
806 4549 916 4603 haec
967 4560 1142 4604 autem
1184 4561 1238 4606 et
1285 4567 1470 4608 eorum
1526 4556 1635 4609 vita
1696 4571 1830 4626 pen-

1945 4594 1984 4631 .n
2011 4591 2116 4646 qua
2143 4575 2508 4644 quinquennio
2533 4573 2906 4644 perdurantes,
2935 4581 3061 4628 tunc
3093 4574 3306 4628 demum
3349 4575 3501 4630 obla—

255 4633 417 4685 sanda
448 4642 553 4689 est.

257 4742 328 4798 De
358 4746 591 4802 diaconis
637 4751 722 4820 qui
754 4759 976 4834 tempore
1003 4755 1354 4834 ordinationis
1380 4756 1444 4810 de
1470 4759 1659 4826 nuptiis
1697 4768 1828 4813 atte-

891 4832 1011 4876 stati
1039 4833 1176 4876 sunt.

321 4926 510 4984 XXIX.
551 4932 796 5001 Diaconi,
834 4935 1141 5004 quicunque
1185 4937 1517 5006 ordinantur,
1548 4940 1590 4994 si
1631 4941 1682 4994 in
1713 4941 1823 5012 ipsa

249 5021 589 5077 ordinatione
610 5025 888 5092 protestati
917 5035 1061 5095 sunt,
1088 5035 1142 5081 et
1172 5027 1422 5082 dixerunt
1448 5030 1583 5085 velle
1610 5046 1669 5087 se
1694 5047 1823 5087 con—

245 5112 393 5179 jugio
417 5114 679 5183 copulari,
711 5117 837 5184 quia
875 5117 954 5171 sic
997 5133 1216 5174 manere
1263 5135 1371 5174 non
1421 5131 1662 5192 possunt,
1689 5124 1742 5178 hi
1776 5125 1822 5180 si

247 5203 593 5273 poshuodum
625 5221 820 5262 uxores
843 5205 1110 5271 duxerint,
1141 5210 1191 5263 in
1219 5209 1511 5266 ministerio
1541 5223 1816 5278 maneant,

243 5304 532 5364 propterea
554 5299 700 5365 quod
731 5299 806 5353 eis
828 5300 1114 5370 episc0pus
1143 5301 1408 5356 licentiam
1439 5302 1663 5358 dederit.
1690 5305 1820 5372 Qui-

242 5403 459 5455 cunque
486 5406 616 5444 sane
644 5398 944 5456 tacuerunt,
978 5404 1030 5446 et
1055 5403 1407 5463 susceperunt
1433 5411 1620 5451 manus
1649 5395 1822 5467 impo-

239 5479 513 5544 sitionem,
559 5481 784 5549 professi
827 5484 1234 5545 continentiam,
1285 5492 1339 5538 et
1389 5494 1574 5554 postea
1621 5487 1822 5556 nuptiis

239 5569 463 5637 obligati
489 5579 633 5638 sunt,
658 5585 688 5624 a
715 5572 1010 5628 ministerio
1033 5587 1244 5627 cessare
1272 5573 1556 5627 debebunt.

408 5680 485 5734 De
503 5683 826 5752 desponsatis
853 5684 1053 5753 puellis,
1079 5691 1126 5736 et
1149 5683 1210 5737 ab
1239 5684 1355 5737 aliis
1384 5687 1650 5754 corruptis.

315 5789 483 5846 XXX.
526 5791 884 5865 Desponsatas
907 5795 1131 5867 puellas,
1160 5804 1213 5851 et
1237 5803 1358 5869 post
1379 5796 1446 5853 ab
1474 5796 1589 5855 aliis
1614 5808 1813 5870 raptas,

1933 4666 2091 4720 tionis
2118 4672 2451 4719 sacramenta
2483 4663 2799 4733 percipiant.
2832 4662 2986 4728 Quod
3009 4662 3052 4716 si
3082 4663 3172 4730 qui
3215 4671 3268 4717 et
3308 4679 3502 4719 uxores

1929 4755 2209 4816 habentes,
2241 4760 2296 4806 et
2319 4751 2758 4806 transcendentcs
2785 4752 3279 4820 quinquagesimum
3306 4769 3501 4808 annum

1927 4853 2115 4907 anatis,
2148 4843 2220 4897 ita
2243 4840 2606 4909 deliquerint,
2640 4841 2706 4896 ad
2737 4842 2938 4896 exitum
2963 4842 3082 4896 vita:
3114 4844 3504 4898 communionis

1928 4933 2154 5003 gratiam
2182 4939 2596 5002 consequantur.

1929 5048 2008 5103 De
2034 5049 2113 5102 his
2141 5049 2226 5119 qui
2247 5049 2300 5101 in
2328 5047 2561 5118 pecudes,
2590 5047 2666 5100 rel
2695 5051 2747 5119 in
2769 5050 3047 5119 masculos,
3072 5056 3161 5096 aut
3180 5045 3298 5096 aliut
3320 5041 3501 5112 polluti

2158 5115 2297 5182 sunt,
2325 5115 2412 5170 aut
2441 5119 2686 5170 hactenus
2715 5116 2807 5169 hoc
2836 5117 2953 5168 uitio
2978 5115 3256 5166 tabescunt.

1999 5229 2234 5286 XXXVI.
2299 5229 2409 5285 Eos
2463 5230 2553 5298 qui
2617 5227 3050 5283 irrationabiliter
3105 5227 3390 5296 vixerunt,
3447 5237 3499 5283 ct

1923 5325 2070 5394 lepra
2119 5322 2299 5391 iniusti
2355 5321 2593 5376 criminis
2641 5321 2775 5373 alios
2839 5319 3182 5387 polluerunt,
3250 5320 3503 5390 prarccpit

1924 5425 2109 5471 sancta
2132 5413 2369 5486 synodus
2398 5413 2538 5467 inter
2577 5427 2669 5466 eos
2697 5426 2874 5478 orare,
2918 5410 3008 5479 qui
3045 5411 3234 5479 spiritu
3279 5411 3499 5482 pericli-

1927 5517 2106 5562 tantur
2134 5506 2428 5561 immundo.

1929 5619 2003 5674 De
2028 5619 2106 5674 his
2139 5619 2224 5689 qui
2252 5600 2329 5671 adi
2348 5618 2695 5686 episcopatum
2733 5616 2956 5687 promoti
2991 5625 3126 5677 sunt,
3159 5631 3249 5668 nec
3287 5618 3497 5684 recepti.

1995 5710 2250 5764 XXXVII.
2293 5711 2347 5762 Si
2376 5709 2466 5777 qui
2489 5710 2727 5779 episcopi
2757 5708 2983 5764 ordinati
3013 5717 3152 5772 sunt,
3179 5724 3277 5763 nec
3297 5711 3497 5778 recepti

1923 5801 1990 5856 ab
2019 5799 2104 5856 illa
2139 5801 2391 5874 parochia
2423 5800 2478 5858 in
2515 5815 2623 5872 qua
2650 5801 2860 5860 fuerant
2904 5799 3257 5872 denominati,
3307 5799 3468 5856 volue
