3982 6196
557 357 657 414 ιεῦ

1828 335 2183 399 DIONYSIUS
2218 333 2541 393 EXIGUUS.

3711 327 3801 385 156

557 474 769 540 riutque
797 467 929 524 alias
959 477 1221 533 occupare
1250 440 1550 533 parochias,
1584 465 1639 511 et
1663 456 1772 510 vim
1820 453 2135 526 prsesulibus
2163 458 2211 516 Α
2237 451 2538 518 dellnimus,
2558 454 2631 504 'ut
2655 448 2732 502 eis
2752 447 2939 502 decem
2977 461 3240 502 annorum
3272 454 3499 517 tempus,
3525 444 3804 502 secundum

555 580 736 620 rarum
791 561 1009 625 inferre,
1058 554 1349 611 seditiones
1390 550 1644 604 adversus
1677 561 1774 602 eos
1821 543 2128 609 excitando,

556 657 656 712 hos
685 655 840 724 abjict
863 650 1084 722 placuit.
1113 644 1267 711 Quod
1315 643 1360 697 si
1407 640 1675 696 voluerint
1721 638 1773 692 in
1815 635 2135 707 presbyterii

557 747 767 810 ordine,
807 743 897 796 ubi
929 739 1076 810 prius
1120 737 1350 795 fuerant,
1375 740 1435 784 ut
1479 728 1798 800 presbyteri,
1847 726 2087 781 residere
2114 766 2131 792 ,

555 849 665 888 neu
690 831 1008 900 abjieiantur
1036 824 1252 896 propria
1275 821 1552 889 dignitate.
1575 817 1631 872 Si
1652 826 1829 872 autem
1849 815 2141 871 seditiones

559 927 902 975 commovent
931 916 1125 972 ibidem
1159 910 1465 970 constituzis
1510 908 1794 978 episcopis,
1825 907 2141 978 presbyterii

559 1022 774 1076 quoque
803 1007 976 1060 honor
1006 1001 1198 1056 talibus
1229 1000 1519 1063 auferatur,

568 1098 851 1151 notabiles.
949 1107 962 1112 "
1443 1083 1449 1088 ”

565 1209 643 1264 De
671 1211 750 1262 his
787 1211 871 1278 qui
911 1206 1253 1278 virginitatem
1295 1202 1533 1278 professi.
1558 1208 1695 1263 sunt,
1747 1205 1796 1252 et
1839 1197 1900 1250 de
1928 1198 2006 1250 his
2035 1211 2148 1267 qua:

671 1279 763 1332 sub
792 1269 1190 1332 sororisvhabitu
1221 1269 1335 1325 cuin
1355 1269 1606 1340 aliquibus
1633 1277 2037 1323 commorantur.

642 1388 925 1444 XXXVIII.
967 1386 1242 1453 Quotquot
1265 1382 1620 1450 virginitatem
1640 1381 2012 1451 promittentes
2033 1378 2153 1432 irri-

573 1489 682 1536 tam
708 1480 902 1534 Iaciunt
932 1475 1312 1546 sponsionem,
1349 1473 1492 1525 inter
1539 1471 1781 1540 bigamos
1809 1477 2148 1523 censeantur.

573 1572 819 1640 Virgines
840 1577 1037 1630 autem,
1069 1580 1188 1635 qua:
1217 1563 1542 1626 conveniunt
1569 1577 1688 1616 cum
1719 1560 2002 1629 aliquibus,
2031 1569 2152 1614 tan-v

578 1678 739 1734 quam
763 1676 999 1725 sorores,
1027 1658 1269 1711 habitare
1297 1654 1666 1724 prohibemus.

581 1775 659 1830 De
688 1775 768 1828 his
796 1773 882 1845 qui
910 1770 1171 1824 adulteras
1201 1767 1386 1845 habent
1407 1781 1614 1828 uxores,
1637 1765 1714 1818 vel
1739 1765 1785 1818 si
1813 1762 1912 1830 ipsi
1936 1761 2156 1815 adulteri

1161 1838 1576 1907 comprobantur.

648 1951 890 2010 XXXIX.
929 1952 984 2007 Si
1015 1951 1166 2019 cujus
1191 1963 1328 2002 uxor
1347 1943 1810 2015 adulterayfuerit,
1839 1942 1926 1998 vel
1954 1943 1998 1997 si
2044 1943 2159 2012 ipse

581 2046 901 2102 adulterium
933 2042 1284 2109 commiserit,
1309 2049 1516 2108 septem
1556 2053 1821 2091 annorum
1851 2033 2161 2105 poenitentia

583 2144 802 2208 oportet
826 2151 949 2192 eum
984 2133 1373 2204 perfectionem
1414 2129 1692 2198 consequi,
1725 2127 2016 2183 secundum
2063 2125 2169 2196 pri-

582 2231 754 2284 stinos
783 2228 995 2297 gradus.

592 2341 672 2396 De
701 2341 780 2396 his
824 2339 912 2410 qui
958 2347 1137 2409 partus
1157 2352 1276 2417 suos
1307 2351 1370 2414 ea;
1401 2333 1741 2404 fornicatione
1769 2329 1979 2384 diversis
2000 2327 2166 2382 modis

1213 2413 1532 2458 interimunt.

655 2519 770 2574 XL.
814 2520 888 2574 De
919 2517 1228 2571 mulieribus
1257 2529 1375 2585 qua:
1402 2512 1733 2568 fornicantur
1754 2517 1805 2565 et
1832 2517 2016 2580 partus
2038 2525 2188 2564 suos

590 2621 803 2676 necant,
829 2611 914 2665 νει
952 2624 1072 2678 qum
1118 2615 1282 2674 agunt
1326 2621 1528 2669 secum,
1572 2613 1630 2659 ιιι
1678 2612 1833 2658 utero
1879 2612 2170 2672 conceptos

592 2704 897 2769 excutiant,
930 2701 1148 2768 antiqua
1177 2697 1395 2769 quidem
1413 2696 1653 2751 definitio
1682 2711 1850 2764 usque
1878 2691 1947 2748 ad
1969 2695 2169 2749 exitum

596 2797 718 2850 vita:
743 2810 834 2848 eas
859 2794 924 2847 ab
947 2790 1182 2844 Ecclesia
1209 2795 1483 2844 removet:
1514 2786 1796 2840 humanius
1825 2794 2002 2840 autem
2032 2800 2175 2838 nunc

2235 541 2482 613 praefixos
2501 538 2696 608 gradus
2713 536 3042 608 pmnitentise
3084 536 3392 604 largiamur.

2836 669 2916 726 De
2942 669 3230 723 homicidis.

2313 786 2446 841 XLI.
2490 786 2593 853 Qui
2623 783 2923 839 voluntarie
2970 780 3316 836 homicidium
3364 779 3611 846 fecerint,
3660 793 3815 846 ptem.

2243 877 2422 933 tentias
2450 876 2665 946 quidem
2683 874 2881 943 jugiter
2926 887 2984 927 se
3027 870 3384 925 submittant:
3437 868 3808 938 perfectionem

1545 965 2144 1064 ξίωηιίυέέηηιηέηοηθ
2243 984 2374 1024 vero
2399 967 2540 1022 circa
2569 967 2693 1021 vitae
2721 965 2924 1020 exitum
2954 970 3376 1032 consequantur.

2344 1101 2422 1156 De
2445 1101 2522 1154 his
2547 1101 2633 1170 qui
2662 1115 2764 1153 non
2793 1104 2974 1168 sponte
2999 1093 3328 1150 homicidium
3352 1092 3726 1146 commiserunt.

2318 1212 2476 1266 XLII.
2516 1211 2593 1264 De
2615 1208 2916 1264 homicidiis
2944 1222 3050 1262 non
3085 1213 3279 1275 sponte
3317 1201 3632 1265 commissis,
3680 1201 3818 1269 prior

2251 1304 2465 1374 quidem
2493 1299 2740 1356 definitio
2760 1306 2883 1368 post
2909 1305 3226 1366 septennem
3259 1292 3623 1364 pmnitentiam
3652 1288 3820 1359 perfe-

2253 1397 2488 1465 ctionem
2542 1391 2800 1460 consequi
2846 1390 3088 1460 praecipit
3119 1406 3134 1442 ιε
3191 1387 3423 1443 secunda
3468 1401 3618 1449 vero,
3669 1382 3822 1452 quin-

2251 1487 2473 1560 quennii
2501 1493 2711 1555 tempus
2737 1483 2972 1553 explere.

2566 1619 2646 1674 De
2673 1619 2752 1672 his
2778 1619 2862 1690 qui
2884 1617 3226 1671 divinationes
3255 1623 3516 1685 expetunt.

2291 1785 2298 1792 .
2329 1737 2513 1793 XLIII.
2553 1735 2654 1802 Qui
2683 1733 3041 1788 divinationes
3065 1736 3343 1800 expetunt,
3378 1736 3432 1782 et
3473 1742 3672 1780 morem
3703 1741 3828 1793 gen-

2195 1838 2234 1894 B
2264 1835 2433 1887 tilium
2466 1831 2880 1899 subsequuntur,
2915 1833 3007 1880 aut
3034 1825 3084 1878 in
3109 1822 3297 1877 domos
3318 1837 3442 1875 suas
3469 1820 3834 1887 hujuscemodi

2264 1922 2512 1977 homines
2541 1919 2908 1982 introducunt,
2939 1913 3251 1985 exquirendi
3298 1912 3494 1980 aliquid
3525 1921 3637 1965 arte
3674 1911 3838 1964 male-

2233 2013 2382 2078 fica,
2434 2019 2526 2067 aut
2577 2008 2830 2079 expiandi
2878 2021 3061 2071 causa,
3112 2006 3210 2060 sub
3265 2003 3447 2071 regula
3495 2001 3839 2072 quinquennii

2261 2102 2500 2172 jaceant,
2530 2097 2823 2154 secundum
2847 2096 3044 2164 gradus
3081 2093 3406 2164 poenitentia:
3433 2091 3697 2147 detinitos.

2365 2213 2446 2267 De
2475 2213 2552 2267 his
2573 2213 2656 2284 qui
2685 2211 2934 2282 virginum
2958 2206 3586 2278 corruptionibusronscii
3615 2215 3750 2260 sunt.

2340 2327 2524 2382 XLIV.
2565 2325 2789 2392 Quidam
2838 2337 3092 2394 sponsam
3142 2322 3382 2386 habens,
3435 2337 3675 2376 sororem
3731 2323 3845 2389 ejus

2268 2420 2508 2483 violavit,
2537 2426 2594 2472 et
2630 2417 2900 2486 gravidam
2938 2415 3204 2470 reddidit:
3247 2414 3585 2483 postmodum
3613 2414 3845 2483 despon-

2270 2519 2443 2566 satam
2475 2510 2574 2563 sibi
2595 2508 2750 2562 dnxit
2772 2521 3019 2573 uxorem,
3043 2505 3132 2559 illa
3154 2520 3306 2569 vero,
3329 2519 3447 2572 quae
3471 2512 3717 2572 corrupta
3745 2513 3845 2566 est,

2271 2607 2465 2674 laqueo
2492 2620 2549 2658 se
2577 2603 2823 2675 peremit.
2882 2601 2946 2654 lli
2974 2602 3065 2669 qui
3107 2599 3319 2654 fuerunt
3341 2599 3564 2661 Conseii,
3611 2606 3733 2667 post
3760 2597 3847 2650 de-

2275 2710 2503 2750 cennem
2531 2694 2951 2748 satisfactionem
2979 2691 3110 2758 jussi
3142 2699 3265 2745 sunt
3292 2691 3512 2760 suscipi,
3558 2689 3848 2764 secundum

2275 2788 2476 2856 gradus
2502 2787 2830 2857 poenitentiae
2861 2785 3198 2839 constitutos.

1108 2919 3806 2944 ww

1102 2985 1440 3052 REGULE
1505 2985 1900 3048 PROLA'I‘JE
1953 2987 2025 3045 iN
2087 2988 2401 3047 SYNODO
2477 2988 3118 3050 NEUCJESARIENSI
3176 2986 3340 3045 XiV.

668 3179 734 3234 Et
764 3179 847 3233 hac
870 3178 1065 3247 regulze
1086 3184 1209 3247 post
1230 3189 1322 3230 eas
1342 3171 1554 3242 quidem
1581 3171 1876 3241 probantur
1904 3181 2043 3231 esse.
2065 3181 2182 3235 qnte
2211 3175 2252 3229 Ω
2287 3180 2394 3227 tem
2440 3174 2806 3243 deprehensus
2868 3173 3028 3227 fuerit
3083 3186 3340 3242 peccans,
3373 3169 3415 3223 si
3449 3167 3664 3237 quidem
3718 3180 3860 3231 genu

601 3272 741 3342 apud
770 3271 1036 3341 Ancyram
1065 3267 1323 3338 exposite
1365 3272 1522 3318 sunt:
1554 3261 1648 3317 sed
1679 3259 1905 3314 Nicasius
1933 3257 2176 3328 anterio-

2293 3263 2470 3327 ﬂectit,
2497 3263 2694 3329 audiat,
2738 3273 2796 3318 ut
2822 3280 2928 3318 non
2975 3263 3247 3332 delinquat
3289 3260 3542 3314 ulterius:
3575 3259 3616 3311 si
3648 3273 3774 3311 vero
3806 3265 3863 3309 et

604 3380 690 3419 res
711 3363 1092 3433 reperiuntum
2285 3357 2505 3411 audiens
2526 3357 2848 3426 peccaverit,
2879 3355 3194 3425 expellatur.

607 3475 684 3528 De
705 3473 1010 3544 presbyteris
1031 3472 1119 3542 qui
1140 3485 1328 3524 uxores
1350 3473 1668 3537 acceperunt,
1693 3463 1770 3518 vel
1783 3461 2026 3535 fornicati
2043 3468 2180 3516 sunt.

679 3564 839 3620 XLV.
879 3562 1183 3634 Presbyter,
1214 3562 1258 3615 si
1290 3575 1511 3614 uxorem
1551 3556 1840 3626 acceperit,
1889 3556 1958 3608 ab
1999 3552 2186 3608 ordine

610 3656 954 3724 deponatur:
987 3653 1032 3708 si
1059 3667 1190 3707 vero
1220 3650 1511 3705 fornicatus
1539 3647 1718 3712 fuerit,
1751 3654 1840 3699 aut
1868 3642 2188 3698 adulterium

612 3743 1016 3816 perpetraverit,
1043 3741 1270 3813 amplius
1295 3740 1420 3811 pelli
1448 3739 1628 3804 debet,
1649 3747 1706 3793 et
1731 3736 1798 3790 ad
1821 3735 2189 3806 ptenitentiam

615 3834 804 3902 redigi.

618 3939 695 4000 De
721 3946 803 4000 his
830 3959 943 4018 qua:
971 3943 1168 4012 duobus
1197 3941 1445 4013 fratribus
1482 3940 1765 4020 nupserim,
1811 3938 1890 3992 vel
1934 3937 2019 4006 qui
2065 3935 2193 3989 duas

1027 4030 1228 4068 sorores
1256 4028 1443 4067 uxores
1471 4017 1779 4079 acceperint.

2680 3473 2754 3528 De
2782 3473 3140 3527 catechumena
3160 3477 3477 3541 prwgnante.

2358 3578 2420 3638 L'.
2460 3583 2743 3639 Gravidam
2783 3588 2998 3652 oportet
3043 3579 3320 3649 baptizari,
3355 3575 3566 3646 quando
3596 3573 3862 3640 voluerit;

2289 3675 2420 3729 nihil
2457 3676 2600 3729 enim
2637 3675 2690 3728 in
2725 3675 2828 3728 hoc
2856 3687 2974 3741 qua:
3010 3671 3149 3739 parit
3192 3667 3431 3722 nascenti
3460 3665 3865 3720 communicat:

2291 3775 2573 3836 propterea
2603 3763 2748 3833 quod
2792 3763 3207 3832 uniuscujusque
3251 3773 3406 3813 suum
3447 3757 3779 3828 propositum
3814 3756 3870 3808 in

2293 3855 2632 3911 confessione
2653 3854 2975 3908 declaretur.

2298 3962 2446 4028 Quod
2468 3981 2567 4017 non
2589 3972 2823 4032 oporteat
2843 3965 2896 4015 in
2918 3961 3105 4032 bigami
3124 3961 3316 4030 nuptiis
3335 3975 3483 4014 orare
3497 3956 3870 4028 presbyterum.

687 4105 870 4160 XLVI.
911 4104 1119 4170 Mulier,
1151 4105 1195 4158 si
1224 4104 1432 4157 duobus
1454 4067 1706 4155 fratribus
1753 4099 2029 4168 nupserit,
2060 4096 2179 4166 abji-

2370 4077 2453 4132 LI.
2497 4076 2874 4146 Presbyterum
2898 4075 2951 4128 in
2983 4072 3180 4141 nuptiis
3217 4070 3412 4138 bigami
3451 4067 3715 4138 prandere
3763 4081 3876 4120 non

623 4197 795 4253 ciatnr
824 4211 992 4264 usque
1018 4195 1084 4248 ad
1115 4201 1343 4247 mortem
1370 4211 1383 4244 :
1417 4199 1786 4260 verumtamen
1825 4190 1879 4244 in
1908 4190 2052 4243 exitu
2083 4205 2179 4258 pro

2299 4167 2571 4230 convenit,
2603 4167 2726 4234 quia
2755 4180 2877 4220 cum
2914 4160 3226 4234 paenitentia
3264 4160 3502 4227 bigamus
3541 4165 3716 4224 egeat,
3753 4157 3876 4223 quis

625 4297 747 4357 pter
776 4283 1222 4346 misericordiam,
1254 4283 1300 4336 si
1329 4281 1655 4350 promiserit,
1683 4265 1828 4348 quod
1875 4280 2013 4334 facta
2048 4278 2179 4333 ineo.

2302 4261 2407 4316 erit
2430 4258 2704 4328 presbyter
2729 4256 2816 4324 qui
2869 4261 3086 4324 propter
3114 4251 3414 4306 convivium
3453 4249 3645 4304 talibus
3675 4248 3876 4316 nuptiis

628 4377 805 4440 Iumis,
846 4375 1004 4443 hujus
1038 4373 1434 4443 conjunctionis
1459 4344 1647 4426 vincla
1668 4344 1943 4433 dissolvat,
1974 4360 2179 4423 fructun

2304 4349 2472 4421 possit
2497 4347 2736 4418 praebere
2763 4344 3117 4400 consensum?

630 4465 957 4537 poenitentia:
985 4473 1364 4533 consequatur.
1423 4460 1577 4526 Quod
1623 4459 1668 4515 si
1714 4458 1972 4514 defecerit
2017 4458 2206 4512 mulier

633 4532 726 4610 aut
757 4556 835 4608 vir
864 4555 916 4607 in
945 4553 1138 4607 talibus
1166 4554 1384 4623 nuptiis,
1410 4552 1640 4608 difficilis
1661 4550 1764 4607 erit
1807 4548 2118 4621 pamitentia
2148 4548 2201 4603 in
2233 4532 2282 4590 Ῐ)

633 4649 743 4703 vita
774 4645 1129 4717 permanenti.

2496 4459 2574 4514 De
2601 4459 2678 4512 his
2705 4459 2791 4530 qui
2810 4455 3102 4512 mulieribus
3132 4454 3376 4508 adulteris
3388 4452 3553 4522 juncti
3575 4458 3715 4504 sunt.

2383 4573 2488 4628 LII.
2531 4571 2720 4627 Mulier
2759 4569 3033 4640 cujusdam
3069 4567 3366 4621 adulterata
3414 4563 3533 4616 laici
3579 4561 3865 4615 constituti

2311 4668 2358 4722 si
2385 4666 2660 4721 evidenter
2679 4671 2949 4730 arguatur,
2981 4659 3101 4713 talis
3145 4657 3210 4710 ad
3250 4654 3596 4708 ministerium
3640 4651 3773 4705 cleri
3809 4667 3876 4701 ve

2315 4759 2429 4813 nire
2456 4771 2562 4811 non
2592 4753 2809 4823 poterit.
2839 4752 2896 4806 Si
2924 4766 3050 4804 vero
3073 4756 3196 4818 post
3223 4745 3613 4801 ordinationem
3671 4740 3876 4794 adulte-

2317 4857 2430 4904 rata
2459 4847 2634 4912 fuerit,
2661 4845 2931 4900 dimittere
2951 4857 3067 4896 eam
3097 4837 3348 4894 convenit
3373 4855 3385 4889 :
3417 4835 3562 4903 quod
3583 4835 3629 4888 si
3651 4848 3775 4887 cum
3807 4833 3876 4884 ill:

2319 4938 2635 5004 convixerit,
2689 4933 3040 4990 ministerium
3086 4930 3188 4985 sibi
3241 4927 3590 4984 commissum
3645 4924 3875 4980 obtineri

2318 5046 2427 5086 non
2451 5029 2669 5100 poterit.

2319 5140 2400 5196 De
2427 5142 2505 5194 his
2534 5140 2620 5212 qui
2647 5139 2714 5212 ad
2749 5137 3111 5208 presbyterium
3147 5143 3525 5212 promoventur,
3566 5141 3616 5186 et
3655 5139 3778 5212 ante
3812 5148 3876 5183 or

2499 5202 2813 5263 dirtationém
2848 5202 3174 5278 peccatorum
3210 5203 3306 5258 sibi
3344 5212 3462 5258 sunt
3500 5202 3714 5256 conscii.

1210 4753 1285 4808 De
1306 4755 1623 4809 muttinubis.

707 4843 914 4900 XLVII.
955 4843 1030 4899 De
1058 4843 1140 4899 his
1162 4844 1254 4914 qui
1295 4844 1346 4898 in
1376 4844 1631 4914 plurimas
1654 4841 1866 4912 nuptias
1887 4837 2212 4903 inciderunt,

641 4947 696 4993 et
717 4947 924 5006 tempus
960 4935 1175 5004 quidem
1222 4935 1539 5005 prtetiiiitum
1585 4934 1924 4988 manifestum
1972 4939 2072 4995 est,
2120 4929 2217 4985 sed

642 5026 983 5084 conversatio
1004 5039 1213 5089 eorum,
1245 5035 1298 5079 et
1323 5023 1475 5092 fides,
1500 5032 1710 5094 tempus
1735 5022 2030 5078 abbreviat.

807 5139 887 5192 De
933 5139 1013 5192 his
1046 5139 1130 5207 qui
1157 5142 1495 5205 proponentes
1526 5133 1775 5205 fornicari
1794 5139 2047 5185 retantur.

714 5229 942 5287 XLVIII.
1001 5229 1056 5284 Si
1098 5228 1217 5297 quis
1264 5225 1543 5279 mulierem
1587 5223 1974 5291 concupiscens
2017 5233 2218 5288 propo-

644 5321 813 5376 suerit
841 5335 959 5372 cum
985 5333 1048 5372 ea
1079 5317 1458 5382 concumbere,
1481 5322 1536 5368 et
1554 5313 1809 5382 cogitatio
1833 5311 1950 5380 ejus
1976 5325 2081 5363 non
2099 5319 2219 5376 per-

649 5409 829 5463 veniat
855 5406 921 5459 ad
949 5404 1216 5468 effectum,
1270 5412 1494 5472 apparet
1545 5403 1688 5471 quod
1737 5401 1830 5454 Dei
1871 5398 2038 5468 gratia
2083 5397 2218 5451 libe-

651 5508 795 5553 ratus
823 5496 913 5552 sit.

2394 5319 2522 5375 LIII.
2564 5317 2871 5389 Presbyter,
2914 5315 2961 5372 si
3002 5323 3405 5385 praeoccupatus
3451 5311 3720 5382 corporali
3770 5325 3876 5378 pec

2322 5421 2446 5468 cato
2469 5412 2810 5482 provehatur,
2843 5416 2895 5462 et
2923 5405 3197 5463 confessus
3225 5404 3384 5459 fuerit
3409 5405 3474 5457 de
3495 5419 3572 5469 se,
3605 5394 3754 5469 quod
3776 5410 3876 5453 ant

2324 5505 2714 5566 ordinationem
2737 5500 3037 5568 deliquerit,
3074 5498 3252 5553 oblata
3294 5512 3401 5549 non
3448 5503 3760 5549 consecret:
3799 5508 3875 5543 nn

2327 5609 2459 5648 nens
2500 5595 2553 5647 in
2609 5591 2827 5660 reliquis
2863 5587 3076 5654 ofﬁciis,
3125 5595 3346 5658 propter
3384 5585 3613 5640 studium
3670 5582 3876 5635 bonurr

2325 5683 2456 5738 Nam
2487 5692 2705 5753 peccata
2746 5681 2950 5751 reliqua
2989 5679 3232 5750 plerique
3274 5678 3522 5732 dixerunt
3569 5689 3667 5745 per
3710 5691 3876 5727 manu

2325 5775 2722 5850 impositionem
2751 5791 2911 5850 posse
2931 5775 3146 5837 dimitti.
3177 5772 3331 5844 Quod
3355 5773 3491 5859 side
3512 5784 3570 5830 se
3599 5783 3710 5825 non
3741 5766 3867 5824 fuer

1009 5605 1084 5658 De
1109 5603 1484 5658 catechumenis
1508 5601 1857 5673 peccantibus.

722 5697 904 5753 XLIX.
946 5696 1376 5751 Catcchumenus
1404 5697 1448 5750 si
1479 5693 1806 5763 ingrediatur
1838 5691 2138 5754 ecclesram,
2172 5698 2228 5745 et

655 5795 712 5850 iu
738 5791 978 5848 ordinem
1009 5801 1195 5845 eam
1231 5787 1322 5858 qui
1356 5787 1694 5846 instrumqu
1730 5786 1984 5843 assistat:
2012 5783 2097 5841 hic
2125 5797 2225 5840 su-
