  <div class='ocr_page' id='page_1' title='image "/cluster/home/n/w/nwhite01/storage/ocr_20150623/67/hvd.32044073505273/086.png"; bbox 0 0 3982 6196; ppageno 0'>
   <div class='ocr_carea' id='block_1_1' title="bbox 262 364 360 417">
    <p class='ocr_par' dir='ltr' id='par_1_1' title="bbox 262 364 360 417">
     <span class='ocr_line' id='line_1_1' title="bbox 262 364 360 417; baseline -0.01 0"><span class='ocrx_word' id='word_1_1' title='bbox 262 364 360 417; x_wconf 69' lang='lat'><strong>&#39;57</strong></span> 
     </span>
    </p>
   </div>
   <div class='ocr_carea' id='block_1_2' title="bbox 1259 356 2572 417">
    <p class='ocr_par' dir='ltr' id='par_1_2' title="bbox 1259 356 2572 417">
     <span class='ocr_line' id='line_1_2' title="bbox 1259 356 2572 417; baseline -0.001 0"><span class='ocrx_word' id='word_1_2' title='bbox 1259 359 1479 417; x_wconf 78' lang='lat' dir='ltr'><strong>CODEX</strong></span> <span class='ocrx_word' id='word_1_3' title='bbox 1517 357 1841 414; x_wconf 61' lang='lat' dir='ltr'><strong>CANONURI</strong></span> <span class='ocrx_word' id='word_1_4' title='bbox 1880 356 2572 417; x_wconf 66' lang='lat' dir='ltr'><strong>ECCLESMSTICORUM.</strong></span> 
     </span>
    </p>
   </div>
   <div class='ocr_carea' id='block_1_3' title="bbox 3414 364 3511 422">
    <p class='ocr_par' dir='ltr' id='par_1_3' title="bbox 3414 364 3511 422">
     <span class='ocr_line' id='line_1_3' title="bbox 3414 364 3511 422; baseline -0.041 0"><span class='ocrx_word' id='word_1_5' title='bbox 3414 368 3438 422; x_wconf 80' lang='lat' dir='ltr'><strong>l</strong></span> <span class='ocrx_word' id='word_1_6' title='bbox 3447 364 3511 419; x_wconf 73' lang='lat'><strong>58</strong></span> 
     </span>
    </p>
   </div>
   <div class='ocr_carea' id='block_1_4' title="bbox 258 472 3509 548">
    <p class='ocr_par' dir='ltr' id='par_1_4' title="bbox 258 472 3509 548">
     <span class='ocr_line' id='line_1_4' title="bbox 258 472 3509 548; baseline 0.002 -17"><span class='ocrx_word' id='word_1_7' title='bbox 258 494 373 548; x_wconf 61' lang='lat' dir='ltr'><strong>ipse</strong></span> <span class='ocrx_word' id='word_1_8' title='bbox 401 477 701 540; x_wconf 81' lang='lat' dir='ltr'><strong>conlessus,</strong></span> <span class='ocrx_word' id='word_1_9' title='bbox 731 483 784 531; x_wconf 87' lang='lat' dir='ltr'><strong>et</strong></span> <span class='ocrx_word' id='word_1_10' title='bbox 819 476 970 543; x_wconf 75' lang='lat' dir='ltr'><strong>argui</strong></span> <span class='ocrx_word' id='word_1_11' title='bbox 1009 472 1284 529; x_wconf 74' lang='lat' dir='ltr'><strong>manifeste</strong></span> <span class='ocrx_word' id='word_1_12' title='bbox 1325 473 1638 543; x_wconf 83' lang='lat' dir='ltr'><strong>nequiverit,</strong></span> <span class='ocrx_word' id='word_1_13' title='bbox 1673 480 1828 543; x_wconf 87' lang='lat' dir='ltr'><strong>pote-</strong></span> <span class='ocrx_word' id='word_1_14' title='bbox 1863 476 1908 532; x_wconf 83' lang='lat' dir='ltr'><strong>A</strong></span> <span class='ocrx_word' id='word_1_15' title='bbox 1937 473 2034 528; x_wconf 82' lang='lat' dir='ltr'><strong>nisi</strong></span> <span class='ocrx_word' id='word_1_16' title='bbox 2078 472 2214 529; x_wconf 81' lang='lat' dir='ltr'><strong>forte</strong></span> <span class='ocrx_word' id='word_1_17' title='bbox 2242 483 2463 544; x_wconf 85' lang='lat' dir='ltr'><strong>propter</strong></span> <span class='ocrx_word' id='word_1_18' title='bbox 2490 492 2719 546; x_wconf 60' lang='lat' dir='ltr'><strong>sequens</strong></span> <span class='ocrx_word' id='word_1_19' title='bbox 2761 480 2995 534; x_wconf 84' lang='lat' dir='ltr'><strong>studium</strong></span> <span class='ocrx_word' id='word_1_20' title='bbox 3036 480 3179 548; x_wconf 68' lang='lat' dir='ltr'><strong>ejus,</strong></span> <span class='ocrx_word' id='word_1_21' title='bbox 3230 490 3284 535; x_wconf 91' lang='lat' dir='ltr'><strong>et</strong></span> <span class='ocrx_word' id='word_1_22' title='bbox 3330 479 3509 548; x_wconf 83' lang='lat' dir='ltr'><strong>tidem,</strong></span> 
     </span>
    </p>
   </div>
   <div class='ocr_carea' id='block_1_5' title="bbox 258 567 1138 637">
    <p class='ocr_par' dir='ltr' id='par_1_5' title="bbox 258 567 1138 637">
     <span class='ocr_line' id='line_1_5' title="bbox 258 567 1138 637; baseline -0.003 -14"><span class='ocrx_word' id='word_1_23' title='bbox 258 572 410 624; x_wconf 74' lang='lat' dir='ltr'><strong>statis</strong></span> <span class='ocrx_word' id='word_1_24' title='bbox 439 585 548 623; x_wconf 74' lang='lat' dir='ltr'><strong>sua:</strong></span> <span class='ocrx_word' id='word_1_25' title='bbox 566 569 763 637; x_wconf 86' lang='lat' dir='ltr'><strong>judicio</strong></span> <span class='ocrx_word' id='word_1_26' title='bbox 788 567 1138 636; x_wconf 86' lang='lat' dir='ltr'><strong>relinquatur.</strong></span> 
     </span>
    </p>
   </div>
   <div class='ocr_carea' id='block_1_6' title="bbox 748 672 1366 729">
    <p class='ocr_par' dir='ltr' id='par_1_6' title="bbox 748 672 1366 729">
     <span class='ocr_line' id='line_1_6' title="bbox 748 672 1366 729; baseline -0.002 -2"><span class='ocrx_word' id='word_1_27' title='bbox 748 674 826 729; x_wconf 83' lang='lat' dir='ltr'><strong>De</strong></span> <span class='ocrx_word' id='word_1_28' title='bbox 853 676 1084 727; x_wconf 88' lang='lat' dir='ltr'><strong>diaconis</strong></span> <span class='ocrx_word' id='word_1_29' title='bbox 1113 672 1366 728; x_wconf 72' lang='lat' dir='ltr'><strong>similiter.</strong></span> 
     </span>
    </p>
   </div>
   <div class='ocr_carea' id='block_1_7' title="bbox 332 787 1831 856">
    <p class='ocr_par' dir='ltr' id='par_1_7' title="bbox 332 787 1831 856">
     <span class='ocr_line' id='line_1_7' title="bbox 332 787 1831 856; baseline 0 -13"><span class='ocrx_word' id='word_1_30' title='bbox 332 790 459 843; x_wconf 85' lang='lat' dir='ltr'><strong>LIV.</strong></span> <span class='ocrx_word' id='word_1_31' title='bbox 501 790 671 844; x_wconf 83' lang='lat' dir='ltr'><strong><em>Simili</em></strong></span> <span class='ocrx_word' id='word_1_32' title='bbox 703 789 862 841; x_wconf 88' lang='lat' dir='ltr'><strong>modo</strong></span> <span class='ocrx_word' id='word_1_33' title='bbox 890 789 1052 842; x_wconf 85' lang='lat' dir='ltr'><strong>etiam</strong></span> <span class='ocrx_word' id='word_1_34' title='bbox 1074 788 1348 851; x_wconf 79' lang='lat' dir='ltr'><strong>diaconus,</strong></span> <span class='ocrx_word' id='word_1_35' title='bbox 1385 788 1427 841; x_wconf 89' lang='lat' dir='ltr'><strong><em>si</em></strong></span> <span class='ocrx_word' id='word_1_36' title='bbox 1466 787 1659 842; x_wconf 90' lang='lat' dir='ltr'><strong>eodem</strong></span> <span class='ocrx_word' id='word_1_37' title='bbox 1708 801 1831 856; x_wconf 84' lang='lat' dir='ltr'><strong>pec-</strong></span> 
     </span>
    </p>
   </div>
   <div class='ocr_carea' id='block_1_8' title="bbox 258 878 1763 939">
    <p class='ocr_par' dir='ltr' id='par_1_8' title="bbox 258 878 1763 939">
     <span class='ocr_line' id='line_1_8' title="bbox 258 878 1763 939; baseline -0.003 -3"><span class='ocrx_word' id='word_1_38' title='bbox 258 891 377 936; x_wconf 82' lang='lat' dir='ltr'><strong>cato</strong></span> <span class='ocrx_word' id='word_1_39' title='bbox 407 881 765 939; x_wconf 80' lang='lat' dir='ltr'><strong>succubuerit,</strong></span> <span class='ocrx_word' id='word_1_40' title='bbox 797 881 866 933; x_wconf 88' lang='lat' dir='ltr'><strong>ab</strong></span> <span class='ocrx_word' id='word_1_41' title='bbox 892 879 1078 933; x_wconf 86' lang='lat' dir='ltr'><strong>ordine</strong></span> <span class='ocrx_word' id='word_1_42' title='bbox 1104 878 1379 932; x_wconf 76' lang='lat' dir='ltr'><strong>ministerii</strong></span> <span class='ocrx_word' id='word_1_43' title='bbox 1399 878 1763 931; x_wconf 69' lang='lat' dir='ltr'><strong>subtrahatur.</strong></span> 
     </span>
    </p>
   </div>
   <div class='ocr_carea' id='block_1_9' title="bbox 389 988 1705 1061">
    <p class='ocr_par' dir='ltr' id='par_1_9' title="bbox 389 988 1705 1061">
     <span class='ocr_line' id='line_1_9' title="bbox 389 988 1705 1061; baseline -0.002 -17"><span class='ocrx_word' id='word_1_44' title='bbox 389 992 499 1056; x_wconf 87' lang='lat' dir='ltr'><strong>Quo</strong></span> <span class='ocrx_word' id='word_1_45' title='bbox 525 1005 748 1057; x_wconf 80' lang='lat' dir='ltr'><strong>tempore</strong></span> <span class='ocrx_word' id='word_1_46' title='bbox 774 990 1121 1061; x_wconf 72' lang='lat' dir='ltr'><strong>presbyterum</strong></span> <span class='ocrx_word' id='word_1_47' title='bbox 1146 989 1409 1043; x_wconf 80' lang='lat' dir='ltr'><strong>conveniat</strong></span> <span class='ocrx_word' id='word_1_48' title='bbox 1440 988 1705 1042; x_wconf 85' lang='lat' dir='ltr'><strong>ordinare.</strong></span> 
     </span>
    </p>
   </div>
   <div class='ocr_carea' id='block_1_10' title="bbox 328 1097 1829 1168">
    <p class='ocr_par' dir='ltr' id='par_1_10' title="bbox 328 1097 1829 1168">
     <span class='ocr_line' id='line_1_10' title="bbox 328 1097 1829 1168; baseline -0.001 -16"><span class='ocrx_word' id='word_1_49' title='bbox 328 1100 439 1152; x_wconf 81' lang='lat' dir='ltr'><strong>LV.</strong></span> <span class='ocrx_word' id='word_1_50' title='bbox 484 1100 770 1168; x_wconf 70' lang='lat' dir='ltr'><strong>Presbyter</strong></span> <span class='ocrx_word' id='word_1_51' title='bbox 794 1106 917 1152; x_wconf 90' lang='lat' dir='ltr'><strong>ante</strong></span> <span class='ocrx_word' id='word_1_52' title='bbox 948 1099 1271 1152; x_wconf 86' lang='lat' dir='ltr'><strong>tricesimum</strong></span> <span class='ocrx_word' id='word_1_53' title='bbox 1299 1097 1471 1151; x_wconf 66' lang='lat' dir='ltr'><strong>relatis</strong></span> <span class='ocrx_word' id='word_1_54' title='bbox 1495 1112 1602 1151; x_wconf 69' lang='lat' dir='ltr'><strong>sua:</strong></span> <span class='ocrx_word' id='word_1_55' title='bbox 1631 1110 1829 1151; x_wconf 89' lang='lat' dir='ltr'><strong>annum</strong></span> 
     </span>
    </p>
   </div>
   <div class='ocr_carea' id='block_1_11' title="bbox 259 1189 1837 1257">
    <p class='ocr_par' dir='ltr' id='par_1_11' title="bbox 259 1189 1837 1257">
     <span class='ocr_line' id='line_1_11' title="bbox 259 1189 1837 1257; baseline -0.001 -14"><span class='ocrx_word' id='word_1_56' title='bbox 259 1193 563 1244; x_wconf 82' lang='lat' dir='ltr'><strong>nullatenus</strong></span> <span class='ocrx_word' id='word_1_57' title='bbox 586 1189 881 1249; x_wconf 78' lang='lat' dir='ltr'><strong>ordinetur,</strong></span> <span class='ocrx_word' id='word_1_58' title='bbox 914 1189 1036 1243; x_wconf 87' lang='lat' dir='ltr'><strong>licet</strong></span> <span class='ocrx_word' id='word_1_59' title='bbox 1058 1190 1212 1243; x_wconf 89' lang='lat' dir='ltr'><strong>valde</strong></span> <span class='ocrx_word' id='word_1_60' title='bbox 1250 1189 1320 1243; x_wconf 87' lang='lat' dir='ltr'><strong>sit</strong></span> <span class='ocrx_word' id='word_1_61' title='bbox 1344 1189 1531 1257; x_wconf 80' lang='lat' dir='ltr'><strong>dignus</strong></span> <span class='ocrx_word' id='word_1_62' title='bbox 1563 1207 1574 1241; x_wconf 91' lang='lat'>:</span> <span class='ocrx_word' id='word_1_63' title='bbox 1609 1190 1701 1242; x_wconf 88' lang='lat' dir='ltr'><strong>sed</strong></span> <span class='ocrx_word' id='word_1_64' title='bbox 1734 1189 1837 1241; x_wconf 88' lang='lat' dir='ltr'><strong>hoc</strong></span> 
     </span>
    </p>
   </div>
   <div class='ocr_carea' id='block_1_12' title="bbox 259 1279 1836 1350">
    <p class='ocr_par' dir='ltr' id='par_1_12' title="bbox 259 1279 1836 1350">
     <span class='ocr_line' id='line_1_12' title="bbox 259 1279 1836 1350; baseline -0.001 -17"><span class='ocrx_word' id='word_1_65' title='bbox 259 1292 471 1350; x_wconf 78' lang='lat' dir='ltr'><strong>tempus</strong></span> <span class='ocrx_word' id='word_1_66' title='bbox 522 1282 791 1335; x_wconf 81' lang='lat' dir='ltr'><strong>observet.</strong></span> <span class='ocrx_word' id='word_1_67' title='bbox 839 1280 972 1334; x_wconf 85' lang='lat' dir='ltr'><strong>Nam</strong></span> <span class='ocrx_word' id='word_1_68' title='bbox 1030 1280 1284 1335; x_wconf 85' lang='lat' dir='ltr'><strong>Dominus</strong></span> <span class='ocrx_word' id='word_1_69' title='bbox 1330 1288 1512 1333; x_wconf 84' lang='lat' dir='ltr'><strong>noster</strong></span> <span class='ocrx_word' id='word_1_70' title='bbox 1565 1279 1836 1334; x_wconf 87' lang='lat' dir='ltr'><strong>tricesimo</strong></span> 
     </span>
    </p>
   </div>
   <div class='ocr_carea' id='block_1_13' title="bbox 255 1371 1835 1448">
    <p class='ocr_par' dir='ltr' id='par_1_13' title="bbox 255 1371 1835 1448">
     <span class='ocr_line' id='line_1_13' title="bbox 255 1371 1835 1448; baseline -0.004 -20"><span class='ocrx_word' id='word_1_71' title='bbox 255 1376 569 1448; x_wconf 67' lang='lat' dir='ltr'><strong>astatissuze</strong></span> <span class='ocrx_word' id='word_1_72' title='bbox 596 1390 738 1427; x_wconf 83' lang='lat' dir='ltr'><strong>anno</strong></span> <span class='ocrx_word' id='word_1_73' title='bbox 768 1373 1066 1441; x_wconf 74' lang='lat' dir='ltr'><strong>baptizatus</strong></span> <span class='ocrx_word' id='word_1_74' title='bbox 1090 1382 1192 1438; x_wconf 87' lang='lat' dir='ltr'><strong>est,</strong></span> <span class='ocrx_word' id='word_1_75' title='bbox 1232 1380 1289 1427; x_wconf 89' lang='lat' dir='ltr'><strong>et</strong></span> <span class='ocrx_word' id='word_1_76' title='bbox 1315 1373 1392 1427; x_wconf 91' lang='lat' dir='ltr'><strong>sic</strong></span> <span class='ocrx_word' id='word_1_77' title='bbox 1436 1372 1600 1441; x_wconf 71' lang='lat' dir='ltr'><strong>cmpit</strong></span> <span class='ocrx_word' id='word_1_78' title='bbox 1621 1371 1835 1427; x_wconf 87' lang='lat' dir='ltr'><strong>docere.</strong></span> 
     </span>
    </p>
   </div>
   <div class='ocr_carea' id='block_1_14' title="bbox 342 1483 1753 1555">
    <p class='ocr_par' dir='ltr' id='par_1_14' title="bbox 342 1483 1753 1555">
     <span class='ocr_line' id='line_1_14' title="bbox 342 1483 1753 1555; baseline 0 -18"><span class='ocrx_word' id='word_1_79' title='bbox 342 1484 425 1537; x_wconf 89' lang='lat' dir='ltr'><strong>De</strong></span> <span class='ocrx_word' id='word_1_80' title='bbox 451 1486 532 1537; x_wconf 82' lang='lat' dir='ltr'><strong>his</strong></span> <span class='ocrx_word' id='word_1_81' title='bbox 558 1486 643 1555; x_wconf 86' lang='lat' dir='ltr'><strong>qui</strong></span> <span class='ocrx_word' id='word_1_82' title='bbox 663 1486 715 1537; x_wconf 89' lang='lat' dir='ltr'><strong>in</strong></span> <span class='ocrx_word' id='word_1_83' title='bbox 744 1483 1047 1554; x_wconf 69' lang='lat' dir='ltr'><strong>(egritudine</strong></span> <span class='ocrx_word' id='word_1_84' title='bbox 1070 1484 1328 1553; x_wconf 86' lang='lat' dir='ltr'><strong>baptisma</strong></span> <span class='ocrx_word' id='word_1_85' title='bbox 1353 1488 1753 1553; x_wconf 84' lang='lat' dir='ltr'><strong>consequuntur.</strong></span> 
     </span>
    </p>
   </div>
   <div class='ocr_carea' id='block_1_15' title="bbox 325 1593 1840 1663">
    <p class='ocr_par' dir='ltr' id='par_1_15' title="bbox 325 1593 1840 1663">
     <span class='ocr_line' id='line_1_15' title="bbox 325 1593 1840 1663; baseline -0.002 -13"><span class='ocrx_word' id='word_1_86' title='bbox 325 1594 465 1650; x_wconf 73' lang='lat' dir='ltr'><strong>L&#39;v’l.</strong></span> <span class='ocrx_word' id='word_1_87' title='bbox 514 1594 571 1650; x_wconf 93' lang='lat' dir='ltr'><strong>Si</strong></span> <span class='ocrx_word' id='word_1_88' title='bbox 610 1595 732 1663; x_wconf 86' lang='lat' dir='ltr'><strong>quis</strong></span> <span class='ocrx_word' id='word_1_89' title='bbox 761 1595 815 1648; x_wconf 92' lang='lat' dir='ltr'><strong>in</strong></span> <span class='ocrx_word' id='word_1_90' title='bbox 844 1594 1161 1662; x_wconf 67' lang='lat' dir='ltr'><strong>mgritudine</strong></span> <span class='ocrx_word' id='word_1_91' title='bbox 1205 1594 1363 1649; x_wconf 77' lang='lat' dir='ltr'><strong>fuerit</strong></span> <span class='ocrx_word' id='word_1_92' title='bbox 1392 1594 1692 1663; x_wconf 79' lang='lat' dir='ltr'><strong>baptizatus</strong></span> <span class='ocrx_word' id='word_1_93' title='bbox 1714 1629 1729 1657; x_wconf 91' lang='lat'><strong>,</strong></span> <span class='ocrx_word' id='word_1_94' title='bbox 1772 1593 1840 1647; x_wconf 92' lang='lat' dir='ltr'><strong>ad</strong></span> 
     </span>
    </p>
   </div>
   <div class='ocr_carea' id='block_1_16' title="bbox 255 1685 1839 1756">
    <p class='ocr_par' dir='ltr' id='par_1_16' title="bbox 255 1685 1839 1756">
     <span class='ocr_line' id='line_1_16' title="bbox 255 1685 1839 1756; baseline 0 -16"><span class='ocrx_word' id='word_1_95' title='bbox 255 1690 523 1741; x_wconf 81' lang='lat' dir='ltr'><strong>honorem</strong></span> <span class='ocrx_word' id='word_1_96' title='bbox 545 1685 864 1756; x_wconf 73' lang='lat' dir='ltr'><strong>presbyterii</strong></span> <span class='ocrx_word' id='word_1_97' title='bbox 886 1698 993 1739; x_wconf 88' lang='lat' dir='ltr'><strong>non</strong></span> <span class='ocrx_word' id='word_1_98' title='bbox 1017 1693 1197 1754; x_wconf 84' lang='lat' dir='ltr'><strong>potest</strong></span> <span class='ocrx_word' id='word_1_99' title='bbox 1218 1686 1546 1754; x_wconf 85' lang='lat' dir='ltr'><strong>promoveri,</strong></span> <span class='ocrx_word' id='word_1_100' title='bbox 1566 1685 1711 1755; x_wconf 86' lang='lat' dir='ltr'><strong>quod</strong></span> <span class='ocrx_word' id='word_1_101' title='bbox 1733 1702 1839 1741; x_wconf 89' lang='lat' dir='ltr'><strong>non</strong></span> 
     </span>
    </p>
   </div>
   <div class='ocr_carea' id='block_1_17' title="bbox 1937 565 3301 639">
    <p class='ocr_par' dir='ltr' id='par_1_17' title="bbox 1937 565 3301 639">
     <span class='ocr_line' id='line_1_17' title="bbox 1937 565 3301 639; baseline 0.006 -23"><span class='ocrx_word' id='word_1_102' title='bbox 1937 571 2097 632; x_wconf 91' lang='lat' dir='ltr'><strong>atque</strong></span> <span class='ocrx_word' id='word_1_103' title='bbox 2127 565 2399 618; x_wconf 80' lang='lat' dir='ltr'><strong>hominum</strong></span> <span class='ocrx_word' id='word_1_104' title='bbox 2433 567 2702 621; x_wconf 77' lang='lat' dir='ltr'><strong>raritatem</strong></span> <span class='ocrx_word' id='word_1_105' title='bbox 2735 570 2850 623; x_wconf 83' lang='lat' dir='ltr'><strong>talis</strong></span> <span class='ocrx_word' id='word_1_106' title='bbox 2881 572 3050 639; x_wconf 68' lang='lat' dir='ltr'><strong>possit</strong></span> <span class='ocrx_word' id='word_1_107' title='bbox 3071 572 3301 626; x_wconf 85' lang='lat' dir='ltr'><strong>admitti.</strong></span> 
     </span>
    </p>
   </div>
   <div class='ocr_carea' id='block_1_18' title="bbox 2369 676 3066 752">
    <p class='ocr_par' dir='ltr' id='par_1_18' title="bbox 2369 676 3066 752">
     <span class='ocr_line' id='line_1_18' title="bbox 2369 676 3066 752; baseline 0.01 -24"><span class='ocrx_word' id='word_1_108' title='bbox 2369 676 2448 729; x_wconf 86' lang='lat' dir='ltr'><strong>De</strong></span> <span class='ocrx_word' id='word_1_109' title='bbox 2474 679 2782 749; x_wconf 77' lang='lat' dir='ltr'><strong>presbyteris</strong></span> <span class='ocrx_word' id='word_1_110' title='bbox 2805 697 3066 752; x_wconf 83' lang='lat' dir='ltr'><strong>agrorum.</strong></span> 
     </span>
    </p>
   </div>
   <div class='ocr_carea' id='block_1_19' title="bbox 2009 758 3507 843">
    <p class='ocr_par' dir='ltr' id='par_1_19' title="bbox 2009 758 3507 843">
     <span class='ocr_line' id='line_1_19' title="bbox 2009 758 3507 843; baseline 0.005 -23"><span class='ocrx_word' id='word_1_111' title='bbox 2009 764 2161 822; x_wconf 80' lang='lat' dir='ltr'><strong>LVII.</strong></span> <span class='ocrx_word' id='word_1_112' title='bbox 2181 758 2481 839; x_wconf 81' lang='lat' dir='ltr'><strong>Presbyteri</strong></span> <span class='ocrx_word' id='word_1_113' title='bbox 2497 771 2631 824; x_wconf 87' lang='lat' dir='ltr'><strong>ruris</strong></span> <span class='ocrx_word' id='word_1_114' title='bbox 2654 772 2704 824; x_wconf 91' lang='lat' dir='ltr'><strong>in</strong></span> <span class='ocrx_word' id='word_1_115' title='bbox 2718 770 2957 825; x_wconf 86' lang='lat' dir='ltr'><strong>Ecclesia</strong></span> <span class='ocrx_word' id='word_1_116' title='bbox 2979 772 3232 839; x_wconf 84' lang='lat' dir='ltr'><strong>civitatis,</strong></span> <span class='ocrx_word' id='word_1_117' title='bbox 3255 772 3507 843; x_wconf 89' lang='lat' dir='ltr'><strong>episcopo</strong></span> 
     </span>
    </p>
   </div>
   <div class='ocr_carea' id='block_1_20' title="bbox 1939 857 3508 929">
    <p class='ocr_par' dir='ltr' id='par_1_20' title="bbox 1939 857 3508 929">
     <span class='ocr_line' id='line_1_20' title="bbox 1939 857 3508 929; baseline 0.004 -20"><span class='ocrx_word' id='word_1_118' title='bbox 1939 864 2234 925; x_wconf 69' lang='lat' dir='ltr'><strong>prmsente,</strong></span> <span class='ocrx_word' id='word_1_119' title='bbox 2267 857 2347 909; x_wconf 88' lang='lat' dir='ltr'><strong>vel</strong></span> <span class='ocrx_word' id='word_1_120' title='bbox 2390 858 2713 927; x_wconf 71' lang='lat' dir='ltr'><strong>presbyteris</strong></span> <span class='ocrx_word' id='word_1_121' title='bbox 2742 860 2886 913; x_wconf 87' lang='lat' dir='ltr'><strong>urbis</strong></span> <span class='ocrx_word' id='word_1_122' title='bbox 2916 862 3077 929; x_wconf 80' lang='lat' dir='ltr'><strong>ipsius</strong></span> <span class='ocrx_word' id='word_1_123' title='bbox 3098 902 3115 929; x_wconf 96' lang='lat'><strong>,</strong></span> <span class='ocrx_word' id='word_1_124' title='bbox 3162 862 3355 916; x_wconf 85' lang='lat' dir='ltr'><strong>oil‘erre</strong></span> <span class='ocrx_word' id='word_1_125' title='bbox 3402 880 3508 917; x_wconf 90' lang='lat' dir='ltr'><strong>non</strong></span> 
     </span>
    </p>
   </div>
   <div class='ocr_carea' id='block_1_21' title="bbox 1941 938 3510 1020">
    <p class='ocr_par' dir='ltr' id='par_1_21' title="bbox 1941 938 3510 1020">
     <span class='ocr_line' id='line_1_21' title="bbox 1941 938 3510 1020; baseline 0.004 -21"><span class='ocrx_word' id='word_1_126' title='bbox 1941 952 2181 1015; x_wconf 85' lang='lat' dir='ltr'><strong>possunt,</strong></span> <span class='ocrx_word' id='word_1_127' title='bbox 2230 961 2328 1000; x_wconf 90' lang='lat' dir='ltr'><strong>nec</strong></span> <span class='ocrx_word' id='word_1_128' title='bbox 2353 962 2543 1015; x_wconf 86' lang='lat' dir='ltr'><strong>panem</strong></span> <span class='ocrx_word' id='word_1_129' title='bbox 2576 938 2966 1003; x_wconf 82' lang='lat' dir='ltr'><strong>sanctiﬁcatum</strong></span> <span class='ocrx_word' id='word_1_130' title='bbox 2994 951 3143 1017; x_wconf 82' lang='lat' dir='ltr'><strong>dare,</strong></span> <span class='ocrx_word' id='word_1_131' title='bbox 3181 950 3510 1020; x_wconf 83' lang='lat' dir='ltr'><strong>calicemque</strong></span> 
     </span>
    </p>
   </div>
   <div class='ocr_carea' id='block_1_22' title="bbox 1940 1033 3508 1125">
    <p class='ocr_par' dir='ltr' id='par_1_22' title="bbox 1940 1033 3508 1125">
     <span class='ocr_line' id='line_1_22' title="bbox 1940 1033 3508 1125; baseline 0.003 -37"><span class='ocrx_word' id='word_1_132' title='bbox 1940 1037 2232 1103; x_wconf 75' lang='lat' dir='ltr'><strong>porrigere.</strong></span> <span class='ocrx_word' id='word_1_133' title='bbox 2265 1033 2320 1090; x_wconf 91' lang='lat' dir='ltr'><strong>Si</strong></span> <span class='ocrx_word' id='word_1_134' title='bbox 2351 1040 2483 1091; x_wconf 83' lang='lat' dir='ltr'><strong>verb</strong></span> <span class='ocrx_word' id='word_1_135' title='bbox 2504 1037 2750 1091; x_wconf 85' lang='lat' dir='ltr'><strong>absentes</strong></span> <span class='ocrx_word' id='word_1_136' title='bbox 2770 1039 2825 1092; x_wconf 90' lang='lat' dir='ltr'><strong>hi</strong></span> <span class='ocrx_word' id='word_1_137' title='bbox 2856 1038 3084 1107; x_wconf 82' lang='lat' dir='ltr'><strong>fuerint,</strong></span> <span class='ocrx_word' id='word_1_138' title='bbox 3113 1048 3167 1125; x_wconf 51' lang='grc' dir='ltr'><strong>ρει</strong></span> <span class='ocrx_word' id='word_1_139' title='bbox 3189 1039 3254 1093; x_wconf 84' lang='lat' dir='ltr'><strong>ad</strong></span> <span class='ocrx_word' id='word_1_140' title='bbox 3281 1040 3508 1093; x_wconf 83' lang='lat' dir='ltr'><strong>dandam</strong></span> 
     </span>
    </p>
   </div>
   <div class='ocr_carea' id='block_1_23' title="bbox 1940 1127 3508 1199">
    <p class='ocr_par' dir='ltr' id='par_1_23' title="bbox 1940 1127 3508 1199">
     <span class='ocr_line' id='line_1_23' title="bbox 1940 1127 3508 1199; baseline 0.003 -20"><span class='ocrx_word' id='word_1_141' title='bbox 1940 1127 2239 1180; x_wconf 79' lang='lat' dir='ltr'><strong>orationem</strong></span> <span class='ocrx_word' id='word_1_142' title='bbox 2258 1135 2534 1190; x_wconf 82' lang='lat' dir='ltr'><strong>vocentur,</strong></span> <span class='ocrx_word' id='word_1_143' title='bbox 2552 1128 2652 1181; x_wconf 87' lang='lat' dir='ltr'><strong>soli</strong></span> <span class='ocrx_word' id='word_1_144' title='bbox 2676 1128 2804 1182; x_wconf 89' lang='lat' dir='ltr'><strong>dare</strong></span> <span class='ocrx_word' id='word_1_145' title='bbox 2826 1129 3111 1183; x_wconf 87' lang='lat' dir='ltr'><strong>debebunt.</strong></span> <span class='ocrx_word' id='word_1_146' title='bbox 3131 1128 3508 1199; x_wconf 81' lang='lat' dir='ltr'><strong>Chorepiscnpi</strong></span> 
     </span>
    </p>
   </div>
   <div class='ocr_carea' id='block_1_24' title="bbox 1941 1218 3510 1291">
    <p class='ocr_par' dir='ltr' id='par_1_24' title="bbox 1941 1218 3510 1291">
     <span class='ocr_line' id='line_1_24' title="bbox 1941 1218 3510 1291; baseline 0.003 -22"><span class='ocrx_word' id='word_1_147' title='bbox 1941 1232 2153 1286; x_wconf 89' lang='lat' dir='ltr'><strong>quoque</strong></span> <span class='ocrx_word' id='word_1_148' title='bbox 2175 1218 2239 1271; x_wconf 89' lang='lat' dir='ltr'><strong>ad</strong></span> <span class='ocrx_word' id='word_1_149' title='bbox 2260 1219 2561 1287; x_wconf 79' lang='lat' dir='ltr'><strong>exetnplum</strong></span> <span class='ocrx_word' id='word_1_150' title='bbox 2589 1220 2821 1287; x_wconf 81' lang='lat' dir='ltr'><strong>quidem,</strong></span> <span class='ocrx_word' id='word_1_151' title='bbox 2848 1229 2901 1273; x_wconf 89' lang='lat' dir='ltr'><strong>et</strong></span> <span class='ocrx_word' id='word_1_152' title='bbox 2924 1221 3144 1274; x_wconf 82' lang='lat' dir='ltr'><strong>formam</strong></span> <span class='ocrx_word' id='word_1_153' title='bbox 3172 1222 3510 1291; x_wconf 79' lang='lat' dir='ltr'><strong>septuaginta</strong></span> 
     </span>
    </p>
   </div>
   <div class='ocr_carea' id='block_1_25' title="bbox 1942 1296 3535 1381">
    <p class='ocr_par' dir='ltr' id='par_1_25' title="bbox 1942 1296 3535 1381">
     <span class='ocr_line' id='line_1_25' title="bbox 1942 1296 3535 1381; baseline 0.003 -20"><span class='ocrx_word' id='word_1_154' title='bbox 1942 1308 2189 1361; x_wconf 84' lang='lat' dir='ltr'><strong>videntur</strong></span> <span class='ocrx_word' id='word_1_155' title='bbox 2214 1323 2335 1363; x_wconf 90' lang='lat' dir='ltr'><strong>esse</strong></span> <span class='ocrx_word' id='word_1_156' title='bbox 2367 1326 2378 1360; x_wconf 89' lang='lat'><strong>:</strong></span> <span class='ocrx_word' id='word_1_157' title='bbox 2413 1317 2470 1362; x_wconf 90' lang='lat' dir='ltr'><strong>ut</strong></span> <span class='ocrx_word' id='word_1_158' title='bbox 2516 1310 2866 1365; x_wconf 88' lang='lat' dir='ltr'><strong>comministri</strong></span> <span class='ocrx_word' id='word_1_159' title='bbox 2897 1317 3075 1365; x_wconf 90' lang='lat' dir='ltr'><strong>autem</strong></span> <span class='ocrx_word' id='word_1_160' title='bbox 3096 1353 3110 1377; x_wconf 94' lang='lat'><strong>,</strong></span> <span class='ocrx_word' id='word_1_161' title='bbox 3152 1320 3374 1381; x_wconf 86' lang='lat' dir='ltr'><strong>propter</strong></span> <span class='ocrx_word' id='word_1_162' title='bbox 3394 1296 3535 1365; x_wconf 45' lang='lat' dir='ltr'><strong>stu?</strong></span> 
     </span>
    </p>
   </div>
   <div class='ocr_carea' id='block_1_26' title="bbox 1942 1395 3403 1467">
    <p class='ocr_par' dir='ltr' id='par_1_26' title="bbox 1942 1395 3403 1467">
     <span class='ocr_line' id='line_1_26' title="bbox 1942 1395 3403 1467; baseline 0.003 -17"><span class='ocrx_word' id='word_1_163' title='bbox 1942 1395 2085 1450; x_wconf 81' lang='lat' dir='ltr'><strong>dium</strong></span> <span class='ocrx_word' id='word_1_164' title='bbox 2116 1396 2258 1465; x_wconf 82' lang='lat' dir='ltr'><strong>quod</strong></span> <span class='ocrx_word' id='word_1_165' title='bbox 2288 1410 2415 1465; x_wconf 80' lang='lat' dir='ltr'><strong>erga</strong></span> <span class='ocrx_word' id='word_1_166' title='bbox 2441 1412 2710 1467; x_wconf 75' lang='lat' dir='ltr'><strong>pauperes</strong></span> <span class='ocrx_word' id='word_1_167' title='bbox 2739 1399 3026 1465; x_wconf 82' lang='lat' dir='ltr'><strong>exhibent,</strong></span> <span class='ocrx_word' id='word_1_168' title='bbox 3056 1400 3403 1455; x_wconf 78' lang='lat' dir='ltr'><strong>hortarentur.</strong></span> 
     </span>
    </p>
   </div>
   <div class='ocr_carea' id='block_1_27' title="bbox 2299 1504 3153 1564">
    <p class='ocr_par' dir='ltr' id='par_1_27' title="bbox 2299 1504 3153 1564">
     <span class='ocr_line' id='line_1_27' title="bbox 2299 1504 3153 1564; baseline 0.008 -7"><span class='ocrx_word' id='word_1_169' title='bbox 2299 1504 2378 1559; x_wconf 88' lang='lat' dir='ltr'><strong>De</strong></span> <span class='ocrx_word' id='word_1_170' title='bbox 2400 1522 2609 1560; x_wconf 86' lang='lat' dir='ltr'><strong>numero</strong></span> <span class='ocrx_word' id='word_1_171' title='bbox 2637 1516 2775 1561; x_wconf 80' lang='lat' dir='ltr'><strong>certo</strong></span> <span class='ocrx_word' id='word_1_172' title='bbox 2798 1509 3153 1564; x_wconf 81' lang='lat' dir='ltr'><strong>diaconorum.</strong></span> 
     </span>
    </p>
   </div>
   <div class='ocr_carea' id='block_1_28' title="bbox 2014 1590 3510 1668">
    <p class='ocr_par' dir='ltr' id='par_1_28' title="bbox 2014 1590 3510 1668">
     <span class='ocr_line' id='line_1_28' title="bbox 2014 1590 3510 1668; baseline 0.003 -22"><span class='ocrx_word' id='word_1_173' title='bbox 2014 1592 2186 1649; x_wconf 73' lang='lat' dir='ltr'><strong>LVIII.</strong></span> <span class='ocrx_word' id='word_1_174' title='bbox 2210 1592 2428 1648; x_wconf 73' lang='lat' dir='ltr'><strong>Diaconi</strong></span> <span class='ocrx_word' id='word_1_175' title='bbox 2449 1605 2655 1665; x_wconf 82' lang='lat' dir='ltr'><strong>septem</strong></span> <span class='ocrx_word' id='word_1_176' title='bbox 2678 1590 2878 1652; x_wconf 87' lang='lat' dir='ltr'><strong>debent</strong></span> <span class='ocrx_word' id='word_1_177' title='bbox 2906 1614 3046 1665; x_wconf 89' lang='lat' dir='ltr'><strong>esse,</strong></span> <span class='ocrx_word' id='word_1_178' title='bbox 3074 1599 3224 1668; x_wconf 81' lang='lat' dir='ltr'><strong>juxta</strong></span> <span class='ocrx_word' id='word_1_179' title='bbox 3250 1598 3510 1667; x_wconf 80' lang='lat' dir='ltr'><strong>regulam,</strong></span> 
     </span>
    </p>
   </div>
   <div class='ocr_carea' id='block_1_29' title="bbox 1942 1682 3517 1761">
    <p class='ocr_par' dir='ltr' id='par_1_29' title="bbox 1942 1682 3517 1761">
     <span class='ocr_line' id='line_1_29' title="bbox 1942 1682 3517 1761; baseline 0.006 -25"><span class='ocrx_word' id='word_1_180' title='bbox 1942 1682 2068 1737; x_wconf 89' lang='lat' dir='ltr'><strong>licet</strong></span> <span class='ocrx_word' id='word_1_181' title='bbox 2095 1692 2147 1737; x_wconf 90' lang='lat' dir='ltr'><strong>et</strong></span> <span class='ocrx_word' id='word_1_182' title='bbox 2187 1684 2339 1738; x_wconf 83' lang='lat' dir='ltr'><strong>valde</strong></span> <span class='ocrx_word' id='word_1_183' title='bbox 2377 1700 2568 1754; x_wconf 82' lang='lat' dir='ltr'><strong>magna</strong></span> <span class='ocrx_word' id='word_1_184' title='bbox 2607 1687 2676 1741; x_wconf 89' lang='lat' dir='ltr'><strong>sit</strong></span> <span class='ocrx_word' id='word_1_185' title='bbox 2717 1688 2923 1743; x_wconf 86' lang='lat' dir='ltr'><strong>civitas.</strong></span> <span class='ocrx_word' id='word_1_186' title='bbox 2973 1689 3203 1761; x_wconf 86' lang='lat' dir='ltr'><strong>Idipsum</strong></span> <span class='ocrx_word' id='word_1_187' title='bbox 3244 1700 3420 1745; x_wconf 82' lang='lat' dir='ltr'><strong>autent</strong></span> <span class='ocrx_word' id='word_1_188' title='bbox 3461 1699 3517 1746; x_wconf 84' lang='lat' dir='ltr'><strong>et</strong></span> 
     </span>
    </p>
   </div>
   <div class='ocr_carea' id='block_1_30' title="bbox 256 1774 2999 1846">
    <p class='ocr_par' dir='ltr' id='par_1_30' title="bbox 256 1774 2999 1846">
     <span class='ocr_line' id='line_1_30' title="bbox 256 1774 2999 1846; baseline 0.001 -15"><span class='ocrx_word' id='word_1_189' title='bbox 256 1790 325 1831; x_wconf 81' lang='lat' dir='ltr'><strong>ex</strong></span> <span class='ocrx_word' id='word_1_190' title='bbox 347 1776 632 1846; x_wconf 83' lang='lat' dir='ltr'><strong>proposito</strong></span> <span class='ocrx_word' id='word_1_191' title='bbox 652 1776 783 1829; x_wconf 75' lang='lat' dir='ltr'><strong>ﬁdes</strong></span> <span class='ocrx_word' id='word_1_192' title='bbox 803 1774 941 1844; x_wconf 87' lang='lat' dir='ltr'><strong>ejus,</strong></span> <span class='ocrx_word' id='word_1_193' title='bbox 966 1774 1062 1829; x_wconf 86' lang='lat' dir='ltr'><strong>sed</strong></span> <span class='ocrx_word' id='word_1_194' title='bbox 1092 1788 1160 1829; x_wconf 79' lang='lat' dir='ltr'><strong>ex</strong></span> <span class='ocrx_word' id='word_1_195' title='bbox 1180 1775 1501 1831; x_wconf 81' lang='lat' dir='ltr'><strong>necessitate</strong></span> <span class='ocrx_word' id='word_1_196' title='bbox 1522 1775 1836 1832; x_wconf 74' lang='lat' dir='ltr'><strong>descendit:</strong></span> <span class='ocrx_word' id='word_1_197' title='bbox 1944 1774 2170 1830; x_wconf 81' lang='lat' dir='ltr'><strong>Actuum</strong></span> <span class='ocrx_word' id='word_1_198' title='bbox 2194 1776 2560 1846; x_wconf 77' lang='lat' dir='ltr'><strong>apostolorum</strong></span> <span class='ocrx_word' id='word_1_199' title='bbox 2586 1778 2720 1833; x_wconf 90' lang='lat' dir='ltr'><strong>liber</strong></span> <span class='ocrx_word' id='word_1_200' title='bbox 2747 1779 2999 1834; x_wconf 84' lang='lat' dir='ltr'><strong>insinuat.</strong></span> 
     </span>
    </p>
   </div>
   <div class='ocr_carea' id='block_1_31' title="bbox 255 1898 587 1922">
    <p class='ocr_par' dir='ltr' id='par_1_31' title="bbox 255 1898 587 1922">
     <span class='ocr_line' id='line_1_31' title="bbox 255 1898 587 1922; baseline 0 -1"><span class='ocrx_word' id='word_1_201' title='bbox 255 1898 587 1922; x_wconf 50' lang='lat'><strong>.—</strong></span> 
     </span>
    </p>
   </div>
   <div class='ocr_carea' id='block_1_32' title="bbox 602 1898 3500 1926">
    <p class='ocr_par' dir='ltr' id='par_1_32' title="bbox 762 1898 3490 1924">
     <span class='ocr_line' id='line_1_32' title="bbox 762 1898 3490 1924; baseline 0.001 -19"><span class='ocrx_word' id='word_1_202' title='bbox 762 1898 1186 1922; x_wconf 37' lang='grc' dir='ltr'><strong>.,ν,,,,</strong></span> <span class='ocrx_word' id='word_1_203' title='bbox 1631 1900 1635 1920; x_wconf 83' lang='grc'>,</span> <span class='ocrx_word' id='word_1_204' title='bbox 2740 1902 2765 1921; x_wconf 78' lang='grc'>,.</span> <span class='ocrx_word' id='word_1_205' title='bbox 3056 1904 3063 1907; x_wconf 71' lang='grc'>,</span> <span class='ocrx_word' id='word_1_206' title='bbox 3284 1904 3490 1924; x_wconf 82' lang='grc'><strong>..,</strong></span> 
     </span>
    </p>
   </div>
   <div class='ocr_carea' id='block_1_33' title="bbox 284 2005 3513 2083">
    <p class='ocr_par' dir='ltr' id='par_1_33' title="bbox 284 2005 3513 2083">
     <span class='ocr_line' id='line_1_33' title="bbox 284 2005 3513 2083; baseline 0.002 -12"><span class='ocrx_word' id='word_1_207' title='bbox 284 2006 628 2071; x_wconf 68' lang='lat' dir='ltr'><strong>REGULE</strong></span> <span class='ocrx_word' id='word_1_208' title='bbox 684 2005 1206 2069; x_wconf 79' lang='lat' dir='ltr'><strong>GANGRENSES</strong></span> <span class='ocrx_word' id='word_1_209' title='bbox 1235 2006 1383 2083; x_wconf 84' lang='lat' dir='ltr'><strong>XX,</strong></span> <span class='ocrx_word' id='word_1_210' title='bbox 1417 2005 1605 2081; x_wconf 71' lang='lat' dir='ltr'><strong>QUIE</strong></span> <span class='ocrx_word' id='word_1_211' title='bbox 1659 2007 1855 2069; x_wconf 88' lang='lat' dir='ltr'><strong>POST</strong></span> <span class='ocrx_word' id='word_1_212' title='bbox 1905 2008 2286 2070; x_wconf 70' lang='lat' dir='ltr'><strong>NICIENUM</strong></span> <span class='ocrx_word' id='word_1_213' title='bbox 2322 2009 2757 2075; x_wconf 79' lang='lat' dir='ltr'><strong>CONCILIUM</strong></span> <span class='ocrx_word' id='word_1_214' title='bbox 2816 2015 3234 2076; x_wconf 60' lang='lat' dir='ltr'><strong>EXPOSITJE</strong></span> <span class='ocrx_word' id='word_1_215' title='bbox 3286 2015 3513 2081; x_wconf 81' lang='lat' dir='ltr'><strong>SUNT.</strong></span> 
     </span>
    </p>
   </div>
   <div class='ocr_carea' id='block_1_34' title="bbox 581 2239 1505 2312">
    <p class='ocr_par' dir='ltr' id='par_1_34' title="bbox 581 2239 1505 2312">
     <span class='ocr_line' id='line_1_34' title="bbox 581 2239 1505 2312; baseline -0.005 -16"><span class='ocrx_word' id='word_1_216' title='bbox 581 2239 660 2296; x_wconf 89' lang='lat' dir='ltr'><strong>De</strong></span> <span class='ocrx_word' id='word_1_217' title='bbox 687 2242 765 2296; x_wconf 96' lang='lat' dir='ltr'><strong>his</strong></span> <span class='ocrx_word' id='word_1_218' title='bbox 786 2241 871 2312; x_wconf 81' lang='lat' dir='ltr'><strong>qui</strong></span> <span class='ocrx_word' id='word_1_219' title='bbox 901 2241 1106 2309; x_wconf 78' lang='lat' dir='ltr'><strong>nuptias</strong></span> <span class='ocrx_word' id='word_1_220' title='bbox 1150 2246 1505 2295; x_wconf 75' lang='lat' dir='ltr'><strong>exsecrantur.</strong></span> 
     </span>
    </p>
   </div>
   <div class='ocr_carea' id='block_1_35' title="bbox 329 2330 1837 2403">
    <p class='ocr_par' dir='ltr' id='par_1_35' title="bbox 329 2330 1837 2403">
     <span class='ocr_line' id='line_1_35' title="bbox 329 2330 1837 2403; baseline -0.005 -14"><span class='ocrx_word' id='word_1_221' title='bbox 329 2333 463 2389; x_wconf 86' lang='lat' dir='ltr'><strong>LIX.</strong></span> <span class='ocrx_word' id='word_1_222' title='bbox 483 2334 682 2401; x_wconf 74' lang='lat' dir='ltr'><strong>Siquis</strong></span> <span class='ocrx_word' id='word_1_223' title='bbox 711 2334 979 2403; x_wconf 82' lang='lat' dir='ltr'><strong>vituperat</strong></span> <span class='ocrx_word' id='word_1_224' title='bbox 1007 2334 1236 2401; x_wconf 87' lang='lat' dir='ltr'><strong>nuptias,</strong></span> <span class='ocrx_word' id='word_1_225' title='bbox 1264 2340 1319 2387; x_wconf 87' lang='lat' dir='ltr'><strong>et</strong></span> <span class='ocrx_word' id='word_1_226' title='bbox 1338 2330 1694 2386; x_wconf 85' lang='lat' dir='ltr'><strong>dormientem</strong></span> <span class='ocrx_word' id='word_1_227' title='bbox 1716 2344 1837 2383; x_wconf 91' lang='lat' dir='ltr'><strong>cum</strong></span> 
     </span>
    </p>
   </div>
   <div class='ocr_carea' id='block_1_36' title="bbox 252 2417 1840 2490">
    <p class='ocr_par' dir='ltr' id='par_1_36' title="bbox 252 2417 1840 2490">
     <span class='ocr_line' id='line_1_36' title="bbox 252 2417 1840 2490; baseline -0.005 -13"><span class='ocrx_word' id='word_1_228' title='bbox 252 2428 375 2480; x_wconf 68' lang='lat' dir='ltr'><strong>viro</strong></span> <span class='ocrx_word' id='word_1_229' title='bbox 422 2440 523 2479; x_wconf 91' lang='lat' dir='ltr'><strong>suo</strong></span> <span class='ocrx_word' id='word_1_230' title='bbox 563 2424 772 2477; x_wconf 79' lang='lat' dir='ltr'><strong>ﬁdelem</strong></span> <span class='ocrx_word' id='word_1_231' title='bbox 801 2438 865 2476; x_wconf 89' lang='lat' dir='ltr'><strong>ac</strong></span> <span class='ocrx_word' id='word_1_232' title='bbox 893 2421 1194 2490; x_wconf 83' lang='lat' dir='ltr'><strong>religiosam</strong></span> <span class='ocrx_word' id='word_1_233' title='bbox 1242 2420 1562 2483; x_wconf 87' lang='lat' dir='ltr'><strong>detestatur,</strong></span> <span class='ocrx_word' id='word_1_234' title='bbox 1596 2425 1689 2471; x_wconf 84' lang='lat' dir='ltr'><strong>aut</strong></span> <span class='ocrx_word' id='word_1_235' title='bbox 1727 2417 1840 2472; x_wconf 85' lang='lat' dir='ltr'><strong>cul-</strong></span> 
     </span>
    </p>
   </div>
   <div class='ocr_carea' id='block_1_37' title="bbox 255 2506 1837 2583">
    <p class='ocr_par' dir='ltr' id='par_1_37' title="bbox 255 2506 1837 2583">
     <span class='ocr_line' id='line_1_37' title="bbox 255 2506 1837 2583; baseline -0.002 -17"><span class='ocrx_word' id='word_1_236' title='bbox 255 2515 465 2583; x_wconf 83' lang='lat' dir='ltr'><strong>pabiles</strong></span> <span class='ocrx_word' id='word_1_237' title='bbox 494 2514 753 2575; x_wconf 72' lang='lat' dir='ltr'><strong>mstimat,</strong></span> <span class='ocrx_word' id='word_1_238' title='bbox 807 2511 953 2565; x_wconf 83' lang='lat' dir='ltr'><strong>velut</strong></span> <span class='ocrx_word' id='word_1_239' title='bbox 982 2512 1073 2580; x_wconf 87' lang='lat' dir='ltr'><strong>qui</strong></span> <span class='ocrx_word' id='word_1_240' title='bbox 1115 2512 1166 2567; x_wconf 92' lang='lat' dir='ltr'><strong>in</strong></span> <span class='ocrx_word' id='word_1_241' title='bbox 1212 2525 1435 2579; x_wconf 81' lang='lat' dir='ltr'><strong>regnum</strong></span> <span class='ocrx_word' id='word_1_242' title='bbox 1474 2508 1566 2563; x_wconf 86' lang='lat' dir='ltr'><strong>Dei</strong></span> <span class='ocrx_word' id='word_1_243' title='bbox 1616 2506 1837 2563; x_wconf 86' lang='lat' dir='ltr'><strong>introire</strong></span> 
     </span>
    </p>
   </div>
   <div class='ocr_carea' id='block_1_38' title="bbox 255 2587 1077 2674">
    <p class='ocr_par' dir='ltr' id='par_1_38' title="bbox 255 2587 1077 2674">
     <span class='ocr_line' id='line_1_38' title="bbox 255 2587 1077 2674; baseline -0.004 -15"><span class='ocrx_word' id='word_1_244' title='bbox 255 2622 364 2659; x_wconf 85' lang='lat' dir='ltr'><strong>non</strong></span> <span class='ocrx_word' id='word_1_245' title='bbox 396 2605 605 2674; x_wconf 87' lang='lat' dir='ltr'><strong>possint</strong></span> <span class='ocrx_word' id='word_1_246' title='bbox 632 2621 646 2655; x_wconf 88' lang='lat'><strong>:</strong></span> <span class='ocrx_word' id='word_1_247' title='bbox 671 2603 957 2656; x_wconf 83' lang='lat' dir='ltr'><strong>anathema</strong></span> <span class='ocrx_word' id='word_1_248' title='bbox 987 2587 1077 2656; x_wconf 79' lang='lat' dir='ltr'><strong>sit.</strong></span> 
     </span>
    </p>
   </div>
   <div class='ocr_carea' id='block_1_39' title="bbox 294 2735 1801 2811">
    <p class='ocr_par' dir='ltr' id='par_1_39' title="bbox 294 2735 1801 2811">
     <span class='ocr_line' id='line_1_39' title="bbox 294 2735 1801 2811; baseline -0.003 -18"><span class='ocrx_word' id='word_1_249' title='bbox 294 2740 375 2793; x_wconf 80' lang='lat' dir='ltr'><strong>De</strong></span> <span class='ocrx_word' id='word_1_250' title='bbox 405 2741 486 2793; x_wconf 90' lang='lat' dir='ltr'><strong>his</strong></span> <span class='ocrx_word' id='word_1_251' title='bbox 516 2742 600 2811; x_wconf 81' lang='lat' dir='ltr'><strong>qui</strong></span> <span class='ocrx_word' id='word_1_252' title='bbox 630 2739 993 2792; x_wconf 83' lang='lat' dir='ltr'><strong>abominantur</strong></span> <span class='ocrx_word' id='word_1_253' title='bbox 1020 2754 1105 2792; x_wconf 88' lang='lat' dir='ltr'><strong>eos</strong></span> <span class='ocrx_word' id='word_1_254' title='bbox 1136 2738 1220 2808; x_wconf 88' lang='lat' dir='ltr'><strong>qui</strong></span> <span class='ocrx_word' id='word_1_255' title='bbox 1248 2735 1487 2790; x_wconf 87' lang='lat' dir='ltr'><strong>carnibus</strong></span> <span class='ocrx_word' id='word_1_256' title='bbox 1514 2743 1801 2790; x_wconf 75' lang='lat' dir='ltr'><strong>vescuntur.</strong></span> 
     </span>
    </p>
   </div>
   <div class='ocr_carea' id='block_1_40' title="bbox 324 2847 1835 2921">
    <p class='ocr_par' dir='ltr' id='par_1_40' title="bbox 324 2847 1835 2921">
     <span class='ocr_line' id='line_1_40' title="bbox 324 2847 1835 2921; baseline -0.005 -14"><span class='ocrx_word' id='word_1_257' title='bbox 324 2853 438 2907; x_wconf 83' lang='lat' dir='ltr'><strong>LX.</strong></span> <span class='ocrx_word' id='word_1_258' title='bbox 492 2852 548 2907; x_wconf 90' lang='lat' dir='ltr'><strong>Si</strong></span> <span class='ocrx_word' id='word_1_259' title='bbox 594 2852 714 2921; x_wconf 87' lang='lat' dir='ltr'><strong>quis</strong></span> <span class='ocrx_word' id='word_1_260' title='bbox 740 2867 929 2906; x_wconf 87' lang='lat' dir='ltr'><strong>carnes</strong></span> <span class='ocrx_word' id='word_1_261' title='bbox 953 2849 1233 2917; x_wconf 87' lang='lat' dir='ltr'><strong>edentem,</strong></span> <span class='ocrx_word' id='word_1_262' title='bbox 1282 2858 1475 2919; x_wconf 69' lang='lat' dir='ltr'><strong>prmter</strong></span> <span class='ocrx_word' id='word_1_263' title='bbox 1502 2847 1835 2915; x_wconf 78' lang='lat' dir='ltr'><strong>sanguinem,</strong></span> 
     </span>
    </p>
   </div>
   <div class='ocr_carea' id='block_1_41' title="bbox 250 2938 1837 3007">
    <p class='ocr_par' dir='ltr' id='par_1_41' title="bbox 250 2938 1837 3007">
     <span class='ocr_line' id='line_1_41' title="bbox 250 2938 1837 3007; baseline -0.006 -7"><span class='ocrx_word' id='word_1_264' title='bbox 250 2955 306 3000; x_wconf 90' lang='lat' dir='ltr'><strong>et</strong></span> <span class='ocrx_word' id='word_1_265' title='bbox 338 2946 498 2998; x_wconf 78' lang='lat' dir='ltr'><strong>idolis</strong></span> <span class='ocrx_word' id='word_1_266' title='bbox 529 2944 880 3006; x_wconf 86' lang='lat' dir='ltr'><strong>immolatum,</strong></span> <span class='ocrx_word' id='word_1_267' title='bbox 913 2949 969 2995; x_wconf 88' lang='lat' dir='ltr'><strong>et</strong></span> <span class='ocrx_word' id='word_1_268' title='bbox 1009 2940 1325 2995; x_wconf 81' lang='lat' dir='ltr'><strong>suli‘oeatum</strong></span> <span class='ocrx_word' id='word_1_269' title='bbox 1345 2981 1359 3007; x_wconf 93' lang='lat'><strong>,</strong></span> <span class='ocrx_word' id='word_1_270' title='bbox 1405 2955 1528 2994; x_wconf 89' lang='lat' dir='ltr'><strong>cum</strong></span> <span class='ocrx_word' id='word_1_271' title='bbox 1556 2938 1837 3007; x_wconf 80' lang='lat' dir='ltr'><strong>religione,</strong></span> 
     </span>
    </p>
   </div>
   <div class='ocr_carea' id='block_1_42' title="bbox 251 3029 1840 3103">
    <p class='ocr_par' dir='ltr' id='par_1_42' title="bbox 251 3029 1840 3103">
     <span class='ocr_line' id='line_1_42' title="bbox 251 3029 1840 3103; baseline -0.004 -12"><span class='ocrx_word' id='word_1_272' title='bbox 251 3048 307 3091; x_wconf 77' lang='lat' dir='ltr'><strong>ct</strong></span> <span class='ocrx_word' id='word_1_273' title='bbox 353 3037 480 3098; x_wconf 79' lang='lat' dir='ltr'><strong>ﬁde,</strong></span> <span class='ocrx_word' id='word_1_274' title='bbox 515 3036 867 3101; x_wconf 83' lang='lat' dir='ltr'><strong>condemnat,</strong></span> <span class='ocrx_word' id='word_1_275' title='bbox 899 3034 1042 3088; x_wconf 87' lang='lat' dir='ltr'><strong>velut</strong></span> <span class='ocrx_word' id='word_1_276' title='bbox 1069 3049 1247 3103; x_wconf 84' lang='lat' dir='ltr'><strong>spem,</strong></span> <span class='ocrx_word' id='word_1_277' title='bbox 1294 3039 1514 3103; x_wconf 86' lang='lat' dir='ltr'><strong>propter</strong></span> <span class='ocrx_word' id='word_1_278' title='bbox 1537 3029 1840 3100; x_wconf 86' lang='lat' dir='ltr'><strong>hujusmodi</strong></span> 
     </span>
    </p>
   </div>
   <div class='ocr_carea' id='block_1_43' title="bbox 252 3124 1708 3199">
    <p class='ocr_par' dir='ltr' id='par_1_43' title="bbox 252 3124 1708 3199">
     <span class='ocr_line' id='line_1_43' title="bbox 252 3124 1708 3199; baseline -0.003 -18"><span class='ocrx_word' id='word_1_279' title='bbox 252 3129 681 3199; x_wconf 73' lang='lat' dir='ltr'><strong>perceptionem,</strong></span> <span class='ocrx_word' id='word_1_280' title='bbox 718 3142 823 3179; x_wconf 88' lang='lat' dir='ltr'><strong>non</strong></span> <span class='ocrx_word' id='word_1_281' title='bbox 852 3127 1138 3180; x_wconf 81' lang='lat' dir='ltr'><strong>habentem</strong></span> <span class='ocrx_word' id='word_1_282' title='bbox 1170 3144 1182 3178; x_wconf 94' lang='lat'>:</span> <span class='ocrx_word' id='word_1_283' title='bbox 1212 3126 1497 3180; x_wconf 84' lang='lat' dir='ltr'><strong>anathema</strong></span> <span class='ocrx_word' id='word_1_284' title='bbox 1518 3124 1607 3178; x_wconf 86' lang='lat' dir='ltr'><strong>sit.</strong></span> <span class='ocrx_word' id='word_1_285' title='bbox 1688 3130 1708 3144; x_wconf 82' lang='grc'><strong><em>⁸</em></strong></span> 
     </span>
    </p>
   </div>
   <div class='ocr_carea' id='block_1_44' title="bbox 257 3255 1838 3333">
    <p class='ocr_par' dir='ltr' id='par_1_44' title="bbox 257 3255 1838 3333">
     <span class='ocr_line' id='line_1_44' title="bbox 257 3255 1838 3333; baseline -0.004 -17"><span class='ocrx_word' id='word_1_286' title='bbox 257 3263 334 3316; x_wconf 77' lang='lat' dir='ltr'><strong>De</strong></span> <span class='ocrx_word' id='word_1_287' title='bbox 354 3264 516 3316; x_wconf 69' lang='lat' dir='ltr'><strong>sertis</strong></span> <span class='ocrx_word' id='word_1_288' title='bbox 541 3262 628 3333; x_wconf 86' lang='lat' dir='ltr'><strong>qui</strong></span> <span class='ocrx_word' id='word_1_289' title='bbox 640 3262 822 3331; x_wconf 85' lang='lat' dir='ltr'><strong>jugum</strong></span> <span class='ocrx_word' id='word_1_290' title='bbox 852 3262 1131 3331; x_wconf 77' lang='lat' dir='ltr'><strong>famulatus</strong></span> <span class='ocrx_word' id='word_1_291' title='bbox 1155 3257 1404 3329; x_wconf 87' lang='lat' dir='ltr'><strong>abjiciunt</strong></span> <span class='ocrx_word' id='word_1_292' title='bbox 1434 3255 1838 3311; x_wconf 76' lang='lat' dir='ltr'><strong>Christianitatis</strong></span> 
     </span>
    </p>
   </div>
   <div class='ocr_carea' id='block_1_45' title="bbox 934 3338 1158 3384">
    <p class='ocr_par' dir='ltr' id='par_1_45' title="bbox 934 3338 1158 3384">
     <span class='ocr_line' id='line_1_45' title="bbox 934 3338 1158 3384; baseline -0.009 0"><span class='ocrx_word' id='word_1_293' title='bbox 934 3338 1158 3384; x_wconf 84' lang='lat' dir='ltr'><strong>obtentu.</strong></span> 
     </span>
    </p>
   </div>
   <div class='ocr_carea' id='block_1_46' title="bbox 326 3434 1836 3512">
    <p class='ocr_par' dir='ltr' id='par_1_46' title="bbox 326 3434 1836 3512">
     <span class='ocr_line' id='line_1_46' title="bbox 326 3434 1836 3512; baseline -0.005 -16"><span class='ocrx_word' id='word_1_294' title='bbox 326 3443 457 3497; x_wconf 82' lang='lat' dir='ltr'><strong>LXI.</strong></span> <span class='ocrx_word' id='word_1_295' title='bbox 504 3444 559 3497; x_wconf 89' lang='lat' dir='ltr'><strong>Si</strong></span> <span class='ocrx_word' id='word_1_296' title='bbox 604 3441 724 3512; x_wconf 74' lang='lat' dir='ltr'><strong>quis</strong></span> <span class='ocrx_word' id='word_1_297' title='bbox 764 3457 999 3499; x_wconf 87' lang='lat' dir='ltr'><strong>servum.</strong></span> <span class='ocrx_word' id='word_1_298' title='bbox 1035 3445 1295 3509; x_wconf 71' lang='lat' dir='ltr'><strong>pnetextu</strong></span> <span class='ocrx_word' id='word_1_299' title='bbox 1325 3437 1487 3493; x_wconf 81' lang='lat' dir='ltr'><strong>divini</strong></span> <span class='ocrx_word' id='word_1_300' title='bbox 1510 3436 1704 3499; x_wconf 88' lang='lat' dir='ltr'><strong>cultus,</strong></span> <span class='ocrx_word' id='word_1_301' title='bbox 1735 3434 1836 3489; x_wconf 80' lang='lat' dir='ltr'><strong>do-</strong></span> 
     </span>
    </p>
   </div>
   <div class='ocr_carea' id='block_1_47' title="bbox 257 3522 1837 3596">
    <p class='ocr_par' dir='ltr' id='par_1_47' title="bbox 257 3522 1837 3596">
     <span class='ocr_line' id='line_1_47' title="bbox 257 3522 1837 3596; baseline -0.008 -9"><span class='ocrx_word' id='word_1_302' title='bbox 257 3543 377 3587; x_wconf 75' lang='lat' dir='ltr'><strong>teat</strong></span> <span class='ocrx_word' id='word_1_303' title='bbox 404 3533 680 3585; x_wconf 83' lang='lat' dir='ltr'><strong>dominum</strong></span> <span class='ocrx_word' id='word_1_304' title='bbox 712 3538 1057 3584; x_wconf 83' lang='lat' dir='ltr'><strong>contemnere</strong></span> <span class='ocrx_word' id='word_1_305' title='bbox 1085 3527 1354 3596; x_wconf 84' lang='lat' dir='ltr'><strong>prepriutn</strong></span> <span class='ocrx_word' id='word_1_306' title='bbox 1381 3543 1394 3577; x_wconf 91' lang='lat'><strong>:</strong></span> <span class='ocrx_word' id='word_1_307' title='bbox 1429 3533 1487 3578; x_wconf 90' lang='lat' dir='ltr'><strong>ut</strong></span> <span class='ocrx_word' id='word_1_308' title='bbox 1510 3523 1747 3577; x_wconf 79' lang='lat' dir='ltr'><strong>discedat</strong></span> <span class='ocrx_word' id='word_1_309' title='bbox 1769 3522 1837 3575; x_wconf 91' lang='lat' dir='ltr'><strong>ab</strong></span> 
     </span>
    </p>
   </div>
   <div class='ocr_carea' id='block_1_48' title="bbox 2103 2234 3341 2311">
    <p class='ocr_par' dir='ltr' id='par_1_48' title="bbox 2103 2234 3341 2311">
     <span class='ocr_line' id='line_1_48' title="bbox 2103 2234 3341 2311; baseline 0.007 -23"><span class='ocrx_word' id='word_1_310' title='bbox 2103 2234 2181 2289; x_wconf 85' lang='lat' dir='ltr'><strong>De</strong></span> <span class='ocrx_word' id='word_1_311' title='bbox 2206 2236 2285 2289; x_wconf 86' lang='lat' dir='ltr'><strong>his</strong></span> <span class='ocrx_word' id='word_1_312' title='bbox 2310 2250 2424 2308; x_wconf 70' lang='lat' dir='ltr'><strong>quae</strong></span> <span class='ocrx_word' id='word_1_313' title='bbox 2451 2236 2503 2291; x_wconf 88' lang='lat' dir='ltr'><strong>in</strong></span> <span class='ocrx_word' id='word_1_314' title='bbox 2533 2252 2654 2292; x_wconf 83' lang='lat' dir='ltr'><strong>usus</strong></span> <span class='ocrx_word' id='word_1_315' title='bbox 2677 2254 2958 2310; x_wconf 79' lang='lat' dir='ltr'><strong>pauperum</strong></span> <span class='ocrx_word' id='word_1_316' title='bbox 2985 2243 3341 2311; x_wconf 76' lang='lat' dir='ltr'><strong>conferuntur.</strong></span> 
     </span>
    </p>
   </div>
   <div class='ocr_carea' id='block_1_49' title="bbox 2011 2323 3519 2402">
    <p class='ocr_par' dir='ltr' id='par_1_49' title="bbox 2011 2323 3519 2402">
     <span class='ocr_line' id='line_1_49' title="bbox 2011 2323 3519 2402; baseline 0.005 -23"><span class='ocrx_word' id='word_1_317' title='bbox 2011 2323 2191 2381; x_wconf 89' lang='lat' dir='ltr'><strong>LXVI.</strong></span> <span class='ocrx_word' id='word_1_318' title='bbox 2222 2326 2417 2397; x_wconf 80' lang='lat' dir='ltr'><strong>Siquis</strong></span> <span class='ocrx_word' id='word_1_319' title='bbox 2445 2327 2671 2395; x_wconf 85' lang='lat' dir='ltr'><strong>dederit,</strong></span> <span class='ocrx_word' id='word_1_320' title='bbox 2696 2328 2787 2382; x_wconf 84' lang='lat' dir='ltr'><strong>vel</strong></span> <span class='ocrx_word' id='word_1_321' title='bbox 2818 2330 3085 2402; x_wconf 86' lang='lat' dir='ltr'><strong>acceperit</strong></span> <span class='ocrx_word' id='word_1_322' title='bbox 3118 2332 3297 2385; x_wconf 87' lang='lat' dir='ltr'><strong>oblata</strong></span> <span class='ocrx_word' id='word_1_323' title='bbox 3326 2338 3519 2401; x_wconf 79' lang='lat' dir='ltr'><strong>praeter</strong></span> 
     </span>
    </p>
   </div>
   <div class='ocr_carea' id='block_1_50' title="bbox 1940 2413 3517 2488">
    <p class='ocr_par' dir='ltr' id='par_1_50' title="bbox 1940 2413 3517 2488">
     <span class='ocr_line' id='line_1_50' title="bbox 1940 2413 3517 2488; baseline 0.001 -15"><span class='ocrx_word' id='word_1_324' title='bbox 1940 2417 2287 2488; x_wconf 76' lang='lat' dir='ltr'><strong>episcopum,</strong></span> <span class='ocrx_word' id='word_1_325' title='bbox 2327 2416 2413 2472; x_wconf 88' lang='lat' dir='ltr'><strong>vel</strong></span> <span class='ocrx_word' id='word_1_326' title='bbox 2442 2430 2563 2471; x_wconf 90' lang='lat' dir='ltr'><strong>eum</strong></span> <span class='ocrx_word' id='word_1_327' title='bbox 2602 2417 2693 2488; x_wconf 89' lang='lat' dir='ltr'><strong>qui</strong></span> <span class='ocrx_word' id='word_1_328' title='bbox 2741 2413 3061 2474; x_wconf 78' lang='lat' dir='ltr'><strong>censtitutus</strong></span> <span class='ocrx_word' id='word_1_329' title='bbox 3087 2426 3170 2473; x_wconf 90' lang='lat' dir='ltr'><strong>est</strong></span> <span class='ocrx_word' id='word_1_330' title='bbox 3215 2420 3282 2473; x_wconf 87' lang='lat' dir='ltr'><strong>ab</strong></span> <span class='ocrx_word' id='word_1_331' title='bbox 3314 2434 3379 2475; x_wconf 87' lang='lat' dir='ltr'><strong>eo</strong></span> <span class='ocrx_word' id='word_1_332' title='bbox 3401 2461 3417 2487; x_wconf 95' lang='lat'><strong>,</strong></span> <span class='ocrx_word' id='word_1_333' title='bbox 3450 2421 3517 2474; x_wconf 91' lang='lat' dir='ltr'><strong>ad</strong></span> 
     </span>
    </p>
   </div>
   <div class='ocr_carea' id='block_1_51' title="bbox 1940 2508 3515 2581">
    <p class='ocr_par' dir='ltr' id='par_1_51' title="bbox 1940 2508 3515 2581">
     <span class='ocr_line' id='line_1_51' title="bbox 1940 2508 3515 2581; baseline -0.001 -17"><span class='ocrx_word' id='word_1_334' title='bbox 1940 2508 2346 2579; x_wconf 82' lang='lat' dir='ltr'><strong>dispensandam</strong></span> <span class='ocrx_word' id='word_1_335' title='bbox 2376 2509 2795 2564; x_wconf 82' lang='lat' dir='ltr'><strong>misericordiam</strong></span> <span class='ocrx_word' id='word_1_336' title='bbox 2824 2510 3143 2581; x_wconf 78' lang='lat' dir='ltr'><strong>pauperibus</strong></span> <span class='ocrx_word' id='word_1_337' title='bbox 3169 2530 3181 2563; x_wconf 89' lang='lat'><strong>:</strong></span> <span class='ocrx_word' id='word_1_338' title='bbox 3210 2519 3265 2565; x_wconf 92' lang='lat' dir='ltr'><strong>ct</strong></span> <span class='ocrx_word' id='word_1_339' title='bbox 3286 2511 3375 2581; x_wconf 93' lang='lat' dir='ltr'><strong>qui</strong></span> <span class='ocrx_word' id='word_1_340' title='bbox 3401 2512 3515 2579; x_wconf 89' lang='lat' dir='ltr'><strong>dat,</strong></span> 
     </span>
    </p>
   </div>
   <div class='ocr_carea' id='block_1_52' title="bbox 1939 2601 2803 2671">
    <p class='ocr_par' dir='ltr' id='par_1_52' title="bbox 1939 2601 2803 2671">
     <span class='ocr_line' id='line_1_52' title="bbox 1939 2601 2803 2671; baseline -0.003 -14"><span class='ocrx_word' id='word_1_341' title='bbox 1939 2611 1998 2657; x_wconf 87' lang='lat' dir='ltr'><strong>et</strong></span> <span class='ocrx_word' id='word_1_342' title='bbox 2023 2602 2113 2671; x_wconf 84' lang='lat' dir='ltr'><strong>qui</strong></span> <span class='ocrx_word' id='word_1_343' title='bbox 2148 2602 2362 2671; x_wconf 88' lang='lat' dir='ltr'><strong>accipit,</strong></span> <span class='ocrx_word' id='word_1_344' title='bbox 2396 2601 2683 2655; x_wconf 83' lang='lat' dir='ltr'><strong>anathema</strong></span> <span class='ocrx_word' id='word_1_345' title='bbox 2715 2601 2803 2655; x_wconf 88' lang='lat' dir='ltr'><strong>sit.</strong></span> 
     </span>
    </p>
   </div>
   <div class='ocr_carea' id='block_1_53' title="bbox 1995 2710 3449 2784">
    <p class='ocr_par' dir='ltr' id='par_1_53' title="bbox 1995 2710 3449 2784">
     <span class='ocr_line' id='line_1_53' title="bbox 1995 2710 3449 2784; baseline -0.001 -19"><span class='ocrx_word' id='word_1_346' title='bbox 1995 2710 2075 2766; x_wconf 88' lang='lat' dir='ltr'><strong>De</strong></span> <span class='ocrx_word' id='word_1_347' title='bbox 2102 2713 2181 2766; x_wconf 87' lang='lat' dir='ltr'><strong>his</strong></span> <span class='ocrx_word' id='word_1_348' title='bbox 2208 2714 2292 2784; x_wconf 88' lang='lat' dir='ltr'><strong>qui</strong></span> <span class='ocrx_word' id='word_1_349' title='bbox 2314 2713 2367 2765; x_wconf 89' lang='lat' dir='ltr'><strong>in</strong></span> <span class='ocrx_word' id='word_1_350' title='bbox 2395 2712 2686 2783; x_wconf 76' lang='lat' dir='ltr'><strong>virginitate</strong></span> <span class='ocrx_word' id='word_1_351' title='bbox 2713 2711 3128 2782; x_wconf 79' lang='lat' dir='ltr'><strong>continentiaque</strong></span> <span class='ocrx_word' id='word_1_352' title='bbox 3153 2713 3449 2781; x_wconf 82' lang='lat' dir='ltr'><strong>persistunt.</strong></span> 
     </span>
    </p>
   </div>
   <div class='ocr_carea' id='block_1_54' title="bbox 2012 2820 3514 2893">
    <p class='ocr_par' dir='ltr' id='par_1_54' title="bbox 2012 2820 3514 2893">
     <span class='ocr_line' id='line_1_54' title="bbox 2012 2820 3514 2893; baseline -0.001 -15"><span class='ocrx_word' id='word_1_353' title='bbox 2012 2820 2211 2878; x_wconf 89' lang='lat' dir='ltr'><strong>LXVII.</strong></span> <span class='ocrx_word' id='word_1_354' title='bbox 2232 2823 2544 2891; x_wconf 83' lang='lat' dir='ltr'><strong>Quicunque</strong></span> <span class='ocrx_word' id='word_1_355' title='bbox 2563 2822 2915 2893; x_wconf 79' lang='lat' dir='ltr'><strong>virginitatem</strong></span> <span class='ocrx_word' id='word_1_356' title='bbox 2931 2820 3253 2888; x_wconf 85' lang='lat' dir='ltr'><strong>custodiens,</strong></span> <span class='ocrx_word' id='word_1_357' title='bbox 3274 2830 3363 2875; x_wconf 84' lang='lat' dir='ltr'><strong>aut</strong></span> <span class='ocrx_word' id='word_1_358' title='bbox 3381 2838 3514 2877; x_wconf 66' lang='lat' dir='ltr'><strong>cnn-</strong></span> 
     </span>
    </p>
   </div>
   <div class='ocr_carea' id='block_1_55' title="bbox 1943 2912 3513 2983">
    <p class='ocr_par' dir='ltr' id='par_1_55' title="bbox 1943 2912 3513 2983">
     <span class='ocr_line' id='line_1_55' title="bbox 1943 2912 3513 2983; baseline -0.003 -15"><span class='ocrx_word' id='word_1_359' title='bbox 1943 2912 2176 2969; x_wconf 73' lang='lat' dir='ltr'><strong>tinentia:</strong></span> <span class='ocrx_word' id='word_1_360' title='bbox 2200 2914 2445 2979; x_wconf 89' lang='lat' dir='ltr'><strong>studens,</strong></span> <span class='ocrx_word' id='word_1_361' title='bbox 2480 2914 2626 2968; x_wconf 89' lang='lat' dir='ltr'><strong>velut</strong></span> <span class='ocrx_word' id='word_1_362' title='bbox 2667 2914 2987 2968; x_wconf 83' lang='lat' dir='ltr'><strong>horrescens</strong></span> <span class='ocrx_word' id='word_1_363' title='bbox 3022 2913 3237 2983; x_wconf 83' lang='lat' dir='ltr'><strong>nuptias</strong></span> <span class='ocrx_word' id='word_1_364' title='bbox 3268 2921 3513 2979; x_wconf 83' lang='lat' dir='ltr'><strong>temerat,</strong></span> 
     </span>
    </p>
   </div>
   <div class='ocr_carea' id='block_1_56' title="bbox 1941 3004 3515 3076">
    <p class='ocr_par' dir='ltr' id='par_1_56' title="bbox 1941 3004 3515 3076">
     <span class='ocr_line' id='line_1_56' title="bbox 1941 3004 3515 3076; baseline -0.002 -14"><span class='ocrx_word' id='word_1_365' title='bbox 1941 3022 2042 3062; x_wconf 91' lang='lat' dir='ltr'><strong>nec</strong></span> <span class='ocrx_word' id='word_1_366' title='bbox 2070 3012 2289 3076; x_wconf 89' lang='lat' dir='ltr'><strong>propter</strong></span> <span class='ocrx_word' id='word_1_367' title='bbox 2324 3004 2446 3070; x_wconf 85' lang='lat' dir='ltr'><strong>hoc,</strong></span> <span class='ocrx_word' id='word_1_368' title='bbox 2478 3004 2619 3074; x_wconf 90' lang='lat' dir='ltr'><strong>quod</strong></span> <span class='ocrx_word' id='word_1_369' title='bbox 2646 3005 2847 3059; x_wconf 90' lang='lat' dir='ltr'><strong>bonum</strong></span> <span class='ocrx_word' id='word_1_370' title='bbox 2892 3012 2948 3058; x_wconf 92' lang='lat' dir='ltr'><strong>et</strong></span> <span class='ocrx_word' id='word_1_371' title='bbox 2996 3011 3241 3058; x_wconf 86' lang='lat' dir='ltr'><strong>sanctum</strong></span> <span class='ocrx_word' id='word_1_372' title='bbox 3269 3014 3383 3071; x_wconf 89' lang='lat' dir='ltr'><strong>est,</strong></span> <span class='ocrx_word' id='word_1_373' title='bbox 3417 3017 3515 3059; x_wconf 84' lang='lat' dir='ltr'><strong>no—</strong></span> 
     </span>
    </p>
   </div>
   <div class='ocr_carea' id='block_1_57' title="bbox 1941 3095 3117 3168">
    <p class='ocr_par' dir='ltr' id='par_1_57' title="bbox 1941 3095 3117 3168">
     <span class='ocr_line' id='line_1_57' title="bbox 1941 3095 3117 3168; baseline -0.006 -13"><span class='ocrx_word' id='word_1_374' title='bbox 1941 3115 2062 3155; x_wconf 89' lang='lat' dir='ltr'><strong>men</strong></span> <span class='ocrx_word' id='word_1_375' title='bbox 2091 3097 2407 3168; x_wconf 78' lang='lat' dir='ltr'><strong>virginitatis</strong></span> <span class='ocrx_word' id='word_1_376' title='bbox 2427 3096 2648 3152; x_wconf 89' lang='lat' dir='ltr'><strong>assumit</strong></span> <span class='ocrx_word' id='word_1_377' title='bbox 2679 3114 2692 3149; x_wconf 89' lang='lat'>:</span> <span class='ocrx_word' id='word_1_378' title='bbox 2725 3095 3009 3149; x_wconf 86' lang='lat' dir='ltr'><strong>anathema</strong></span> <span class='ocrx_word' id='word_1_379' title='bbox 3030 3095 3117 3149; x_wconf 86' lang='lat' dir='ltr'><strong>sit.</strong></span> 
     </span>
    </p>
   </div>
   <div class='ocr_carea' id='block_1_58' title="bbox 2189 3199 3256 3281">
    <p class='ocr_par' dir='ltr' id='par_1_58' title="bbox 2189 3199 3256 3281">
     <span class='ocr_line' id='line_1_58' title="bbox 2189 3199 3256 3281; baseline -0.004 -19"><span class='ocrx_word' id='word_1_380' title='bbox 2189 3209 2267 3263; x_wconf 87' lang='lat' dir='ltr'><strong>De</strong></span> <span class='ocrx_word' id='word_1_381' title='bbox 2293 3209 2371 3262; x_wconf 87' lang='lat' dir='ltr'><strong>his</strong></span> <span class='ocrx_word' id='word_1_382' title='bbox 2397 3210 2481 3281; x_wconf 83' lang='lat' dir='ltr'><strong>qui</strong></span> <span class='ocrx_word' id='word_1_383' title='bbox 2506 3199 2599 3278; x_wconf 76' lang='lat' dir='ltr'><strong>pro</strong></span> <span class='ocrx_word' id='word_1_384' title='bbox 2628 3207 2918 3278; x_wconf 79' lang='lat' dir='ltr'><strong>virginitate</strong></span> <span class='ocrx_word' id='word_1_385' title='bbox 2941 3205 3256 3272; x_wconf 83' lang='lat' dir='ltr'><strong>superbiant.</strong></span> 
     </span>
    </p>
   </div>
   <div class='ocr_carea' id='block_1_59' title="bbox 2012 3321 3514 3394">
    <p class='ocr_par' dir='ltr' id='par_1_59' title="bbox 2012 3321 3514 3394">
     <span class='ocr_line' id='line_1_59' title="bbox 2012 3321 3514 3394; baseline -0.003 -13"><span class='ocrx_word' id='word_1_386' title='bbox 2012 3325 2237 3381; x_wconf 79' lang='lat' dir='ltr'><strong>LXVIII.</strong></span> <span class='ocrx_word' id='word_1_387' title='bbox 2277 3324 2333 3380; x_wconf 90' lang='lat' dir='ltr'><strong><em>Si</em></strong></span> <span class='ocrx_word' id='word_1_388' title='bbox 2362 3326 2481 3394; x_wconf 88' lang='lat' dir='ltr'><strong>quis</strong></span> <span class='ocrx_word' id='word_1_389' title='bbox 2522 3339 2589 3380; x_wconf 82' lang='lat' dir='ltr'><strong>ex</strong></span> <span class='ocrx_word' id='word_1_390' title='bbox 2642 3324 2726 3379; x_wconf 90' lang='lat' dir='ltr'><strong>his</strong></span> <span class='ocrx_word' id='word_1_391' title='bbox 2769 3323 2861 3393; x_wconf 85' lang='lat' dir='ltr'><strong>qui</strong></span> <span class='ocrx_word' id='word_1_392' title='bbox 2909 3321 3261 3391; x_wconf 79' lang='lat' dir='ltr'><strong>virginitatem</strong></span> <span class='ocrx_word' id='word_1_393' title='bbox 3292 3333 3514 3392; x_wconf 79' lang='lat' dir='ltr'><strong>propter</strong></span> 
     </span>
    </p>
   </div>
   <div class='ocr_carea' id='block_1_60' title="bbox 1940 3416 3509 3487">
    <p class='ocr_par' dir='ltr' id='par_1_60' title="bbox 1940 3416 3509 3487">
     <span class='ocr_line' id='line_1_60' title="bbox 1940 3416 3509 3487; baseline -0.002 -13"><span class='ocrx_word' id='word_1_394' title='bbox 1940 3419 2222 3474; x_wconf 91' lang='lat' dir='ltr'><strong>Dominum</strong></span> <span class='ocrx_word' id='word_1_395' title='bbox 2264 3425 2507 3481; x_wconf 86' lang='lat' dir='ltr'><strong>servant,</strong></span> <span class='ocrx_word' id='word_1_396' title='bbox 2566 3416 2838 3472; x_wconf 68' lang='lat' dir='ltr'><strong>extollitur</strong></span> <span class='ocrx_word' id='word_1_397' title='bbox 2862 3416 3148 3472; x_wconf 80' lang='lat' dir='ltr'><strong>adversum</strong></span> <span class='ocrx_word' id='word_1_398' title='bbox 3174 3419 3509 3487; x_wconf 72' lang='lat' dir='ltr'><strong>conjugatos,</strong></span> 
     </span>
    </p>
   </div>
   <div class='ocr_carea' id='block_1_61' title="bbox 1938 3508 2343 3565">
    <p class='ocr_par' dir='ltr' id='par_1_61' title="bbox 1938 3508 2343 3565">
     <span class='ocr_line' id='line_1_61' title="bbox 1938 3508 2343 3565; baseline -0.007 -1"><span class='ocrx_word' id='word_1_399' title='bbox 1938 3510 2225 3565; x_wconf 79' lang='lat' dir='ltr'><strong>anathema</strong></span> <span class='ocrx_word' id='word_1_400' title='bbox 2255 3508 2343 3562; x_wconf 90' lang='lat' dir='ltr'><strong>sit.</strong></span> 
     </span>
    </p>
   </div>
   <div class='ocr_carea' id='block_1_62' title="bbox 256 3612 3489 3691">
    <p class='ocr_par' dir='ltr' id='par_1_62' title="bbox 256 3612 3489 3691">
     <span class='ocr_line' id='line_1_62' title="bbox 256 3612 3489 3691; baseline -0 -20"><span class='ocrx_word' id='word_1_401' title='bbox 256 3625 375 3691; x_wconf 59' lang='grc' dir='ltr'>σαξυς</span> <span class='ocrx_word' id='word_1_402' title='bbox 401 3623 685 3691; x_wconf 57' lang='grc' dir='ltr'><strong>υὺςίιψιίο.</strong></span> <span class='ocrx_word' id='word_1_403' title='bbox 716 3637 812 3674; x_wconf 86' lang='lat' dir='ltr'><strong>nec</strong></span> <span class='ocrx_word' id='word_1_404' title='bbox 843 3620 890 3674; x_wconf 88' lang='lat' dir='ltr'><strong>ei</strong></span> <span class='ocrx_word' id='word_1_405' title='bbox 920 3635 1041 3673; x_wconf 90' lang='lat' dir='ltr'><strong>cum</strong></span> <span class='ocrx_word' id='word_1_406' title='bbox 1088 3616 1461 3672; x_wconf 83' lang='lat' dir='ltr'><strong>benevolentia</strong></span> <span class='ocrx_word' id='word_1_407' title='bbox 1490 3623 1545 3670; x_wconf 87' lang='lat' dir='ltr'><strong>et</strong></span> <span class='ocrx_word' id='word_1_408' title='bbox 1567 3612 1712 3669; x_wconf 85' lang='lat' dir='ltr'><strong>omni</strong></span> <span class='ocrx_word' id='word_1_409' title='bbox 1736 3612 1834 3668; x_wconf 88' lang='lat' dir='ltr'><strong>ho-</strong></span> <span class='ocrx_word' id='word_1_410' title='bbox 1861 3614 1907 3676; x_wconf 86' lang='lat' dir='ltr'>C</span> <span class='ocrx_word' id='word_1_411' title='bbox 1942 3618 2021 3674; x_wconf 86' lang='lat' dir='ltr'><strong>De</strong></span> <span class='ocrx_word' id='word_1_412' title='bbox 2050 3620 2129 3674; x_wconf 88' lang='lat' dir='ltr'><strong>his</strong></span> <span class='ocrx_word' id='word_1_413' title='bbox 2169 3619 2256 3691; x_wconf 87' lang='lat' dir='ltr'><strong>qui</strong></span> <span class='ocrx_word' id='word_1_414' title='bbox 2280 3632 2507 3690; x_wconf 87' lang='lat' dir='ltr'><strong>agapas,</strong></span> <span class='ocrx_word' id='word_1_415' title='bbox 2552 3618 2708 3691; x_wconf 79' lang='lat' dir='ltr'><strong>idest</strong></span> <span class='ocrx_word' id='word_1_416' title='bbox 2734 3617 2997 3686; x_wconf 74' lang='lat' dir='ltr'><strong>pastiones</strong></span> <span class='ocrx_word' id='word_1_417' title='bbox 3022 3630 3339 3688; x_wconf 75' lang='lat' dir='ltr'><strong>pauperum,</strong></span> <span class='ocrx_word' id='word_1_418' title='bbox 3383 3619 3489 3673; x_wconf 79' lang='lat' dir='ltr'><strong>risu</strong></span> 
     </span>
    </p>
   </div>
   <div class='ocr_carea' id='block_1_63' title="bbox 257 3708 1171 3788">
    <p class='ocr_par' dir='ltr' id='par_1_63' title="bbox 257 3708 1171 3788">
     <span class='ocr_line' id='line_1_63' title="bbox 257 3708 1171 3788; baseline -0.004 -23"><span class='ocrx_word' id='word_1_419' title='bbox 257 3730 392 3768; x_wconf 81' lang='lat' dir='ltr'><strong>nere</strong></span> <span class='ocrx_word' id='word_1_420' title='bbox 422 3713 719 3767; x_wconf 80' lang='lat' dir='ltr'><strong>deserviat:</strong></span> <span class='ocrx_word' id='word_1_421' title='bbox 740 3711 1021 3764; x_wconf 80' lang='lat' dir='ltr'><strong>anathema</strong></span> <span class='ocrx_word' id='word_1_422' title='bbox 1044 3708 1130 3762; x_wconf 86' lang='lat' dir='ltr'><strong>sit.</strong></span> <span class='ocrx_word' id='word_1_423' title='bbox 1158 3774 1171 3788; x_wconf 49' lang='lat'><strong>.</strong></span> 
     </span>
    </p>
   </div>
   <div class='ocr_carea' id='block_1_64' title="bbox 522 3840 1586 3919">
    <p class='ocr_par' dir='ltr' id='par_1_64' title="bbox 522 3840 1586 3919">
     <span class='ocr_line' id='line_1_64' title="bbox 522 3840 1586 3919; baseline -0.009 -17"><span class='ocrx_word' id='word_1_424' title='bbox 522 3846 601 3902; x_wconf 88' lang='lat' dir='ltr'><strong>De</strong></span> <span class='ocrx_word' id='word_1_425' title='bbox 627 3845 934 3919; x_wconf 82' lang='lat' dir='ltr'><strong>presbyteris</strong></span> <span class='ocrx_word' id='word_1_426' title='bbox 964 3846 1048 3916; x_wconf 86' lang='lat' dir='ltr'><strong>qui</strong></span> <span class='ocrx_word' id='word_1_427' title='bbox 1078 3843 1299 3896; x_wconf 87' lang='lat' dir='ltr'><strong>habuere</strong></span> <span class='ocrx_word' id='word_1_428' title='bbox 1323 3840 1586 3911; x_wconf 78' lang='lat' dir='ltr'><strong>conjugia.</strong></span> 
     </span>
    </p>
   </div>
   <div class='ocr_carea' id='block_1_65' title="bbox 330 3946 1836 4027">
    <p class='ocr_par' dir='ltr' id='par_1_65' title="bbox 330 3946 1836 4027">
     <span class='ocr_line' id='line_1_65' title="bbox 330 3946 1836 4027; baseline -0.009 -14"><span class='ocrx_word' id='word_1_429' title='bbox 330 3958 487 4013; x_wconf 89' lang='lat' dir='ltr'><strong>LXII.</strong></span> <span class='ocrx_word' id='word_1_430' title='bbox 518 3959 831 4027; x_wconf 86' lang='lat' dir='ltr'><strong>Quicunque</strong></span> <span class='ocrx_word' id='word_1_431' title='bbox 856 3954 1109 4009; x_wconf 87' lang='lat' dir='ltr'><strong>discernit</strong></span> <span class='ocrx_word' id='word_1_432' title='bbox 1136 3970 1166 4007; x_wconf 90' lang='lat' dir='ltr'><strong>a</strong></span> <span class='ocrx_word' id='word_1_433' title='bbox 1194 3952 1506 4022; x_wconf 75' lang='lat' dir='ltr'><strong>presbytero</strong></span> <span class='ocrx_word' id='word_1_434' title='bbox 1524 3989 1539 4017; x_wconf 93' lang='lat'><strong>,</strong></span> <span class='ocrx_word' id='word_1_435' title='bbox 1586 3946 1678 4017; x_wconf 90' lang='lat' dir='ltr'><strong>qui</strong></span> <span class='ocrx_word' id='word_1_436' title='bbox 1699 3958 1836 4001; x_wconf 79' lang='lat' dir='ltr'><strong>uxo-</strong></span> 
     </span>
    </p>
   </div>
   <div class='ocr_carea' id='block_1_66' title="bbox 256 4035 1838 4117">
    <p class='ocr_par' dir='ltr' id='par_1_66' title="bbox 256 4035 1838 4117">
     <span class='ocr_line' id='line_1_66' title="bbox 256 4035 1838 4117; baseline -0.01 -11"><span class='ocrx_word' id='word_1_437' title='bbox 256 4068 375 4106; x_wconf 82' lang='lat' dir='ltr'><strong>rem</strong></span> <span class='ocrx_word' id='word_1_438' title='bbox 406 4050 608 4113; x_wconf 82' lang='lat' dir='ltr'><strong>habuit,</strong></span> <span class='ocrx_word' id='word_1_439' title='bbox 649 4047 795 4117; x_wconf 91' lang='lat' dir='ltr'><strong>quod</strong></span> <span class='ocrx_word' id='word_1_440' title='bbox 826 4062 931 4100; x_wconf 91' lang='lat' dir='ltr'><strong>non</strong></span> <span class='ocrx_word' id='word_1_441' title='bbox 964 4051 1233 4114; x_wconf 89' lang='lat' dir='ltr'><strong>oporteat,</strong></span> <span class='ocrx_word' id='word_1_442' title='bbox 1261 4057 1326 4097; x_wconf 90' lang='lat' dir='ltr'><strong>eo</strong></span> <span class='ocrx_word' id='word_1_443' title='bbox 1352 4040 1721 4103; x_wconf 88' lang='lat' dir='ltr'><strong>ministrante,</strong></span> <span class='ocrx_word' id='word_1_444' title='bbox 1770 4035 1838 4090; x_wconf 90' lang='lat' dir='ltr'><strong>de</strong></span> 
     </span>
    </p>
   </div>
   <div class='ocr_carea' id='block_1_67' title="bbox 256 4131 1312 4209">
    <p class='ocr_par' dir='ltr' id='par_1_67' title="bbox 256 4131 1312 4209">
     <span class='ocr_line' id='line_1_67' title="bbox 256 4131 1312 4209; baseline -0.012 -12"><span class='ocrx_word' id='word_1_445' title='bbox 256 4141 537 4197; x_wconf 75' lang='lat' dir='ltr'><strong>oblatione</strong></span> <span class='ocrx_word' id='word_1_446' title='bbox 560 4138 837 4209; x_wconf 87' lang='lat' dir='ltr'><strong>percipere</strong></span> <span class='ocrx_word' id='word_1_447' title='bbox 866 4153 879 4189; x_wconf 89' lang='lat'><strong>:</strong></span> <span class='ocrx_word' id='word_1_448' title='bbox 912 4135 1196 4189; x_wconf 87' lang='lat' dir='ltr'><strong>anathema</strong></span> <span class='ocrx_word' id='word_1_449' title='bbox 1225 4131 1312 4186; x_wconf 90' lang='lat' dir='ltr'><strong>sit.</strong></span> 
     </span>
    </p>
   </div>
   <div class='ocr_carea' id='block_1_68' title="bbox 258 4262 1829 4342">
    <p class='ocr_par' dir='ltr' id='par_1_68' title="bbox 258 4262 1829 4342">
     <span class='ocr_line' id='line_1_68' title="bbox 258 4262 1829 4342; baseline -0.009 -15"><span class='ocrx_word' id='word_1_450' title='bbox 258 4272 339 4327; x_wconf 78' lang='lat' dir='ltr'><strong>De</strong></span> <span class='ocrx_word' id='word_1_451' title='bbox 364 4275 445 4326; x_wconf 80' lang='lat' dir='ltr'><strong>his</strong></span> <span class='ocrx_word' id='word_1_452' title='bbox 477 4273 557 4342; x_wconf 89' lang='lat' dir='ltr'><strong>qui</strong></span> <span class='ocrx_word' id='word_1_453' title='bbox 586 4269 830 4324; x_wconf 75' lang='lat' dir='ltr'><strong>Ecclesia:</strong></span> <span class='ocrx_word' id='word_1_454' title='bbox 858 4274 1131 4323; x_wconf 83' lang='lat' dir='ltr'><strong>conventus</strong></span> <span class='ocrx_word' id='word_1_455' title='bbox 1159 4262 1474 4335; x_wconf 81' lang='lat' dir='ltr'><strong>spernendos</strong></span> <span class='ocrx_word' id='word_1_456' title='bbox 1511 4262 1829 4316; x_wconf 63' lang='lat' dir='ltr'><strong>existimant.</strong></span> 
     </span>
    </p>
   </div>
   <div class='ocr_carea' id='block_1_69' title="bbox 330 4371 1837 4451">
    <p class='ocr_par' dir='ltr' id='par_1_69' title="bbox 330 4371 1837 4451">
     <span class='ocr_line' id='line_1_69' title="bbox 330 4371 1837 4451; baseline -0.009 -12"><span class='ocrx_word' id='word_1_457' title='bbox 330 4382 511 4439; x_wconf 80' lang='lat' dir='ltr'><strong>LXIII.</strong></span> <span class='ocrx_word' id='word_1_458' title='bbox 552 4382 607 4437; x_wconf 90' lang='lat' dir='ltr'><strong><em>Si</em></strong></span> <span class='ocrx_word' id='word_1_459' title='bbox 645 4382 762 4451; x_wconf 84' lang='lat' dir='ltr'><strong>quis</strong></span> <span class='ocrx_word' id='word_1_460' title='bbox 801 4380 960 4435; x_wconf 89' lang='lat' dir='ltr'><strong>docet</strong></span> <span class='ocrx_word' id='word_1_461' title='bbox 991 4378 1209 4433; x_wconf 90' lang='lat' dir='ltr'><strong>domum</strong></span> <span class='ocrx_word' id='word_1_462' title='bbox 1238 4375 1332 4429; x_wconf 89' lang='lat' dir='ltr'><strong>Dei</strong></span> <span class='ocrx_word' id='word_1_463' title='bbox 1381 4371 1837 4443; x_wconf 88' lang='lat' dir='ltr'><strong>contemptibilem</strong></span> 
     </span>
    </p>
   </div>
   <div class='ocr_carea' id='block_1_70' title="bbox 256 4462 1836 4538">
    <p class='ocr_par' dir='ltr' id='par_1_70' title="bbox 256 4462 1836 4538">
     <span class='ocr_line' id='line_1_70' title="bbox 256 4462 1836 4538; baseline -0.009 -10"><span class='ocrx_word' id='word_1_464' title='bbox 256 4490 405 4538; x_wconf 82' lang='lat' dir='ltr'><strong>esse,</strong></span> <span class='ocrx_word' id='word_1_465' title='bbox 434 4481 493 4527; x_wconf 88' lang='lat' dir='ltr'><strong>et</strong></span> <span class='ocrx_word' id='word_1_466' title='bbox 535 4480 829 4527; x_wconf 84' lang='lat' dir='ltr'><strong>conventus</strong></span> <span class='ocrx_word' id='word_1_467' title='bbox 873 4468 964 4537; x_wconf 90' lang='lat' dir='ltr'><strong>qui</strong></span> <span class='ocrx_word' id='word_1_468' title='bbox 992 4466 1045 4520; x_wconf 91' lang='lat' dir='ltr'><strong>in</strong></span> <span class='ocrx_word' id='word_1_469' title='bbox 1066 4479 1129 4521; x_wconf 88' lang='lat' dir='ltr'><strong>ea</strong></span> <span class='ocrx_word' id='word_1_470' title='bbox 1159 4463 1521 4528; x_wconf 88' lang='lat' dir='ltr'><strong>celebrantur,</strong></span> <span class='ocrx_word' id='word_1_471' title='bbox 1552 4462 1836 4515; x_wconf 86' lang='lat' dir='ltr'><strong>anathema</strong></span> 
     </span>
    </p>
   </div>
   <div class='ocr_carea' id='block_1_71' title="bbox 260 4663 1831 4813">
    <p class='ocr_par' dir='ltr' id='par_1_71' title="bbox 260 4663 1831 4813">
     <span class='ocr_line' id='line_1_71' title="bbox 260 4663 1831 4813; baseline -0.009 -83"><span class='ocrx_word' id='word_1_472' title='bbox 260 4679 335 4730; x_wconf 80' lang='lat' dir='ltr'><strong>De</strong></span> <span class='ocrx_word' id='word_1_473' title='bbox 363 4679 446 4728; x_wconf 77' lang='lat' dir='ltr'><strong>his</strong></span> <span class='ocrx_word' id='word_1_474' title='bbox 487 4678 569 4746; x_wconf 85' lang='lat' dir='ltr'><strong>qui</strong></span> <span class='ocrx_word' id='word_1_475' title='bbox 612 4673 962 4813; x_wconf 72' lang='lat' dir='ltr'><strong>ecclesiasticq</strong></span> <span class='ocrx_word' id='word_1_476' title='bbox 998 4669 1282 4752; x_wconf 81' lang='lat' dir='ltr'><strong>ministeria</strong></span> <span class='ocrx_word' id='word_1_477' title='bbox 1307 4676 1493 4739; x_wconf 79' lang='lat' dir='ltr'><strong>prwter</strong></span> <span class='ocrx_word' id='word_1_478' title='bbox 1540 4663 1831 4718; x_wconf 79' lang='lat' dir='ltr'><strong>Ecclesium</strong></span> 
     </span>
     <span class='ocr_line' id='line_1_72' title="bbox 960 4749 1151 4793; baseline -0.01 0"><span class='ocrx_word' id='word_1_479' title='bbox 960 4749 1151 4793; x_wconf 74' lang='lat' dir='ltr'><strong>artant.</strong></span> 
     </span>
    </p>
   </div>
   <div class='ocr_carea' id='block_1_72' title="bbox 960 4749 1151 4793">
    <p class='ocr_par' dir='ltr' id='par_1_72' title="bbox 960 4749 1151 4793">
     <span class='ocr_line' id='line_1_73' title="bbox 960 4749 1151 4793; baseline -0.01 0"><span class='ocrx_word' id='word_1_480' title='bbox 960 4749 1151 4793; x_wconf 77' lang='lat' dir='ltr'><strong>tu‘tttttl.</strong></span> 
     </span>
    </p>
   </div>
   <div class='ocr_carea' id='block_1_73' title="bbox 328 4852 1835 4928">
    <p class='ocr_par' dir='ltr' id='par_1_73' title="bbox 328 4852 1835 4928">
     <span class='ocr_line' id='line_1_74' title="bbox 328 4852 1835 4928; baseline -0.01 -14"><span class='ocrx_word' id='word_1_481' title='bbox 328 4859 507 4914; x_wconf 78' lang='lat' dir='ltr'><strong>LXIV.</strong></span> <span class='ocrx_word' id='word_1_482' title='bbox 534 4858 587 4914; x_wconf 88' lang='lat' dir='ltr'><strong>Si</strong></span> <span class='ocrx_word' id='word_1_483' title='bbox 619 4859 735 4928; x_wconf 81' lang='lat' dir='ltr'><strong>quis</strong></span> <span class='ocrx_word' id='word_1_484' title='bbox 765 4864 915 4910; x_wconf 77' lang='lat' dir='ltr'><strong>extra</strong></span> <span class='ocrx_word' id='word_1_485' title='bbox 946 4854 1240 4908; x_wconf 80' lang='lat' dir='ltr'><strong>Ecclesiam</strong></span> <span class='ocrx_word' id='word_1_486' title='bbox 1270 4860 1513 4905; x_wconf 90' lang='lat' dir='ltr'><strong>seorsum</strong></span> <span class='ocrx_word' id='word_1_487' title='bbox 1534 4852 1835 4902; x_wconf 89' lang='lat' dir='ltr'><strong>conventus</strong></span> 
     </span>
    </p>
   </div>
   <div class='ocr_carea' id='block_1_74' title="bbox 2594 3688 2861 3757">
    <p class='ocr_par' dir='ltr' id='par_1_74' title="bbox 2594 3688 2861 3757">
     <span class='ocr_line' id='line_1_75' title="bbox 2594 3688 2861 3757; baseline -0.004 -17"><span class='ocrx_word' id='word_1_488' title='bbox 2594 3688 2861 3757; x_wconf 77' lang='lat' dir='ltr'><strong>deputant.</strong></span> 
     </span>
    </p>
   </div>
   <div class='ocr_carea' id='block_1_75' title="bbox 2010 3798 3509 3871">
    <p class='ocr_par' dir='ltr' id='par_1_75' title="bbox 2010 3798 3509 3871">
     <span class='ocr_line' id='line_1_76' title="bbox 2010 3798 3509 3871; baseline -0.001 -16"><span class='ocrx_word' id='word_1_489' title='bbox 2010 3799 2190 3855; x_wconf 82' lang='lat' dir='ltr'><strong>LXIX.</strong></span> <span class='ocrx_word' id='word_1_490' title='bbox 2218 3800 2271 3857; x_wconf 88' lang='lat' dir='ltr'><strong><em>Si</em></strong></span> <span class='ocrx_word' id='word_1_491' title='bbox 2300 3800 2419 3871; x_wconf 89' lang='lat' dir='ltr'><strong>quis</strong></span> <span class='ocrx_word' id='word_1_492' title='bbox 2446 3800 2669 3870; x_wconf 82' lang='lat' dir='ltr'><strong>despicit</strong></span> <span class='ocrx_word' id='word_1_493' title='bbox 2715 3814 2809 3854; x_wconf 90' lang='lat' dir='ltr'><strong>eos</strong></span> <span class='ocrx_word' id='word_1_494' title='bbox 2836 3799 2925 3869; x_wconf 89' lang='lat' dir='ltr'><strong>qui</strong></span> <span class='ocrx_word' id='word_1_495' title='bbox 2958 3798 3184 3853; x_wconf 71' lang='lat' dir='ltr'><strong>ﬁdeliter</strong></span> <span class='ocrx_word' id='word_1_496' title='bbox 3211 3811 3427 3868; x_wconf 81' lang='lat' dir='ltr'><strong>agapas,</strong></span> <span class='ocrx_word' id='word_1_497' title='bbox 3456 3798 3509 3853; x_wconf 91' lang='lat' dir='ltr'><strong>id</strong></span> 
     </span>
    </p>
   </div>
   <div class='ocr_carea' id='block_1_76' title="bbox 1937 3891 3509 3962">
    <p class='ocr_par' dir='ltr' id='par_1_76' title="bbox 1937 3891 3509 3962">
     <span class='ocr_line' id='line_1_77' title="bbox 1937 3891 3509 3962; baseline -0.004 -13"><span class='ocrx_word' id='word_1_498' title='bbox 1937 3902 2019 3949; x_wconf 89' lang='lat' dir='ltr'><strong>est</strong></span> <span class='ocrx_word' id='word_1_499' title='bbox 2037 3894 2298 3958; x_wconf 85' lang='lat' dir='ltr'><strong>convivia,</strong></span> <span class='ocrx_word' id='word_1_500' title='bbox 2316 3892 2637 3962; x_wconf 87' lang='lat' dir='ltr'><strong>pauperibus</strong></span> <span class='ocrx_word' id='word_1_501' title='bbox 2652 3891 2923 3955; x_wconf 81' lang='lat' dir='ltr'><strong>exhibent,</strong></span> <span class='ocrx_word' id='word_1_502' title='bbox 2944 3900 2995 3943; x_wconf 90' lang='lat' dir='ltr'><strong>et</strong></span> <span class='ocrx_word' id='word_1_503' title='bbox 3014 3897 3233 3960; x_wconf 88' lang='lat' dir='ltr'><strong>pr0pter</strong></span> <span class='ocrx_word' id='word_1_504' title='bbox 3249 3891 3509 3946; x_wconf 88' lang='lat' dir='ltr'><strong>honorem</strong></span> 
     </span>
    </p>
   </div>
   <div class='ocr_carea' id='block_1_77' title="bbox 1938 3980 3513 4046">
    <p class='ocr_par' dir='ltr' id='par_1_77' title="bbox 1938 3980 3513 4046">
     <span class='ocr_line' id='line_1_78' title="bbox 1938 3980 3513 4046; baseline -0.001 -8"><span class='ocrx_word' id='word_1_505' title='bbox 1938 3983 2146 4038; x_wconf 90' lang='lat' dir='ltr'><strong>Domini</strong></span> <span class='ocrx_word' id='word_1_506' title='bbox 2174 3990 2476 4038; x_wconf 74' lang='lat' dir='ltr'><strong>convenam</strong></span> <span class='ocrx_word' id='word_1_507' title='bbox 2504 3980 2725 4046; x_wconf 82' lang='lat' dir='ltr'><strong>fratres,</strong></span> <span class='ocrx_word' id='word_1_508' title='bbox 2758 3992 2812 4034; x_wconf 88' lang='lat' dir='ltr'><strong>et</strong></span> <span class='ocrx_word' id='word_1_509' title='bbox 2851 3980 3082 4034; x_wconf 83' lang='lat' dir='ltr'><strong>noluerit</strong></span> <span class='ocrx_word' id='word_1_510' title='bbox 3115 3983 3513 4036; x_wconf 86' lang='lat' dir='ltr'><strong>communicare</strong></span> 
     </span>
    </p>
   </div>
   <div class='ocr_carea' id='block_1_78' title="bbox 1937 4068 3511 4144">
    <p class='ocr_par' dir='ltr' id='par_1_78' title="bbox 1937 4068 3511 4144">
     <span class='ocr_line' id='line_1_79' title="bbox 1937 4068 3511 4144; baseline -0.003 -14"><span class='ocrx_word' id='word_1_511' title='bbox 1937 4072 2305 4144; x_wconf 86' lang='lat' dir='ltr'><strong>hujuscemodi</strong></span> <span class='ocrx_word' id='word_1_512' title='bbox 2335 4071 2725 4135; x_wconf 81' lang='lat' dir='ltr'><strong>vacationibus,</strong></span> <span class='ocrx_word' id='word_1_513' title='bbox 2772 4068 3164 4141; x_wconf 81' lang='lat' dir='ltr'><strong>parvipendens</strong></span> <span class='ocrx_word' id='word_1_514' title='bbox 3191 4071 3334 4140; x_wconf 89' lang='lat' dir='ltr'><strong>quod</strong></span> <span class='ocrx_word' id='word_1_515' title='bbox 3374 4072 3511 4140; x_wconf 71' lang='lat' dir='ltr'><strong>geri~</strong></span> 
     </span>
    </p>
   </div>
   <div class='ocr_carea' id='block_1_79' title="bbox 1938 4164 2477 4235">
    <p class='ocr_par' dir='ltr' id='par_1_79' title="bbox 1938 4164 2477 4235">
     <span class='ocr_line' id='line_1_80' title="bbox 1938 4164 2477 4235; baseline -0.009 -11"><span class='ocrx_word' id='word_1_516' title='bbox 1938 4178 2043 4235; x_wconf 91' lang='lat' dir='ltr'><strong>tur,</strong></span> <span class='ocrx_word' id='word_1_517' title='bbox 2075 4167 2357 4221; x_wconf 89' lang='lat' dir='ltr'><strong>anathema</strong></span> <span class='ocrx_word' id='word_1_518' title='bbox 2387 4164 2477 4220; x_wconf 90' lang='lat' dir='ltr'><strong>sit.</strong></span> 
     </span>
    </p>
   </div>
   <div class='ocr_carea' id='block_1_80' title="bbox 2024 4270 3418 4347">
    <p class='ocr_par' dir='ltr' id='par_1_80' title="bbox 2024 4270 3418 4347">
     <span class='ocr_line' id='line_1_81' title="bbox 2024 4270 3418 4347; baseline -0.001 -18"><span class='ocrx_word' id='word_1_519' title='bbox 2024 4276 2104 4331; x_wconf 86' lang='lat' dir='ltr'><strong>De</strong></span> <span class='ocrx_word' id='word_1_520' title='bbox 2132 4276 2211 4330; x_wconf 88' lang='lat' dir='ltr'><strong>his</strong></span> <span class='ocrx_word' id='word_1_521' title='bbox 2239 4276 2323 4347; x_wconf 73' lang='lat' dir='ltr'><strong>qui</strong></span> <span class='ocrx_word' id='word_1_522' title='bbox 2351 4274 2525 4347; x_wconf 85' lang='lat' dir='ltr'><strong>palliis</strong></span> <span class='ocrx_word' id='word_1_523' title='bbox 2551 4281 2783 4338; x_wconf 79' lang='lat' dir='ltr'><strong>utuntur,</strong></span> <span class='ocrx_word' id='word_1_524' title='bbox 2813 4280 2861 4327; x_wconf 90' lang='lat' dir='ltr'><strong>et</strong></span> <span class='ocrx_word' id='word_1_525' title='bbox 2881 4270 3077 4326; x_wconf 83' lang='lat' dir='ltr'><strong>idcirco</strong></span> <span class='ocrx_word' id='word_1_526' title='bbox 3103 4270 3418 4342; x_wconf 79' lang='lat' dir='ltr'><strong>superbiant.</strong></span> 
     </span>
    </p>
   </div>
   <div class='ocr_carea' id='block_1_81' title="bbox 2008 4383 3511 4455">
    <p class='ocr_par' dir='ltr' id='par_1_81' title="bbox 2008 4383 3511 4455">
     <span class='ocr_line' id='line_1_82' title="bbox 2008 4383 3511 4455; baseline 0.001 -15"><span class='ocrx_word' id='word_1_527' title='bbox 2008 4385 2167 4442; x_wconf 85' lang='lat' dir='ltr'><strong>LXX.</strong></span> <span class='ocrx_word' id='word_1_528' title='bbox 2199 4383 2256 4441; x_wconf 89' lang='lat' dir='ltr'><strong><em>Si</em></strong></span> <span class='ocrx_word' id='word_1_529' title='bbox 2283 4385 2403 4455; x_wconf 90' lang='lat' dir='ltr'><strong>quis</strong></span> <span class='ocrx_word' id='word_1_530' title='bbox 2432 4384 2667 4439; x_wconf 86' lang='lat' dir='ltr'><strong>virorum</strong></span> <span class='ocrx_word' id='word_1_531' title='bbox 2697 4392 2920 4453; x_wconf 88' lang='lat' dir='ltr'><strong>propter</strong></span> <span class='ocrx_word' id='word_1_532' title='bbox 2946 4384 3328 4438; x_wconf 88' lang='lat' dir='ltr'><strong>continentiam</strong></span> <span class='ocrx_word' id='word_1_533' title='bbox 3348 4424 3362 4450; x_wconf 92' lang='lat'><strong>,</strong></span> <span class='ocrx_word' id='word_1_534' title='bbox 3388 4398 3511 4453; x_wconf 74' lang='lat' dir='ltr'><strong>qua)</strong></span> 
     </span>
    </p>
   </div>
   <div class='ocr_carea' id='block_1_82' title="bbox 1938 4473 3512 4548">
    <p class='ocr_par' dir='ltr' id='par_1_82' title="bbox 1938 4473 3512 4548">
     <span class='ocr_line' id='line_1_83' title="bbox 1938 4473 3512 4548; baseline 0 -17"><span class='ocrx_word' id='word_1_535' title='bbox 1938 4486 2155 4548; x_wconf 81' lang='lat' dir='ltr'><strong>putatur</strong></span> <span class='ocrx_word' id='word_1_536' title='bbox 2178 4518 2191 4543; x_wconf 95' lang='lat'><strong>,</strong></span> <span class='ocrx_word' id='word_1_537' title='bbox 2237 4476 2435 4529; x_wconf 88' lang='lat' dir='ltr'><strong>amictu</strong></span> <span class='ocrx_word' id='word_1_538' title='bbox 2467 4473 2610 4544; x_wconf 90' lang='lat' dir='ltr'><strong>pallii</strong></span> <span class='ocrx_word' id='word_1_539' title='bbox 2643 4473 2837 4538; x_wconf 91' lang='lat' dir='ltr'><strong>utitur,</strong></span> <span class='ocrx_word' id='word_1_540' title='bbox 2869 4474 3021 4543; x_wconf 90' lang='lat' dir='ltr'><strong>quasi</strong></span> <span class='ocrx_word' id='word_1_541' title='bbox 3049 4488 3146 4543; x_wconf 89' lang='lat' dir='ltr'><strong>per</strong></span> <span class='ocrx_word' id='word_1_542' title='bbox 3177 4474 3283 4529; x_wconf 90' lang='lat' dir='ltr'><strong>hoc</strong></span> <span class='ocrx_word' id='word_1_543' title='bbox 3310 4475 3512 4531; x_wconf 80' lang='lat' dir='ltr'><strong>habere</strong></span> 
     </span>
    </p>
   </div>
   <div class='ocr_carea' id='block_1_83' title="bbox 1936 4563 3511 4635">
    <p class='ocr_par' dir='ltr' id='par_1_83' title="bbox 1936 4563 3511 4635">
     <span class='ocr_line' id='line_1_84' title="bbox 1936 4563 3511 4635; baseline -0.001 -11"><span class='ocrx_word' id='word_1_544' title='bbox 1936 4580 1995 4624; x_wconf 83' lang='lat' dir='ltr'><strong>se</strong></span> <span class='ocrx_word' id='word_1_545' title='bbox 2016 4566 2273 4635; x_wconf 88' lang='lat' dir='ltr'><strong>justitiam</strong></span> <span class='ocrx_word' id='word_1_546' title='bbox 2303 4564 2546 4627; x_wconf 88' lang='lat' dir='ltr'><strong>credens,</strong></span> <span class='ocrx_word' id='word_1_547' title='bbox 2602 4571 2656 4618; x_wconf 89' lang='lat' dir='ltr'><strong>et</strong></span> <span class='ocrx_word' id='word_1_548' title='bbox 2680 4563 2905 4633; x_wconf 88' lang='lat' dir='ltr'><strong>despicit</strong></span> <span class='ocrx_word' id='word_1_549' title='bbox 2934 4578 3028 4618; x_wconf 90' lang='lat' dir='ltr'><strong>eos</strong></span> <span class='ocrx_word' id='word_1_550' title='bbox 3067 4564 3159 4633; x_wconf 91' lang='lat' dir='ltr'><strong>qui</strong></span> <span class='ocrx_word' id='word_1_551' title='bbox 3207 4581 3326 4619; x_wconf 92' lang='lat' dir='ltr'><strong>cum</strong></span> <span class='ocrx_word' id='word_1_552' title='bbox 3358 4582 3511 4622; x_wconf 85' lang='lat' dir='ltr'><strong>reve-</strong></span> 
     </span>
    </p>
   </div>
   <div class='ocr_carea' id='block_1_84' title="bbox 1936 4652 3508 4724">
    <p class='ocr_par' dir='ltr' id='par_1_84' title="bbox 1936 4652 3508 4724">
     <span class='ocr_line' id='line_1_85' title="bbox 1936 4652 3508 4724; baseline -0.001 -12"><span class='ocrx_word' id='word_1_553' title='bbox 1936 4657 2107 4712; x_wconf 89' lang='lat' dir='ltr'><strong>rentia</strong></span> <span class='ocrx_word' id='word_1_554' title='bbox 2148 4656 2306 4710; x_wconf 90' lang='lat' dir='ltr'><strong>birris</strong></span> <span class='ocrx_word' id='word_1_555' title='bbox 2359 4664 2414 4709; x_wconf 90' lang='lat' dir='ltr'><strong>et</strong></span> <span class='ocrx_word' id='word_1_556' title='bbox 2440 4652 2555 4708; x_wconf 87' lang='lat' dir='ltr'><strong>aliis</strong></span> <span class='ocrx_word' id='word_1_557' title='bbox 2584 4653 2955 4710; x_wconf 88' lang='lat' dir='ltr'><strong>communibus</strong></span> <span class='ocrx_word' id='word_1_558' title='bbox 2983 4662 3037 4709; x_wconf 86' lang='lat' dir='ltr'><strong>et</strong></span> <span class='ocrx_word' id='word_1_559' title='bbox 3065 4654 3235 4709; x_wconf 85' lang='lat' dir='ltr'><strong>solitis</strong></span> <span class='ocrx_word' id='word_1_560' title='bbox 3266 4663 3508 4724; x_wconf 89' lang='lat' dir='ltr'><strong>utuntur,</strong></span> 
     </span>
    </p>
   </div>
   <div class='ocr_carea' id='block_1_85' title="bbox 1938 4745 2330 4802">
    <p class='ocr_par' dir='ltr' id='par_1_85' title="bbox 1938 4745 2330 4802">
     <span class='ocr_line' id='line_1_86' title="bbox 1938 4745 2330 4802; baseline -0.01 0"><span class='ocrx_word' id='word_1_561' title='bbox 1938 4747 2220 4802; x_wconf 87' lang='lat' dir='ltr'><strong>anathema</strong></span> <span class='ocrx_word' id='word_1_562' title='bbox 2245 4745 2330 4800; x_wconf 92' lang='lat' dir='ltr'><strong>sit.</strong></span> 
     </span>
    </p>
   </div>
   <div class='ocr_carea' id='block_1_86' title="bbox 2044 4853 3401 4926">
    <p class='ocr_par' dir='ltr' id='par_1_86' title="bbox 2044 4853 3401 4926">
     <span class='ocr_line' id='line_1_87' title="bbox 2044 4853 3401 4926; baseline -0.001 -15"><span class='ocrx_word' id='word_1_563' title='bbox 2044 4859 2123 4911; x_wconf 83' lang='lat' dir='ltr'><strong>De</strong></span> <span class='ocrx_word' id='word_1_564' title='bbox 2145 4854 2439 4911; x_wconf 85' lang='lat' dir='ltr'><strong>mulieribus</strong></span> <span class='ocrx_word' id='word_1_565' title='bbox 2460 4870 2571 4926; x_wconf 83' lang='lat' dir='ltr'><strong>qua:</strong></span> <span class='ocrx_word' id='word_1_566' title='bbox 2589 4863 2800 4909; x_wconf 86' lang='lat' dir='ltr'><strong>utuntur</strong></span> <span class='ocrx_word' id='word_1_567' title='bbox 2818 4853 3044 4909; x_wconf 78' lang='lat' dir='ltr'><strong>virilibus</strong></span> <span class='ocrx_word' id='word_1_568' title='bbox 3072 4854 3401 4910; x_wconf 85' lang='lat' dir='ltr'><strong>indumentis.</strong></span> 
     </span>
    </p>
   </div>
   <div class='ocr_carea' id='block_1_87' title="bbox 252 4935 3508 5037">
    <p class='ocr_par' dir='ltr' id='par_1_87' title="bbox 252 4935 3508 5037">
     <span class='ocr_line' id='line_1_88' title="bbox 252 4935 3508 5037; baseline -0.006 -32"><span class='ocrx_word' id='word_1_569' title='bbox 252 4952 509 5013; x_wconf 65' lang='lat' dir='ltr'><strong>Ct&#39;iCItral,</strong></span> <span class='ocrx_word' id='word_1_570' title='bbox 529 4956 583 5001; x_wconf 85' lang='lat' dir='ltr'><strong>et</strong></span> <span class='ocrx_word' id='word_1_571' title='bbox 605 4947 901 5015; x_wconf 79' lang='lat' dir='ltr'><strong>despiciens</strong></span> <span class='ocrx_word' id='word_1_572' title='bbox 924 4944 1235 5009; x_wconf 80' lang='lat' dir='ltr'><strong>Ecclesiam,</strong></span> <span class='ocrx_word' id='word_1_573' title='bbox 1260 4956 1323 4996; x_wconf 87' lang='lat' dir='ltr'><strong>ea</strong></span> <span class='ocrx_word' id='word_1_574' title='bbox 1345 4953 1466 5011; x_wconf 62' lang='lat' dir='ltr'><strong>quae</strong></span> <span class='ocrx_word' id='word_1_575' title='bbox 1494 4946 1620 4993; x_wconf 87' lang='lat' dir='ltr'><strong>sunt</strong></span> <span class='ocrx_word' id='word_1_576' title='bbox 1644 4935 1831 4992; x_wconf 85' lang='lat' dir='ltr'><strong>Eccle-</strong></span> <span class='ocrx_word' id='word_1_577' title='bbox 1864 4978 1910 5037; x_wconf 67' lang='grc' dir='ltr'><strong>Β</strong></span> <span class='ocrx_word' id='word_1_578' title='bbox 2006 4966 2186 5022; x_wconf 49' lang='lat' dir='ltr'><strong>LXXI.</strong></span> <span class='ocrx_word' id='word_1_579' title='bbox 2237 4965 2294 5021; x_wconf 65' lang='lat' dir='ltr'><strong>Si</strong></span> <span class='ocrx_word' id='word_1_580' title='bbox 2336 4980 2441 5035; x_wconf 65' lang='lat' dir='ltr'><strong>qua</strong></span> <span class='ocrx_word' id='word_1_581' title='bbox 2469 4964 2663 5019; x_wconf 60' lang='lat' dir='ltr'><strong>mulier</strong></span> <span class='ocrx_word' id='word_1_582' title='bbox 2689 4972 2910 5034; x_wconf 53' lang='lat' dir='ltr'><strong>propter</strong></span> <span class='ocrx_word' id='word_1_583' title='bbox 2957 4962 3358 5027; x_wconf 50' lang='lat' dir='ltr'><strong>com-mendam,</strong></span> <span class='ocrx_word' id='word_1_584' title='bbox 3388 4978 3508 5031; x_wconf 49' lang='lat' dir='ltr'><strong>qua</strong></span> 
     </span>
    </p>
   </div>
   <div class='ocr_carea' id='block_1_88' title="bbox 249 5030 1825 5107">
    <p class='ocr_par' dir='ltr' id='par_1_88' title="bbox 249 5030 1825 5107">
     <span class='ocr_line' id='line_1_89' title="bbox 249 5030 1825 5107; baseline -0.008 -12"><span class='ocrx_word' id='word_1_585' title='bbox 249 5044 341 5095; x_wconf 69' lang='lat' dir='ltr'><strong>sine</strong></span> <span class='ocrx_word' id='word_1_586' title='bbox 384 5039 613 5093; x_wconf 75' lang='lat' dir='ltr'><strong>Yttltlcril</strong></span> <span class='ocrx_word' id='word_1_587' title='bbox 646 5052 933 5107; x_wconf 83' lang='lat' dir='ltr'><strong>usurpare,</strong></span> <span class='ocrx_word' id='word_1_588' title='bbox 972 5052 1077 5089; x_wconf 91' lang='lat' dir='ltr'><strong>non</strong></span> <span class='ocrx_word' id='word_1_589' title='bbox 1109 5033 1461 5089; x_wconf 87' lang='lat' dir='ltr'><strong>conveniente</strong></span> <span class='ocrx_word' id='word_1_590' title='bbox 1487 5030 1825 5100; x_wconf 86' lang='lat' dir='ltr'><strong>presbytero,</strong></span> 
     </span>
    </p>
   </div>
   <div class='ocr_carea' id='block_1_89' title="bbox 245 5122 1547 5203">
    <p class='ocr_par' dir='ltr' id='par_1_89' title="bbox 245 5122 1547 5203">
     <span class='ocr_line' id='line_1_90' title="bbox 245 5122 1547 5203; baseline -0.01 -17"><span class='ocrx_word' id='word_1_591' title='bbox 245 5133 399 5203; x_wconf 73' lang='lat' dir='ltr'><strong>juxta</strong></span> <span class='ocrx_word' id='word_1_592' title='bbox 429 5132 701 5185; x_wconf 84' lang='lat' dir='ltr'><strong>decretum</strong></span> <span class='ocrx_word' id='word_1_593' title='bbox 732 5126 985 5199; x_wconf 83' lang='lat' dir='ltr'><strong>episcOpi,</strong></span> <span class='ocrx_word' id='word_1_594' title='bbox 1020 5125 1305 5179; x_wconf 88' lang='lat' dir='ltr'><strong>anathema</strong></span> <span class='ocrx_word' id='word_1_595' title='bbox 1335 5122 1423 5177; x_wconf 90' lang='lat' dir='ltr'><strong>sit.</strong></span> <span class='ocrx_word' id='word_1_596' title='bbox 1534 5124 1547 5136; x_wconf 87' lang='lat'><strong>’</strong></span> 
     </span>
    </p>
   </div>
   <div class='ocr_carea' id='block_1_90' title="bbox 246 5253 1832 5402">
    <p class='ocr_par' dir='ltr' id='par_1_90' title="bbox 246 5253 1832 5402">
     <span class='ocr_line' id='line_1_91' title="bbox 246 5253 1832 5402; baseline -0.008 -84"><span class='ocrx_word' id='word_1_597' title='bbox 246 5266 327 5318; x_wconf 78' lang='lat' dir='ltr'><strong>De</strong></span> <span class='ocrx_word' id='word_1_598' title='bbox 358 5270 614 5335; x_wconf 71' lang='lat' dir='ltr'><strong>fructuum</strong></span> <span class='ocrx_word' id='word_1_599' title='bbox 636 5260 994 5402; x_wconf 58' lang='lat' dir='ltr'><strong>ubiuliOIllbtftl,</strong></span> <span class='ocrx_word' id='word_1_600' title='bbox 1016 5275 1129 5330; x_wconf 78' lang='lat' dir='ltr'><strong>qua:</strong></span> <span class='ocrx_word' id='word_1_601' title='bbox 1155 5256 1405 5312; x_wconf 80' lang='lat' dir='ltr'><strong>ministris</strong></span> <span class='ocrx_word' id='word_1_602' title='bbox 1436 5253 1681 5309; x_wconf 72' lang='lat' dir='ltr'><strong>Ecclesim</strong></span> <span class='ocrx_word' id='word_1_603' title='bbox 1702 5269 1832 5307; x_wconf 84' lang='lat' dir='ltr'><strong>con-</strong></span> 
     </span>
     <span class='ocr_line' id='line_1_92' title="bbox 940 5341 1171 5384; baseline -0.004 0"><span class='ocrx_word' id='word_1_604' title='bbox 940 5341 1171 5384; x_wconf 83' lang='lat' dir='ltr'><strong>eruntnr.</strong></span> 
     </span>
    </p>
   </div>
   <div class='ocr_carea' id='block_1_91' title="bbox 940 5341 1171 5384">
    <p class='ocr_par' dir='ltr' id='par_1_91' title="bbox 940 5341 1171 5384">
     <span class='ocr_line' id='line_1_93' title="bbox 940 5341 1171 5384; baseline -0.004 0"><span class='ocrx_word' id='word_1_605' title='bbox 940 5341 1171 5384; x_wconf 84' lang='lat' dir='ltr'><strong>erantur.</strong></span> 
     </span>
    </p>
   </div>
   <div class='ocr_carea' id='block_1_92' title="bbox 315 5440 1825 5519">
    <p class='ocr_par' dir='ltr' id='par_1_92' title="bbox 315 5440 1825 5519">
     <span class='ocr_line' id='line_1_94' title="bbox 315 5440 1825 5519; baseline -0.009 -13"><span class='ocrx_word' id='word_1_606' title='bbox 315 5450 477 5506; x_wconf 82' lang='lat' dir='ltr'><strong>LXV.</strong></span> <span class='ocrx_word' id='word_1_607' title='bbox 519 5451 574 5505; x_wconf 88' lang='lat' dir='ltr'><strong>Si</strong></span> <span class='ocrx_word' id='word_1_608' title='bbox 602 5450 722 5519; x_wconf 89' lang='lat' dir='ltr'><strong>quis</strong></span> <span class='ocrx_word' id='word_1_609' title='bbox 750 5448 1050 5502; x_wconf 85' lang='lat' dir='ltr'><strong>oblationes</strong></span> <span class='ocrx_word' id='word_1_610' title='bbox 1075 5444 1322 5500; x_wconf 64' lang='lat' dir='ltr'><strong>Ecclesiae</strong></span> <span class='ocrx_word' id='word_1_611' title='bbox 1350 5457 1502 5499; x_wconf 78' lang='lat' dir='ltr'><strong>extra</strong></span> <span class='ocrx_word' id='word_1_612' title='bbox 1533 5440 1825 5497; x_wconf 86' lang='lat' dir='ltr'><strong>Ecclesiam</strong></span> 
     </span>
    </p>
   </div>
   <div class='ocr_carea' id='block_1_93' title="bbox 240 5532 1826 5614">
    <p class='ocr_par' dir='ltr' id='par_1_93' title="bbox 240 5532 1826 5614">
     <span class='ocr_line' id='line_1_95' title="bbox 240 5532 1826 5614; baseline -0.009 -14"><span class='ocrx_word' id='word_1_613' title='bbox 240 5547 492 5614; x_wconf 66' lang='lat' dir='ltr'><strong>accipere</strong></span> <span class='ocrx_word' id='word_1_614' title='bbox 518 5545 600 5598; x_wconf 85' lang='lat' dir='ltr'><strong>vel</strong></span> <span class='ocrx_word' id='word_1_615' title='bbox 651 5542 777 5597; x_wconf 85' lang='lat' dir='ltr'><strong>dare</strong></span> <span class='ocrx_word' id='word_1_616' title='bbox 805 5539 1047 5603; x_wconf 89' lang='lat' dir='ltr'><strong>voluerit,</strong></span> <span class='ocrx_word' id='word_1_617' title='bbox 1073 5551 1266 5609; x_wconf 69' lang='lat' dir='ltr'><strong>praeter</strong></span> <span class='ocrx_word' id='word_1_618' title='bbox 1293 5534 1673 5592; x_wconf 89' lang='lat' dir='ltr'><strong>conscientiam</strong></span> <span class='ocrx_word' id='word_1_619' title='bbox 1714 5532 1826 5601; x_wconf 80' lang='lat' dir='ltr'><strong>epi~</strong></span> 
     </span>
    </p>
   </div>
   <div class='ocr_carea' id='block_1_94' title="bbox 236 5623 1827 5705">
    <p class='ocr_par' dir='ltr' id='par_1_94' title="bbox 236 5623 1827 5705">
     <span class='ocr_line' id='line_1_96' title="bbox 236 5623 1827 5705; baseline -0.01 -14"><span class='ocrx_word' id='word_1_620' title='bbox 236 5638 437 5705; x_wconf 74' lang='lat' dir='ltr'><strong>scopi,</strong></span> <span class='ocrx_word' id='word_1_621' title='bbox 484 5635 566 5688; x_wconf 88' lang='lat' dir='ltr'><strong>vel</strong></span> <span class='ocrx_word' id='word_1_622' title='bbox 611 5632 729 5702; x_wconf 83' lang='lat' dir='ltr'><strong>ejus</strong></span> <span class='ocrx_word' id='word_1_623' title='bbox 778 5632 862 5685; x_wconf 91' lang='lat' dir='ltr'><strong>cui</strong></span> <span class='ocrx_word' id='word_1_624' title='bbox 903 5627 1269 5697; x_wconf 89' lang='lat' dir='ltr'><strong>hujuscemodi</strong></span> <span class='ocrx_word' id='word_1_625' title='bbox 1320 5624 1494 5681; x_wconf 79' lang='lat' dir='ltr'><strong>ol‘licia</strong></span> <span class='ocrx_word' id='word_1_626' title='bbox 1542 5623 1827 5679; x_wconf 87' lang='lat' dir='ltr'><strong>commissa</strong></span> 
     </span>
    </p>
   </div>
   <div class='ocr_carea' id='block_1_95' title="bbox 238 5716 1826 5793">
    <p class='ocr_par' dir='ltr' id='par_1_95' title="bbox 238 5716 1826 5793">
     <span class='ocr_line' id='line_1_97' title="bbox 238 5716 1826 5793; baseline -0.009 -11"><span class='ocrx_word' id='word_1_627' title='bbox 238 5738 404 5790; x_wconf 81' lang='lat' dir='ltr'><strong>sunt,</strong></span> <span class='ocrx_word' id='word_1_628' title='bbox 459 5742 558 5780; x_wconf 87' lang='lat' dir='ltr'><strong>nec</strong></span> <span class='ocrx_word' id='word_1_629' title='bbox 600 5740 724 5781; x_wconf 88' lang='lat' dir='ltr'><strong>cum</strong></span> <span class='ocrx_word' id='word_1_630' title='bbox 762 5723 878 5793; x_wconf 87' lang='lat' dir='ltr'><strong>ejus</strong></span> <span class='ocrx_word' id='word_1_631' title='bbox 903 5719 1132 5778; x_wconf 86' lang='lat' dir='ltr'><strong>voluerit</strong></span> <span class='ocrx_word' id='word_1_632' title='bbox 1168 5732 1328 5791; x_wconf 78' lang='lat' dir='ltr'><strong>agere</strong></span> <span class='ocrx_word' id='word_1_633' title='bbox 1375 5716 1601 5774; x_wconf 90' lang='lat' dir='ltr'><strong>consilio</strong></span> <span class='ocrx_word' id='word_1_634' title='bbox 1634 5732 1646 5769; x_wconf 91' lang='lat'><strong>:</strong></span> <span class='ocrx_word' id='word_1_635' title='bbox 1690 5729 1826 5770; x_wconf 89' lang='lat' dir='ltr'><strong>ana-</strong></span> 
     </span>
    </p>
   </div>
   <div class='ocr_carea' id='block_1_96' title="bbox 241 5822 541 5873">
    <p class='ocr_par' dir='ltr' id='par_1_96' title="bbox 241 5822 541 5873">
     <span class='ocr_line' id='line_1_98' title="bbox 241 5822 541 5873; baseline -0.003 -1"><span class='ocrx_word' id='word_1_636' title='bbox 241 5822 431 5872; x_wconf 80' lang='lat' dir='ltr'><strong>thema</strong></span> <span class='ocrx_word' id='word_1_637' title='bbox 455 5826 541 5873; x_wconf 74' lang='lat' dir='ltr'><strong>snt.</strong></span> 
     </span>
    </p>
   </div>
   <div class='ocr_carea' id='block_1_97' title="bbox 1936 5052 3506 5130">
    <p class='ocr_par' dir='ltr' id='par_1_97' title="bbox 1936 5052 3506 5130">
     <span class='ocr_line' id='line_1_99' title="bbox 1936 5052 3506 5130; baseline -0.003 -17"><span class='ocrx_word' id='word_1_638' title='bbox 1936 5067 2172 5130; x_wconf 88' lang='lat' dir='ltr'><strong>putatur,</strong></span> <span class='ocrx_word' id='word_1_639' title='bbox 2194 5055 2429 5111; x_wconf 89' lang='lat' dir='ltr'><strong>habitum</strong></span> <span class='ocrx_word' id='word_1_640' title='bbox 2452 5062 2640 5119; x_wconf 90' lang='lat' dir='ltr'><strong>mutat,</strong></span> <span class='ocrx_word' id='word_1_641' title='bbox 2672 5062 2748 5121; x_wconf 89' lang='lat' dir='ltr'><strong>et,</strong></span> <span class='ocrx_word' id='word_1_642' title='bbox 2774 5068 2871 5123; x_wconf 91' lang='lat' dir='ltr'><strong>pro</strong></span> <span class='ocrx_word' id='word_1_643' title='bbox 2893 5052 3051 5107; x_wconf 89' lang='lat' dir='ltr'><strong>solito</strong></span> <span class='ocrx_word' id='word_1_644' title='bbox 3078 5052 3344 5119; x_wconf 88' lang='lat' dir='ltr'><strong>muliebri,</strong></span> <span class='ocrx_word' id='word_1_645' title='bbox 3374 5054 3506 5108; x_wconf 84' lang='lat' dir='ltr'><strong>ami-</strong></span> 
     </span>
    </p>
   </div>
   <div class='ocr_carea' id='block_1_98' title="bbox 1934 5144 2936 5214">
    <p class='ocr_par' dir='ltr' id='par_1_98' title="bbox 1934 5144 2936 5214">
     <span class='ocr_line' id='line_1_100' title="bbox 1934 5144 2936 5214; baseline -0.01 -8"><span class='ocrx_word' id='word_1_646' title='bbox 1934 5160 2081 5206; x_wconf 88' lang='lat' dir='ltr'><strong>ctum</strong></span> <span class='ocrx_word' id='word_1_647' title='bbox 2104 5148 2307 5203; x_wconf 88' lang='lat' dir='ltr'><strong>virilem</strong></span> <span class='ocrx_word' id='word_1_648' title='bbox 2334 5147 2514 5214; x_wconf 88' lang='lat' dir='ltr'><strong>sumit,</strong></span> <span class='ocrx_word' id='word_1_649' title='bbox 2544 5144 2827 5199; x_wconf 83' lang='lat' dir='ltr'><strong>anathema</strong></span> <span class='ocrx_word' id='word_1_650' title='bbox 2849 5144 2936 5197; x_wconf 92' lang='lat' dir='ltr'><strong>sit.</strong></span> 
     </span>
    </p>
   </div>
   <div class='ocr_carea' id='block_1_99' title="bbox 1940 5274 3502 5355">
    <p class='ocr_par' dir='ltr' id='par_1_99' title="bbox 1940 5274 3502 5355">
     <span class='ocr_line' id='line_1_101' title="bbox 1940 5274 3502 5355; baseline -0.004 -17"><span class='ocrx_word' id='word_1_651' title='bbox 1940 5282 2014 5337; x_wconf 87' lang='lat' dir='ltr'><strong>De</strong></span> <span class='ocrx_word' id='word_1_652' title='bbox 2023 5284 2101 5337; x_wconf 86' lang='lat' dir='ltr'><strong>his</strong></span> <span class='ocrx_word' id='word_1_653' title='bbox 2113 5281 2217 5355; x_wconf 83' lang='lat' dir='ltr'><strong>qui,</strong></span> <span class='ocrx_word' id='word_1_654' title='bbox 2231 5280 2363 5338; x_wconf 81' lang='lat' dir='ltr'><strong>velut</strong></span> <span class='ocrx_word' id='word_1_655' title='bbox 2378 5286 2659 5350; x_wconf 82' lang='lat' dir='ltr'><strong>peccatum,</strong></span> <span class='ocrx_word' id='word_1_656' title='bbox 2672 5275 2909 5344; x_wconf 86' lang='lat' dir='ltr'><strong>copulam</strong></span> <span class='ocrx_word' id='word_1_657' title='bbox 2929 5274 3169 5327; x_wconf 71' lang='lat' dir='ltr'><strong>deserant</strong></span> <span class='ocrx_word' id='word_1_658' title='bbox 3187 5275 3502 5345; x_wconf 72' lang='lat' dir='ltr'><strong>nuptiarum.</strong></span> 
     </span>
    </p>
   </div>
   <div class='ocr_carea' id='block_1_100' title="bbox 2004 5386 3507 5462">
    <p class='ocr_par' dir='ltr' id='par_1_100' title="bbox 2004 5386 3507 5462">
     <span class='ocr_line' id='line_1_102' title="bbox 2004 5386 3507 5462; baseline -0.004 -13"><span class='ocrx_word' id='word_1_659' title='bbox 2004 5393 2207 5449; x_wconf 86' lang='lat' dir='ltr'><strong>LXXII.</strong></span> <span class='ocrx_word' id='word_1_660' title='bbox 2238 5392 2295 5447; x_wconf 90' lang='lat' dir='ltr'><strong><em>Si</em></strong></span> <span class='ocrx_word' id='word_1_661' title='bbox 2324 5406 2426 5462; x_wconf 89' lang='lat' dir='ltr'><strong>qua</strong></span> <span class='ocrx_word' id='word_1_662' title='bbox 2454 5387 2645 5442; x_wconf 89' lang='lat' dir='ltr'><strong>mulier</strong></span> <span class='ocrx_word' id='word_1_663' title='bbox 2674 5386 2845 5441; x_wconf 89' lang='lat' dir='ltr'><strong>virum</strong></span> <span class='ocrx_word' id='word_1_664' title='bbox 2871 5386 3144 5456; x_wconf 88' lang='lat' dir='ltr'><strong>proprium</strong></span> <span class='ocrx_word' id='word_1_665' title='bbox 3175 5387 3507 5457; x_wconf 87' lang='lat' dir='ltr'><strong>relinquens,</strong></span> 
     </span>
    </p>
   </div>
   <div class='ocr_carea' id='block_1_101' title="bbox 1934 5478 3505 5548">
    <p class='ocr_par' dir='ltr' id='par_1_101' title="bbox 1934 5478 3505 5548">
     <span class='ocr_line' id='line_1_103' title="bbox 1934 5478 3505 5548; baseline -0.005 -6"><span class='ocrx_word' id='word_1_666' title='bbox 1934 5485 2213 5543; x_wconf 86' lang='lat' dir='ltr'><strong>discedere</strong></span> <span class='ocrx_word' id='word_1_667' title='bbox 2242 5480 2487 5546; x_wconf 89' lang='lat' dir='ltr'><strong>voluerit,</strong></span> <span class='ocrx_word' id='word_1_668' title='bbox 2521 5478 2732 5548; x_wconf 87' lang='lat' dir='ltr'><strong>nuptias</strong></span> <span class='ocrx_word' id='word_1_669' title='bbox 2761 5492 3073 5543; x_wconf 74' lang='lat' dir='ltr'><strong>exsecraris,</strong></span> <span class='ocrx_word' id='word_1_670' title='bbox 3103 5480 3387 5533; x_wconf 87' lang='lat' dir='ltr'><strong>anathema</strong></span> <span class='ocrx_word' id='word_1_671' title='bbox 3418 5479 3505 5535; x_wconf 90' lang='lat' dir='ltr'><strong>sit.</strong></span> 
     </span>
    </p>
   </div>
   <div class='ocr_carea' id='block_1_102' title="bbox 1934 5590 3509 5669">
    <p class='ocr_par' dir='ltr' id='par_1_102' title="bbox 1934 5590 3509 5669">
     <span class='ocr_line' id='line_1_104' title="bbox 1934 5590 3509 5669; baseline -0.004 -13"><span class='ocrx_word' id='word_1_672' title='bbox 1934 5601 2014 5656; x_wconf 85' lang='lat' dir='ltr'><strong>De</strong></span> <span class='ocrx_word' id='word_1_673' title='bbox 2051 5599 2130 5653; x_wconf 88' lang='lat' dir='ltr'><strong>his</strong></span> <span class='ocrx_word' id='word_1_674' title='bbox 2169 5598 2286 5669; x_wconf 88' lang='lat' dir='ltr'><strong>qui,</strong></span> <span class='ocrx_word' id='word_1_675' title='bbox 2315 5592 2721 5650; x_wconf 82' lang='lat' dir='ltr'><strong>Christianitatis</strong></span> <span class='ocrx_word' id='word_1_676' title='bbox 2750 5590 2951 5648; x_wconf 85' lang='lat' dir='ltr'><strong>obtentu</strong></span> <span class='ocrx_word' id='word_1_677' title='bbox 2971 5631 2986 5658; x_wconf 92' lang='lat'><strong>,</strong></span> <span class='ocrx_word' id='word_1_678' title='bbox 3019 5591 3305 5661; x_wconf 83' lang='lat' dir='ltr'><strong>despiciunt</strong></span> <span class='ocrx_word' id='word_1_679' title='bbox 3350 5593 3509 5661; x_wconf 76' lang='lat' dir='ltr'><strong>ﬁlios.</strong></span> 
     </span>
    </p>
   </div>
   <div class='ocr_carea' id='block_1_103' title="bbox 2005 5702 3512 5776">
    <p class='ocr_par' dir='ltr' id='par_1_103' title="bbox 2005 5702 3512 5776">
     <span class='ocr_line' id='line_1_105' title="bbox 2005 5702 3512 5776; baseline -0.005 -11"><span class='ocrx_word' id='word_1_680' title='bbox 2005 5708 2228 5765; x_wconf 87' lang='lat' dir='ltr'><strong>LXXIII.</strong></span> <span class='ocrx_word' id='word_1_681' title='bbox 2254 5707 2309 5761; x_wconf 89' lang='lat' dir='ltr'><strong><em>Si</em></strong></span> <span class='ocrx_word' id='word_1_682' title='bbox 2333 5706 2451 5776; x_wconf 88' lang='lat' dir='ltr'><strong>quis</strong></span> <span class='ocrx_word' id='word_1_683' title='bbox 2477 5702 2615 5758; x_wconf 77' lang='lat' dir='ltr'><strong>ﬁlios</strong></span> <span class='ocrx_word' id='word_1_684' title='bbox 2634 5718 2763 5759; x_wconf 85' lang='lat' dir='ltr'><strong>suos</strong></span> <span class='ocrx_word' id='word_1_685' title='bbox 2784 5705 3111 5773; x_wconf 88' lang='lat' dir='ltr'><strong>relinquens,</strong></span> <span class='ocrx_word' id='word_1_686' title='bbox 3136 5718 3241 5757; x_wconf 90' lang='lat' dir='ltr'><strong>non</strong></span> <span class='ocrx_word' id='word_1_687' title='bbox 3262 5717 3357 5756; x_wconf 89' lang='lat' dir='ltr'><strong>eos</strong></span> <span class='ocrx_word' id='word_1_688' title='bbox 3375 5716 3512 5757; x_wconf 87' lang='lat' dir='ltr'><strong>enu-</strong></span> 
     </span>
    </p>
   </div>
   <div class='ocr_carea' id='block_1_104' title="bbox 1937 5792 3516 5875">
    <p class='ocr_par' dir='ltr' id='par_1_104' title="bbox 1937 5792 3516 5875">
     <span class='ocr_line' id='line_1_106' title="bbox 1937 5792 3516 5875; baseline -0.007 -13"><span class='ocrx_word' id='word_1_689' title='bbox 1937 5806 2049 5875; x_wconf 87' lang='lat' dir='ltr'><strong>trit,</strong></span> <span class='ocrx_word' id='word_1_690' title='bbox 2075 5812 2130 5859; x_wconf 87' lang='lat' dir='ltr'><strong>et</strong></span> <span class='ocrx_word' id='word_1_691' title='bbox 2157 5800 2301 5874; x_wconf 89' lang='lat' dir='ltr'><strong>quod</strong></span> <span class='ocrx_word' id='word_1_692' title='bbox 2328 5799 2396 5857; x_wconf 87' lang='lat' dir='ltr'><strong>ad</strong></span> <span class='ocrx_word' id='word_1_693' title='bbox 2421 5813 2481 5856; x_wconf 88' lang='lat' dir='ltr'><strong>se</strong></span> <span class='ocrx_word' id='word_1_694' title='bbox 2501 5797 2757 5870; x_wconf 85' lang='lat' dir='ltr'><strong>pertinet,</strong></span> <span class='ocrx_word' id='word_1_695' title='bbox 2784 5797 2850 5854; x_wconf 86' lang='lat' dir='ltr'><strong>ad</strong></span> <span class='ocrx_word' id='word_1_696' title='bbox 2878 5794 3134 5868; x_wconf 78' lang='lat' dir='ltr'><strong>pietatem</strong></span> <span class='ocrx_word' id='word_1_697' title='bbox 3153 5793 3317 5853; x_wconf 85' lang='lat' dir='ltr'><strong>divini</strong></span> <span class='ocrx_word' id='word_1_698' title='bbox 3334 5792 3516 5851; x_wconf 79' lang='lat' dir='ltr'><strong>cultus</strong></span> 
     </span>
    </p>
   </div>
  </div>
