4040 6202
481 369 582 425 159

1758 355 2115 414 DIONYSIUS
2149 355 2463 413 EXIGUUS.

3638 305 3740 402 an

477 477 758 547 informat,
812 478 905 533 sed
936 492 1030 548 per
1073 474 1409 530 occasionem
1441 468 1788 526 continentia:
1815 467 2057 536 negligit,
2089 471 2136 528 Α
2164 464 2240 520 De
2269 465 2348 519 his
2373 467 2456 536 qui
2481 465 2742 520 dontiuico
2784 462 2870 548 tlie
2893 463 3156 548 je‘p‘t’nant,
3179 467 3427 548 tanquam
3475 459 3605 512 nihil
3635 475 3748 528 pne

481 572 763 625 anathema
790 570 877 622 sit.

486 731 560 783 lle
601 732 678 783 his
701 731 791 794 qui
820 738 1056 798 parentes
1080 767 1095 792 ,
1147 723 1554 780 Christianitatis
1584 723 1884 787 occasione,
1931 737 2058 775 con-

1142 803 1389 848 temnunt.

553 928 775 982 LXXIV.
804 928 1119 998 Quicunque
1145 927 1234 980 lilii
1257 943 1286 980 a
1315 925 1644 995 parentibus,
1669 923 1769 978 sub
1793 931 2057 992 prattextu

481 1021 644 1074 divini
675 1021 874 1082 cultus,
925 1019 1252 1084 abscedunt,
1299 1033 1399 1072 nec
1441 1001 1675 1070 debitam
1704 1017 2060 1070 reverentiam

482 1111 795 1179 dependunt
816 1091 940 1176 iliis,
969 1111 1060 1177 qui
1091 1109 1325 1162 divinum
1349 1108 1550 1162 cultum
1581 1107 1682 1163 sibi
1709 1105 2060 1176 proculdubio

483 1203 790 1272 prml'erunt,
823 1203 1110 1255 anathema
1141 1201 1229 1256 sit.

486 1375 566 1428 De
600 1375 896 1428 mulieribus
931 1392 1044 1446 qua:
1074 1391 1127 1428 se
1167 1374 1474 1440 attondent,
1522 1352 1926 1427 Christianitatis
1969 1373 2063 1427 ob-

1193 1454 1353 1497 lentu.

561 1577 764 1632 LXXV.
796 1577 848 1632 Si
873 1594 976 1646 qua
1005 1579 1214 1642 mulier,
1246 1586 1467 1646 propter
1491 1575 1727 1631 divinum
1756 1576 1978 1652 cultum,
2007 1584 2066 1630 ut

487 1671 747 1733 mstixnat,
779 1670 958 1745 crines
988 1670 1253 1732 attondet,
1285 1683 1422 1736 quos
1448 1668 1496 1722 ei
1528 1667 1667 1722 Deus
1689 1667 1755 1722 ad
1785 1667 2070 1735 subjectio-

490 1759 574 1811 nis
596 1757 906 1811 memoriam
939 1757 1140 1823 tribuit,
1157 1766 1405 1824 tanquam
1420 1765 1746 1826 praeceptum
1771 1756 2068 1810 dissolvens

492 1852 830 1917 olzeiienlize,
862 1853 1145 1905 anathema
1175 1851 1261 1904 sit.

2699 535 2896 586 t'wtcris
2919 532 3208 600 cii/ferente.

2237 623 2460 678 LXXVI.
2494 624 2552 678 Si
2579 623 2699 692 quis
2728 629 2948 692 propter
2974 621 3392 683 continentiam,
3441 635 3561 688 qua:
3591 629 3742 688 pula'

2164 727 2272 784 tur,
2303 725 2393 770 aut
2415 701 2828 778 contumaciam,
2865 713 2917 765 in
2947 713 3035 766 die
3064 711 3331 765 dominico
3356 709 3582 779 jejunat,
3615 725 3715 762 ana

2164 807 2341 862 thema
2375 807 2462 860 sit.

2166 899 2240 951 De
2270 898 2347 950 his
2376 898 2462 967 qui
2496 895 2848 949 ecclesiastica
2865 893 3068 963 jejunio
3090 891 3278 962 absque
3307 891 3608 944 necessitate
3629 890 3740 940 dis-

2836 969 3055 1017 solvunt.

2235 1053 2487 1109 LXXVII.
2536 1055 2593 1109 Si
2635 1055 2754 1123 quis
2783 1069 2971 1108 eorum
3000 1053 3090 1120 qui
3121 1050 3463 1115 continentia:
3501 1049 3736 1112 student,

2163 1148 2369 1218 absque
2395 1148 2716 1201 necessitate
2744 1161 3030 1214 corporea,
3064 1143 3253 1197 tradita
3277 1144 3329 1195 in
3353 1156 3636 1196 coummne
3662 1140 3746 1207 je-

2158 1238 2327 1308 junia,
2373 1247 2428 1292 et
2455 1239 2522 1292 ab
2562 1235 2803 1291 Ecclesia
2830 1233 3132 1297 custodita,
3164 1231 3522 1302 Superbiendo
3550 1230 3744 1284 dissol—

2163 1329 2258 1394 vit,
2284 1329 2498 1383 stimulo
2524 1343 2634 1382 sum
2659 1326 2999 1396 cogitationis
3029 1325 3288 1392 impulsus
3305 1363 3320 1386 ,
3352 1322 3635 1375 anathema
3655 1321 3744 1374 sit.

2167 1419 2246 1474 De
2274 1421 2353 1472 his
2383 1421 2467 1488 qui
2517 1419 2757 1472 collectas
2799 1434 2910 1488 quae
2939 1417 3070 1485 ﬁunt
3108 1417 3163 1468 in
3192 1426 3474 1484 martyrum
3516 1428 3743 1466 comme-

2565 1487 2958 1552 morationibus,
2983 1495 3334 1539 exsecrantur.

2237 1579 2517 1634 LXXVIII.
2549 1578 2606 1633 Si
2633 1579 2753 1646 quis
2779 1577 3040 1646 superbia:
3071 1591 3195 1630 usus
3219 1572 3412 1627 alfectu
3453 1579 3750 1625 conventus

2166 1675 2525 1738 abominatur,
2550 1673 2640 1743 qui
2663 1671 2732 1727 ad
2763 1671 3132 1726 confessiones
3153 1677 3446 1738 martyrum
3468 1665 3750 1720 celebran-

2170 1773 2278 1832 tur,
2301 1773 2358 1818 et
2381 1765 2674 1818 ministeria
2698 1779 2816 1832 qua:
2844 1763 2896 1816 in
2927 1762 3005 1816 eis
3037 1759 3186 1826 ﬁunt,
3218 1757 3378 1812 simul
3407 1772 3530 1810 cum
3560 1769 3747 1810 eorum

2175 1855 2467 1918 memoriis,
2492 1861 2822 1917 exsecratur,
2845 1850 3127 1905 anathema
3148 1849 3234 1902 sit.

886 2029 1224 2087 REGULIE
1276 2027 1692 2086 EXI’OSITE
1751 2028 1955 2088 APUD
2018 2029 2520 2092 AN'I‘IOCHIAM
2583 2031 2664 2089 IN
2720 2029 3107 2091 ENCENIIS
3158 2027 3362 2087 XXV.

497 2213 577 2266 De
619 2211 698 2265 his
715 2213 812 2283 qui
843 2212 1105 2283 contraria
1148 2218 1330 2283 gerunt
1379 2211 1458 2283 his
1496 2226 1612 2279 qua:
1657 2209 1964 2283 regulariter
2005 2209 2069 2263 de
2105 2218 2140 2270 lt
2172 2210 2250 2266 De
2279 2213 2355 2266 his
2385 2215 2468 2283 qui
2501 2215 2564 2267 ab
2595 2213 2700 2267 alia
2728 2213 2976 2282 parochia
3019 2221 3209 2281 prwter
3237 2213 3605 2266 conscientiam
3645 2215 3754 2283 epi-

706 2278 907 2334 Pascha
929 2290 1122 2332 statuta
1150 2278 1269 2333 sunt
1299 2282 1350 2332 in
1382 2278 1436 2332 Ν
1442 2278 1602 2333 icmno
1626 2278 1862 2332 con—cilia.

569 2418 797 2472 LXXIX.
825 2416 1022 2473 Omnes
1052 2419 1141 2486 qui
1185 2418 1302 2471 ausi
1346 2416 1542 2471 fuerint
1569 2417 1862 2472 dissolvere
1889 2417 2076 2470 delini-

504 2509 704 2562 tioncm
728 2508 897 2561 sancti
931 2517 985 2560 et
1013 2508 1188 2574 magni
1232 2508 1445 2561 concilii
1481 2507 1624 2575 quod
1679 2509 1818 2576 apud
1847 2507 2078 2561 Nicamm

498 2609 882 2668 congregatum
908 2607 1012 2666 est,
1031 2600 1130 2652 sub
1159 2599 1444 2667 pra-scotia
1473 2598 1692 2668 piissimi
1715 2607 1769 2652 et
1791 2598 2077 2653 venerandi

501 2689 758 2759 principis
779 2687 1135 2751 Constantini,
1159 2675 1236 2741 de.
1254 2687 1524 2741 salutifera
1548 2688 1887 2742 solemnitate
1907 2703 2082 2742 sacra-

503 2780 720 2833 tissima:
751 2777 986 2843 Pascbze,
1023 2779 1595 2841 excommunicandos,
1639 2787 1692 2832 et
1743 2777 1810 2832 de
1840 2777 2081 2832 Ecclesia

506 2871 782 2942 pellendos
799 2887 918 2926 esse
955 2885 1257 2936 censemus,
1291 2872 1334 2926 si
1365 2881 1539 2925 tamen
1571 2872 1960 2926 contentiosius
1989 2871 2083 2926 ad-

502 2975 690 3016 versus
743 2976 803 3015 ea
853 2976 971 3029 qua:
1022 2961 1160 3016 bene
1199 2971 1324 3016 sunt
1353 2961 1569 3017 decreta
1609 2963 1985 3032 perstiterint:
2029 2971 2085 3016 et

505 3053 621 3108 haec
640 3052 853 3121 quidem
875 3051 942 3106 de
965 3052 1116 3107 laicis
1137 3052 1278 3106 dicta
1301 3053 1426 3107 sint.
1471 3053 1527 3108 Si
1557 3054 1676 3122 quis
1696 3063 1873 3108 autem
1898 3069 2083 3108 eorum

504 3143 596 3212 qui
625 3157 855 3212 praeesse
881 3154 1176 3198 noscuntur
1204 3143 1482 3211 Ecclesite,
1517 3156 1609 3200 aut
1647 3146 1962 3216 episcopus,
1994 3154 2087 3201 aut

507 3235 806 3304 presbyter,
839 3242 933 3286 aut
961 3233 1240 3299 diaconus,
1267 3245 1385 3305 post
1408 3235 1547 3289 hanc
1575 3235 1938 3291 deﬁnitionem
1971 3246 2088 3291 len-

512 3325 706 3378 taverit
735 3324 804 3378 ad
832 3325 1233 3381 subversionem
1258 3326 1598 3395 populorum,
1620 3325 2088 3394 Ecclesiarumque

514 3415 1010 3481 perturbationem,
1054 3431 1294 3470 seorsum
1325 3416 1597 3486 colligere,
1649 3427 1705 3471 et
1746 3432 1866 3471 cum
1893 3415 2091 3472 Judteis

515 3501 723 3560 Pascha
754 3507 1027 3560 celebrare
1053 3525 1066 3559 :
1091 3516 1275 3560 sancta
1307 3507 1540 3578 synodus
1571 3509 1710 3563 hunc
1730 3510 1961 3563 alienum
1977 3507 2089 3576 jam

2377 2301 2647 2354 scaporum
2680 2301 2906 2348 suorum,
2940 2284 2992 2336 in
3021 2283 3139 2336 aliis
3163 2283 3520 2335 immorantur.

2247 2390 2427 2446 XXCI.
2461 2393 2514 2445 Si
2545 2394 2662 2462 quis
2693 2393 2989 2464 presbyter,
3017 2402 3110 2447 aut
3133 2392 3410 2458 diaconus,
3453 2401 3506 2447 et
3535 2394 3755 2447 omnino

2176 2481 2401 2549 quilibet
2429 2498 2495 2536 cx
2528 2483 2692 2546 clero,
2728 2484 3035 2551 parochiam
3067 2485 3337 2552 propriam
3368 2485 3641 2552 deserens,
3689 2485 3754 2539 ad

2178 2569 2336 2623 aliam
2369 2573 2739 2640 properaverit
2773 2592 2785 2625 :
2818 2574 2940 2627 dein
2970 2576 3190 2628 omnino
3220 2574 3539 2642 demigrans,
3571 2576 3622 2628 in
3653 2574 3756 2628 alia

2179 2661 2433 2729 parochia
2459 2677 2553 2730 per
2585 2663 2748 2715 multa
2781 2671 3021 2732 tempora
3072 2665 3255 2716 nititur
3285 2665 3591 2727 immorari,
3625 2663 3758 2717 ulte-

2181 2751 2289 2806 rius
2331 2752 2526 2806 ibidem
2555 2768 2660 2806 non
2694 2754 2959 2806 ministret
2991 2772 3003 2805 :
3035 2753 3286 2818 maxime,
3330 2755 3373 2807 si
3405 2753 3618 2807 vocanti
3660 2769 3758 2808 suo

2182 2842 2456 2911 episcopo,
2482 2851 2537 2895 et
2561 2841 2769 2910 regredi
2793 2843 2859 2895 ad
2890 2843 3158 2912 propriam
3183 2842 3489 2910 parochiam
3518 2858 3759 2896 commo-

2181 2933 2328 2986 uenti
2351 2933 2565 2987 obedire
2587 2935 2985 3003 contempserit.
3010 2932 3162 2999 Quod
3191 2934 3232 2986 si
3263 2934 3316 2986 in
3345 2935 3443 2988 hac
3471 2934 3756 3005 indiscipli-

2183 3023 2402 3076 natione
2431 3023 2704 3092 perdurat,
2739 3037 2768 3076 a
2802 3023 3097 3078 ministerio
3128 3024 3299 3078 modis
3321 3024 3565 3077 outnibus
3592 3041 3763 3079 remo-

2183 3120 2375 3165 veatur
2407 3129 2420 3164 :
2453 3113 2523 3165 ita
2555 3121 2613 3166 ut
2665 3128 3002 3182 nequaquam
3036 3113 3211 3167 locum
3239 3114 3586 3167 restitutionis
3617 3114 3762 3168 inve.

2185 3204 2316 3257 niat.
2349 3204 2403 3258 Si
2431 3221 2560 3258 vero
2595 3221 2692 3274 pro
2735 3205 2834 3258 hac
2865 3221 3022 3260 causa
3053 3205 3358 3259 damnatum
3390 3205 3526 3260 alter
3555 3207 3767 3275 episco-

2188 3313 2286 3368 pus
2301 3298 2574 3367 suscipiat,
2589 3298 2675 3352 hic
2690 3298 2848 3352 etiam
2867 3313 2895 3350 a
2918 3298 3187 3352 comnmni
3206 3306 3522 3352 coerceatur
3537 3298 3766 3368 synodo,

2188 3392 2336 3446 velut
2363 3392 2454 3461 qui
2483 3393 2842 3448 ecclesiastica
2868 3393 3156 3447 constituta
3187 3390 3464 3445 dissolvat.

2406 3500 2483 3553 De
2506 3501 2786 3566 damnatis,
2819 3509 2868 3553 et
2897 3500 3193 3554 ministrare
3225 3495 3557 3551 tentant-ibus.

517 3594 646 3650 hinc
675 3595 740 3650 ab
771 3595 1013 3650 Ecclesia
1037 3595 1310 3665 judicavit,
1335 3597 1478 3666 quod
1508 3614 1615 3652 non
1645 3599 1818 3653 solum
1847 3599 1969 3665 sibi,
1993 3597 2088 3652 sed
2119 3587 2161 3647 C
2264 3611 2466 3668 xxcn.
2499 3611 2556 3666 Si
2583 3613 2703 3681 quis
2730 3613 3014 3682 episcopus
3040 3612 3322 3665 damnatus
3351 3625 3381 3663 a
3416 3609 3656 3679 synodo,
3690 3623 3772 3665 ve.

514 3694 572 3741 et
600 3685 842 3756 plurimis
872 3700 1034 3740 causa
1078 3688 1439 3756 corruptionis
1467 3696 1524 3742 et
1551 3688 1967 3758 perturbationis
1993 3703 2090 3742 ex-

515 3776 731 3830 stiterit.
775 3775 883 3832 Nec
912 3777 1084 3831 solum
1122 3777 1258 3831 tales
1287 3793 1315 3830 a
1347 3778 1644 3833 ministerio
1693 3785 1954 3842 removet,
2000 3778 2092 3832 sed

517 3867 680 3923 etiam
729 3869 847 3922 illos
884 3869 974 3938 qui
1018 3876 1143 3937 post
1168 3867 1566 3923 damnationem
1598 3868 1899 3938 hujusmodi
1947 3884 2097 3924 com-

518 3958 792 4011 municare
845 3959 1168 4012 tentaverint
1198 3977 1210 4011 :
1244 3959 1522 4013 damnatos
1551 3969 1728 4013 autem
1773 3961 1919 4015 omni
1963 3975 2098 4029 quo-

517 4061 622 4114 que
652 4046 983 4101 extrinsecus
1014 4049 1218 4102 honore
1248 4049 1462 4117 privari,
1492 4064 1651 4117 quem
1677 4060 1864 4104 sancta
1892 4051 2094 4120 regula,

516 4145 574 4188 et
601 4135 962 4204 sacerdotium
993 4136 1085 4190 Dei
1115 4138 1428 4205 promeruit.

521 4265 600 4321 De
629 4267 705 4320 his
734 4267 821 4338 qui
855 4283 908 4320 se
933 4284 964 4319 a
988 4267 1312 4335 perceptione
1332 4276 1526 4321 sancta;
1553 4269 1926 4322 communionis
1947 4284 2098 4319 aver-

596 4346 736 4402 tunt,
767 4347 816 4391 et
845 4338 929 4406 qui
969 4338 1419 4390 excommunicatis
1449 4354 1540 4408 per
1579 4339 1759 4392 domos
1813 4338 2100 4390 communi-

594 4415 733 4458 cant.

594 4513 752 4568 XXC.
798 4513 994 4570 Omnes
1031 4517 1121 4586 qui
1173 4516 1543 4586 ingrediuntur
1571 4517 1867 4573 Ecclesium
1897 4517 2015 4586 Dei,
2046 4526 2104 4572 et

520 4603 829 4674 Scripturas
854 4621 1035 4660 sacras
1059 4605 1296 4671 audiunt,
1343 4623 1442 4662 nec
1469 4608 1868 4662 communicant
1896 4607 1949 4661 in
1973 4623 2100 4661 ora-

524 4697 672 4752 tione
701 4714 822 4750 cum
855 4697 1075 4766 populo,
1100 4698 1194 4752 sed
1220 4714 1315 4768 pro
1344 4698 1572 4767 quadam
1603 4698 2015 4768 intemperantia
2044 4714 2104 4754 se

526 4803 559 4843 a
585 4790 930 4859 perceptione
959 4798 1155 4843 sanctae
1195 4791 1588 4846 communionis
1617 4799 1866 4845 avertunt
1899 4809 1911 4844 :
1945 4791 2001 4845 hi
2038 4791 2105 4846 de

528 4881 764 4939 Ecclesia
790 4891 1186 4948 removeantur,
1211 4884 1445 4952 quandiu
1470 4899 1566 4955 per
1587 4882 1979 4940 confessionem
1997 4900 2105 4954 pce-

526 4978 766 5033 nitentia:
797 4975 1000 5032 fructus
1025 4976 1340 5045 ostendant,
1370 4985 1426 5032 et
1445 4978 1693 5046 precibus
1717 4977 2100 5046 indulgentiam
2129 4967 2178 5027 Ι)

524 5083 939 5147 consequantur.
966 5070 1098 5125 Cum
1120 5070 1593 5126 excommunicatis
1613 5081 1790 5125 autem
1813 5087 1918 5126 non
1937 5070 2100 5124 licere

523 5169 959 5232 communicare;
1010 5181 1110 5222 nec
1139 5181 1260 5221 cum
1304 5165 1386 5219 his
1435 5165 1526 5235 qui
1558 5180 1656 5234 per
1681 5166 1872 5219 domos
1902 5177 2101 5218 conve—

527 5256 702 5322 niunt,
733 5256 1033 5311 devitantes
1055 5255 1326 5310 orationes
1354 5253 1626 5316 Ecclesim,
1659 5252 1815 5307 simul
1843 5251 2102 5307 orandum

531 5353 614 5400 est
646 5362 657 5397 ι
688 5345 756 5397 ab
784 5345 885 5398 alia
913 5361 1126 5414 quoque
1152 5345 1390 5400 Ecclesia
1422 5361 1528 5398 non
1559 5343 1977 5413 suscipiendum,
2011 5341 2103 5410 qui

535 5437 588 5491 in
620 5435 723 5489 alia
747 5436 963 5490 minime
991 5447 1364 5506 congregatur.
1391 5436 1445 5491 Si
1467 5438 1585 5505 quis
1616 5446 1792 5490 autem
1817 5426 1882 5488 de
1905 5436 2106 5503 episco-

538 5527 648 5596 pis,
688 5535 779 5579 aut
809 5525 1132 5595 presbyteris
1156 5566 1169 5588 ,
1213 5527 1298 5581 vel
1329 5527 1587 5593 diaconis,
1638 5543 1732 5580 seu
1772 5525 1996 5594 quilibet
2036 5539 2106 5578 ex

535 5615 684 5671 clero
713 5617 1078 5686 deprehensus
1107 5616 1263 5671 fuerit
1290 5633 1411 5670 cum
1441 5617 1915 5672 excommunicatis
1959 5631 2108 5671 com-

535 5705 829 5770 tnunicare,
859 5707 1019 5759 etiam
1049 5705 1146 5759 iste
1170 5707 1406 5774 privetur
1433 5708 1832 5774 communione,
1855 5716 2107 5778 tauquam

530 5798 626 5870 qui
651 5797 887 5870 regulam
915 5796 1205 5854 confundat
1233 5795 1506 5854 Ecclesiae.

2197 3705 2505 3774 presbyter,
2539 3712 2630 3757 aut
2657 3704 2934 3782 diaconus,
2966 3718 2994 3756 a
3023 3719 3120 3757 suo
3149 3704 3405 3772 episcopo
3426 3702 3538 3755 ausi
3578 3701 3774 3758 fuerint

2197 3793 2392 3862 aliquid
2418 3793 2483 3846 de
2513 3793 2807 3846 ministerio
2831 3807 2982 3846 sacro
3011 3792 3325 3858 contingere
3365 3809 3379 3844 :
3426 3793 3538 3845 sive
3567 3792 3777 3861 episco-

2197 3880 2329 3952 pus,
2355 3881 2507 3951 juxta
2537 3883 2923 3950 praecedentem
2955 3881 3418 3946 consuetudinem,
3477 3883 3591 3936 sive
3621 3899 3774 3952 pres-

2199 3972 2372 4044 byter,
2405 3980 2497 4025 aut
2526 3971 2804 4035 diaconus,
2835 3972 2981 4026 nullo
2998 3972 3158 4026 modo
3189 3972 3347 4026 liceat
3369 3973 3440 4040 ei,
3469 3991 3570 4030 nec
3599 3975 3650 4028 in
3674 3975 3778 4029 alia

2201 4063 2428 4135 synodo,
2461 4063 2813 4117 restitutionis
2841 4078 2990 4131 spem
3037 4071 3130 4116 aut
3182 4063 3360 4118 locum
3389 4065 3588 4118 habere
3617 4066 3778 4119 satis-

2202 4153 2446 4209 factionis
2473 4173 2486 4206 :
2517 4154 2613 4210 sed
2643 4163 2698 4209 et
2727 4155 3186 4210 communicantes
3225 4155 3276 4209 ei
3305 4170 3494 4210 omnes
3521 4155 3679 4223 abjiei
3710 4156 3780 4210 de

2203 4241 2460 4310 Ecclesia,
2491 4252 2547 4297 et
2575 4246 2805 4299 maxime
2827 4246 2871 4298 si
2897 4253 3246 4314 posteaquam
3284 4245 3563 4300 didicerint
3589 4245 3779 4299 adver-

2203 4347 2322 4388 sum
2353 4341 2680 4389 memoratos
2709 4336 2972 4404 prolatam
3001 4335 3162 4390 fuisse
3187 4337 3536 4400 sententiam,
3575 4334 3782 4390 eisdem

2203 4423 2602 4478 communicare
2629 4424 2972 4479 tentaverint.

2205 4533 2284 4589 De
2311 4535 2389 4588 his
2417 4535 2504 4606 qui
2531 4551 2586 4588 se
2613 4551 2646 4586 a
2670 4536 2955 4589 ministerio
2985 4537 3332 4606 ecclesiastico
3356 4534 3694 4601 subtrahunt,
3733 4544 3784 4590 et

2725 4621 2952 4659 seorsum
2981 4605 3250 4676 colligunt.

2274 4711 2498 4768 XXCIII.
2527 4713 2584 4770 Si
2608 4714 2729 4784 quis
2769 4715 3211 4785 presbyter,,aut
3238 4715 3526 4780 diaconus,
3577 4715 3784 4784 episeo-

2207 4822 2332 4878 pum
2353 4808 2627 4879 pr0prium
2655 4815 3026 4872 contemnens,
3053 4822 3112 4861 se
3141 4808 3208 4862 ab
3228 4806 3464 4862 Ecclesia
3487 4817 3786 4877 sequestra-

2205 4900 2303 4967 vit,
2333 4908 2389 4955 et
2415 4915 2654 4955 seorsum
2699 4899 2956 4968 colligens
2997 4898 3165 4954 altare
3195 4901 3503 4964 constituit,
3552 4911 3606 4954 et
3634 4916 3780 4954 com-

2204 4991 2445 5045 monenti
2483 4992 2736 5060 episcopo
2773 5005 2882 5044 non
2937 4988 3298 5057 acquieverit,
3351 5006 3451 5045 nec
3477 4989 3788 5046 consentire

2207 5085 2291 5140 vel
2320 5085 2537 5140 obedire
2557 5085 2788 5138 voluerit
2801 5083 2986 5144 semel,
3005 5090 3060 5136 et
3088 5083 3280 5137 iterum
3309 5083 3631 5138 convocanti
3655 5100 3668 5142 ;
3700 5083 3790 5137 hic

2206 5175 2488 5230 damnetur
2509 5173 2840 5239 omnimodo,
2866 5189 2964 5229 nec
2988 5175 3128 5228 ultra
3157 5175 3450 5230 remedium
3480 5191 3784 5246 consequa-

2208 5275 2314 5333 tur,
2340 5269 2464 5337 quia
2491 5282 2641 5321 suam
2662 5267 2907 5334 recipere
2934 5280 3041 5320 non
3071 5275 3248 5336 potest
3269 5267 3600 5335 dignitatem.
3635 5266 3792 5332 Quod

2209 5363 2252 5417 si
2283 5359 2574 5416 Ecelesiam
2605 5359 2929 5413 conturbare
2951 5367 3007 5412 et
3054 5360 3346 5414 sollicitare
3374 5361 3645 5428 persistat,
3671 5368 3793 5412 tan-

2208 5469 2368 5523 quam
2396 5454 2680 5508 seditiosus
2698 5492 2712 5517 ,
2749 5468 2846 5521 per
2865 5460 3166 5523 potestates
3195 5461 3407 5507 exteras
3433 5454 3790 5523 opprimatur.

2476 5564 2549 5618 De
2572 5565 2772 5619 clericis
2801 5569 3260 5618 excommunicatis
3287 5573 3336 5618 et
3366 5565 3534 5620 laicis.

2279 5672 2504 5730 XXCIV.
2547 5674 2602 5730 Si
2641 5676 2758 5745 quis
2788 5691 2816 5728 a
2848 5675 3066 5745 proprio
3113 5677 3367 5744 episcopo
3417 5690 3797 5731 communione

2209 5769 2453 5844 privatus
2472 5778 2577 5840 est,
2605 5784 2714 5826 non
2745 5777 2870 5824 ante
2897 5768 3220 5839 suscipiatur
3247 5767 3313 5822 ab
3335 5767 3471 5833 aliis,
3502 5780 3664 5838 quam
3693 5781 3797 5826 suo
