3982 6196
205 262 297 316 «εί
356 233 363 239 ’

1197 261 1418 320 CODEX
1457 262 1783 320 CANONUM
1823 261 2523 326 ECCLESIASTICORUM.

3381 262 3482 318 £63

204 377 583 432 reconcilietur
621 377 878 447 episcopo
896 415 912 442 ,
946 384 1039 430 aut
1070 385 1218 431 certe
1245 377 1312 431 ad
1342 377 1641 448 synodum,
1672 391 1792 446 qua:
1821 382 1871 441 Α
1896 379 1988 447 qui
2011 380 2062 433 in
2085 379 2272 434 eadem
2297 378 2569 448 provincia
2592 387 2998 435 connuorantur
3017 416 3032 441 ,
3053 378 3142 446 qui
3171 376 3333 432 etiam
3356 391 3483 445 pro-

204 477 582 535 cangregatur,
608 481 902 521 occurrens
928 480 1026 536 pro
1048 480 1108 520 se
1133 466 1458 531 satisfaciat,
1491 476 1546 522 et
1571 482 1794 537 persua-

207 558 340 611 dens
353 558 580 612 concilio
597 573 691 612 seu
699 557 923 611 tentiam
939 556 1197 626 suscipiat
1213 557 1456 612 alteram.
1472 555 1598 612 Haec
1611 566 1793 612 autem

209 647 449 702 deﬁnitio
476 657 697 702 maneat
726 648 870 704 circa
900 648 1086 712 laicos,
1118 659 1174 703 et
1201 648 1564 720 presbyteros,
1594 657 1650 704 et
1679 649 1796 704 dia-

209 753 410 805 conos,
455 753 755 807 omnesque
782 738 875 808 qui
905 738 1004 793 sub
1032 738 1221 806 regula
1249 753 1369 794 esse
1408 745 1794 794 monstrantur.

577 850 657 905 De
677 853 1063 923 peregrinorum
1092 853 1432 922 susceptione.

283 963 493 1020 XXCV.
527 965 714 1021 Nullus
740 966 1150 1042 peregrinorum
1178 965 1294 1021 sine
1324 965 1578 1036 paciﬁcis,
1609 962 1663 1018 id
1694 971 1796 1026 est,

216 1057 672 1111 commendatitiis
694 1057 1018 1127 suscipiatur
1043 1057 1304 1125 epistolis.

215 1167 298 1221 De
310 1169 544 1237 paciﬁcis
555 1170 754 1238 peregri
761 1185 964 1234 norum,
976 1167 1030 1220 id
1050 1176 1126 1221 est
1141 1167 1572 1222 commendatitiis
1594 1169 1798 1224 litteris.

292 1275 522 1331 XXCVI.
569 1275 876 1349 Presbyteri
913 1277 1004 1346 qui
1047 1285 1171 1331 sunt
1217 1277 1270 1330 in
1329 1277 1468 1344 agris
1515 1277 1803 1332 canonieas

217 1369 478 1439 epistulas
508 1369 640 1422 dare
667 1384 772 1422 non
814 1375 1056 1436 possunt,
1089 1368 1155 1420 ad
1195 1367 1341 1421 solos
1371 1376 1574 1420 tanturn
1603 1367 1806 1423 vicinos

219 1461 505 1530 episcopos
552 1460 759 1514 litteras
799 1459 1158 1512 destinabant.
1211 1457 1592 1526 Chorepisc0pi
1624 1469 1804 1512 autem

221 1552 312 1620 qui
336 1559 465 1604 sunt
493 1549 1014 1620 irreprebensibiles,
1045 1548 1174 1604 dare
1203 1557 1427 1618 possunt
1451 1546 1718 1618 paciﬁcas,
1755 1548 1807 1603 id

223 1650 304 1696 est
334 1642 617 1709 generales
646 1640 925 1709 epistolas.

370 1753 447 1808 De
474 1753 888 1823 metropolitanis
911 1752 1232 1822 singularum
1256 1751 1655 1820 provinciarum.

299 1865 550 1920 XXCVII.
585 1863 686 1918 Per
713 1863 950 1932 singulas
979 1863 1228 1930 regiones
1250 1862 1535 1932 episcopos
1561 1863 1814 1917 convenit

230 1974 409 2018 nosse,
439 1956 916 2026 metropolitanum
946 1955 1255 2024 episcopum
1281 1953 1693 2008 sollicitudinem
1723 1963 1811 2010 t0-

230 2053 335 2105 tius
363 2049 655 2119 prnvinciac
681 2061 868 2114 gerere
895 2064 908 2098 :
941 2053 1164 2117 propter
1191 2045 1334 2116 quod
1364 2045 1432 2099 ad
1470 2046 1814 2116 metropolim

231 2157 420 2197 omnes
447 2139 683 2206 undique
712 2137 802 2205 qui
833 2137 1048 2205 negotia
1075 2136 1325 2190 videntur
1346 2135 1565 2200 habere,
1591 2151 1818 2192 concur-

232 2239 372 2285 runt.
403 2228 555 2282 Unde
576 2227 779 2297 placuit
800 2242 924 2281 eum
950 2233 1006 2280 et
1025 2226 1233 2281 honore
1254 2227 1580 2296 praecellere,
1611 2236 1667 2283 et
1687 2229 1816 2293 nihil

233 2321 458 2388 amplius
477 2329 676 2387 praeter
695 2333 817 2371 eum
845 2325 1070 2372 caeteros
1097 2317 1385 2387 episcopos
1413 2333 1592 2387 agere,
1619 2335 1816 2374 secun-

235 2411 359 2463 dum
391 2410 670 2476 antiquam
703 2423 734 2461 a
769 2407 1013 2477 patribus
1043 2408 1241 2462 nostris
1286 2409 1524 2476 regulam
1554 2411 1817 2465 constitu-

244 2511 349 2554 tam
382 2517 396 2551 :
429 2500 531 2553 nisi
553 2514 616 2553 ea
645 2507 854 2552 tantum
906 2513 1025 2567 qua:
1073 2499 1140 2554 ad
1168 2516 1321 2554 suam
1347 2501 1625 2556 dioecesim
1655 2503 1820 2571 perti-

237 2601 393 2653 nent,
426 2590 905 2658 possessionesque
931 2590 1220 2659 subjeclas.
1267 2590 1641 2662 Unusquisque
1677 2594 1819 2647 enim

235 2681 528 2750 episcopus
553 2679 750 2733 habeat
777 2694 889 2733 sua:
917 2680 1184 2748 parochias
1209 2688 1550 2748 potestatem,
1585 2689 1642 2734 ut
1672 2688 1824 2749 regat

237 2769 773 2839 jnxtarevereutiam
803 2769 1025 2836 singulis
1067 2757 1484 2840 competentem,
1535 2779 1590 2825 et
1637 2772 1821 2840 provi-

238 2861 474 2914 dentiam
504 2866 659 2927 gerat
686 2858 862 2912 omnis
902 2858 1260 2927 possessionis
1295 2873 1416 2927 qua:
1452 2859 1551 2914 sub
1599 2859 1715 2928 ejus
1743 2868 1825 2914 est

239 2955 458 3007 civitate
487 2970 500 3003 :
536 2951 606 3004 ita
640 2959 695 3004 ut
723 2950 1066 3021 presbyteros
1094 2959 1149 3005 et
1177 2950 1436 3005 diaconos
1481 2950 1718 3016 ordinet,
1769 2959 1824 3006 et

239 3044 445 3112 singula
475 3058 576 3096 suo
617 3041 820 3110 judicio
858 3041 1300 3111 comprehendat.
1352 3041 1594 3110 Amplius
1639 3051 1820 3096 autem

1899 468 2224 524 ﬁciscentem
2254 469 2365 523 suis
2395 476 2788 537 prosequantur
2811 469 3073 538 epistolis.

1900 578 1980 633 De
2004 580 2265 633 damnatis
2288 580 2560 649 episcopis,
2594 589 2680 632 aut
2705 581 2905 634 clericis
2935 581 3237 634 adeuntibus
3264 582 3484 650 impera-

2599 661 2782 704 ιονεηι.

1975 738 2082 792 XC.
2117 738 2174 794 Si
2203 740 2324 807 quis
2355 755 2384 793 a
2415 740 2635 810 proprio
2667 741 2923 808 episcopo
2953 743 3234 809 presbyter
3257 748 3350 792 aut
3377 740 3484 794 dia-

1903 843 2091 892 conus,
2122 837 2215 882 aut
2242 844 2271 882 a
2301 830 2506 900 synodo
2529 829 2688 882 fuerit
2709 831 2993 898 episcopus
3017 828 3153 883 forte
3175 828 3482 894 damnatus,

1907 925 1962 972 et
1976 918 2316 986 imperatoris
2336 919 2554 973 auribus
2574 918 2832 973 molestus
2851 919 3116 974 exstiterit
3140 937 3153 972 :
3179 929 3394 988 oportet
3415 919 3481 973 ad

1906 1007 2080 1077 majus
2109 1009 2482 1078 episcoporum
2507 1010 2750 1064 converti
2777 1009 3084 1077 concilium,
3111 1019 3168 1064 et
3195 1025 3314 1078 qua:
3334 1018 3487 1078 puta-

1904 1099 2081 1152 verint
2121 1099 2320 1153 habere
2346 1098 2524 1168 justa,
2578 1099 2818 1168 plurimis
2857 1100 3123 1169 episcopis
3168 1107 3482 1169 suggerant,

1906 1203 2202 1256 eorumque
2213 1189 2577 1244 discussiones
2589 1204 2652 1244 ac
2659 1188 2859 1258 judicia
2877 1188 3271 1257 prtestolentur.
3288 1189 3342 1242 Si
3359 1205 3488 1244 vero

1907 1281 2022 1333 haec
2051 1279 2498 1350 parvipendentes
2528 1280 2738 1336 molesti
2767 1279 2964 1335 fuerint
3007 1281 3342 1350 imperatori,
3386 1283 3486 1336 hos

1908 1369 2052 1422 nulla
2075 1371 2229 1423 venia
2261 1371 2450 1440 dignos
2476 1387 2613 1436 esse,
2646 1385 2746 1424 nec
2779 1371 2956 1426 locum
2978 1370 3361 1426 satisfactionis
3387 1373 3489 1426 ha-

1907 1458 2053 1524 bere,
2084 1476 2183 1514 nec
2203 1477 2354 1530 spem
2383 1461 2573 1515 futura:
2597 1460 2953 1516 restitutionis
2979 1462 3192 1530 penitus
3221 1463 3479 1532 opperiri.

1910 1569 1988 1624 De
2019 1571 2097 1624 his
2124 1573 2210 1643 qui
2238 1589 2350 1626 cum
2381 1581 2583 1644 suntex
2614 1574 2721 1626 alia
2751 1574 3032 1644 provincia,
3064 1576 3118 1628 in
3147 1575 3265 1628 aliis
3295 1576 3486 1629 audent

2403 1643 2758 1696 ordinationes
2785 1645 2999 1712 efﬁcere.

1835 1751 1879 1809 Β
1980 1733 2109 1788 XCI.
2145 1734 2329 1789 Nullus
2360 1736 2642 1804 episcopus
2668 1751 2736 1789 ex
2766 1737 2869 1790 alia
2901 1736 3177 1805 provincia
3204 1737 3398 1792 audeat
3426 1737 3491 1794 ad

1914 1825 2075 1880 aliam
2107 1825 2435 1895 transgredi,
2481 1836 2536 1880 et
2566 1827 2633 1880 ad
2662 1829 3057 1896 promotionem
3085 1830 3367 1883 ministerii
3399 1829 3492 1884 ali-

1914 1933 2052 1987 quos
2082 1917 2135 1970 in
2164 1917 2418 1972 Ecclesiis
2448 1917 2724 1982 ordinare,
2756 1919 2884 1972 licet
2912 1934 3233 1973 consensum
3273 1919 3489 1973 videan-

1917 2016 2002 2061 tur
2030 2007 2269 2077 prmbere
2295 2008 2538 2062 nonnulli
2564 2026 2576 2060 :
2606 2009 2707 2062 nisi
2734 2009 2924 2063 litteris
2944 2018 3049 2063 tam
3069 2011 3494 2080 metropolitani,

1914 2113 2075 2168 quam
2118 2105 2468 2162 cmtcrorum,
2519 2097 2761 2166 quicum
2792 2113 2857 2152 eo
2898 2109 3047 2164 sunt,
3097 2099 3494 2168 episcrqaorum,

1915 2194 2133 2255 rogatus
2181 2187 2467 2254 adveniat,
2519 2195 2574 2241 et
2618 2187 2697 2242 sic
2739 2187 2806 2241 ad
2834 2188 3098 2242 actionem
3140 2189 3496 2244 ordinationis

1917 2281 2160 2336 accedat.
2187 2277 2243 2334 Si
2273 2295 2404 2335 vero
2436 2279 2583 2334 nullo
2608 2288 2856 2342 vocante,
2897 2280 3200 2334 inordinate
3227 2297 3377 2336 more
3405 2282 3496 2336 dc—

1918 2378 2174 2440 properet
2195 2384 2358 2438 super
2383 2369 2652 2437 aliquibus
2685 2369 3112 2424 ordinationibus
3142 2380 3196 2423 et
3241 2372 3497 2426 ecclesia-

1920 2457 2069 2513 sticis
2099 2457 2346 2526 negotiis,
2399 2457 2465 2511 ad
2496 2472 2618 2511 eum
2669 2472 2776 2512 non
2816 2457 3229 2526 pertinentibus,
3280 2475 3499 2529 compo-

1921 2547 2110 2602 nendis
2129 2587 2143 2612 ,
2172 2547 2322 2600 irrita
2369 2547 2586 2616 quidem
2625 2561 2746 2616 quae
2770 2547 2836 2601 ab
2866 2563 2932 2602 eo
2957 2557 3217 2616 geruntur
3245 2550 3499 2623 existant,

1924 2637 2040 2707 ipse
2093 2654 2222 2693 vero
2281 2639 2624 2708 incompositi
2672 2647 2851 2694 motus
2895 2640 2977 2695 sui
3020 2648 3075 2694 et
3123 2641 3502 2696 irrationabilis

1922 2729 2160 2783 audaciae
2204 2730 2394 2784 subeat
2422 2730 2714 2798 ultionem,
2765 2744 2833 2785 ex
2877 2731 2982 2785 hoc
3021 2730 3131 2800 jam
3163 2731 3444 2786 damnatus
3471 2749 3502 2788 a

1924 2827 2110 2873 sancto
2141 2819 2392 2873 concilio.

1927 2931 2006 2987 De
2029 2933 2351 3008 dissensione
2396 2949 2510 3008 quia
2547 2950 2700 3008 super
2728 2937 3080 3008 episcoporum
3134 2938 3505 3008 dijudicatione

2033 3004 2306 3073 contingit,
2340 3004 2712 3074 appellantium
2739 3004 3080 3074 provinciales
3119 3004 3393 3062 antistites.

242 3111 368 3184 nihil
397 3144 560 3197 agere
583 3137 774 3192 tentet,
795 3137 988 3198 praeter
1009 3130 1304 3182 antistitem
1331 3129 1824 3197 metropolitanum,

1998 3112 2156 3168 XCll.
2189 3111 2244 3167 Si
2265 3114 2384 3184 quis
2410 3114 2693 3184 episcopus
2722 3112 2789 3168 de
2817 3115 2978 3168 certis
3020 3116 3329 3170 criminibus
3363 3117 3506 3186 judi-

244 3239 340 3276 nec
389 3219 843 3289 metropolitanus
878 3220 995 3274 sine
1041 3228 1359 3276 czcterorum
1408 3227 1562 3291 gerat
1605 3221 1829 3276 consilio

247 3313 614 3368 sacerdotum.

554 3418 634 3472 De
661 3419 738 3472 his
769 3419 853 3490 qui
875 3429 1120 3474 vocantur
1145 3419 1516 3489 chorepiscopi.

321 3507 602 3563 XXCVIII.
635 3508 735 3573 Qui
792 3509 844 3561 in
899 3509 1032 3563 vicis
1075 3508 1159 3562 vel
1201 3508 1630 3578 possessionibus
1675 3507 1835 3563 chur-

253 3601 491 3670 episcopi
541 3601 907 3664 nominantur,
944 3601 1188 3670 quamvis
1216 3615 1407 3655 manus
1436 3599 1832 3669 impositionem

255 3695 634 3762 episeOporum
677 3693 1043 3761 perceperint,
1097 3701 1152 3746 et
1183 3699 1243 3745 ut
1271 3692 1509 3762 episcopi
1535 3694 1864 3747 consecrati-

255 3787 359 3840 sint
389 3827 404 3850 ,
454 3793 637 3839 tamen
667 3798 866 3840 sancta:
895 3789 1100 3856 synodo
1129 3785 1346 3854 placuit,
1381 3792 1440 3838 ut
1465 3784 1682 3839 modum
1707 3799 1834 3854 pro-

259 3875 427 3942 prium
475 3881 906 3941 recognoscant,
965 3881 1024 3927 ut
1071 3873 1373 3941 gubernent
1417 3872 1688 3942 subjectos
1736 3874 1836 3928 sibi

259 3961 548 4028 Ecclesias,
581 3977 875 4032 earumque
933 3962 1300 4018 moderamine
1335 3977 1569 4032 curaque
1597 3964 1838 4019 contenti

261 4052 382 4104 sint.
419 4050 688 4104 Ordiueut
717 4052 876 4105 etiam
923 4052 1152 4106 lectores
1190 4060 1243 4106 et
1273 4052 1631 4108 subdiaconus
1677 4063 1840 4122 atque

261 4141 594 4204 cxorcislas;
640 4140 832 4210 quibus
869 4141 1242 4210 promotiones
1269 4142 1381 4196 ista:
1409 4143 1696 4199 sufficiant.
1730 4145 1840 4200 Nec

265 4231 636 4301 presbyterum
664 4245 794 4285 vero
813 4271 830 4298 ,
862 4245 962 4285 nec
988 4230 1275 4286 diaconum
1306 4231 1541 4286 audeant
1568 4233 1838 4301 ordinare,

268 4333 456 4390 prater
475 4321 714 4375 civitatis
741 4321 1073 4390 episcopum,
1104 4323 1189 4376 cui
1220 4322 1332 4391 ipse
1359 4337 1479 4377 cum
1501 4325 1842 4392 possessione

269 4413 537 4480 subjectus
563 4422 666 4467 est.
697 4411 754 4466 Si
788 4413 908 4481 quis
943 4420 1122 4467 autem
1152 4413 1450 4482 transgredi
1483 4423 1684 4469 statuta
1723 4425 1841 4470 ten-

1932 3214 2104 3269 cetur,
2135 3212 2189 3259 et
2217 3205 2492 3272 contingat
2517 3203 2583 3258 de
2610 3219 2675 3258 eo
2702 3205 3060 3274 provinciales
3092 3208 3372 3276 episcopos
3400 3209 3504 3263 dis-

1932 3298 2106 3352 sidere
2135 3338 2149 3361 ,
2184 3312 2306 3351 cum
2353 3296 2621 3366 judicatus
2664 3296 2731 3350 ab
2779 3296 2896 3349 aliis
2945 3297 3204 3351 innocens
3250 3298 3505 3366 creditur,

1933 3406 2058 3445 reus
2087 3390 2154 3442 ab
2197 3389 2314 3451 aliis
2349 3406 2360 3442 :
2395 3404 2492 3458 pro
2547 3391 2709 3444 totius
2762 3389 3121 3457 ambiguitatis
3151 3390 3506 3457 absolutiOne,

1933 3489 2133 3535 sanctae
2166 3479 2370 3550 synodo
2411 3479 2630 3554 placuit,
2664 3487 2722 3535 ut
2748 3479 3195 3549 metropolitauus
3225 3482 3508 3551 episcopus

1936 3584 1968 3623 a
1994 3570 2168 3624 vicina
2200 3569 2474 3638 provincia
2526 3569 2734 3638 judices
2765 3569 2900 3624 alios
2944 3580 3227 3637 convocet,
3257 3572 3345 3641 qui
3375 3589 3507 3625 coii-

1937 3664 2249 3717 lroversiam
2276 3663 2504 3730 tollant,
2537 3671 2596 3716 ut
2635 3677 2732 3731 per
2769 3677 2863 3718 eos
2891 3662 3050 3716 simul
3079 3671 3134 3717 et
3168 3679 3265 3732 per
3294 3665 3510 3732 provin-

1937 3752 2099 3806 ciales
2145 3751 2444 3821 episcopos,
2478 3750 2621 3820 quod
2668 3750 2868 3820 justum
2899 3751 3069 3804 visum
3105 3749 3284 3816 fuerit,
3315 3765 3508 3820 appro-

1935 3842 2111 3895 betur.

1943 3947 2020 4002 De
2043 3948 2291 4018 episcopis
2339 3946 2402 4000 ab
2432 3945 2656 4015 ejusdem
2704 3944 2978 4018 provincia:
3005 3944 3353 3998 sacerdotibus
3381 3962 3507 4000 con-

2481 4024 2724 4068 sonanter
2745 4014 2988 4068 exclusis.
3386 4040 3388 4043 ·

2009 4125 2185 4181 XClll.
2221 4125 2277 4180 Si
2305 4125 2425 4194 quis
2447 4125 2730 4195 episcopus
2750 4124 2816 4178 de
2842 4125 3004 4179 certis
3025 4125 3334 4179 criminibus
3361 4141 3513 4183 accu-

1939 4227 2087 4274 satus
2126 4217 2511 4272 condemnetur
2556 4216 2624 4269 ab
2669 4215 2915 4270 omnibus
2964 4216 3229 4286 episc0pis
3274 4215 3512 4283 ejusdem

1941 4309 2264 4379 provinciae,
2297 4306 2581 4374 cunctique
2630 4321 2990 4360 consonanter
3036 4306 3280 4360 eamdem
3324 4295 3514 4361 centra
3581 4320 3584 4322 '

1943 4413 2064 4454 eum
2094 4397 2320 4452 Sumam
2372 4396 2573 4450 decreti
2628 4395 2946 4466 protulerint
2974 4395 3134 4461 hunc,
3191 4396 3332 4465 apud
3381 4396 3516 4452 alios

270 4479 497 4567 taverit,
543 4479 854 4571 depositus,
906 4517 1015 4571 quo
1055 4479 1324 4558 utebaturv
1348 4504 1553 4559 honore
1580 4505 1827 4574 privetur.

1945 4490 2092 4544 nullo
2118 4487 2276 4541 modo
2293 4484 2542 4554 judicari,
2569 4485 2668 4540 sed
2704 4485 2908 4539 ﬁrmam
2934 4487 3373 4541 concordantium
3398 4487 3485 4557 epi

267 4591 723 4662 Cborepiscopum
754 4608 883 4649 vero
911 4593 1144 4648 civitatis
1171 4594 1454 4664 episcopus
1482 4595 1725 4661 ordinet,
1755 4596 1842 4651 cui

270 4683 356 4736 ille
375 4683 649 4750 subjectus
670 4692 771 4737 est.

377 4793 458 4847 De
473 4795 725 4864 episcopis
746 4804 795 4848 et
814 4796 1013 4848 clericis
1035 4795 1339 4851 adeuntibus
1357 4797 1736 4868 imperatorem.

341 4883 571 4939 XXCIX.
601 4885 661 4940 Si
687 4886 807 4954 quis
828 4887 1128 4955 episcopus,
1161 4895 1256 4941 aut
1283 4888 1580 4959 presbyter,
1615 4898 1706 4942 aut
1729 4890 1848 4960 qui-

273 4975 403 5030 libet
425 4977 624 5044 regulre
649 4977 922 5046 subjectus
942 4976 1213 5045 Ecclesiaé,
1239 4988 1437 5049 praeter
1476 4981 1756 5036 consilium
1791 4989 1846 5037 et

275 5065 482 5119 litteras
508 5066 884 5135 episcoporum
909 5069 1226 5137 provinciae,
1267 5077 1322 5125 et
1347 5072 1617 5141 praecipue
1645 5081 1850 5127 metro-

276 5153 529 5223 politani,
572 5155 766 5210 adierit
825 5157 1207 5227 imperatorem
1232 5199 1247 5224 ,
1288 5161 1432 5216 hunc
1479 5162 1759 5232 reprobari
1797 5172 1852 5218 et

276 5245 438 5313 sbjiei
469 5255 744 5316 oportere,
776 5262 882 5302 non
911 5248 1088 5303 solum
1109 5264 1140 5303 a
1162 5252 1558 5316 communione,
1581 5268 1767 5308 verum
1796 5263 1852 5310 et

277 5337 346 5391 ab
401 5338 608 5392 honore
651 5337 803 5406 cujus
843 5340 1112 5410 particeps
1158 5341 1368 5396 videtur
1413 5342 1664 5397 existere.
1715 5344 1850 5410 Quia

275 5429 571 5483 verterandi
601 5430 856 5498 principis
897 5430 1114 5484 auribus
1152 5431 1455 5486 molestiam
1503 5434 1725 5487 tentavit
1771 5435 1856 5490 in-

280 5520 446 5584 ferre,
470 5530 658 5574 contra
685 5521 831 5589 leges
844 5519 1113 5576 Ecclesizc.
1136 5519 1192 5575 Si
1215 5523 1378 5592 igitur
1395 5522 1543 5578 adire
1565 5524 1858 5596 principem

283 5616 590 5670 necessaria
626 5632 786 5673 causa
815 5617 1084 5688 deposcit,
1117 5617 1222 5675 hoc
1267 5628 1455 5688 agatur
1481 5637 1602 5677 cum
1630 5629 1862 5678 tractatu

287 5717 340 5758 et
362 5709 588 5766 consilio
609 5711 1029 5784 metropolitani,
1051 5722 1105 5770 et
1125 5722 1442 5772 ceterorum
1487 5716 1859 5788 episcoporum

1945 4595 2227 4650 scoparum
2258 4577 2545 4648 provinciae
2574 4591 2792 4632 manere
2821 4576 3163 4632 sententiam.

2384 4686 2464 4741 De
2489 4687 2786 4742 vacantibus
2814 4687 3088 4754 episwpis.

1993 4779 2198 4858 (XCIV.
2243 4779 2301 4834 Si
2330 4781 2450 4849 quis
2475 4779 2759 4849 episcopus
2795 4794 2990 4834 vacans
3018 4779 3071 4832 in
3101 4775 3395 4848 Ecclesiam
3427 4793 3526 4830 va-

1949 4882 2161 4930 cantem
2185 4873 2446 4943 prosiliat,
2474 4873 2762 4942 sedemque
2811 4873 3065 4943 pervadat
3088 4874 3286 4940 absque
3315 4872 3521 4937 integro

1956 4962 2303 5034 perfectoque
2342 4962 2592 5028 concilio,
2634 4963 2722 5017 hic
2751 4961 3032 5031 abjiciatur
3056 4977 3274 5016 necesse
3295 4968 3396 5020 est,
3423 4958 3524 5017 etsi

1956 5065 2180 5112 cunctus
2222 5056 2468 5125 populus,
2489 5070 2647 5125 quem
2678 5054 2914 5124 diripuit,
2939 5069 3060 5109 eum
3089 5053 3287 5106 habere
3314 5051 3525 5118 delege-

1957 5147 2046 5200 rit.
2078 5143 2379 5200 Perfectum
2409 5160 2538 5200 vero
2566 5145 2849 5200 concilium
2877 5144 3003 5196 illud
3033 5150 3134 5206 est,
3161 5142 3248 5196 ubi
3275 5142 3526 5198 interfue-

1959 5239 2030 5293 rit
2054 5239 2498 5308 metropolitanus
2519 5237 2759 5290 antistes.

2030 5352 2110 5406 De
2129 5352 2207 5406 his
2228 5353 2333 5421 qui,
2365 5367 2478 5404 cum
2507 5349 2574 5402 ad
2593 5349 2938 5419 episcopatum
2962 5356 3224 5408 vocantur,
3248 5349 3456 5400 evitant.

2031 5441 2189 5497 XCV.
2217 5441 2274 5496 Si
2303 5443 2422 5510 quis
2447 5440 2731 5509 episcOpus
2778 5452 2967 5491 manus
2988 5437 3385 5514 impositionem
3417 5439 3531 5508 epi-

1961 5543 2214 5603 scopatus
2240 5533 2529 5602 acceperit,
2561 5539 2636 5595 et,
2685 5543 2916 5600 pratesse
2945 5530 3142 5600 populo
3171 5532 3496 5588 constitutus
3514 5573 3532 5600 ,

1962 5626 2315 5683 ministerium
2337 5625 2518 5680 subire
2540 5625 2853 5692 neglexerit,
2885 5639 2988 5679 nec
3008 5624 3337 5692 acquieverit
3361 5626 3437 5678 ire
3465 5623 3532 5678 ad

1966 5715 2260 5775 Ecclesiam
2308 5716 2410 5775 sibi
2458 5717 2800 5774 commissam
2834 5734 2848 5771 :
2879 5715 3020 5772 hunc
3056 5722 3273 5784 oportet
3295 5728 3532 5773 comma.
