4040 6202
505 251 608 308 I63

1819 255 2165 314 MYSIUS
2199 257 2512 316 EXIGUUS.

3643 226 3754 332 tot

506 368 668 422 nione
686 366 905 437 privari,
941 366 1114 422 donec
1141 368 1437 435 susceperit
1463 375 1681 423 coactus
1707 367 1968 432 officium,
1994 377 2086 423 aut
2114 378 2158 433 Α
2189 387 2288 426 nec
2319 373 2614 428 emistituat
2669 373 3011 444 presbyteros
3039 385 3131 430 aut
3158 374 3417 435 diaconos
3451 379 3602 437 alteri
3631 388 3758 442 sub-

505 445 655 514 certe
679 460 744 513 de
787 475 853 514 eo
882 458 1081 529 aliquid
1113 459 1319 527 integra
1347 459 1654 516 decreverit
1678 458 1918 528 ejusdem
1958 476 2086 531 pro-

508 550 695 604 vincia:
725 550 962 620 synodus
989 550 1346 606 sacerdotum.

516 661 592 715 De
636 662 714 716 his
751 663 836 731 qui
892 671 1255 742 promoventur
1293 661 1360 714 ad
1397 662 1767 730 episc0patum,
1813 680 1908 718 nec
1949 664 2084 718 reci-

1186 740 1415 800 piantur.

578 823 758 878 XCVI.
790 821 843 878 Si
871 824 992 893 quis
1028 823 1310 892 episcopus
1351 823 1628 878 ordinatus
1669 824 1733 886 ad
1778 824 2088 893 parochiam

510 913 727 967 minime
763 913 847 966 cui
893 920 976 967 est
1014 913 1220 967 electus
1269 914 1586 978 accesserit,
1631 929 1740 968 non
1784 929 1886 968 suo
1923 916 2083 975 vitio.

509 1005 604 1061 sed
629 1003 774 1072 quod
810 1020 939 1059 euro
964 1012 1057 1059 aut
1104 1005 1333 1075 populus
1373 1005 1524 1069 vitet,
1550 1013 1643 1059 aut
1683 1013 1902 1075 propter
1928 1007 2085 1062 aliam

509 1111 744 1160 causam,
774 1112 878 1151 non
932 1104 1110 1154 tamen
1138 1096 1255 1164 ejus
1302 1097 1433 1155 vitio
1486 1103 1850 1166 perpetratam
1879 1114 1892 1150 :
1925 1097 2011 1151 hic
2033 1105 2090 1151 et

509 1187 732 1241 honoris
758 1188 846 1248 sit,
871 1195 926 1240 et
952 1187 1228 1245 ministerii
1258 1188 1541 1256 particeps,
1560 1187 1848 1242 dummodo
1872 1187 1947 1244 nil
1973 1203 2092 1241 mo-

511 1276 678 1330 lestus
701 1277 954 1334 Ecclesia!
984 1278 1142 1331 rebus
1191 1279 1404 1341 existat,
1437 1277 1528 1331 ubi
1556 1277 1860 1333 ministrare
1888 1293 2086 1346 cogno-

509 1371 695 1425 scitur.
728 1359 897 1436 Quem
929 1370 1090 1424 etiam
1145 1369 1434 1423 observare
1487 1369 1773 1423 conveniet
1829 1369 2087 1438 quidquid

511 1461 751 1532 synodus
779 1459 1014 1530 perfecta
1043 1459 1353 1529 provinciae,
1379 1458 1525 1528 quod
1552 1458 1722 1512 visum
1753 1457 1928 1522 fuerit,
1948 1456 2090 1526 judi-

512 1547 687 1603 cando
708 1549 1029 1604 decreverit.

636 1662 714 1716 De
739 1659 1115 1732 episcopalibus
1139 1661 1196 1714 in
1221 1659 1497 1730 provinciis
1526 1657 1962 1712 ordinationibus.

2183 459 2362 528 jectos
2388 463 2670 532 episeopo,
2720 463 2822 517 nisi
2863 463 3006 520 forte
3057 480 3178 524 cum
3219 471 3444 527 consilio
3473 481 3529 528 et
3573 474 3757 530 volun.-

2191 558 2299 604 tate
2340 551 2573 618 regionis
2619 553 2882 622 episcopi.
2930 553 2987 610 8i
3027 557 3148 624 quis
3193 568 3372 614 autem
3407 561 3512 617 tale
3558 564 3759 634 aliquid

2187 637 2366 694 facere
2395 643 2698 704 tentaverit,
2751 643 2899 700 irrita
2926 646 2996 700 sit
3041 646 3155 714 ejus
3193 649 3494 714 ordinatio,
3547 662 3602 706 et
3645 655 3756 723 ipse

2189 740 2502 785 cooreeatur
2525 748 2555 786 a
2586 734 2812 804 synodo,
2843 751 2974 792 nam
2997 737 3042 792 si
3071 739 3319 796 ordinare
3361 755 3468 796 non
3500 747 3752 814 potuerit,

2190 823 2491 877 nullatenus
2512 824 2794 892 judicabit.

2193 929 2260 990 Ut
2293 932 2466 990 nullus
2514 933 2584 992 ad
2628 929 2985 1014 episcopatum
3011 953 3104 1006 pro
3156 954 3212 994 se
3241 941 3520 996 constituat
3546 960 3754 1014 prom-

2858 1007 3091 1060 vendam.

2257 1109 2340 1166 Cl.
2376 1110 2640 1184 Episcopo
2671 1130 2779 1169 non
2809 1115 2973 1170 licere
2999 1133 3098 1187 pro
3143 1133 3202 1173 se
3229 1120 3453 1182 alterum
3484 1139 3761 1185 successo-

2188 1215 2301 1255 rem
2334 1203 2432 1256 sibi
2460 1205 2806 1273 constituerc,
2833 1205 2957 1261 licet
2984 1207 3047 1261 ad
3077 1209 3276 1263 exitum
3301 1213 3421 1265 vita:
3451 1215 3758 1281 perveniat:

2189 1292 2332 1360 quod
2354 1292 2398 1346 si
2428 1294 2534 1348 tale
2580 1296 2777 1364 aliquid
2811 1298 3002 1352 factum
3032 1297 3224 1366 fuerit,
3257 1302 3465 1356 irritum
3495 1319 3614 1359 esse
3661 1307 3762 1362 hu-

2183 1383 2478 1452 juscemodi
2508 1387 2873 1442 constitutum.
2915 1391 3168 1445 Servctur
3195 1401 3374 1446 autem
3405 1393 3493 1461 jus
3513 1397 3763 1453 ecclesia-

2189 1475 2402 1538 sticum,
2428 1474 2479 1528 id
2501 1477 2786 1532 continens
2801 1487 3053 1548 oportere
3073 1483 3348 1539 nonaliter
3359 1486 3492 1551 ﬂeri,
3511 1488 3611 1543 nisi
3637 1504 3761 1548 cum

2187 1563 2398 1635 synodo
2442 1574 2498 1620 et
2536 1565 2736 1635 judicio
2783 1569 3190 1640 episcoporum,
3243 1576 3334 1645 qui
3385 1586 3512 1646 post
3556 1579 3763 1634 obitum

2191 1656 2517 1723 quiescentis
2546 1666 2868 1727 potestatem
2895 1660 3119 1729 habent,
3149 1679 3293 1732 eum,
3325 1667 3416 1735 qui
3446 1668 3634 1738 dignus
3662 1684 3762 1724 ex-

582 1773 787 1830 XCVII.
819 1772 1112 1844 Episcopus
1142 1779 1336 1842 praeter
1361 1769 1621 1841 synodum
1670 1778 1724 1824 et
1753 1765 2084 1838 pnesentiam

2192 1746 2406 1810 stiterit,
2429 1761 2769 1815 promovere.

511 1863 916 1934 metropolitani
939 1863 1250 1916 nullatenus.
1267 1860 1563 1915 ordinetur.
1585 1858 1698 1914 Hoc
1719 1866 1897 1916 autem
1919 1855 2091 1912 modis

513 1956 761 2011 omnibus
789 1968 969 2007 coram
999 1953 1173 2022 posito
1204 1950 1393 2007 melius
1435 1949 1647 2016 quidem
1677 1955 1777 2006 est.
1809 1954 1868 2006 ut
1906 1955 2091 1999 omnes

512 2041 670 2107 simul
717 2039 894 2094 adsint
946 2038 1183 2107 ejusdem
1237 2037 1524 2108 provincia:
1574 2036 1924 2090 sacerdotes:
1957 2039 2105 2102 quos’

511 2130 962 2200 metropolitanus
1009 2128 1294 2202 episcopus
1343 2127 1609 2187 advocare
1654 2127 1887 2182 debebit.
1929 2124 1993 2178 Et
2045 2125 2088 2179 si

511 2220 730 2290 quidem
753 2235 943 2274 omnes
972 2219 1327 2290 occurrerint,
1359 2218 1588 2291 optime;
1621 2217 1763 2285 quod
1792 2217 1835 2270 si
1860 2217 1964 2270 hoc
1992 2214 2092 2269 dif-

512 2311 653 2366 ficile
681 2309 859 2373 fuerit,
887 2308 1076 2364 saltem
1105 2308 1287 2380 plures
1309 2307 1497 2370 adesse
1536 2307 1847 2366 omnimodo
1887 2321 2088 2360 conve-

513 2404 592 2457 nit
625 2420 638 2455 :
673 2408 764 2464 aut
813 2409 961 2454 certe
1006 2400 1218 2469 scriptis
1247 2396 1486 2468 ejusdem
1521 2398 1798 2454 sententia:
1843 2411 2092 2468 compro-

511 2492 650 2560 bari,
681 2499 736 2547 et
789 2492 860 2545 ita
909 2491 1007 2545 sub
1055 2491 1403 2559 plurimorum
1434 2488 1519 2542 vel
1570 2488 1849 2558 pnesentia
1878 2488 1964 2543 vel
1993 2487 2093 2542 de~

511 2590 662 2637 creto
705 2581 975 2645 ordinatio
998 2580 1318 2638 celebretur.
1347 2577 1502 2645 Quod
1529 2579 1570 2632 si
1601 2591 1756 2636 secus
1782 2587 1966 2633 contra
1995 2577 2092 2632 de-

511 2669 660 2726 ﬁnita
690 2670 885 2726 factum
912 2670 1088 2732 fuerit,
1117 2669 1288 2723 nullas
1313 2668 1578 2723 ordinatio
1609 2667 1751 2724 vires
1778 2667 1974 2722 habeat
2000 2683 2015 2732 ;
2042 2666 2087 2720 si

511 2777 641 2817 vero
681 2761 832 2830 juxta
875 2759 1149 2815 definitam
1179 2759 1416 2827 regulam
1449 2758 1563 2826 fiat,
1605 2765 1661 2812 et
1703 2757 1942 2812 nonnulli
1989 2772 2087 2826 pro

509 2857 856 2912 contentione
883 2853 1103 2924 propria
1135 2851 1528 2917 contradicant,
1561 2850 1802 2906 obtineat
1821 2851 2087 2905 sententia

507 2947 878 3018 plurimorum.

507 3059 587 3116 Dc
611 3060 820 3131 synodis
841 3073 954 3130 qua:
974 3054 1196 3131 debent
1221 3050 1284 3131 ab
1313 3053 1564 3131 episcopis
1583 3091 1604 3131 ,_
1620 3051 1728 3110 suis
1751 3050 2082 3120 temporibus.

967 3128 1021 3180 in
1055 3125 1318 3196 provincia
1342 3121 1625 3176 celebrari.

573 3239 804 3296 XCVIII.
828 3238 1056 3308 Propter
1098 3235 1355 3292 utilitates
1396 3231 1819 3296 ecclesiasticas,
1852 3241 1908 3286 et
1929 3231 2088 3286 abso-

503 3332 740 3387 lutiones
768 3344 952 3384 earum
977 3342 1152 3381 rerum
1181 3339 1298 3394 qua:
1339 3321 1726 3378 dubitationem
1773 3329 2089 3375 controver-

501 3422 744 3490 siamque
793 3417 1080 3486 recipiunt,
1130 3415 1331 3485 optime
1383 3411 1588 3483 placuit
1614 3420 1673 3465 ut
1713 3425 1811 3480 per
1854 3409 2087 3479 singulas

501 3525 743 3581 quasque
767 3506 1072 3579 provincias
1100 3505 1181 3560 bis
1211 3504 1262 3558 in
1293 3517 1434 3557 anno
1460 3502 1836 3574 episcoporum
1860 3500 2086 3555 concilia

504 3603 869 3659 celebrentur.
898 3599 1074 3658 Semel
1097 3597 1313 3668 quidem
1341 3603 1465 3667 post
1496 3595 1707 3650 tertiam
1731 3595 2085 3664 septimanam

507 3696 632 3751 festi
662 3693 938 3749 Paschalis
963 3711 975 3747 :
1010 3693 1083 3748 ita
1115 3699 1175 3745 ut
1194 3698 1384 3760 quarta
1413 3688 1711 3761 septimana
1740 3685 2086 3742 Pentecostes

504 3785 796 3842 conveniat
850 3783 1114 3855 synodus,
1145 3779 1562 3850 metmpolitano
1592 3778 1948 3849 provinciales
1974 3778 2088 3847 epi-

499 3891 700 3949 scopos
747 3875 1094 3930 admonente.
1128 3871 1381 3928 Secunda
1410 3885 1540 3926 vero
1587 3869 1820 3944 synodus
1851 3869 1942 3923 tiat
1971 3869 2088 3924 idus

500 3967 772 4033 Octobris,
805 3967 856 4021 id
887 3975 988 4032 est,
1013 3965 1202 4034 quinto
1243 3963 1456 4020 decimo
1484 3961 1571 4018 die
1599 3962 1797 4017 mensis
1815 3959 2080 4036 Octobris,

497 4073 656 4128 quem
708 4056 1161 4128 llypcrbereueon
1205 4053 1379 4108 (ἓποί
1425 4052 1826 4121 cognominant.
1857 4049 1914 4102 In
1958 4050 2086 4120 ipsis

500 4160 682 4205 autem
706 4147 951 4202 conciliis
979 4146 1154 4201 adsint
1176 4144 1496 4214 presbyteri,
1525 4152 1582 4197 et
1606 4141 1838 4205 diaconi,
1873 4150 1928 4196 et
1965 4157 2084 4196 om-

505 4256 603 4296 nes
631 4241 724 4308 qui
752 4255 812 4294 se
855 4238 1011 4293 laesos
1046 4236 1350 4290 existimant
1379 4251 1392 4287 :
1426 4242 1480 4287 et
1508 4231 1695 4304 synodi
1738 4231 2083 4300 experiantur

496 4345 744 4384 examen.
775 4329 943 4382 Nullis
978 4343 1108 4381 vero
1139 4326 1298 4380 liceat
1339 4324 1480 4396 apud
1507 4339 1566 4378 se
1589 4323 1866 4378 celebrare
1895 4321 2083 4376 conci-

497 4420 586 4486 lia,
619 4429 812 4488 prseter
835 4433 927 4471 eos
967 4416 1160 4485 quibus
1182 4430 1211 4468 a
1238 4413 1665 4486 metropolitanis
1687 4411 1934 4468 videntur
1962 4425 2080 4466 esse

495 4510 613 4581 jura
638 4509 942 4564 commissa.

504 4619 572 4676 Ut
596 4619 739 4676 nullo
761 4619 910 4675 modo
942 4619 1004 4673 dc
1024 4618 1270 4689 parochia
1310 4616 1380 4671 ad
1419 4619 1577 4670 aliam
1623 4616 1923 4687 parochiam
1962 4615 2073 4687 epi-

1058 4704 1243 4758 πορεία
1271 4697 1520 4741 transeat.

565 4799 723 4857 XCIX
771 4799 1066 4871 Episcopus
1093 4799 1160 4852 ab
1185 4799 1287 4852 alia
1318 4797 1574 4870 parochia
1605 4810 1943 4865 nequaquam
1973 4795 2074 4849 mi-

493 4903 610 4964 gret
636 4894 702 4948 ad
741 4893 922 4960 aliam,
953 4906 1053 4945 nec
1083 4898 1273 4960 sponte
1301 4903 1397 4943 sua
1427 4887 1936 4956 prorsus'insiliens,
1969 4900 2071 4941 nec

492 4987 545 5040 vi
574 4993 796 5040 coactus
824 4997 855 5037 a
884 4980 1127 5052 populis,
1167 4993 1269 5032 nec
1323 4979 1390 5032 ab
1442 4977 1699 5047 episc0po
1748 4975 2073 5031 necessitate

493 5075 843 5144 compulsus:
875 5077 1090 5127 maneat
1136 5077 1315 5124 autem
1365 5068 1420 5122 in
1465 5066 1705 5121 Ecclesia
1747 5081 1908 5134 quam
1962 5064 2072 5136 pri-

492 5167 653 5220 mitus
675 5181 706 5220 a
735 5166 844 5220 Deo
889 5165 1112 5220 sortitus
1139 5171 1242 5229 est,
1296 5174 1397 5217 nec
1427 5159 1552 5214 inde
1583 5159 1938 5226 transmigrct,
1977 5171 2067 5212 se-

493 5252 726 5307 cundum
749 5253 1029 5322 pristinum
1060 5252 1128 5307 de
1153 5252 1257 5306 hac
1292 5266 1350 5305 re
1382 5248 1666 5305 terminum
1698 5247 2066 5303 constitutum.

495 5363 566 5420 Ut
590 5365 646 5420 in
668 5365 828 5418 altera
857 5365 1100 5434 parochia
1120 5364 1332 5419 clericos
1352 5363 1567 5419 alterius
1591 5361 1851 5432 parochias
1874 5359 2074 5430 episco-

683 5483 696 5496 ,
957 5452 1054 5505 pus
1071 5436 1361 5489 nullatenus
1383 5434 1607 5490 ordinet.

559 5527 620 5585 C.
651 5526 950 5598 Episcopus
991 5527 1223 5582 alienam
1271 5527 1568 5590 civitatem,
1599 5537 1720 5594 qua
1753 5538 1861 5579 non
1888 5531 1972 5580 est
1997 5521 2072 5578 illi

487 5618 748 5690 subjects,
775 5633 882 5673 non
910 5617 1068 5674 adeat
1098 5633 1112 5668 :
1140 5631 1244 5674 nec
1297 5615 1368 5670 ad
1413 5614 1816 5689 possessionem
1845 5611 2071 5670 accedat

489 5708 686 5782 quand
701 5721 946 5770 cannon
961 5705 1368 5782 pertinetsuper
1378 5704 1718 5771 ordinatione
1729 5701 2066 5772 «inquam,

2191 1855 2272 1910 De
2308 1858 2457 1914 rebus
2491 1860 2561 1912 ad
2610 1860 2901 1944 Ecclesium
2941 1867 3352 1946 pertinentibus,
3375 1879 3425 1924 et
3462 1872 3527 1925 de
3551 1873 3630 1928 Itis
3652 1891 3765 1944 qua

2502 1946 2714 2000 praprta
2742 1950 2969 2004 episcopi
2996 1953 3107 1990 esse
3139 1950 3440 1995 noscuntur.

2259 2034 2368 2092 Cit.
2392 2038 2518 2104 Qum
2547 2049 2670 2094 sunt
2701 2041 2969 2109 Ecclesia),
3001 2047 3100 2104 sub
3126 2047 3271 2102 omni
3303 2049 3677 2119 sollicitudine,
3708 2062 3766 2109 et

2190 2129 2520 2186 eonscientia
2540 2130 2699 2195 bona,
2719 2133 2899 2188 stlide
2920 2149 3038 2205 quae
3069 2136 3121 2190 in
3145 2136 3310 2192 Deum
3334 2145 3436 2206 est,
3459 2141 3549 2208 qui
3569 2151 3765 2198 cuncta

2189 2219 2510 2286 considerat,
2537 2220 2880 2292 judieatque,
2921 2234 3221 2293 serventur,
3265 2242 3385 2298 qua:
3437 2230 3599 2284 etiam
3652 2231 3766 2287 dis-

2189 2311 2463 2378 pensanda
2510 2322 2637 2370 sunt
2674 2314 2878 2383 judicio
2923 2325 2979 2372 et
3043 2326 3309 2387 potestate
3357 2322 3624 2390 pontificis
3676 2325 3763 2380 cui

2192 2403 2507 2458 commissus
2534 2412 2617 2458 est
2644 2407 2894 2475 populus,
2925 2415 2980 2462 et
3030 2409 3220 2463 animai
3248 2424 3367 2479 quia
3404 2410 3543 2466 intra
3573 2411 3764 2469 Eccle-

2188 2490 2322 2545 siam
2368 2504 2783 2562 congregantur.
2813 2496 3090 2554 Manifesta
3116 2514 3245 2554 vero
3287 2501 3416 2569 sint,
3445 2516 3563 2571 quae
3590 2505 3764 2573 perti-

2187 2594 2319 2635 nere
2344 2581 2592 2644 videntur
2619 2585 2688 2638 ad
2713 2582 3030 2655 Ecclesiam,
3060 2602 3181 2642 cum
3206 2589 3396 2642 notitia
3416 2591 3766 2661 presbytero-

2187 2683 2307 2726 rum
2351 2679 2408 2726 et
2447 2671 2799 2730 diaconorum
2849 2675 2940 2744 qui
2984 2676 3126 2732 circa
3174 2677 3345 2747 ipsum
3381 2690 3549 2736 sunt:
3580 2681 3653 2736 ita
3703 2690 3763 2738 ut

2187 2768 2500 2830 agnoscant,
2526 2778 2628 2819 nec
2656 2765 2922 2834 ignorent,
2955 2780 3074 2835 qua:
3110 2767 3217 2822 sint
3243 2767 3493 2825 Ecclesiae
3517 2773 3760 2842 propria,

2186 2865 2288 2906 nec
2339 2867 2435 2907 eos
2464 2853 2661 2922 aliquid
2710 2855 2894 2910 lateat.
2931 2853 3002 2911 Ut
3040 2857 3086 2911 si
3114 2857 3400 2926 contigerit
3446 2861 3764 2931 episcopum

2186 2939 2414 3008 migrare
2452 2941 2520 2996 de
2570 2943 2786 3010 sarculo,
2816 2944 2980 3001 certis
3029 2947 3382 3006 existentibus
3428 2949 3608 3018 rebus,
3639 2966 3766 3021 quae

2187 3042 2309 3086 sunt
2339 3033 2605 3102 Ecclesiae,
2638 3052 2738 3093 nec
2774 3039 2903 3108 ipsa:
2925 3040 3174 3110 collapsa
3194 3041 3504 3111 depereant,
3525 3060 3625 3100 nec
3639 3060 3766 3115 quas

2111 3098 2155 3162 ο
2189 3125 2403 3193 propria
2452 3098 2748 3195 probantur
2792 3098 3195 3202 episeOpi,.sub
3245 3098 3530 3188 occasione

2192 3212 2556 3280 pervadantur
2582 3213 2846 3274 Ecclesite.
2877 3215 3086 3272 Justum
3127 3234 3379 3289 namque,
3400 3229 3454 3275 et
3480 3233 3764 3294 acceptum

2186 3307 2268 3354 est
2295 3315 2476 3356 coram
2504 3302 2616 3359 Deo
2644 3311 2702 3360 et
2741 3305 3076 3376 hominibus,
3107 3316 3167 3362 ut
3208 3323 3303 3364 sua
3331 3310 3614 3381 episc0pus
3635 3314 3765 3382 qui-

2187 3391 2288 3446 bus
2311 3393 2560 3460 voluerit,
2591 3395 2962 3464 derelinquat,
2993 3405 3049 3452 et
3075 3413 3195 3468 qua:
3223 3397 3477 3456 Ecclesiae
3505 3409 3649 3464 sunt,
3681 3403 3764 3456 ei-

2185 3487 2306 3543 dem
2333 3495 2720 3546 coeseneutur
2747 3487 3022 3556 Ecclesite,
3049 3498 3109 3546 ut
3138 3507 3238 3548 nec
3275 3491 3511 3548 Ecclesia
3541 3494 3766 3563 aliquod

2187 3579 2422 3647 patiatur
2450 3578 2848 3637 incommodum
2868 3617 2886 3645 ,
2912 3594 3012 3635 nec
3039 3581 3323 3650 episcopus
3347 3583 3446 3638 sub
3474 3584 3766 3642 occasione

2184 3669 2549 3740 prosa-ibatur
2573 3667 2844 3731 Ecclesim,
2878 3677 2935 3724 et
2975 3669 3028 3724 in
3053 3684 3243 3728 causas
3287 3671 3544 3740 incidant,
3566 3673 3659 3741 qui
3693 3674 3765 3731 ad

2185 3775 2307 3816 eum
2338 3761 2639 3829 perti;.out,
2681 3767 2738 3814 et
2764 3760 2880 3829 ipso
2907 3767 3030 3829 post
3057 3760 3262 3822 obitum
3290 3763 3767 3824 maledictionibus

2185 3851 2510 3920 ingravetur.

2189 3964 2256 4020 Ut
2281 3964 2545 4036 episcopus
2574 3963 2910 4036 dispensandi
2939 3949 3020 4018 res
3047 3965 3422 4022 ecclesiasticas
3451 3967 3638 4024 habeat
3664 3988 3766 4042 po-

2610 4062 2613 4064 -
2839 4042 3092 4090 testatem.

2253 4143 2383 4199 ειη.
2410 4145 2706 4217 Episcopus
2734 4146 3218 4202 ecclesiasticarum
3242 4162 3424 4203 rerum
3443 4147 3638 4204 habeat
3661 4165 3765 4220 po.-

2186 4244 2454 4300 testatem,
2489 4236 2560 4292 ad
2606 4237 3022 4307 dispensandum
3079 4252 3206 4308 erga
3257 4253 3447 4296 omnes
3498 4241 3588 4310 qui
3616 4241 3764 4297 indi-

2183 4335 2330 4396 gent,
2362 4343 2484 4382 eum
2526 4343 2732 4383 summa
2787 4328 3089 4382 reverentia
3119 4336 3174 4382 et
3217 4328 3410 4385 timore
3439 4330 3550 4385 Dei.
3583 4330 3766 4389 Parti-

2187 4417 2330 4486 cipet
2357 4425 2536 4472 autem
2565 4425 2620 4472 et
2675 4417 2790 4488 ipse
2838 4416 3033 4488 quibus
3059 4415 3280 4486 indiget,
3336 4419 3379 4473 si
3409 4428 3589 4474 tamen
3619 4421 3764 4477 indi-

2185 4517 2294 4577 get,
2328 4517 2437 4563 tam
2475 4512 2602 4576 suis,
2628 4525 2788 4580 quam
2816 4509 3057 4576 fratrum,
3087 4510 3178 4579 qui
3197 4512 3264 4566 ab
3286 4526 3352 4566 eo
3372 4512 3764 4582 suscipiuntur,

2183 4601 2501 4656 necessariis
2521 4601 2703 4655 usibus
2729 4598 3039 4670 profuturis,
3071 4600 3144 4654 ita
3169 4609 3229 4655 ut
3251 4601 3304 4656 in
3332 4601 3476 4656 nulla
3517 4603 3765 4671 qualibet

2183 4691 2466 4745 occasione
2492 4691 2826 4758 fraudentur,
2853 4689 3005 4759 juxta
3050 4698 3294 4746 sanctum
3337 4691 3651 4760 Apostolum
3678 4693 3763 4749 sic

2179 4778 2490 4837 dicentem:
2523 4778 2792 4836 Habentes
2857 4779 3055 4836 victum
3115 4788 3173 4834 et
3225 4787 3623 4848 tegumentum,
3671 4781 3761 4836 his

2175 4871 2418 4928 contenti
2447 4886 2650 4929 smnus.
2681 4871 2836 4942 Quod
2855 4872 2901 4927 si
2930 4879 3216 4928 contentus
3243 4871 3362 4925 istis
3387 4873 3604 4927 minime
3633 4870 3753 4927 fue-

2177 4961 2268 5026 rit,
2297 4969 2578 5018 conivertat
2605 4971 2786 5018 autem
2815 4977 2902 5018 res
2946 4962 3208 5019 Ecclesia;
3237 4965 3291 5024 in
3335 4978 3463 5020 suos
3497 4979 3622 5020 usus
3648 4964 3758 5021 do-

2177 5055 2455 5119 mesticos.
2483 5062 2540 5108 et
2564 5054 2680 5122 ejus
2700 5054 2986 5112 commoda
3003 5056 3088 5110 vel
3120 5070 3372 5124 agrorum
3396 5054 3616 5122 fruetus,
3641 5071 3761 5114 non

2179 5163 2298 5205 CIIII
2330 5147 2759 5217 presbyterorum
2781 5147 3113 5208 conscientia
3159 5147 3618 5216 diaconorumquo
3636 5161 3766 5218 per-

2179 5247 2394 5309 tractet,
2423 5239 2520 5298 sed
2564 5240 2759 5294 horum
2785 5247 3109 5309 potestatem
3137 5237 3449 5295 domesticis
3498 5237 3632 5306 suis,
3659 5247 3762 5293 ant

2179 5331 2518 5403 prepinquis,
2574 5337 2668 5384 aut
2712 5328 2988 5397 fratribus,
3043 5327 3269 5398 ﬁliisque
3315 5328 3617 5384 committat
3645 5343 3659 5379 :
3692 5337 3762 5382 ut

2173 5437 2272 5493 por
2321 5419 2627 5490 hujusmodi
2663 5434 2925 5490 personas
2968 5419 3182 5476 occulte
3227 5419 3436 5474 canorae
3491 5415 3763 5471 kedantur

2173 5513 2443 5581 Ecclesia,
2474 5511 2680 5584 synodo
2707 5512 2998 5582 provincia:
3016 5527 3209 5582 pansa
3229 5511 3334 5569 iste
3370 5508 3660 5580 persolvat.
3693 5505 3762 5562 Si

2173 5613 2352 5661 autem
2376 5613 2434 5660 et
2459 5603 2617 5662 aliter
2643 5611 2926 5660 accusetur
2954 5603 3270 5673 episcopus,
3315 5609 3408 5658 aut
3451 5595 3756 5670 presbyteri

2171 5699 2263 5770 qui
2280 5713 2406 5762 cum
2424 5697 2541 5769 ipso
2569 5704 2714 5765 sum,
2760 5693 2906 5766 quod
2933 5709 2998 5758 ea
3021 5709 3142 5764 quae
3170 5694 3438 5765 pertinent
3463 5689 3530 5750 ad
3555 5688 3750 5746 Eccle-
