3982 6196
289 244 393 314 165

1252 253 1474 311 CGDEX
1508 252 1835 309 CANONUM
1873 247 2559 308 ECCLESIASTICOBUM.

2192 142 2219 150 ο-

3462 252 3557 307 186

285 376 444 435 siam,
474 370 562 425 vel
593 384 659 424 ex
679 369 838 437 agris,
871 369 957 424 vel
994 384 1061 425 ex
1090 368 1194 424 alia
1223 368 1461 437 qualibet
1497 366 1865 423 ecclesiastica
1894 368 1947 428 Δ
1971 373 2083 420 tam
2111 380 2291 420 sermo
2340 362 2757 433 praedicationis,
2791 349 2966 432 quam.
2993 364 3043 419 bi
3097 364 3185 433 qui
3215 363 3543 434 dispensant,

285 458 542 515 facultate
570 458 783 515 sibimet
813 459 1210 529 usurpent,‘ita
1239 467 1299 513 ut
1337 473 1404 514 ex
1435 457 1538 512 hoc
1567 456 1869 525 afﬂigantur

286 548 509 617 quidem
551 562 817 619 pauperes
868 548 1231 605 criminationi
1278 562 1413 611 vero
1441 555 1498 602 et
1522 546 1872 617 blaSphemiis

1975 456 2153 511 taliter
2179 463 2535 524 ‘exponantur
2569 472 2581 505 :
2613 464 2670 507 et
2722 457 2820 509 bos
2868 464 3082 524 oportet
3111 457 3326 525 corrigi,
3357 468 3544 512 sancta

1976 548 2206 620 synodo,
2238 546 2292 601 id
2319 546 2462 617 quod
2491 545 2769 608 condecet,
2804 548 3157 617 approbante.

894 794 1236 855 REGULJE
1300 792 1507 855 APUD
1560 791 2009 853 LAODICIAM
2061 788 2481 881 EXPOSlT/E
2547 789 2737 851 NUM.
2776 792 2938 851 LIX.

358 997 556 1053 Sancta
596 997 834 1070 synodus
881 1013 1000 1068 quae
1056 998 1198 1068 apud
1254 995 1573 1052 Laodiceam
1619 996 1867 1070 Phrygia:

290 1089 591 1144 Pacatianzc
616 1090 867 1145 convenit
886 1105 954 1144 ex
977 1089 1204 1146 diversis
1226 1090 1530 1158 regionibus
1554 1089 1711 1156 Asiae,
1741 1090 1874 1144 deﬁ-

290 1182 522 1235 nitiones
548 1182 800 1251 exposuit
824 1182 1224 1238 ecclesiasticas
1251 1197 1371 1252 quae
1411 1183 1598 1238 subter
1647 1196 1872 1238 annexa:

288 1279 439 1325 sunt.

908 1378 987 1434 De
1015 1381 1255 1453 bigamis.

357 1468 485 1523 CIV.
540 1470 613 1524 De
656 1468 744 1525 his
769 1471 881 1537 qui,
932 1472 1223 1526 secundum
1256 1471 1679 1528 ecclesiasticam
1718 1486 1879 1541 regu-

290 1558 421 1626 lam,
452 1560 624 1613 libere
651 1575 715 1614 ac
756 1559 996 1629 legitime
1023 1561 1274 1615 secundis
1304 1562 1504 1631 nuptiis
1526 1562 1699 1630 juncti
1728 1570 1872 1630 sunt,

292 1664 391 1703 nec
420 1651 635 1703 occulte
682 1651 992 1718 nuptiarum
1043 1652 1290 1720 copulam
1330 1650 1572 1707 fecerunt
1615 1670 1629 1706 :
1662 1661 1876 1723 oportet

291 1748 366 1803 ut,
400 1755 569 1809 parvo
595 1750 842 1809 tempore
869 1748 1174 1807 transacto,
1220 1752 1417 1797 vacent
1445 1744 1779 1799 orationibus
1820 1751 1876 1799 et

1972 992 2053 1046 De
2072 993 2157 1047 his
2184 994 2271 1066 qui
2303 994 2373 1048 ad
2409 994 3064 1118 Izcereticorumdspeluncas
3091 1014 3251 1053 causa
3296 1000 3555 1056 orationis

2630 1082 2746 1118 accc
2787 1076 2896 1118 unt.

2630 1076 2896 1118 accedunt.

2049 1154 2208 1209 CXII.
2242 1155 2393 1222 Quod
2424 1174 2529 1211 non
2576 1160 2954 1229 permittantur
2980 1161 3325 1217 ecclesiastici
3352 1164 3419 1219 ad
3445 1163 3554 1218 haz-

1980 1246 2272 1301 reticorum
2302 1248 2611 1303 cmmetcria
2638 1287 2650 1309 ,
2695 1249 2779 1302 vel
2826 1250 2891 1303 ad
2915 1265 2978 1303 ea
3008 1265 3124 1319 qua),
3153 1252 3221 1305 ab
3266 1253 3343 1305 eis
3369 1256 3549 1323 appel-

1982 1334 2163 1389 lantur
2205 1338 2485 1408 martyria,
2517 1339 2773 1393 orationis
2814 1354 2975 1393 causa
3001 1342 3083 1393 vel
3128 1343 3369 1397 sanitatis
3397 1359 3553 1398 acce-

1982 1424 2112 1479 dere
2145 1443 2157 1478 :
2190 1427 2282 1480 sed
2315 1427 2617 1494 bujusmodi
2644 1469 2660 1496 ,
2704 1428 2748 1483 si
2792 1428 2971 1484 ﬁdeles
2996 1429 3210 1496 fuerint,
3240 1441 3387 1486 certo
3419 1444 3554 1488 tem-

1980 1531 2114 1587 pore
2142 1522 2518 1574 communione
2568 1521 2768 1589 privari
2814 1539 2826 1574 :
2874 1524 3198 1591 poenitentes
3242 1533 3453 1593 autem,
3502 1538 3553 1582 et

1981 1605 2302 1663 conlitentes
2324 1624 2382 1664 se
2411 1609 2713 1679 deliquisse,
2741 1616 2993 1667 convenit
3018 1616 3235 1685 suscipi.

1980 1712 2060 1767 De
2088 1714 2165 1768 his
2188 1718 2273 1786 qui
2296 1733 2410 1771 cum
2451 1718 2703 1775 Itwreticis
2724 1724 3017 1791 nuptiarum
3037 1725 3218 1794 copula
3233 1725 3547 1798 junguntur.

287 1802 547 1899 Hamis,
591 1802 787 1899 quih'm
817 1832 976 1886 etiam
1001 1802 1171 1902 ἰωή
1201 1833 1587 1903 indulgentiam
1632 1850 1875 1897 commm
1908 1824 1949 1881 Β
2006 1802 2227 1903 .οξ[11.
2276 1804 2435 1903 Quod
2486 1823 2593 1863 non
2651 1813 3321 1903 oporteat‘indiﬂ‘erenter
3376 1819 3551 1871 eecle~

292 1922 506 1975 nionem
539 1921 691 1976 reddi
720 1921 1077 1983 decrevimus.

292 2032 371 2087 De
400 2034 479 2087 his
503 2034 590 2105 qui
613 2050 708 2105 pro
738 2034 952 2089 diversis
977 2036 1164 2089 erratis
1191 2036 1559 2105 paenitudinem
1588 2039 1873 2109 ferventius

940 2115 1237 2177 exegerunt.

359 2214 469 2270 CV.
499 2214 577 2270 De
604 2215 689 2270 his
720 2215 809 2285 qui
849 2214 1073 2272 diversis
1111 2215 1438 2279 facinoribus
1478 2228 1862 2289 peccaverunt,

288 2319 343 2362 et
381 2316 790 2377 perseverantes
836 2307 890 2361 in
935 2308 1180 2363 oratione
1227 2308 1580 2369 confessionis
1609 2318 1665 2364 et
1698 2311 1876 2378 poeni-

291 2401 474 2453 tentia:
523 2399 938 2454 conversionem
967 2414 998 2453 a
1049 2399 1205 2461 malis
1253 2400 1491 2457 habuere
1526 2400 1819 2469 perfectam
1853 2417 1867 2454 :

290 2506 389 2560 pro
413 2492 676 2560 qualitate
706 2490 924 2550 delicti.
957 2492 1155 2547 talibus
1181 2493 1508 2564 paenitentia:
1533 2502 1742 2565 tempus
1771 2496 1871 2549 im—

285 2596 514 2650 pensum
545 2590 767 2651 propter
795 2581 1137 2636 clementiam
1176 2589 1231 2636 et
1262 2581 1559 2638 bonitatem
1590 2583 1684 2639 Dei
1715 2600 1867 2639 com-

283 2674 469 2727 munio
499 2673 848 2727 concedatur.

319 2777 473 2845 Quod
500 2798 603 2836 non
636 2791 867 2853 oporteat
894 2783 963 2836 ad
1001 2784 1205 2867 clerum_
1230 2785 1404 2841 statim
1431 2791 1547 2857 post
1576 2786 1831 2858 baptisma

920 2870 1224 2921 promoveri.

352 2937 490 2994 CVI.
524 2939 600 2996 De
627 2941 712 2996 his
738 2943 829 3011 qui
857 2959 1033 3013 nuper
1062 2952 1186 2999 sunt
1213 2944 1496 3000 illuminati
1522 2946 1861 3016 baptismate,

278 3031 425 3100 quod
454 3047 552 3087 eos
582 3034 636 3086 in
682 3035 1005 3091 sacerdotali
1050 3053 1159 3092 non
1199 3038 1489 3093 conveniat
1530 3039 1720 3096 ordine
1748 3056 1867 3112 pro-

282 3135 489 3175 moveri
498 3160 513 3172 .

686 3232 764 3287 De
794 3242 1020 3305 tempore
1047 3239 1455 3295 ordinationum.

348 3319 510 3375 CVII.
542 3321 700 3388 Quod
735 3340 840 3379 non
887 3334 1138 3395 oporteat
1181 3331 1549 3388 ordinationes
1592 3333 1691 3389 sub
1733 3349 1866 3389 con-

279 3422 469 3481 spectu
495 3414 825 3468 audientium
856 3416 1138 3471 celebrari.

380 3522 451 3578 Ut
482 3524 534 3576 hi
563 3525 647 3594 qui
677 3526 909 3579 sacrario
934 3528 1157 3582 serviunt
1186 3544 1373 3583 usuras
1400 3546 1500 3583 non
1530 3532 1762 3601 exigant.

316 3635 530 3690 'CVIII.
572 3636 726 3703 Quod
755 3652 863 3692 non
905 3646 1154 3707 oporteat
1201 3640 1512 3697 sacerdotes
1553 3650 1608 3696 et
1634 3642 1861 3698 clericos

280 3728 589 3784 fencrantes
628 3746 817 3790 usuras
842 3771 859 3797 ,
909 3733 994 3787 vel
1041 3748 1161 3801 qua:
1207 3734 1458 3790 dicuntur
1486 3737 1761 3807 sescupla,
1797 3738 1866 3808 .id

281 3828 360 3873 est
388 3830 445 3873 et
473 3833 736 3874 summam
765 3822 955 3892 capitis
982 3831 1039 3878 et
1080 3824 1356 3879 dimidium
1387 3841 1607 3881 summa:
1627 3868 1642 3893 ,
1690 3828 1867 3898 perci-

282 3922 432 3976 pere.

281 4020 359 4076 De
416 4021 679 4076 heretici:
734 4022 1045 4077 intrantibus
1098 4024 1153 4076 in
1199 4025 1443 4079 ecclesias
1500 4027 1575 4081 vel
1625 4026 1867 4084 basilicas

927 4104 1233 4164 martyrum.

348 4201 489 4257 CIX.
519 4202 675 4269 Quod
705 4202 946 4259 haeretici
976 4220 1082 4260 non
1128 4207 1475 4275 permittendi
1509 4210 1619 4266 sint
1662 4212 1873 4282 ingredi

281 4292 332 4345 in
360 4293 581 4346 domum
611 4292 738 4359 Dei,
772 4293 823 4346 in
852 4293 1041 4348 hzeresi
1081 4304 1481 4363 permanentes.

385 4400 465 4455 De
494 4402 575 4456 his
610 4404 697 4472 qui
730 4403 800 4455 ad
842 4404 1084 4458 ecclesias
1127 4404 1192 4457 ab
1232 4406 1491 4461 hterelicis
1522 4410 1747 4464 veniunt.

348 4492 459 4547 CX.
491 4492 568 4547 De
595 4494 680 4549 bis
706 4494 798 4563 qui
828 4494 894 4547 ab
931 4495 1196 4552 haereticis
1224 4507 1635 4568 convertuntur,
1671 4500 1724 4555 id
1756 4509 1856 4569 est,

280 4584 611 4648 Novatianis,
661 4593 755 4637 aut
794 4584 1148 4653 Photinianis,
1190 4596 1283 4643 aut
1326 4588 1859 4649 Tessaresandecati-

281 4678 365 4739 tis,
412 4676 526 4730 sive
558 4674 811 4744 baptizati
861 4676 967 4731 sint
996 4679 1114 4747 illi,
1162 4694 1258 4734 seu
1301 4682 1706 4751 catechumeni,
1747 4701 1856 4740 non

278 4774 401 4819 ante
430 4766 810 4834 suscipiantur,
839 4782 999 4837 quam
1035 4782 1223 4824 omnes
1250 4770 1482 4827 haereses
1508 4774 1859 4830 anathemati-

276 4863 421 4920 zent,
452 4864 510 4909 et
551 4856 820 4927 praecipue
864 4858 1007 4912 illam
1053 4874 1157 4929 qua
1184 4861 1577 4919 detinebantur.
1634 4863 1703 4919 Et
1732 4876 1858 4935 tunc

274 4943 491 4999 demum
526 4946 583 4999 hi
625 4948 719 5015 qui
761 4949 902 5018 apud
931 4965 1026 5005 eos
1078 4950 1395 5007 dicebantur
1420 4953 1628 5021 ﬁdeles,
1660 4966 1858 5015 nostrai

276 5037 573 5093 doceantur
614 5037 734 5094 ﬁdei
762 5041 1085 5112 symbolum,
1121 5052 1177 5099 et
1202 5046 1348 5101 uncti
1375 5056 1563 5104 sancto
1591 5051 1853 5107 chrisma-

277 5136 355 5195 te,
383 5130 461 5185 sic
488 5133 756 5201 mysteriis
784 5135 1183 5195 communicent
1202 5141 1577 5196 sacrosanctis.

393 5240 472 5295 De
503 5240 585 5295 his
623 5244 707 5312 qui
735 5246 943 5298 seiciunt
969 5244 1034 5299 ab
1056 5248 1238 5305 heresi
1270 5246 1739 5323 Cataplirygarum.

346 5348 481 5404 CXI.
511 5350 585 5406 De
612 5352 696 5409 his
722 5353 812 5422 qui
852 5364 1244 5412 convertuntur
1281 5358 1349 5414 ab
1377 5360 1567 5417 haeresi
1601 5377 1719 5433 qua:
1771 5365 1853 5420 di-

277 5442 416 5496 citur
443 5441 921 5514 Cataphrygarum,
967 5447 1070 5501 etsi
1099 5447 1151 5501 in
1188 5447 1334 5505 clero
1358 5491 1375 5520 ,
1416 5451 1541 5520 quia
1571 5454 1713 5523 apud
1758 5469 1854 5512 eos

273 5548 399 5587 esse
424 5533 681 5599 creditur,
719 5534 936 5601 fuerint,
963 5538 1065 5593 etsi
1107 5540 1327 5599 maximi
1355 5542 1723 5611 nominentur,
1754 5546 1855 5603 hos

273 5626 375 5678 sub
404 5625 553 5677 omni
582 5626 854 5695 diligentia
898 5630 963 5682 ab
986 5629 1255 5699 episcopis
1284 5629 1561 5707 Ecclesiaz,
1590 5638 1674 5693 vel
1705 5653 1856 5709 pres-

274 5716 502 5784 byteris,
528 5717 730 5773 "instrui
757 5728 813 5775 et
838 5720 1100 5790 baptizari
1130 5723 1434 5779 conveniet.

1975 1892 2243 1956 siasticos,
2276 1888 2487 1950 foedere
2531 1899 2836 1967 nuptiarum
2860 1941 2876 1967 ,
2923 1900 3190 1958 haereticis
3229 1920 3356 1959 suos
3413 1906 3551 1960 lilios

1974 1984 2219 2055 ﬁliasque
2248 1988 2595 2059 conjungere.

2008 2094 2133 2151 Non
2164 2113 2442 2168 congruere
2474 2097 2796 2169 presbyteras
2840 2101 2891 2153 in
2920 2102 3216 2156 mulieribus
3246 2103 3507 2156 ordinari.

2041 2202 2222 2261 CXIV.
2256 2205 2409 2272 Quod
2431 2223 2541 2263 non
2569 2216 2817 2278 oporteat
2857 2226 2947 2265 eas
2974 2227 3093 2282 qua:
3120 2214 3369 2269 dicuntur
3392 2230 3544 2284 pres-

1969 2296 2174 2370 byterze
2202 2300 2285 2353 vel
2308 2300 2654 2368 praesidentes
2680 2302 2734 2356 in
2760 2303 3001 2358 ecclesiis
3029 2304 3288 2359 ordinari.

2280 2409 2360 2464 De
2387 2412 2763 2481 episcopalibus
2790 2413 3222 2468 ordinationibus.

2040 2497 2193 2552 CXV.
2229 2497 2298 2553 Ut
2336 2501 2576 2571 episcOpi
2616 2501 2817 2570 judicio
2859 2505 3398 2575 metropolitanorum
3422 2546 3438 2573 ,
3488 2516 3545 2563 et

1970 2602 2154 2642 eorum
2211 2591 2584 2660 episcoporum
2632 2594 2721 2661 qui
2760 2594 3106 2649 circumcirca
3155 2596 3299 2661 sint,
3348 2614 3543 2666 prove-

1968 2675 2163 2731 hantur
2219 2679 2285 2731 ad
2331 2680 2747 2736 ecclesiasticam
2791 2693 3113 2751 potestatem
3157 2688 3256 2740 :hi
3296 2690 3545 2751 videlicet

1967 2768 2059 2834 qui
2100 2768 2330 2836 plurimo
2394 2778 2636 2840 tempore
2681 2773 2978 2841 probantur
3027 2783 3134 2829 tam
3183 2777 3347 2833 verbo
3398 2779 3538 2845 lidei,

1965 2872 2126 2929 quam
2156 2867 2317 2915 rectae
2342 2863 2767 2917 conversationis
2795 2864 3061 2934 exemplo.

2035 2970 2242 3023 Judicio
2264 2970 2604 3025 multitudinis
2625 2974 2979 3029 ordinationes
3002 2977 3116 3044 ﬁeri
3138 2993 3239 3030 non
3265 2978 3465 3034 debere.

2035 3058 2217 3115 CXVI.
2249 3059 2402 3128 Quod
2442 3079 2547 3117 non
2578 3064 2647 3118 sit
2673 3066 3088 3134 permittendum
3122 3071 3290 3127 turbis
3318 3074 3537 3129 electio-

1968 3165 2063 3204 nes
2090 3166 2274 3204 eorum
2305 3151 2485 3208 facere
2509 3192 2524 3217 ,
2565 3155 2655 3223 qui
2685 3165 2810 3209 sunt
2855 3158 2921 3211 ad
2949 3160 3308 3214 sacerdotium
3338 3178 3539 3231 prove-

1968 3239 2148 3294 hcndL

1963 3348 2046 3401 Ad
2075 3349 2207 3403 alias
2236 3354 2506 3422 parochias
2533 3356 2778 3427 eulogias,
2811 3376 2922 3429 qua:
2949 3360 3136 3417 oblata:
3162 3374 3300 3428 sunt,
3332 3368 3539 3423 minimc

2574 3430 2929 3484 destinandas.

2034 3508 2235 3566 CXVII.
2269 3512 2421 3578 Quod
2451 3528 2636 3572 sancta
2681 3521 2830 3574 nullo
2875 3522 3056 3586 modo,
3107 3538 3266 3578 causa
3296 3526 3540 3595 eulogia-

1965 3616 2107 3669 rum,
2139 3611 2381 3673 tempore
2414 3606 2683 3665 Paschalis
2716 3610 2854 3677 festi,
2887 3616 2953 3668 ad
2981 3614 3113 3669 alias
3138 3619 3420 3685 parochias
3440 3623 3536 3675 de-

1965 3690 2129 3745 beant
2156 3694 2445 3751 destinare.

1966 3800 2046 3859 De
2072 3804 2153 3859 In's
2195 3806 2281 3875 qui
2328 3805 2545 3863 debeant
2590 3812 2643 3863 in
2696 3811 2931 3887 amboue,
2988 3814 3043 3867 id
3090 3824 3196 3881 est,
3236 3817 3288 3869 in
3318 3819 3537 3887 pulpito,

2626 3882 2867 3949 psallere.

2041 3985 2269 4041 CXVIII.
2303 3986 2457 4055 Quod
2500 4004 2606 4044 non
2636 3998 2883 4059 oporteat
2912 3993 3140 4061 amplius
3161 4035 3176 4059 ,
3221 4006 3413 4065 praeter
3442 4013 3538 4051 eos

1966 4077 2058 4144 qui
2088 4078 2405 4145 regulariter
2430 4088 2683 4134 cantores
2729 4082 2993 4147 existunt,
3026 4084 3115 4151 qui
3152 4094 3208 4137 et
3246 4085 3313 4138 de
3352 4088 3537 4141 codice

1967 4175 2188 4231 canunt,
2220 4167 2354 4223 alios
2375 4169 2426 4222 in
2451 4170 2710 4239 pulpitum
2734 4174 3114 4237 conscendere,
3143 4184 3199 4227 et
3225 4175 3278 4227 in
3307 4177 3535 4232 ecclesia

1967 4260 2219 4328 psallere.

2073 4374 2153 4428 De
2181 4376 2481 4430 lectionibus
2508 4396 2622 4449 qnce
2654 4379 2867 4433 debeant
2905 4380 3128 4435 sabbatis
3158 4384 3426 4437 recmscri.

2037 4467 2218 4523 CXIX.
2249 4470 2400 4535 Quod
2444 4472 2495 4525 in
2524 4473 2761 4528 sabbatis
2802 4476 3073 4543 evangelia
3102 4492 3219 4530 cum
3262 4478 3378 4531 aliis
3398 4476 3538 4533 Scri-

1887 4553 1938 4612 D
1964 4558 2137 4625 pluris
2166 4558 2266 4626 legi
2293 4562 2596 4614 conveniat.

1968 4670 2119 4736 Quod
2166 4674 2497 4729 interstitium
2527 4676 2843 4817 psalrgiort’tsm
2869 4678 3064 4760 .dcbeat
3096 4681 3148 4733 in
3180 4684 3539 4753 congregatio-

2592 4763 2642 4798 ni
2682 4764 2739 4800 us
2805 4766 2900 4802 eri.

2592 4763 2739 4800 ηιυιιδ
2767 4763 2900 4802 neri.

2035 4830 2196 4884 CXX.
2255 4832 2407 4899 Quod
2472 4835 2523 4889 in
2578 4848 2845 4891 conventu
2902 4839 3133 4893 lidelium
3199 4856 3534 4911 nequaquam

1967 4920 2200 4990 psalmos
2226 4923 2538 4978 continuare
2566 4927 2852 4980 conveniat
2885 4944 2896 4980 :
2931 4929 3022 4981 sed
3049 4945 3142 4997 per
3173 4929 3538 4995 intervallum,

1965 5009 2017 5063 id
2057 5017 2158 5073 est,
2187 5027 2284 5081 per
2312 5014 2546 5082 psalmos
2591 5016 2827 5085 singulos
2870 5017 3137 5071 recwscri
3192 5017 3420 5072 debeant
3458 5019 3538 5075 le-

1959 5100 2183 5154 ctiones.

2165 5210 2240 5264 De
2264 5213 2497 5280 precibus
2526 5230 2664 5268 nona
2687 5224 2737 5267 et
2758 5231 2965 5285 vespera
2991 5214 3329 5270 celebrandis.

2029 5300 2211 5356 CXXI.
2246 5302 2399 5369 Quod
2448 5305 2619 5374 ipsum
2649 5321 2860 5375 semper
2887 5304 3123 5361 ofﬁcium
3172 5326 3387 5379 precum
3434 5326 3538 5367 no-

1960 5405 2028 5445 na
2053 5398 2108 5445 et
2132 5406 2352 5460 vespera
2383 5407 2595 5462 semper
2624 5393 2817 5449 debeat
2845 5396 3105 5451 exhiberi.

1958 5501 2037 5556 De
2062 5503 2293 5579 precibus
2322 5515 2436 5579 post
2460 5504 2716 5571 bomilias,
2744 5508 2799 5561 id
2823 5518 2917 5572 est,
2953 5519 3065 5579 post
3096 5508 3352 5566 sermones
3389 5514 3537 5568 habi-

2030 5582 2107 5625 tos
2137 5572 2507 5654 ad'populum,
2552 5580 2875 5657 proferendis
2900 5619 2915 5643 ,
2944 5572 3004 5657 _et
3042 5580 3106 5635 de
3133 5582 3213 5635 llis
3238 5599 3367 5654 quos
3392 5585 3541 5638 intra

2028 5651 2314 5696 sacrarium
2339 5651 2712 5703 communicare
2739 5651 3013 5703 conveniat

2030 5726 2238 5784 CXXII.
2269 5730 2423 5799 Quod
2450 5744 2703 5802 oporteat
2741 5753 2983 5795 seorsum
3012 5739 3261 5809 primum,
3301 5745 3426 5813 post
3456 5740 3533 5792 al-
