3982 6196
491 331 583 386 I67

1767 318 2122 376 DIONYSIUS
2165 317 2319 374 EXIC
2329 317 2484 374 UUS.

3660 291 3756 351 168

487 439 782 494 locutiones
820 451 1237 507 episcoporum,
1289 435 1588 489 orationem
1633 449 1796 502 super
1823 433 2068 488 catechu-
2098 441 2141 493 Α
2173 439 2229 486 et
2275 432 2432 486 otiari
2483 432 2535 486 in
2581 431 2823 498 sabbato,
2855 431 2948 487 sed
2983 445 3196 501 operari
3219 446 3313 487 eos
3341 434 3394 488 in
3423 431 3614 488 eodem
3640 429 3725 486 die

485 545 674 586 menos
703 528 958 584 celebrari
991 547 1003 580 :
1049 536 1104 581 ct
1133 535 1416 596 postquam
1465 523 1835 580 catechumeni
1865 523 2067 591 egressi

487 620 700 684 fuerint,
734 634 895 688 super
921 633 1048 684 eos,
1097 617 1186 686 qui
1218 623 1344 670 sunt
1387 616 1438 670 in
1483 615 1816 683 paenitentia,
1851 628 2067 683 precem

489 711 626 766 Iieri.
667 709 761 764 His
790 710 953 763 etiam
983 705 1360 762 accedentibus
1403 704 1469 760 ad
1502 720 1716 759 manum
1747 702 2065 770 sacerdotis,

489 813 543 858 et
579 800 1001 862 discedentibus,
1052 804 1164 851 tres
1212 797 1486 850 orationes
1535 791 1896 849 consummari
1936 789 2070 844 Iide-

493 893 618 945 lium
651 907 664 944 :
689 890 760 942 ita
792 897 850 942 ut
878 887 1047 957 prima
1071 887 1289 956 quidem
1322 886 1420 940 sub
1446 884 1682 950 silentio,
1713 882 1948 938 secunda
1977 895 2068 934 ve-

492 993 551 1032 ro
579 987 634 1033 et
664 978 818 1032 tertia
843 991 938 1045 per
965 967 1390 1030 exclamationes
1431 974 1620 1031 solitas
1649 973 1987 1043 expleantur,
2015 977 2070 1024 et

491 1070 565 1124 ita
599 1069 814 1123 demum
856 1083 1041 1138 pacem
1079 1068 1178 1121 sibi
1218 1067 1444 1121 invicem
1485 1065 1710 1120 dabunt.
1757 1065 1822 1118 Et
1855 1070 2070 1134 postea-

491 1178 651 1232 quam
693 1161 901 1216 dederit
943 1161 1230 1229 episeopus
1268 1159 1597 1231 presbyteris
1626 1159 1867 1214 osculum
1897 1157 2068 1226 pacis,

494 1262 622 1308 tunc
651 1253 770 1308 laici
810 1251 911 1307 sibi
959 1252 1214 1305 tribuent.
1257 1249 1322 1304 Et
1368 1251 1440 1304 ita
1483 1257 1668 1306 sancta
1713 1247 2071 1303 celebrabitur

494 1346 714 1401 oblatio.
749 1343 888 1398 Solis
930 1351 1110 1397 autem
1140 1343 1439 1397 ministerio
1468 1357 1624 1395 sacro
1650 1339 1845 1394 deditis
1885 1338 1953 1392 ad
1993 1337 2073 1392 al-

494 1445 609 1490 tare
639 1434 862 1504 ingredi,
887 1442 944 1488 et
970 1433 1367 1488 communicare
1389 1431 1585 1486 ibidem
1615 1431 1796 1485 liceat.

564 1546 644 1601 De
663 1547 854 1602 honore
880 1561 1025 1617 quem
1054 1543 1360 1617 presbyteris
1385 1541 1616 1617 diaconi,
1645 1541 1730 1612 qui
1754 1540 1846 1595 sub
1873 1539 2000 1609 ipsis

952 1622 1102 1681 sunt,
1134 1613 1316 1667 debent
1346 1613 1606 1666 exhibere.
2025 1672 2028 1674 ,

567 1706 791 1764 CXXIII.
818 1704 970 1772 Quod
995 1721 1100 1758 non
1131 1711 1381 1774 oporteat
1402 1703 1688 1758 diaconum
1710 1715 1892 1756 coram
1921 1713 2074 1768 pres-

497 1800 688 1870 bytero
717 1798 933 1860 sedere,
984 1795 1076 1850 sed
1114 1795 1356 1864 jussione
1397 1792 1697 1864 presbyteri
1741 1791 1941 1846 sedeat.
1987 1789 2072 1843 Si-
2102 1790 2149 1850 Β

499 1889 695 1942 militer
724 1895 902 1941 autem
933 1893 986 1940 et
1014 1885 1252 1939 diaconis
1297 1885 1472 1939 honor
1497 1885 1760 1938 habeatur
1799 1882 1867 1936 ab
1907 1881 2066 1934 ob'se-

503 1979 806 2047 quentibus,
841 1977 892 2031 id
921 1983 1002 2031 est
1031 1975 1378 2032 subdiaconis
1405 1981 1460 2029 et
1488 1974 1733 2029 omnibus
1754 1972 1984 2027 clericis.

505 2086 653 2152 Quod
681 2088 984 2142 subdiaconi
1013 2104 1044 2139 ιι
1073 2085 1366 2152 diaconico,
1397 2084 1452 2138 id
1478 2093 1554 2138 est
1587 2100 1618 2136 a
1641 2083 1941 2146 secretario,
1975 2081 2079 2134 sint

1187 2178 1388 2231 remoti.

571 2269 802 2324 CXXIV.
845 2269 998 2336 Quod
1045 2285 1150 2322 non
1201 2277 1452 2337 oporteat
1493 2267 1850 2322 subdiaconos
1880 2265 2080 2320 habere

503 2367 678 2420 locum
709 2365 760 2418 in
789 2363 1088 2429 diaconico,
1121 2371 1175 2416 et
1202 2361 1468 2416 dominica
1490 2375 1615 2414 vasa
1641 2358 1974 2414 contingere.

611 2476 963 2529 Subdiaconos
996 2491 1111 2527 cum
1137 2475 1324 2528 orariis
1367 2473 1610 2526 assistere
1639 2487 1740 2524 non
1769 2471 1970 2522 debere.

577 2567 781 2620 CXXV.
815 2565 970 2632 Quod
1001 2582 1108 2619 non
1155 2573 1402 2634 oporteat
1431 2563 1814 2617 subdiaconum
1854 2561 1928 2614 uti
1955 2573 2050 2614 ora

507 2658 608 2723 rio,
633 2673 737 2713 nec
763 2657 897 2711 ostia
929 2656 1318 2724 derelinquere.

511 2770 749 2825 Lectores
775 2780 1106 2841 cantoresque
1135 2785 1249 2822 cum
1278 2769 1466 2841 orariis
1497 2783 1648 2839 agere
1680 2783 1828 2821 suum
1862 2765 2084 2836 oﬁicium

1132 2857 1234 2893 non
1257 2839 1455 2892 debere.

581 2929 810 2984 CXXVI.
843 2929 998 2995 Quod
1043 2945 1149 2983 non
1177 2936 1427 2998 oporteat
1462 2927 1692 2982 lectores
1721 2935 1812 2981 aut
1838 2933 2088 2982 cantores

514 3023 701 3076 orariis
729 3023 826 3086 uti,
852 3029 908 3076 et
931 3022 1006 3074 ita
1034 3021 1212 3088 legere
1241 3022 1323 3074 vel
1356 3021 1600 3090 psallere.

515 3132 662 3197 Quod
714 3133 885 3186 nullus
943 3132 1406 3186 ecclesiasticarum
1457 3133 1510 3186 in
1561 3130 1784 3186 tabernis
1829 3123 2091 3188 comedere

1204 3203 1401 3254 debeat.

584 3292 830 3348 CXXVII.
871 3291 1025 3358 Quod
1056 3307 1160 3345 non
1193 3298 1442 3359 Oporteat
1480 3305 1634 3344 sacro
1664 3289 1960 3345 ministerio
2001 3289 2097 3344 de-

516 3384 656 3439 ditos
699 3400 729 3437 a
769 3382 1094 3453 presbyteris
1123 3396 1290 3450 usque
1319 3380 1386 3434 ad
1413 3380 1690 3444 diaconos,
1725 3389 1780 3435 et
1827 3380 2093 3449 reliquum

517 3475 936 3530 ecclesiasticum
965 3472 1207 3526 ordinem
1235 3511 1250 3536 ,
1299 3469 1350 3523 id
1381 3477 1464 3524 est
1503 3485 1672 3538 usque
1701 3469 1769 3523 ad
1809 3469 2097 3524 subdiaco-

517 3580 634 3630 nos,
665 3565 913 3626 lectores,
945 3570 1214 3627 cantores,
1236 3561 1534 3616 exorcistas
1559 3569 1613 3616 et
1635 3561 1901 3625 ostiarios,
1944 3569 1998 3615 et
2027 3575 2096 3616 cx

517 3669 742 3710 numero
770 3653 1160 3709 continentium
1209 3661 1264 3706 et
1291 3651 1680 3707 monachorum
1710 3693 1726 3721 ,
1766 3651 1973 3721 ingredi
2016 3659 2097 3705 ta-

519 3747 734 3801 bernas.
786 3817 792 3835 ί

521 3861 672 3928 Quod
697 3860 993 3914 subdiaconi
1042 3876 1145 3914 non
1175 3859 1392 3912 debeant
1445 3859 1759 3925 benedicere,
1817 3859 1894 3912 vel
1948 3856 2099 3912 bene-

1035 3930 1306 3984 dictionem
1337 3928 1576 3983 tribuere.

587 4019 862 4075 CXXVIII.
893 4019 1048 4086 Quod
1086 4035 1193 4074 non
1224 4027 1474 4088 oporteat
1497 4018 1856 4074 subdiaconos
1895 4031 2091 4088 panem

523 4110 672 4176 dare,
704 4104 789 4164 vel
821 4111 1042 4163 calicem
1071 4108 1412 4163 benedicere.

601 4223 680 4277 De
703 4223 970 4276 exorcistis
994 4223 1078 4292 qui
1108 4237 1210 4274 non
1237 4230 1355 4275 sunt
1389 4219 1451 4272 ab
1489 4221 1739 4290 episcoyis
1768 4222 2015 4275 ordinati.

593 4306 825 4370 CXXIX.
866 4311 1018 4379 Quod
1048 4313 1100 4369 hi
1141 4312 1230 4381 qui
1262 4327 1366 4364 non
1399 4318 1522 4364 sunt
1551 4310 1618 4364 ab
1645 4311 1912 4381 episcopis
1963 4307 2100 4364 ordi-

524 4400 654 4468 nati,
680 4411 786 4456 tam
819 4402 868 4454 in
899 4399 1160 4463 ecclesiis,
1195 4415 1353 4468 quam
1388 4399 1440 4452 in
1490 4399 1758 4463 domibus,
1790 4399 2098 4453 exorcizare

524 4511 631 4550 non
662 4493 888 4562 possint.

525 4598 674 4664 Quod
695 4599 758 4652 de
780 4598 1018 4653 conviviis
1049 4614 1264 4672 quater.
1294 4616 1457 4672 agape
1485 4600 1636 4668 fiunt,
1667 4617 1897 4654 escarum
1922 4609 2092 4672 partes

1024 4669 1186 4736 accipi
1217 4685 1319 4722 non
1351 4669 1583 4722 debeant.

591 4755 799 4813 CXXX.
828 4757 980 4823 Quod
1012 4774 1118 4810 non
1146 4767 1394 4827 oporteat
1421 4775 1575 4813 sacro
1605 4759 1902 4816 ministerio
1942 4760 2094 4815 dedi-

524 4857 608 4906 tos
644 4849 871 4906 clericos.
911 4857 1002 4902 aut
1039 4849 1205 4903 laicos
1240 4849 1307 4903 ad
1358 4863 1580 4919 agapem
1605 4859 1826 4906 vocatos
1853 4853 2091 4906 ciborum

524 4948 703 5010 partes
747 4939 1015 5008 accipere,
1061 4949 1347 5008 propterea
1398 4940 1540 5008 quod
1571 4939 1695 4996 hinc
1723 4940 2092 4996 ecclesiastico

523 5029 694 5084 ordini
723 5028 812 5082 ﬁat
843 5029 1059 5098 injuria.

761 5144 825 5196 ln
854 5145 1078 5198 ecclesiis
1113 5144 1333 5214 prandia
1369 5145 1483 5213 ﬁeri
1514 5163 1615 5201 non
1645 5145 1852 5201 debere.

591 5229 824 5288 CXXXI.
849 5232 1000 5298 Quod
1021 5249 1127 5288 non
1150 5241 1399 5303 oporteat
1423 5234 1474 5287 in
1498 5233 1782 5291 domiciliis
1804 5236 2016 5303 divinis,
2043 5238 2096 5293 id

525 5329 608 5378 est
634 5323 687 5376 in
718 5321 976 5387 ecclesiis,
1003 5324 1244 5378 convivia
1266 5339 1384 5392 quae
1406 5334 1668 5380 vocantur
1692 5341 1896 5396 agapae,
1931 5326 2044 5383 ﬁeri
2073 5348 2084 5382 :

525 5429 624 5468 nec
650 5415 789 5467 intra
817 5411 1031 5466 domum
1064 5414 1155 5468 Dei
1183 5415 1488 5484 comedere,
1519 5417 1602 5471 vel
1647 5419 1925 5474 accubitus
1955 5427 2095 5474 ster-

525 5521 650 5560 nere
658 5545 672 5560 .

529 5614 598 5670 De
627 5614 1038 5691 Christianisqui
1057 5615 1396 5691 sabbatizare,
1422 5618 1499 5671 vel
1511 5619 1666 5688 juxta
1686 5620 1956 5691 quemdam
1981 5637 2093 5673 mo-

914 5686 1035 5738 dum
1077 5687 1372 5758 judaizare,
1403 5686 1703 5742 noscuntur.

589 5773 835 5829 CXXXII.
862 5774 1013 5840 Quod
1042 5792 1148 5830 non
1173 5783 1421 5846 oporteat
1446 5775 1777 5836 Christianos
1812 5777 2091 5848 judaizare

2126 4519 2174 4579 D

2173 516 2522 573 Pnel'erentes
2553 528 2733 574 autem
2763 521 2816 574 in
2858 519 3206 574 veneratione
3233 519 3558 574 dominicum
3587 519 3750 585 diem,

2169 610 2213 664 si
2244 625 2439 666 vacare
2471 611 2772 678 voluerint,
2819 619 2878 664 ut
2904 609 3192 665 Christiani
3222 610 3325 664 hoc
3351 607 3566 666 faciant.
3599 611 3751 676 Quod

2169 704 2216 755 si
2246 701 2440 770 reperti
2469 701 2665 755 fuerint
2689 701 2981 770 judaizare,
3016 700 3297 757 anathema
3325 701 3428 753 sint
3458 716 3486 753 a
3516 699 3748 755 Christo.

2275 812 2354 865 De
2389 811 2510 866 viris
2549 829 2663 866 cum
2696 811 2990 866 mulieribus
3015 814 3223 865 lavacra
3253 809 3642 865 celebrantibus.

2241 918 2513 975 CXXXIII.
2547 919 2703 986 Quod
2753 936 2860 974 non
2916 927 3166 985 oporteat
3193 918 3360 972 sacris
3381 917 3572 972 ofliciis
3601 917 3748 971 dedi—

2170 1016 2255 1063 tos
2279 1017 2373 1062 aut
2395 1009 2642 1074 clericos,
2667 1017 2760 1062 aut
2800 1007 3139 1064 continentes
3186 1006 3273 1060 vel
3321 1020 3533 1059 omnem
3557 1005 3750 1060 laicum

2169 1098 2551 1164 Christianum,
2582 1099 2795 1152 lavacra
2824 1113 2946 1152 cum
2976 1096 3288 1151 mulieribus
3315 1095 3609 1161 celebrare,
3629 1094 3752 1166 quia

2171 1189 2285 1243 htcc
2308 1189 2446 1258 apud
2469 1198 2657 1258 gentes
2681 1187 3031 1258 reprehensio
3051 1187 3222 1257 prima
3251 1193 3353 1240 est.

2177 1301 2252 1356 De
2276 1303 2354 1355 his
2375 1303 2459 1372 qui
2489 1317 2602 1354 cum
2640 1301 2894 1354 luereticis
2931 1300 3156 1371 jungunt
3197 1297 3390 1370 [cedem
3429 1299 3743 1368 nuptiarum.

2241 1409 2516 1466 CXXXIV.
2550 1408 2706 1475 Quod
2755 1425 2860 1464 non
2909 1405 3171 1480 oporteat
3185 1423 3306 1462 cum
3336 1408 3602 1462 haereticis
3632 1409 3750 1462 uni-

2173 1499 2343 1553 versis
2390 1497 2697 1566 nuptiarum
2756 1496 2959 1551 l'aadera
3007 1496 3303 1558 celebrare,
3338 1511 3438 1551 nec
3492 1497 3568 1550 eis
3617 1496 3754 1552 Illius

2177 1587 2306 1641 dare
2336 1587 2418 1641 vel
2468 1587 2624 1648 tilias,
2655 1585 2748 1640 sed
2787 1586 2956 1653 magis
2984 1585 3232 1654 accipere
3267 1585 3352 1638 :si
3379 1592 3555 1639 tamen
3601 1583 3750 1640 Chri-

2175 1679 2380 1732 stianos
2407 1693 2464 1732 se
2487 1676 2602 1731 ﬁeri
2627 1676 2958 1745 promittant.

2350 1787 2428 1839 Ab
2465 1787 2722 1841 haereticis
2749 1785 2981 1856 eulogias
3007 1786 3237 1855 accipere
3255 1800 3359 1838 non
3374 1783 3572 1837 debere.

2247 1897 2499 1954 CXXXV.
2540 1895 2692 1963 Quod
2717 1911 2823 1951 non
2851 1902 3098 1965 oporteat
3121 1894 3188 1948 ab
3221 1894 3488 1948 hmreticis
3517 1894 3755 1963 eulogias

2178 1991 2445 2059 accipere,
2468 2003 2586 2058 quae
2612 1996 2734 2043 sunt
2763 1985 3165 2041 maledictiones
3187 1986 3366 2056 potius
3406 1999 3566 2055 quam
3596 1985 3755 2040 bene-

2178 2082 2462 2138 dictiones.

2741 2188 2820 2244 De
2845 2188 3206 2243 schismaticis.

2251 2281 2528 2338 CXXXVI.
2559 2279 2713 2348 Quod
2749 2297 2858 2336 non
2908 2288 3159 2351 oporteat
3206 2293 3326 2334 cum
3371 2278 3629 2333 haereticis
3658 2287 3748 2332 aut

2183 2372 2542 2428 schismaticis
2567 2371 2770 2442 pariter
2791 2383 2966 2425 orare.

2549 2480 2629 2534 De
2669 2478 2981 2551 martyribus
3029 2478 3402 2532 ha‘reticornm.

2255 2594 2553 2652 CXXXVII.
2585 2593 2738 2661 Quod
2781 2609 2997 2649 onmem
3047 2591 3406 2646 Christianum
3450 2607 3554 2644 non
3594 2607 3754 2660 opor-

2186 2689 2568 2743 teatdcsercre
2595 2696 2856 2756 martyres
2881 2685 3099 2749 Christi,
3129 2691 3184 2738 et
3216 2685 3292 2738 ire
3317 2684 3382 2737 ad
3418 2683 3756 2753 pseudomar-

2187 2787 2352 2851 tyres,
2380 2777 2432 2832 id
2460 2787 2542 2833 est
2570 2777 2963 2839 hrcrcticorum,
2996 2784 3051 2828 et
3077 2790 3211 2844 quos
3240 2776 3384 2843 ipsos
3409 2783 3620 2829 constet
3652 2774 3758 2828 hzn~

2187 2868 2386 2922 reticos
2411 2867 2697 2934 exstitisse,
2726 2866 2776 2918 hi
2809 2879 3040 2932 namque
3071 2871 3195 2916 sunt
3236 2863 3395 2917 alieni
3417 2878 3448 2916 a
3476 2863 3586 2918 Deo
3619 2880 3632 2914 :
3661 2863 3763 2918 sint

2189 2956 2350 3026 igitur
2372 2957 2682 3021 anathema,
2711 2955 2799 3023 qui
2824 2955 2890 3008 ad
2915 2953 3047 3008 tales
3075 2953 3420 3008 accesserint.

2604 3067 2684 3120 De
2708 3067 2784 3120 his
2816 3065 2904 3138 qui
2925 3065 3134 3136 angelos
3158 3065 3351 3119 colunt.

2119 3160 2166 3224 (ἶ
2269 3179 2590 3235 CXXXVIII.
2624 3178 2777 3246 Quod
2821 3194 2928 3232 non
2956 3185 3204 3247 oporteat
3229 3175 3560 3231 Christianos
3587 3175 3762 3232 Eccle-

2197 3275 2330 3332 siam
2360 3274 2452 3328 Dei
2479 3273 2805 3339 relinquere,
2841 3278 2895 3324 et
2918 3271 3014 3334 ire,
3046 3280 3208 3337 atque
3229 3269 3446 3336 angelos
3474 3269 3773 3332 nominare,

2197 3377 2251 3422 et
2278 3364 2720 3434 congregationes
2748 3361 2926 3416 facere
2959 3379 2971 3413 :
3005 3377 3123 3430 qua:
3152 3361 3431 3415 interdicta
3459 3370 3765 3415 noscuntur.

2197 3458 2253 3514 Si
2280 3463 2398 3526 quis
2420 3456 2843 3524 igitur~inventus
2873 3453 3030 3506 fuerit
3055 3452 3175 3507 huic
3208 3453 3430 3506 occulta:
3458 3449 3768 3510 idulolatrizz

2197 3549 2455 3612 serviens,
2487 3545 2556 3601 sit
2602 3547 2908 3608 anathema,
2946 3544 3071 3612 quia
3117 3543 3437 3611 derelinquit
3488 3543 3768 3601 Dominum

2199 3646 2440 3693 nostrum
2470 3636 2653 3691 Jesum
2679 3633 2972 3700 Christum,
3000 3633 3190 3688 Filium
3230 3633 3345 3700 Dei,
3377 3641 3432 3688 et
3457 3648 3515 3688 se
3545 3633 3769 3689 idolola-

2198 3729 2313 3784 tria:
2343 3727 2576 3782 tradidit.

2232 3837 2312 3892 De
2342 3838 2421 3892 his
2461 3838 2547 3909 qui
2577 3836 3023 3891 incantationibus
3063 3843 3108 3892 ει
3145 3835 3477 3907 phylacteriis
3504 3843 3736 3894 utuntur.

2268 3949 2545 4006 CXXXIX.
2565 3949 2717 4017 Quod
2741 3966 2846 4005 non
2871 3955 3118 4018 oporteat
3139 3949 3304 4003 sacris
3330 3947 3519 4004 olliciis
3539 3948 3769 4014 deditos,

2197 4041 2282 4096 vel
2311 4041 2555 4106 clericos,
2587 4054 2771 4108 magos
2799 4049 2890 4094 aut
2919 4041 3281 4094 incantatores
3309 4039 3555 4104 existere,
3585 4050 3676 4094 aut
3696 4039 3777 4096 ὣς

2199 4147 2324 4188 cere
2353 4131 2681 4202 phylactcria
2731 4148 2744 4182 :
2791 4145 2910 4199 qua:
2954 4130 3249 4183 animarum
3296 4144 3513 4184 suarum
3561 4130 3773 4186 vinculn

2199 4223 2634 4292 comprobantur.
2663 4220 2769 4275 Eos
2808 4231 2987 4275 autem
3029 4221 3121 4289 qui
3159 4221 3242 4275 his
3289 4229 3526 4286 utuntur,
3567 4221 3633 4276 ab
3663 4219 3774 4275 Ec—

2199 4314 2360 4369 clesia
2389 4314 2512 4383 pelli
2541 4313 2898 4383 praecipimus.

2201 4425 2280 4479 De
2305 4426 2383 4479 his
2411 4425 2496 4496 qui
2531 4423 2594 4477 ab
2626 4423 2902 4496 haereticis,
2929 4424 3007 4476 vel
3033 4420 3252 4496 ludatis,
3278 4423 3573 4495 festivitatis
3600 4443 3780 4481 eorum

2769 4493 2904 4547 dona
2927 4493 3230 4560 suscipiunt.

2269 4604 2423 4662 CXL.
2448 4603 2603 4671 Quod
2631 4618 2740 4658 non
2768 4610 3023 4673 oporteat
3069 4616 3100 4655 a
3144 4600 3340 4657 .Iudzeis
3386 4603 3469 4657 vel
3513 4603 3780 4660 hmreticis

2200 4711 2263 4752 ea
2291 4709 2408 4764 qua:
2436 4695 2718 4748 mittuntur
2744 4706 2967 4747 munera
2999 4690 3186 4746 festiva
3214 4692 3504 4763 suscipere,
3529 4708 3627 4748 nec
3652 4709 3779 4749 cum

2200 4787 2277 4842 eis
2307 4784 2440 4840 festa
2469 4784 2764 4839 celebrare.

2270 4895 2348 4949 De
2378 4893 2686 4948 Christianis
2731 4892 2816 4965 qui
2856 4891 3155 4946 Judworum
3184 4909 3368 4962 azyma
3403 4893 3699 4948 comedunt.

2270 4986 2445 5043 CXLI.
2477 4986 2630 5052 Quod
2661 5001 2767 5041 non
2795 4991 3044 5053 oporteat
3079 4997 3268 5052 azyma
3315 4997 3347 5036 a
3395 4981 3592 5038 Judznis
3629 4984 3781 5040 acci-

2200 5093 2349 5147 pere,
2372 5087 2426 5133 et
2450 5075 2848 5132 communicare
2870 5073 3231 5143 impietalibus
3255 5087 3460 5127 eorum.

2334 5187 2410 5242 De
2439 5185 2745 5241 Christianis
2770 5183 3146 5239 celebrantibus
3170 5187 3302 5256 festa
3339 5186 3623 5256 gentilium.

2267 5296 2466 5353 CXLII.
2499 5295 2653 5363 Quod
2681 5311 2796 5350 non
2830 5303 3081 5365 oporteat
3125 5312 3245 5351 cum
3297 5298 3585 5364 gentilibus
3632 5298 3778 5356 festa

2195 5391 2489 5456 celebrare,
2519 5397 2574 5444 et
2617 5389 3012 5444 communicare
3059 5388 3415 5458 pravitatibus
3444 5407 3632 5447 eorum
3682 5393 3781 5462 qui

2195 5483 2308 5537 sine
2339 5482 2450 5537 Deo
2479 5490 2620 5537 sunt.

2196 5595 2274 5650 De
2301 5597 2548 5667 episcopis
2559 5597 2642 5667 qui
2661 5611 2751 5649 eas
2771 5611 2883 5666 quae
2901 5595 3383 5678 ﬁuntevacationes
3416 5598 3485 5651 ad
3511 5597 3774 5669 synodum

2891 5677 3074 5720 vitant.

2263 5779 2482 5838 CXLIII.
2513 5779 2665 5848 Quod
2694 5796 2801 5836 non
2821 5788 3068 5851 oporteat
3095 5781 3376 5851 episcopos
3411 5780 3478 5836 ad
3505 5781 3778 5852 synodum
