3982 6196
285 282 385 334 I69

1250 265 1471 334 CODEX
1507 274 1830 331 CANONUM
1858 272 2558 332 ECCLESIASTICORUM.

3434 272 3539 328 I70

277 370 504 444 vocatos
524 402 745 443 omnino
763 394 1143 453 contemnere,
1172 387 1266 441 sed
1290 387 1532 455 protinus
1559 387 1662 451 ire,
1694 394 1747 439 et
1766 384 1856 439 do-
1886 389 1936 447 Α
1962 383 2081 440 Non
2112 385 2289 440 debsre
2339 388 2390 439 in
2440 386 2621 439 diebus
2653 386 2978 455 jejuniontm
3025 392 3542 447 commemoratione:

279 494 427 543 cere,
454 479 540 532 vel
585 476 794 532 discere
823 492 887 531 ea
927 492 1047 546 quae
1081 476 1147 531 ad
1181 477 1572 531 correctionem
1610 475 1864 530 Ecclesia:

280 569 365 623 vel
396 568 722 636 reliquarum
759 567 1031 636 pertinent
1071 581 1266 620 rerum.
1308 564 1554 634 Seipsum
1592 579 1741 629 vero,
1773 563 1867 631 qui

282 659 690 729 contempserit,
718 656 1021 723 accusabit,
1054 656 1154 711 nisi
1183 655 1321 712 forte
1366 670 1463 724 per
1497 653 1866 723 tegritudinem

286 752 363 806 ire
381 767 486 804 non
508 750 701 819 possit.

288 842 439 907 Quod
482 844 595 894 sine
644 841 831 894 litteris
868 855 1020 894 sacro
1068 839 1353 892 ministerio
1392 839 1665 891 servientes
1708 834 1868 905 proﬁ-

813 910 938 964 cisci
966 927 1068 964 non
1096 910 1333 963 debeant.

352 1000 577 1056 CXLIV.
608 1000 763 1068 Quod
802 1016 909 1055 non
946 1008 1194 1069 oporteat
1214 997 1571 1063 sacerdotem,
1598 997 1683 1051 vel
1708 995 1869 1052 cleri-

287 1109 433 1157 cum,
461 1094 579 1147 sinc
602 1092 801 1146 litteris
832 1091 1094 1160 Prolicisci
1123 1089 1413 1144 canonicis.

288 1181 440 1247 Quod
469 1193 657 1251 praeter
684 1184 976 1252 episcopum
1014 1182 1227 1235 clericus
1252 1181 1511 1250 proﬁcisci
1537 1196 1639 1233 non
1664 1180 1867 1233 debeat.

356 1270 564 1325 CXLV.
597 1269 754 1336 Quod
796 1287 901 1325 non
940 1278 1190 1340 oporteat
1217 1270 1576 1337 sacerdotem,
1598 1270 1684 1324 vel
1714 1270 1875 1324 cleri-

286 1377 432 1429 cum,
462 1372 660 1431 praner
682 1361 977 1430 jussionem
1001 1361 1083 1415 sui
1112 1361 1375 1430 proﬁcisci
1405 1360 1691 1431 pontiﬁcis.

572 1451 644 1507 Ut
667 1453 972 1506 subdiaconi
992 1451 1061 1505 ad
1089 1455 1223 1506 ostia
1252 1464 1592 1524 perseverent.

355 1541 588 1596 CXLVI.
621 1542 778 1608 Quod
830 1558 940 1597 non
990 1552 1242 1612 oporteat
1274 1544 1651 1609 subdiaconos,
1684 1544 1872 1600 saltem

291 1633 591 1703 paululum,
619 1633 822 1702 januas
844 1632 1113 1698 deserere,
1136 1642 1193 1687 et
1220 1634 1451 1689 orationi
1480 1650 1693 1689 vacare.

472 1720 545 1775 Ut
572 1722 645 1774 ad
668 1722 959 1775 sacrarium
996 1723 1234 1776 mulieres
1276 1740 1380 1777 non
1418 1725 1697 1779 introeant.

361 1814 617 1872 CXLVII.
658 1816 815 1882 Quod
862 1832 971 1871 non
1026 1825 1277 1887 oporteat
1307 1818 1512 1887 ingredi
1534 1818 1785 1874 mulieros
1815 1820 1881 1876 ad

293 1904 487 1958 altare.

295 1991 377 2047 De
427 1993 506 2046 his
545 1988 633 2064 qui
685 1994 827 2048 circa
867 1996 1090 2078 mediam
1124 1996 1465 2119 se‘ptimanam
1509 1997 1579 2050 ad
1619 1996 1874 2069 baptisma

977 2082 1162 2119 venturi
1191 2106 1205 2119 .

977 2082 1205 2121 veniunt.

365 2153 639 2209 CXLVIII.
665 2156 821 2223 Quod
864 2172 972 2211 non
1014 2166 1265 2227 oporteat
1292 2157 1360 2211 ad
1398 2158 1660 2228 baptisma
1689 2174 1880 2227 quem-

295 2257 457 2312 quam
488 2254 614 2317 post
638 2246 770 2300 duas
788 2246 1223 2316 Quadragesimm
1253 2248 1617 2304 hebdomadas
1644 2250 1874 2303 admitti.

664 2357 744 2411 De
770 2358 1057 2413 redditione
1085 2360 1531 2429 baptizandorum.

366 2446 600 2502 CXLIX.
626 2446 780 2514 Quod
831 2457 1079 2519 oporteat
1109 2466 1203 2506 eos
1232 2453 1322 2520 qui
1361 2454 1430 2507 ad
1472 2454 1739 2525 baptisma
1790 2471 1883 2511 ve-

299 2539 451 2594 niunt
480 2541 640 2595 tidem
670 2541 896 2605 discere,
928 2550 985 2596 et
1011 2543 1196 2613 quinta
1245 2543 1379 2599 feria
1425 2549 1740 2616 septimana:
1767 2564 1883 2604 ma-

294 2630 427 2700 joris
450 2632 711 2702 episcopo
732 2639 825 2685 aut
854 2632 1187 2703 presbyteris
1216 2634 1459 2690 reddere.

547 2744 629 2799 De
657 2740 738 2801 his
764 2748 848 2818 qui
877 2749 932 2801 in
961 2749 1269 2819 egritudine
1289 2748 1635 2820 baptizantur.

2529 468 2813 527 martyrum
2835 458 2971 525 ﬁeri.

2036 571 2211 626 CLIV.
2242 572 2394 639 Quod
2429 588 2535 627 non
2565 578 2814 640 oporteat
2852 571 2903 624 in
2933 570 3353 641 Quadragesima
3401 588 3549 629 mar-

1970 673 2141 733 tyrum
2170 664 2409 716 natalitia
2438 662 2719 726 celebrari,
2748 662 2840 715 scd
2870 677 3057 716 eorum
3098 674 3285 719 sancta
3316 679 3550 721 conan-

1969 755 2199 807 moratio
2230 755 2280 806 in
2306 754 2493 808 diebus
2533 755 2879 809 sabbatorum
2908 765 2963 807 et
2997 754 3385 810 dominicorum
3428 756 3542 811 ﬁeri

1969 844 2273 900 convcnidt.

1975 952 2043 1008 Ut
2072 958 2312 1010 natalitia
2349 958 2425 1011 vel
2456 960 2649 1028 nuptia:
2688 961 2739 1011 in
2785 946 3197 1029 Quadragesima
3245 976 3346 1013 non
3386 960 3544 1031 ﬁant.

2042 1070 2192 1125 CLV.
2225 1068 2377 1135 Quod
2433 1086 2539 1124 non
2586 1079 2834 1139 oporteat
2881 1071 2934 1125 in
2980 1069 3415 1138 Qnadragesima,
3457 1081 3551 1126 aut

1974 1165 2207 1233 nuptias,
2234 1172 2323 1216 aut
2353 1164 2589 1217 natalitia
2613 1164 2869 1220 celebrar.

2161 1275 2227 1329 Ut
2252 1278 2306 1329 in
2334 1274 2746 1330 Christianorum
2768 1292 2869 1328 non
2901 1278 3120 1329 saitetur
3143 1278 3362 1345 nuptiis.

2043 1368 2214 1423 CLVI.
2237 1368 2390 1433 Quod
2413 1384 2517 1422 non
2545 1375 2793 1435 oporteat
2813 1367 3143 1421 Christianos
3168 1374 3355 1420 euntes
3373 1366 3439 1421 ad
3456 1382 3553 1421 nt:-

1976 1464 2114 1534 ptias
2138 1462 2414 1531 plaudere,
2443 1461 2528 1515 vel
2554 1460 2771 1522 saltare,
2824 1456 2924 1513 sed
2952 1457 3326 1513 venerabiliter
3367 1472 3553 1514 omna-

1976 1570 2053 1621 re,
2070 1554 2150 1607 vel
2182 1554 2467 1623 prandere,
2494 1554 2630 1608 sicut
2653 1552 2986 1607 Christianos
3014 1551 3184 1606 decet.

2057 1662 2180 1717 Non
2209 1664 2362 1716 licere
2388 1664 2586 1715 clericis
2615 1661 2828 1715 ludicris
2864 1661 3170 1730 spectaculis
3207 1663 3470 1715 interesse.

1906 1747 1951 1806 Β
2045 1753 2242 1808 CLVII.
2277 1751 2428 1819 Quod
2462 1768 2568 1806 non
2590 1759 2838 1821 oporteat
2864 1749 3188 1813 sacerdotes,
3213 1758 3306 1802 aut
3335 1749 3556 1804 clericos

1978 1845 2385 1914 quibuscunque
2434 1845 2772 1915 spectaculis,
2806 1844 2858 1897 in
2902 1844 3089 1907 ca-nis,
3120 1850 3213 1895 aut
3254 1843 3306 1896 in
3338 1842 3557 1912 nuptii~,

1980 1937 2241 1992 interesse
2273 1955 2284 1989 :
2317 1935 2411 1990 sed
2431 1945 2719 2006 antequam
2748 1935 3020 2007 thymelici
3051 1933 3434 2003 ingrediantur,
3459 1949 3558 1987 ex-

1979 2043 2200 2097 surgere
2229 2044 2324 2084 eos
2352 2029 2621 2093 convenit,
2646 2037 2806 2097 atque
2835 2027 2959 2082 inde
2988 2026 3263 2081 discedere

1985 2139 2107 2195 Non
2158 2157 2436 2211 congruere
2485 2140 2687 2221 penitus
2738 2138 3049 2191 Christianis
3100 2136 3558 2191 comessationibus

2642 2218 2905 2263 interesse.

2052 2302 2273 2358 CLVIII.
2305 2302 2459 2369 Quod
2506 2318 2612 2356 non
2657 2308 2904 2370 oporteat
2933 2298 3262 2363 sacerdotes,
3291 2304 3384 2351 aut
3405 2296 3560 2351 cleri-

1984 2410 2079 2450 cos
2122 2410 2187 2448 ex
2218 2392 2431 2447 collatis
2458 2391 2544 2445 vel
2588 2390 3071 2445 comessationibus
3125 2387 3369 2442 convivia
3416 2386 3561 2441 cele-

1985 2486 2173 2550 brare;
2206 2485 2309 2537 hoc
2338 2492 2513 2536 autem
2544 2496 2642 2534 nec
2670 2479 2821 2535 laicis
2853 2494 3009 2548 posse
3038 2491 3356 2544 congruere.
3406 2550 3411 2555 η

1988 2598 2112 2655 Νοη
2150 2598 2302 2652 licere
2327 2594 2650 2668 presbyteris
2679 2592 2898 2668 introire
2924 2590 2993 2643 ad
3038 2590 3207 2642 altare
3227 2629 3243 2655 ,
3265 2587 3562 2658 priusquam

2448 2661 2774 2734 ingrediatur
2817 2661 3107 2730 episcopus.

2060 2759 2236 2816 CLIX.
2270 2758 2421 2825 Quod
2466 2771 2573 2811 non
2620 2759 2868 2823 oporteat
2918 2751 3263 2821 presbyteros
3285 2759 3410 2802 ante
3438 2763 3563 2818 pro-

368 2838 476 2892 αλ·
503 2838 659 2905 Quod
688 2849 944 2909 oporteat
986 2857 1080 2896 eos
1134 2842 1227 2912 qui
1275 2843 1327 2897 in
1371 2845 1686 2912 {egritudine
1711 2847 1888 2915 perci-
1989 2853 2288 2907 cessionem
2353 2846 2589 2917 episcopi
2642 2842 2862 2897 introire
2905 2839 3199 2894 sacrarium
3252 2846 3308 2891 et
3354 2837 3564 2902 sedere,

297 2932 451 3000 piunt
477 2930 771 2999 baptisma,
804 2938 1085 2999 postquam
1134 2933 1524 2999 convaluerint,
1556 2933 1712 2990 ﬁdem
1757 2952 1886 3008 per-

295 3019 528 3087 discere,
564 3027 622 3075 et
649 3021 787 3075 scire
817 3019 970 3089 cujus
1013 3022 1250 3078 muneris
1296 3024 1586 3093 participes
1605 3024 1728 3080 lacti
1757 3027 1884 3083 sint.

626 3135 696 3192 Ut
722 3148 837 3209 post
877 3137 1130 3207 baptisma
1149 3141 1371 3194 chrisma
1396 3141 1565 3195 detur.

363 3224 501 3280 CLI.
535 3227 693 3293 Quod
748 3238 996 3299 oporteat
1050 3246 1145 3286 eos
1198 3232 1290 3299 qui
1344 3232 1712 3301 haptizantur,
1748 3222 1887 3305 post

298 3319 601 3381 lavacrum,
626 3318 855 3373 chrisma
876 3320 1095 3376 cmleste
1117 3322 1409 3391 percipere.
1430 3332 1483 3377 et
1512 3324 1659 3393 regni
1689 3324 1883 3381 Christi

296 3407 590 3479 participes
620 3408 864 3463 inveniri.

364 3521 673 3577 Oblationcs
694 3525 868 3592 oﬁ'erri
892 3526 944 3578 in
970 3523 1384 3599 Quadragesima
1424 3545 1527 3583 non
1554 3538 1808 3599 oportere.

362 3612 521 3669 CUI.
552 3613 711 3682 Quod
763 3632 871 3671 non
918 3626 1164 3687 oporteat
1209 3620 1263 3673 in
1311 3620 1761 3689 Quadragesima,
1790 3640 1886 3693 pa-

298 3720 419 3759 nem
447 3704 839 3760 benedictionis
877 3706 1059 3763 oﬂerri
1107 3708 1160 3763 in
1212 3710 1439 3765 sabbato
1493 3719 1549 3765 et
1593 3711 1880 3768 dominico.

298 3811 419 3869 Non
470 3815 659 3871 debere
686 3816 946 3887 jejunium
986 3820 1113 3894 solvi
1155 3823 1210 3874 in
1258 3823 1439 3892 quinta
1492 3823 1625 3893 feria
1670 3824 1884 3894 majoris

935 3892 1254 3959 septimanaz.

361 3975 543 4031 CLIII.
578 3976 733 4043 Quod
788 3996 899 4034 non
954 3990 1206 4050 oporteat
1253 3984 1306 4037 in
1357 3983 1794 4055 Quadragesima,
1828 3988 1884 4045 in

301 4072 489 4126 ultima
514 4074 816 4141 septimana
832 4073 1028 4142 quinta:
1051 4074 1197 4130 feria:
1220 4078 1233 4095 ‘
1250 4076 1511 4145 jejunium
1541 4080 1770 4143 solvere,
1796 4088 1883 4135 to-

299 4171 518 4231 tamque
545 4163 1022 4233 Quadragesimam
1072 4168 1189 4221 sine
1243 4170 1591 4224 venerationo
1632 4171 1883 4239 transire,

298 4254 576 4322 magisque
596 4255 881 4309 conveniat
898 4272 1111 4312 omnem
1133 4256 1611 4328 Quadragesimam
1633 4260 1880 4317 districto

300 4356 544 4397 venerari
570 4359 798 4411 jejunio.

1991 2941 2084 2998 scd
2138 2956 2256 2995 cum
2307 2938 2561 3008 episcopo
2591 2935 2786 2989 debent
2817 2932 3043 2999 ingredi,
3074 2930 3159 2984 vel
3200 2929 3251 2982 in
3299 2927 3566 2982 subselliis

1992 3033 2201 3095 sedere,
2234 3029 2334 3084 nisi
2366 3026 2586 3082 forsitan
2617 3023 2927 3077 inﬁrmitate
2947 3021 3268 3086 detineatur,
3293 3027 3384 3073 aut
3404 3018 3568 3088 proﬁ-

1916 3118 1963 3180 C
1993 3126 2227 3180 ciscatur
2251 3122 2552 3191 episcopus.

2068 3236 2169 3300 Qui
2191 3238 2242 3288 in
2273 3234 2415 3305 agris
2445 3234 2521 3286 rel
2548 3229 2953 3301 possessionibus
2977 3228 3194 3283 debeant
3232 3227 3488 3282 ordinari.

2065 3325 2220 3381 CLX.
2245 3324 2398 3392 Quod
2427 3339 2532 3378 non
2550 3330 2799 3393 oporteat
2814 3322 2866 3375 in
2888 3320 3083 3375 villulis
3105 3327 3196 3373 aut
3219 3319 3269 3372 in
3293 3317 3434 3385 agris
3453 3317 3568 3388 epi-

1991 3435 2186 3488 scopos
2201 3417 2477 3484 constitui,
2499 3416 2592 3470 sed
2612 3415 2936 3469 visitatorcs.
2950 3412 3332 3468 Verumtamen
3343 3410 3569 3479 jampri-

1994 3510 2113 3566 dem
2137 3509 2407 3567 constituti
2435 3507 2565 3561 nihil
2586 3506 2783 3562 faciant
2827 3512 3021 3576 pmter
3048 3502 3429 3558 conscientiam
3456 3500 3569 3571 epi-

1993 3604 2142 3670 SCOpI
2153 3600 2383 3654 civitatis
2398 3617 2411 3663 ;
2426 3598 2669 3652 similiter
2680 3605 2733 3651 et
2745 3596 3061 3667 presbyteri,
3076 3602 3271 3663 prteter
3284 3591 3567 3647 consilium

1993 3690 2227 3762 episcopi
2259 3690 2386 3744 nihil
2411 3699 2590 3758 agant.

2147 3801 2445 3856 Oblationes
2470 3802 2647 3870 offerri
2674 3803 2727 3854 in
2752 3799 2982 3854 domibus
3012 3815 3114 3851 non
3145 3803 3400 3866 aportere.

2062 3894 2239 3951 CLXI.
2272 3893 2426 3959 Quod
2481 3908 2589 3946 non
2635 3898 2887 3961 oporteat
2913 3889 2963 3941 in
2994 3886 3239 3941 domibus
3268 3884 3569 3938 oblationes

1991 3985 2253 4043 celebrari
2277 3985 2344 4037 ab
2372 3982 2640 4051 episcopis
2663 4020 2676 4042 ,
2711 3980 2793 4033 vel
2825 3976 3166 4048 presbyteris.

2097 4075 2225 4138 Qua:
2253 4071 2471 4143 psallere
2498 4072 2571 4123 vel
2601 4069 2766 4141 legere
2809 4069 2866 4122 in
2910 4065 3135 4119 ecclesiis
3166 4064 3451 4118 conveniat.

2058 4163 2259 4220 CLXII.
2290 4160 2443 4228 Quod
2493 4176 2599 4214 non
2646 4165 2897 4227 oporteat
2950 4155 3188 4226 plebeios
3243 4152 3482 4223 psalmos
3510 4152 3564 4206 in

1991 4258 2219 4315 ecclesia
2249 4264 2489 4319 cantare,
2522 4268 2623 4307 nec
2652 4251 2839 4319 libros,
2869 4258 3064 4319 prtcter
3092 4262 3375 4312 canonem,
3407 4246 3508 4315 legi
3549 4262 3564 4300 :

1996 4350 2090 4406 sed
2102 4350 2218 4405 sola
2239 4362 2397 4404 sacra
2416 4345 2689 4400 volumina
2708 4342 2842 4398 Novi
2863 4340 3210 4403 Testamenti,
3234 4338 3564 4395 velVeteris.

1832 4461 3546 4489 _____________________——

1224 4527 1566 4588 REGULIE
1628 4520 2624 4591 CONSTAN'I‘INOPOLITANZE.

362 4680 479 4737 Sub
503 4680 809 4736 Theodosio
829 4682 1069 4751 piissimo
1099 4684 1425 4755 imperatore
1449 4686 1591 4757 apud
1616 4685 1877 4743 Constan-

2003 4727 2106 4767 tam
2150 4710 2355 4764 ﬁrmam
2380 4716 2435 4764 et
2472 4706 2750 4772 stabilem;
2780 4714 2835 4761 ct
2863 4707 3417 4761 anathematizandam
3447 4720 3559 4761 om-

298 4770 584 4839 tinopolim
628 4774 856 4841 expositi
896 4782 1019 4827 sunt
1056 4791 1289 4830 canones
1318 4787 1447 4833 tres.
1482 4778 1573 4833 Ila:
1610 4778 1882 4833 deﬁnitio-

294 4876 393 4916 nes
418 4862 684 4931 exposita:
710 4871 835 4917 sunt
875 4864 942 4917 ab
970 4866 1236 4936 episcopis
1265 4867 1386 4932 150,
1418 4869 1508 4938 qui
1551 4869 1603 4923 in
1650 4868 1881 4938 idipsum

295 4952 436 5022 apud
465 4953 992 5025 Constantinopolim
1028 4968 1415 5026 convenerunt,
1446 4958 1661 5030 quando
1694 4962 1882 5016 beatus

296 5043 584 5100 Nectar-ius
608 5046 896 5117 episcopus
925 5058 1010 5103 est
1038 5049 1337 5105 ordinatus.

298 5143 367 5198 Ut
407 5160 470 5197 ea
535 5162 649 5214 qui:
702 5146 840 5215 apud
894 5145 1131 5202 Nicwam
1176 5151 1454 5205 constituta
1502 5161 1621 5204 sunt
1664 5151 1875 5205 immota

364 5226 731 5281 permaneant;
759 5227 808 5268 et
848 5216 913 5270 de
948 5219 1274 5272 anathemate
1316 5222 1649 5285 Arianorum,
1693 5221 1876 5276 Euno-

363 5287 675 5349 mianontm,
708 5285 1225 5353 Macedonianorum,
1258 5288 1696 5355 Sabellianoruns,
1731 5290 1874 5345 Pho-

363 5356 701 5419 tiasiaaorum,
752 5355 1211 5412 Marcellianorum
1252 5370 1300 5412 et
1338 5362 1871 5431 Apollinarianorum.

364 5442 587 5497 CLXIII.
630 5444 814 5499 Fidem
869 5461 979 5501 non
1028 5448 1328 5503 violandam
1374 5449 1591 5505 Patrum
1645 5448 1749 5504 3I8
1786 5451 1876 5519 qui

294 5534 437 5603 apud
479 5534 707 5589 numam
753 5535 1016 5607 Bithynia
1061 5550 1475 5606 convenerunt,
1525 5542 1619 5597 sed
1661 5555 1878 5597 manere

366 5664 485 5721 ‘Lc

367 5681 382 5686 '
414 5681 655 5788 [scietth

297 5738 471 5793 bonst.
528 5734 655 5789 'ntr.

542 5831 815 5891 ιἰτιοι..
864 5831 1123 5893 LXVII.

1990 4818 2111 4857 nem
2171 4801 2481 4868 haeresim,
2520 4808 2575 4854 et
2620 4799 2927 4869 specialiter
2972 4796 3427 4853 Eunomianorum
3481 4800 3563 4853 vel

1988 4895 2430 4959 Anomianorum,
2465 4902 2519 4949 et
2548 4894 2867 4947 Arianorum
2892 4892 2977 4947 vel
3026 4891 3479 4957 Eudoxianorum.
3508 4898 3563 4945 et

1986 4986 2494 5043 Macedonianorum
2536 4984 2619 5038 vel
2660 4982 2878 5053 Spiritui
2935 4990 3122 5036 sancto
3179 4979 3556 5049 resistentium,

1987 5085 2042 5131 et
2069 5075 2513 5140 Sabellianorum,
2545 5080 2599 5128 et
2621 5071 3098 5136 Marcellianorum,
3131 5079 3184 5124 et
3215 5067 3555 5124 Pbotiniano-

1986 5183 2126 5232 rum,
2157 5175 2211 5221 et
2242 5164 2783 5236 Apollinarianorum.

1980 5286 2058 5342 De
2101 5288 2283 5356 ordine
2342 5285 2662 5356 singularum
2688 5284 3029 5356 _diwceseon,
3073 5290 3135 5356 et
3173 5282 3238 5336 de
3277 5283 3557 5356 privilegiis

2047 5375 2161 5479 Zur:
2183 5350 2466 5477 gyptiii,
2492 5354 2821 5408 Antiochenis
2868 5350 3555 5427 Constantinopolitanisilus

2087 5446 2113 5481 e
2149 5444 2211 5480 en
2236 5444 2318 5481 ur.

2052 5536 2272 5593 CLXIV.
2314 5535 2415 5603 Qui
2444 5545 2566 5592 sunt
2592 5550 2749 5605 super
2771 5533 3043 5590 dioecesim
3073 5534 3329 5604 episcopi,
3355 5548 3554 5604 nequa-

526 5665 716 5744 endum
748 5668 943 5722 ultima!
972 5672 1272 5740 septimam:
1300 5674 1475 5741 quinta
1506 5674 1655 5744 feria.
1691 5673 1955 5729 Cteterum
1997 5679 2176 5729 textus
2220 5670 2378 5740 hujus
2419 5671 2620 5728 codicis
2669 5686 2816 5742 saepe
2863 5685 3055 5743 magna
3098 5670 3425 5727 obscuritate
3475 5669 3569 5723 ιο.

2998 5832 3035 5892 6
