4040 6202
348 267 438 324 I70
1620 263 1973 321 DIONYSIUS
2013 265 2325 321 EXIGUUS.
3512 270 3615 326 {79

340 395 499 452 quam
523 377 591 440 ad
631 377 900 438 Ecclesiae
926 393 1046 449 quo:
1071 386 1200 432 sunt
1225 385 1376 432 extra
1407 375 1656 448 praeﬁxos
1687 378 1787 432 sibi
1814 385 1925 431 ter-
1956 389 2001 442 Α
2031 394 2168 432 cnam
2220 380 2388 449 ipsius
2417 380 2704 449 provinciae
2744 379 2982 451 synodus
3008 381 3302 450 dispenset,
3335 383 3473 437 sicut
3518 383 3612 439 Ni-

340 473 515 528 niinos
538 469 821 538 accedant,
846 483 947 525 nec
974 483 1068 524 eos
1095 469 1198 524 hac
1229 468 1650 538 prmsumptione
1695 467 1925 522 confun-

340 560 471 617 dant
489 577 503 612 :
519 559 636 626 sed,
654 559 807 629 juxta
827 573 1085 623 canones,
1115 557 1512 613 Alexandrinus
1540 557 1788 625 antistes,
1809 572 1928 626 qua:

341 661 468 710 sunt
503 651 556 706 in
587 649 823 722 Egypto
852 657 1003 717 regat
1032 649 1398 715 solummodo,
1429 659 1485 704 et
1532 649 1768 705 Orientis
1814 651 1930 720 epi-

342 742 493 816 scopi
518 741 795 804 Orientem
843 748 1049 798 tantum
1091 741 1415 809 gubernent,
1455 732 1683 797 servatis
1710 742 1928 811 privile-

343 834 443 904 giis
492 847 612 902 qua:
653 831 881 885 Niconis
925 832 1227 886 canonibus
1279 830 1533 886 Ecclesiae
1581 832 1930 888 Antiochense

346 927 544 982 tributa
586 932 730 980 sunt.
765 923 974 979 Asiame
1022 939 1238 994 quoque
1267 924 1566 980 dioeceseos
1593 923 1833 996 episcopi
1865 939 1928 977 ea

343 1019 518 1075 solum
547 1032 667 1086 quae
693 1024 817 1071 sunt
857 1017 909 1070 in
939 1017 1139 1072 Asiana
1183 1017 1403 1074 dioecesi
1440 1018 1769 1089 dispensent.
1824 1017 1932 1074 Nec

345 1123 452 1163 non
482 1114 537 1161 et
565 1104 720 1162 Ponti
749 1107 994 1176 episcopi
1023 1121 1085 1162 ea
1112 1115 1317 1162 tantum
1344 1123 1463 1176 qua:
1485 1116 1610 1162 sunt
1637 1109 1690 1162 in
1734 1107 1928 1174 Ponto,

345 1205 400 1252 et
455 1195 810 1252 Thraciarum
856 1209 976 1264 qua:
1029 1196 1082 1250 in
1125 1194 1373 1251 Thraciis
1441 1204 1566 1251 sunt
1611 1197 1930 1264 gubernent.

347 1287 463 1343 Non
491 1287 668 1342 vocati
698 1295 877 1342 autem
901 1287 1141 1359 episcopi
1189 1289 1327 1342 ultra
1351 1303 1503 1343 suam
1526 1288 1801 1344 dimcesim
1826 1304 1930 1343 non

347 1380 629 1441 accedant,
651 1387 876 1449 prepter
902 1379 1278 1438 ordinationes
1308 1381 1582 1436 faciendas
1607 1381 1693 1435 vel
1714 1388 1936 1451 propter

347 1471 481 1526 alias
503 1470 938 1541 dispensationes
959 1470 1373 1525 ecclesiasticas.
1398 1471 1623 1525 Servata
1644 1485 1773 1524 vero
1816 1483 1934 1539 qua:

349 1562 546 1631 scripta
593 1569 677 1615 est.
716 1561 785 1615 de
830 1561 1310 1629 gubernationibus
1359 1563 1565 1631 regula,
1595 1560 1932 1616 manifestum

351 1660 432 1706 est
459 1650 606 1721 quod
656 1650 746 1706 illa
797 1666 917 1721 qua:
953 1660 1078 1708 sunt
1107 1667 1204 1722 per
1240 1669 1674 1724 unamquamque
1717 1653 1960 1723 provin-'

2029 485 2178 528 emno
2219 479 2432 528 constat
2466 473 2739 528 decretum
2776 487 2895 528 esse
2910 473 3177 543 concilio.
3209 472 3483 530 Ecclesias
3512 492 3610 529 au-

2031 571 2137 619 tem
2169 565 2265 619 Dei
2293 566 2344 618 in
2371 564 2665 620 barbaricis
2700 565 2950 632 gentibus
2975 565 3297 622 constitutas
3323 565 3614 633 gubernari

2029 655 2300 722 convenit,
2328 655 2478 725 juxta
2519 656 2994 724 consuetudinem,
3022 671 3142 725 qua:
3170 667 3253 713 est
3291 673 3322 712 a
3363 656 3615 713 Patribus

2031 744 2337 798 observata.
2390 745 2774 800 Verumtamen
2823 744 3449 817 Constantinopolitanus
3493 749 3614 818 epi-

2032 848 2226 905 sCOpus
2279 835 2476 890 habeat
2526 837 2748 892 honoris
2795 838 3082 908 primatum
3136 845 3260 908 post
3309 838 3616 894 Romanum

2031 926 2345 996 episcopum
2390 945 2402 979 :
2447 936 2734 998 prepterea
2785 928 2929 997 quod
2977 927 3107 984 urbs
3157 930 3272 998 ipsa
3323 929 3394 984 sit
3431 929 3619 998 junior

2034 1015 2227 1071 Roma.

2359 1107 2439 1168 De
2469 1106 2696 1162 Maximi
2722 1109 2908 1164 illicita
2937 1109 3280 1164 ordinatione.

2103 1197 2302 1254 CLXV.
2321 1199 2395 1254 De
2411 1199 2643 1255 Maximo
2659 1199 2880 1271 Cynico,
2897 1200 3080 1269 etejus
3093 1200 3394 1255 inordinata
3410 1200 3617 1255 consti-

2037 1290 2262 1354 tutione,
2288 1305 2406 1360 qua:
2426 1288 2892 1360 Constantinopoli
2920 1289 3056 1344 facta
3083 1299 3187 1352 est,
3217 1289 3413 1358 placuit
3442 1303 3617 1357 norma

2036 1379 2323 1435 Maximum
2355 1384 2666 1451 episcopum
2700 1398 2838 1446 esse,
2866 1383 2950 1436 vel
2983 1382 3160 1445 fuisse,
3193 1397 3293 1437 nec
3320 1398 3414 1437 eos
3433 1383 3523 1450 qui
3547 1381 3621 1436 ab

2037 1471 2176 1540 ipso,
2209 1472 2261 1524 in
2304 1473 2545 1541 quolibet
2580 1470 2773 1539 gradu,
2803 1471 2989 1526 clerici
3042 1480 3164 1526 sunt
3206 1470 3458 1532 ordinati,
3491 1486 3616 1524 cum

2037 1560 2217 1614 omnia
2265 1575 2386 1629 (luas
2430 1560 2497 1614 ab
2536 1560 2730 1615 eodem
2784 1568 3094 1631 perpetrata
3143 1557 3360 1614 snnt‘in
3410 1559 3618 1613 irritum

2037 1650 2264 1706 deducta
2295 1666 2414 1707 esse
2443 1651 2742 1706 videantur.

1345 1832 1686 1905 REGULE
1721 1827 2350 1896 ECCLESIASTICJE
2391 1831 2626 1892 XXVII

1157 1949 1592 1994 PROMULGATE
1649 1953 1682 1993 Δ
1720 1949 2240 1994 οηΑιωωοΝεΝει
2297 1950 2535 1994 SANCTO
2581 1947 2891 1993 CONCILIO.

599 2141 680 2196 De
707 2139 992 2195 cerdonibus
1021 2139 1425 2208 uniuscujusque
1453 2136 1682 2192 concilii.

422 2234 463 2289 l.
504 2231 736 2302 Regulus
779 2237 1092 2286 sanctorum
1138 2227 1380 2291 Patrum,
1412 2241 1511 2296 per
1549 2225 1758 2294 singula
1801 2239 1944 2280 nunc

355 2338 522 2394 usque
559 2319 788 2378 concilia
817 2319 1156 2380 constitutas,
1190 2317 1466 2387 proprium
1500 2315 1664 2370 robur
1693 2315 1944 2370 obtinere

355 2415 709 2474 decrevimus.

359 2558 508 2630 Quod
543 2573 642 2611 non
687 2559 920 2624 oporteat
949 2553 1245 2631 episcopos,
1279 2555 1366 2631 aut
1407 2544 1678 2627 quemlibet
1706 2559 1771 2598 ex
1807 2544 1943 2598 clero

827 2637 916 2692 per
943 2617 1191 2692 pecunias
1220 2617 1477 2672 ordinari.

385 2779 390 2782 -
428 2737 493 2797 ll.
531 2735 589 2794 Si
613 2734 734 2805 quis
761 2733 1052 2802 episcopus
1079 2745 1176 2800 per
1201 2728 1484 2799 pecuniam
1518 2726 1708 2782 fecerit
1731 2725 1946 2780 ordina-

361 2835 584 2894 tionem,
625 2838 681 2885 et
719 2828 820 2884 sub
859 2825 1033 2898 pretio
1073 2822 1344 2892 redegerit
1380 2822 1644 2892 gratiam,
1685 2835 1804 2898 quae
1840 2835 1946 2874 non

360 2928 538 2994 potest.
581 2917 770 2982 vendi,
820 2913 1254 2982 ordinaveritque
1293 2928 1390 2983 per
1430 2911 1688 2982 pecunias
1736 2909 1947 2980 episco-

364 3027 514 3082 pum,
542 3016 638 3068 aut
662 3006 1056 3080 presbyterum,
1085 3011 1180 3060 aut
1205 3003 1514 3066 diaconum,
1545 3000 1629 3055 vel
1658 2999 1950 3070 quemlibet

369 3124 438 3164 ex
480 3107 564 3163 his
608 3105 698 3176 qui
728 3108 1187 3158 connumerantnr
1216 3099 1268 3153 in
1298 3097 1467 3161 clero,
1499 3105 1592 3151 aut
1617 3093 1950 3167 promoverit

362 3217 461 3272 per
506 3198 763 3274 pecunias
815 3195 1263 3266 dispensatorem,
1316 3199 1411 3245 aut
1456 3187 1815 3252 defensorem,
1863 3186 1948 3242 vel

361 3306 707 3365 quamquam,
738 3288 828 3360 qui
854 3285 1129 3356 subjectus
1151 3292 1236 3340 est
1261 3283 1480 3366 regulae,
1507 3297 1607 3352 pro
1629 3297 1727 3336 suo
1751 3279 1947 3351 turpis-

361 3384 483 3442 simi
503 3382 636 3438 lucri
661 3378 946 3436 commodo
970 3395 982 3430 :
1008 3377 1070 3442 is,
1099 3375 1186 3434 cui
1216 3375 1317 3429 hoc
1344 3372 1631 3428 attentanti
1663 3371 1947 3440 probatum

363 3472 541 3538 tuerit,
569 3469 776 3542 proprii
805 3465 1000 3537 gradus
1030 3463 1271 3535 periculo
1295 3459 1612 3534 subjacebit.
1646 3457 1710 3513 Et
1741 3458 1830 3528 qui
1861 3473 1948 3512 or-

363 3527 699 3626 dinatuslest,
728 3557 857 3612 nihil
880 3571 947 3610 ex
969 3556 1069 3610 hac
1095 3551 1458 3616 ordinatione,
1479 3549 1566 3604 vel
1588 3548 1948 3620 promotione,
1977 3527 2021 3588 (ἶ

365 3667 485 3724 quae
513 3659 596 3708 est
635 3664 732 3720 per
771 3645 1195 3714 negotiationem
1240 3641 1402 3706 iacta,
1447 3639 1729 3711 proliciat:
1761 3637 1854 3693 sed
1882 3639 1952 3691 sit

364 3743 570 3798 alienus
605 3755 636 3794 a
677 3738 959 3806 dignitate,
990 3734 1074 3790 vel
1104 3733 1487 3797 sollicitudine,
1519 3745 1678 3799 quam
1710 3727 1951 3799 pecuniis

363 3833 624 3906 qumsivit.
661 3831 715 3886 Si
745 3829 866 3898 quis
896 3843 1022 3883 vero
1054 3825 1322 3881 mediator
1343 3832 1454 3877 tam
1487 3821 1732 3890 turpibus
1759 3827 1813 3874 et
1849 3835 1948 3874 ne-

365 3925 535 3982 fandis
580 3923 720 3980 datis
746 3922 830 3978 vel
860 3919 1106 3991 acceptis
1149 3915 1422 3973 exstiterit
1451 3955 1468 3980 ,
1498 3913 1762 3984 siquidem
1791 3911 1952 3968 cleri-

365 4033 459 4074 cus
489 4017 666 4080 l‘uerit,
697 4013 916 4084 proprio
944 4009 1116 4082 gradu
1145 4008 1390 4075 decidat;
1413 4005 1458 4062 si
1487 4019 1616 4062 vero
1645 4004 1836 4069 laicus,
1859 4011 1953 4058 aut

365 4105 681 4170 monachus,
709 4101 1215 4158 anathematizetur.

368 4218 516 4285 Quod
554 4234 656 4274 non
699 4221 950 4288 oporteat
973 4213 1258 4288 episcopos,
1300 4209 1516 4288 clericos
1553 4216 1602 4261 et
1641 4205 1946 4270 monachos,

747 4288 752 4292 ’
785 4279 1189 4356 ρνωάὶαπιξιήα
1219 4279 1527 4334 conducere.

433 4397 522 4453 lll.
561 4381 816 4451 Pervenit
844 4391 913 4447 ad
940 4399 1186 4446 sanctam
1237 4387 1503 4461 synodum
1534 4385 1678 4456 quod
1707 4383 1950 4455 quidam,

365 4488 458 4558 qui
505 4487 558 4542 in
606 4485 753 4541 clero
798 4484 1046 4538 videntur
1092 4479 1293 4545 allecti,
1325 4485 1546 4549 propter
1588 4477 1733 4533 lucra
1777 4473 1952 4543 turpia

257 4643 269 4656 .
365 4579 726 4636 conductores
749 4576 1051 4632 alienarum
1081 4573 1484 4644 possessionum
1515 4569 1667 4634 liant,
1696 4576 1751 4622 et
1777 4581 1948 4621 sarcu-

367 4672 501 4728 laria
547 4668 767 4739 negotia
796 4667 897 4722 sub
937 4680 1066 4722 cura
1106 4679 1203 4724 sua
1248 4662 1581 4732 suscipiant:
1614 4658 1706 4712 Dei
1736 4655 1950 4726 quidem

366 4761 719 4822 ministerium
742 4755 1217 4831 parvipendentcs,
1239 4753 1571 4808 saecularium
1595 4761 1726 4804 vero
1747 4748 1952 4802 discur-

365 4861 544 4912 rentes
571 4851 782 4916 domos,
813 4857 870 4905 et
911 4855 1132 4918 propter
1169 4846 1449 4900 avaritiam
1500 4840 1948 4912 patrimoniorum

361 4942 752 5003 sollicitudines
788 4950 1136 4996 assumentes.
1189 4936 1436 4992 Decrevit
1480 4933 1660 5002 itaque
1703 4938 1946 4985 sanctum

362 5038 468 5094 hoc
510 5045 870 5108 magnumque
917 5027 1230 5094 concilium,
1275 5021 1481 5084 nullum
1529 5023 1804 5092 deinceps,
1837 5035 1946 5074 non

363 5123 696 5197 episcopum,
729 5137 838 5177 non
881 5119 1156 5185 clericum,
1187 5117 1275 5172 vel
1317 5113 1664 5178 monachum,
1694 5120 1787 5167 aut
1815 5125 1946 5180 pos-

363 5217 635 5274 sessiones
683 5215 1029 5277 conducere,
1079 5219 1174 5265 aut
1220 5209 1449 5279 negotiis
1495 5204 1841 5262 saecularibus
1888 5216 1946 5257 se

361 5306 614 5371 miscere,
667 5313 864 5375 prteter
909 5301 1268 5376 pupillorum,
1313 5299 1359 5354 si
1401 5295 1542 5352 forte
1586 5295 1731 5362 leges
1772 5293 1948 5361 impo-

363 5405 514 5461 nant,
545 5391 965 5449 inexcusabilem
1011 5406 1218 5453 curam,
1251 5393 1345 5443 aut
1387 5384 1618 5443 civitatis
1656 5382 1945 5454 episcopus

362 5483 852 5546 ecclesiasticarum
895 5494 1076 5534 rerum
1116 5477 1537 5535 sollicitudinem
1567 5472 1771 5528 habere
1800 5484 1943 5541 prac-

361 5578 544 5651 eipiat,
591 5581 686 5630 aut
729 5571 1117 5642 orphanorum,
1168 5579 1225 5625 et
1269 5569 1549 5624 viduarum
1577 5605 1592 5631 ,
1649 5574 1942 5632 earumque

362 5684 482 5744 qna
517 5669 636 5724 sine
683 5664 793 5721 ulla
839 5663 1145 5734 provisione
1193 5669 1320 5718 sunt
1391 5671 1748 5730 personarum
1774 5696 1789 5722 ,
1822 5666 1941 5726 quae

366 5763 597 5820 maxime
656 5756 1024 5816 ecclesiastico
1074 5753 1312 5822 indigent
1359 5750 1666 5822 adjutorio,
1719 5753 1938 5817 propter

1970 2142 2014 2202 Β
2042 2139 2288 2193 timorem
2304 2136 2515 2193 Domini
2535 2152 2699 2194 causa
2719 2117 2994 2207 deposcat.
3015 2132 3071 2190 Si
3097 2134 3215 2204 quis
3238 2141 3418 2192 autem
3441 2144 3623 2193 trans-

2042 2229 2190 2299 gredi
2232 2229 2302 2286 de
2350 2238 2547 2285 caetero
2589 2236 2787 2283 statuta
2824 2226 3130 2290 tentaverit,
3187 2224 3492 2295 hujusmodi
3531 2243 3626 2282 ec-

2043 2319 2364 2375 clesiasticis
2392 2317 2848 2388 increpationibus
2875 2315 3196 2385 subjacebit.

2045 2429 2123 2484 De
2156 2431 2349 2484 honore
2376 2428 2640 2483 monac/tis
2675 2437 3019 2498 competente,
3056 2437 3106 2482 et
3137 2434 3195 2481 ut
3233 2427 3406 2484 nullus
3445 2444 3624 2482 eorum

2117 2510 2273 2554 tentet
2293 2499 2638 2553 ecclesiastica
2671 2505 2759 2550 aut
2790 2497 3063 2551 saeuiat-iu
3085 2498 3371 2569 inquietare
3391 2497 3619 2569 negotia,

2113 2586 2206 2652 nec
2253 2571 2479 2651 alienum
2527 2583 2729 2621 servum
2774 2575 2965 2639 praeter
3010 2568 3378 2621 conscientiam
3424 2568 3626 2621 demini

2117 2658 2225 2711 ejus
2255 2655 2534 2709 susripere.

2117 2733 2202 2787 IV.
2245 2730 2348 2798 Qui
2379 2745 2504 2784 vere
2555 2738 2608 2784 et
2636 2729 2845 2783 sincrre
2882 2727 3208 2796 singularem
3237 2734 3514 2796 sectantur
3539 2727 3622 2780 vi-

2051 2837 2182 2894 tam,
2218 2835 2591 2896 competenter
2633 2826 2966 2880 houorentur
3001 2843 3013 2875 :
3047 2823 3300 2891 quoniam
3340 2837 3468 2876 vero
3501 2823 3626 2892 qui-

2049 2918 2194 2984 dam,
2222 2924 2437 2972 utentes
2475 2916 2658 2971 habitu
2691 2915 2965 2982 monachi,
3015 2913 3377 2970 ecclesiastica
3411 2915 3630 2985 negotia

2049 3008 2328 3078 civiliaque
2349 3007 2693 3070 conturbant,
2725 3007 3118 3062 circumeuntes
3149 3004 3514 3060 indifferenter
3537 3021 3628 3060 ur-

2049 3096 2164 3161 bes,
2196 3111 2298 3151 nec
2326 3112 2433 3150 non
2460 3105 2516 3151 et
2537 3096 2862 3154 monasteria
2897 3095 2997 3150 sibi
3043 3097 3306 3150 instruere
3333 3102 3629 3157 tentantes,

2050 3187 2253 3259 placuit
2273 3188 2474 3243 nullum
2496 3187 2712 3257 quidem
2741 3203 2964 3256 usquam
2996 3186 3265 3242 mdilicare
3309 3196 3403 3240 aut
3427 3189 3629 3243 consti-

2051 3287 2205 3336 tuere
2249 3281 2655 3344 monasterium,
2699 3278 2785 3333 vel
2831 3277 3092 3334 orationis
3134 3277 3389 3341 domum,
3435 3286 3632 3348 praeter

2051 3371 2436 3428 conscientiam
2477 3370 2709 3426 civitatis
2744 3370 3001 3440 episc0pi.
3037 3369 3331 3425 Monachus
3355 3385 3485 3424 vero
3529 3384 3630 3440 per

2057 3477 2488 3532 unamquamque
2531 3461 2835 3526 civitatem,
2878 3470 2970 3515 aut
3015 3463 3309 3529 regionem,
3356 3460 3634 3530 subjectos

2053 3567 2173 3608 esse
2211 3552 2489 3623 episeopo,
2515 3559 2569 3607 et
2594 3553 2832 3623 quietem
2873 3551 3118 3619 diligere,
3156 3559 3212 3606 et
3245 3552 3483 3605 intentos
3511 3563 3632 3605 esse

2053 3642 2426 3698 tantummodo
2457 3641 2683 3711 jejunio,
2709 3651 2763 3698 et
2795 3643 3046 3707 orationi,
3075 3642 3130 3696 in
3157 3641 3289 3696 locis
3321 3641 3516 3712 quibus
3541 3655 3632 3697 rc-

2054 3735 2440 3791 nuntiaverunt
2468 3736 2666 3790 szeculo
2715 3743 3114 3805 permanentes.
3153 3733 3263 3789 Nec
3297 3733 3629 3790 ecclesiasti-

2053 3828 2131 3883 cis
2158 3843 2309 3895 vero,
2333 3842 2434 3883 nec
2461 3826 2806 3882 saecularibus
2837 3827 3069 3896 negotiis
3091 3828 3512 3894 communicent,
3543 3826 3632 3882 vel

2053 3919 2109 3974 in
2137 3918 2316 3988 aliquo
2343 3920 2452 3974 sint
2479 3919 2720 3984 molesti,
2743 3919 2962 3988 propria
3011 3921 3332 3974 monasteria
3375 3919 3634 3974 deseren-

2055 4019 2136 4069 tes
2158 4053 2176 4079 ,
2203 4012 2305 4067 nisi
2345 4010 2485 4066 forte
2524 4009 2609 4065 bis
2650 4009 2993 4080 prrecipiatur
3021 4018 3244 4080 propter
3270 4017 3418 4080 opus
3437 4025 3633 4064 neces-

2053 4105 2252 4161 sarium
2281 4104 2348 4159 ab
2376 4103 2631 4173 episcopo
2661 4102 2912 4158 civitatis.
2957 4100 3170 4156 Nullum
3215 4115 3348 4156 vero
3388 4100 3635 4172 recipere

2051 4196 2108 4250 in
2138 4193 2481 4249 monasteriis
2516 4207 2730 4248 servum
2770 4193 2997 4248 obtentu
3031 4192 3302 4260 monachi,
3331 4201 3528 4261 praeter
3548 4192 3633 4247 sui

2052 4285 2254 4341 domini
2303 4285 2710 4340 conscientiam.
2761 4281 3269 4351 Transgredientem
3315 4297 3446 4336 vero
3493 4281 3634 4339 hanc

2052 4375 2415 4431 deﬁnitionem
2466 4383 2708 4429 nostram
2739 4371 3264 4427 excommunicatum
3291 4386 3411 4426 esse
3440 4370 3632 4426 decre-

2051 4468 2244 4535 vimus,
2296 4481 2365 4523 ne
2409 4481 2617 4522 nomen
2649 4464 2742 4519 Dei
2783 4463 3207 4534 blasphemetur.
3248 4463 3634 4518 Verumtamen

2051 4560 2360 4631 episcopum
2389 4558 2640 4615 convenit
2666 4557 2898 4614 civitatis
2931 4564 3327 4627 competentem
3355 4563 3636 4612 monaste~

2050 4654 2252 4709 riorum
2275 4651 2669 4722 providentiam
2687 4663 2894 4720 gerere.

2161 4765 2286 4826 Non
2322 4764 2793 4836 transmigrandum
2820 4763 2886 4824 de
2914 4763 3118 4818 civitate
3145 4764 3200 4818 in
3228 4762 3506 4816 civitatem.

2120 4869 2186 4924 ν.
2219 4867 2294 4923 De
2315 4867 2396 4923 liis
2422 4867 2512 4938 qui
2538 4865 2914 4936 transmisi-ant
2941 4862 3012 4919 de
3031 4863 3250 4919 civitate
3285 4862 3339 4917 in
3359 4862 3634 4920 civitatem

2054 4959 2342 5032 episcopis,
2391 4967 2484 5013 aut
2535 4955 2768 5023 clericis,
2808 4953 3008 5024 placuit
3049 4961 3110 5008 ut
3145 4967 3385 5009 canones
3424 4951 3518 5022 qui
3559 4952 3632 5008 de

2053 5051 2154 5106 hac
2181 5065 2240 5105 re
2268 5065 2298 5103 a
2343 5048 2542 5104 sanctis
2586 5045 2834 5105 l’atribtts
2860 5042 3046 5103 statuti
3073 5049 3203 5100 sunt
3241 5042 3478 5098 habeant
3501 5057 3630 5111 pro-

2051 5143 2222 5213 priam
2251 5138 2574 5196 ﬁrmitatem.

2162 5251 2312 5320 Quod
2335 5268 2437 5306 non
2467 5257 2700 5322 oporteat
2724 5246 2954 5302 absolute
2982 5243 3232 5317 quoslibet
3262 5241 3516 5298 ordinari.

2124 5371 2209 5426 Vl.
2253 5367 2466 5426 Nullum
2495 5365 2739 5423 absolute
2758 5362 2994 5420 ordinari
3013 5360 3213 5416 debere
3235 5358 3632 5429 presbyterum,

2053 5473 2146 5520 aut
2172 5462 2478 5527 diaconum,
2509 5473 2610 5514 nec
2635 5455 2928 5527 quemlibet
2956 5453 3010 5508 in
3037 5449 3207 5522 gradu
3227 5447 3590 5505 ecclesiastico
3612 5483 3635 5510 ,

2051 5554 2153 5611 nisi
2193 5551 2496 5624 specialiter
2534 5547 2790 5604 Ecclesia
2824 5544 3074 5610 civitatis,
3114 5551 3210 5598 aut
3250 5537 3633 5611 possessionis,

2051 5655 2144 5704 aut
2167 5643 2427 5716 martyrii,
2461 5649 2555 5696 aut
2582 5639 2892 5694 monasterii
2917 5637 3008 5708 qui
3035 5632 3361 5691 ordinandus
3382 5640 3464 5688 est
3502 5641 3630 5702 pro-

2052 5737 2342 5793 nuntietur.
2392 5733 2491 5801 Qui
2535 5748 2664 5788 vero
2709 5731 2952 5787 absolute
3001 5727 3314 5783 ordinantur
3389 5720 3628 5779 decrevit
