3982 6196
325 255 430 316 I73

1305 244 1531 301 CODEX
1570 240 1895 300 CANONUM
1935 238 2635 298 ECCLESIASTICORUM.

3501 234 3604 285 ΓΗ

319 380 514 432 sancta
559 366 796 441 synodus
840 362 1046 418 irritam
1090 358 1275 414 haberi
1316 357 1685 426 hujuscemodi
1717 371 1912 410 manus
1942 359 2153 421 Arnus,
2202 364 2255 408 et
2300 368 2408 408 non
2456 347 2908 405 commendatitiis
2936 345 3153 413 litteris,
3202 350 3425 415 propter
3452 346 3601 412 quod

323 461 748 533 impositionem,
777 464 833 510 et
858 467 1119 523 nusquam
1150 466 1308 522 posse
1336 448 1641 504 ministrare
1670 446 1737 501 ad
1766 446 1913 502 ordi-

324 553 509 611 nantis
537 549 812 619 iniuriam.

327 665 413 719 De
437 667 639 717 clericis
667 666 715 713 et
756 655 1022 712 monachis
1062 669 1166 708 non
1215 648 1537 706 manentibus
1585 651 1638 703 in
1670 666 1762 704 suo
1785 665 1904 719 pro—

1046 726 1233 796 posito.

408 824 513 879 VII.
555 822 657 889 Qui
697 818 867 875 semel
897 818 950 871 in
991 816 1135 871 clero
1163 811 1402 882 deputati
1433 820 1575 873 sunt,
1608 819 1700 863 aut
1725 823 1917 862 mona-

326 917 556 973 chorum
586 915 752 967 vitam
781 910 1175 980 expetiverunt,
1199 905 1502 967 statuimus,
1531 916 1705 971 neque
1727 900 1792 954 ad
1822 901 1922 952 ini-

327 1008 525 1070 litiam,
560 1019 735 1075 neque
768 1003 835 1058 ad
874 1001 1187 1068 dignitatem
1224 996 1452 1066 aliquam
1480 995 1665 1050 venire
1697 989 1921 1046 munda-

330 1114 478 1160 nam,
513 1104 604 1149 aut
630 1094 736 1149 hoc
762 1098 1049 1153 tentantes,
1077 1096 1131 1142 et
1155 1098 1262 1141 non
1292 1093 1509 1153 agentes
1531 1081 1918 1151 pmnitcntiam,

326 1187 624 1258 quominus
672 1184 895 1238 redeant
939 1181 1005 1235 ad
1035 1180 1141 1234 hoc
1186 1176 1329 1246 quod
1365 1183 1586 1245 propter
1616 1173 1781 1227 Deum
1814 1172 1924 1241 pri-

329 1278 495 1332 mitus
524 1275 821 1338 elegerunt,
855 1268 1315 1326 analhematizari.

329 1387 415 1443 De
458 1389 659 1442 clericus
700 1391 785 1458 qui
815 1395 933 1438 sunt
978 1385 1033 1436 in
1074 1382 1310 1452 plac/liis,
1373 1372 1719 1458 monasteriis,
1771 1388 1921 1457 atque

410 1448 869 1529 martyriis,'qum
897 1459 1008 1529 sua
1033 1448 1285 1521 potestate
1330 1449 1687 1519 episcoporum
1740 1448 1922 1499 unius-

404 1525 653 1600 cujusque
675 1525 896 1580 ciritntis
924 1525 1174 1577 existunt.

400 1643 538 1699 Vill.
569 1640 771 1696 Clerici
809 1639 902 1707 qui
928 1635 1296 1708 przeiiciunlur
1323 1632 1560 1703 ptochiis
1593 1632 1675 1686 vel
1706 1631 1796 1700 qui
1828 1647 1922 1685 or-

2015 443 2483 502 commendatitias
2511 442 2717 495 litteras
2758 437 3195 492 honoratioribus
3225 434 3605 488 tantumuwdo

2016 537 2258 607 praestari
2289 534 2537 605 personis
2567 531 2876 587 conveniat.

2022 645 2089 701 Ut
2118 661 2439 717 nequaquam
2483 645 2535 697 in
2577 642 2705 697 duos
2736 639 3157 765 n‘tztropolilanos
3203 639 3471 709 provincia
3512 638 3602 691 di-

2697 730 2744 765 υι
2822 721 2922 765 tur.

2697 721 2922 766 vidntur.

2090 806 2199 861 Xll.
2233 804 2485 861 Pervenit
2513 805 2579 859 ad
2610 821 2709 860 nos
2756 803 2899 874 quod
2927 801 3162 873 quidam,
3194 808 3389 870 praeter
3416 799 3601 857 eccle-

2021 900 2234 954 siastica
2262 906 2459 953 statuta
2486 897 2764 957 facientes.
2800 897 3153 950 convolarunt
3182 894 3250 948 ad
3280 900 3601 962 potestates.

2022 1000 2077 1047 et
2102 1007 2200 1062 per
2227 992 2609 1062 pragmaticum
2635 989 2860 1043 formam
2884 989 2937 1042 in
2960 988 3066 1042 duo
3087 1002 3247 1041 unam
3272 985 3608 1055 provinciam

2022 1086 2358 1151 diviserunt,
2412 1084 2487 1138 ita
2516 1092 2575 1138 ut
2620 1098 2688 1137 ex
2727 1082 2827 1136 hoc
2875 1080 3018 1135 facto
3048 1079 3154 1134 duo
3195 1077 3606 1147 metropolitani

2023 1192 2143 1232 esse
2170 1176 2452 1232 vidcantur
2480 1174 2535 1228 in
2560 1189 2668 1227 una
2698 1171 2975 1241 provincia
3000 1188 3014 1223 :
3047 1169 3233 1225 statuit
3261 1180 3390 1235 ergo
3416 1173 3608 1222 sancta

2025 1270 2263 1341 synodus
2303 1270 2372 1324 de
2416 1268 2623 1335 reliquo
2654 1266 2784 1319 nihil
2814 1265 2880 1318 ab
2914 1263 3184 1333 episcopis
3234 1261 3342 1315 tale
3382 1259 3604 1323 tentari,

2026 1358 2227 1427 alioqui
2275 1357 2366 1426 qui
2418 1358 2525 1411 hoc
2581 1356 2800 1409 adnisus
2862 1354 3026 1408 fuerit
3074 1352 3366 1407 amissione
3410 1349 3609 1417 gradus

2025 1447 2231 1517 proprii
2262 1445 2579 1515 subjacebit.
2611 1446 2956 1512 Quaecunque
2982 1458 3110 1497 vero
3140 1442 3385 1496 civitates
3416 1438 3609 1493 litteris

2028 1537 2397 1608 imperialibus
2442 1535 2848 1606 metropolitani
2877 1534 3109 1589 nominis
3136 1532 3345 1586 honore
3369 1529 3611 1584 subnixa)

2028 1637 2174 1697 sunt,
2202 1628 2410 1684 honore
2437 1626 2811 1681 tantunnnodo
2836 1624 3201 1694 perfruantur,
3231 1629 3286 1675 et
3314 1620 3405 1690 qui
3433 1616 3611 1673 Eccle-

328 1737 587 1793 dinantur
614 1734 665 1788 in
704 1728 1062 1791 monasteriis,
1092 1734 1150 1781 et
1194 1724 1427 1780 basilicis
1457 1733 1772 1793 martyrum,
1825 1723 1921 1776 sub
1958 1762 1998 1819 Β
2031 1719 2163 1774 siam
2210 1717 2327 1787 ejus
2358 1719 2621 1783 gubernat
2650 1716 2934 1784 episcopus
2956 1753 2972 1778 ,
3023 1711 3186 1768 salvis
3232 1710 3442 1766 scilicet
3470 1721 3610 1761 veru:

330 1826 719 1895 episcoporum
747 1820 836 1890 qui
884 1820 938 1873 in
964 1829 1286 1885 unaquaque
1314 1813 1531 1868 civitate
1554 1822 1694 1876 sunt,
1728 1826 1922 1865 secun-

332 1916 461 1971 dum
490 1924 802 1969 sanctorum
834 1910 1052 1964 Patrum
1095 1905 1437 1967 traditiones,
1489 1910 1761 1973 potestate
1802 1918 1927 1972 pcr-

334 2015 617 2075 rnaneant,
666 2019 767 2060 nec
813 2019 913 2074 per
960 2000 1360 2056 contumaciam
1414 1997 1481 2052 ab
1513 1998 1773 2066 episcopo
1829 2010 1929 2051 suo

332 2098 626 2153 dissiliant.
685 2093 787 2161 Qui
836 2108 967 2147 vero
1010 2089 1213 2145 audent
1253 2095 1501 2143 evertere
1557 2087 1929 2156 hujuscemodi

336 2189 565 2243 formam
593 2198 921 2256 quocunque
960 2182 1141 2247 modo,
1193 2196 1295 2235 nec
1325 2181 1544 2251 proprio
1575 2180 1931 2248 subjiciuntur

335 2280 597 2350 episcOpo
622 2320 638 2345 ,
667 2274 929 2345 siquidem
954 2274 1141 2329 clerici
1173 2281 1317 2338 sunt,
1351 2288 1618 2327 canonum
1642 2271 1935 2342 correptio-

336 2370 498 2423 nibus
525 2365 923 2436 subjacebunt;
972 2358 1017 2416 si
1046 2377 1178 2417 vero
1205 2360 1330 2416 laici
1381 2360 1465 2416 vel
1512 2360 1769 2416 monachi
1814 2356 1932 2416 fue-

337 2461 467 2524 rint,
498 2456 885 2514 communione
908 2454 1214 2526 priventur.

337 2574 497 2638 Quod
518 2590 621 2626 non
650 2578 885 2641 oporteat
909 2569 1144 2641 clericos,
1173 2566 1418 2641 habentes
1445 2564 1692 2619 adversus
1713 2567 1931 2641 int‘icem

412 2646 645 2714 negotia,
661 2637 939 2714 proprium
963 2638 1259 2714 episcopum
1287 2637 1599 2706 relinquere,
1629 2647 1678 2689 et
1718 2637 1789 2689 ad
1826 2654 1929 2691 sa:-

414 2707 620 2767 cularia
642 2707 846 2781 judicia
875 2707 1168 2763 conuolare.

413 2804 504 2860 IX.
536 2803 593 2858 Si
623 2804 741 2874 quis
770 2802 1002 2857 clericus
1027 2799 1284 2854 adversus
1312 2799 1569 2853 clericum
1618 2800 1786 2854 habet
1835 2816 1932 2855 ne-

341 2901 573 2971 gotium,
607 2914 715 2952 non
745 2897 959 2951 deserat
988 2897 1301 2966 episcopum
1331 2896 1633 2966 proprium,
1658 2903 1711 2951 et
1740 2896 1807 2951 ad
1829 2913 1933 2951 sa:-

342 2993 548 3049 cularia
576 2999 859 3061 percurrat
895 2988 1095 3058 judicia
1122 3004 1135 3041 :
1169 2987 1264 3042 sed
1294 2986 1441 3056 prius
1472 2987 1613 3042 actio
1642 2988 1934 3043 ventiletur

344 3082 490 3154 apud
519 3082 832 3152 episcopum
862 3078 1158 3150 proprium,
1208 3077 1297 3132 vel
1344 3086 1492 3131 certe
1536 3077 1763 3141 consilio
1792 3078 1935 3148 ejus-

345 3144 470 3230 dem
501 3144 782 3244 episcopi,
829 3144 979 3242 apud
996 3186 1132 3242 quos
1160 3176 1398 3239 utraeque
1426 3177 1610 3239 partes
1649 3144 1934 3237 voluerint,
1964 3144 2007 3202 (ἶ

340 3267 606 3337 judicium
648 3265 1024 3320 continebunt.
1074 3264 1131 3318 Si
1179 3264 1300 3333 quis
1352 3270 1531 3317 autem
1584 3273 1777 3333 pnetcr
1824 3264 1937 3319 haec

346 3357 557 3424 fecerit,
587 3354 866 3410 canonicis
895 3352 1325 3423 correptionibus
1354 3352 1675 3421 subjacebit.
1711 3351 1866 3419 Quod
1892 3352 1935 3407 si

340 3447 575 3501 clericus
594 3445 757 3500 habet
778 3458 997 3499 causam
1018 3443 1275 3498 adversus
1297 3442 1607 3513 episcopum
1633 3444 1932 3513 proprium,

341 3539 427 3595 vel
459 3537 722 3594 adversus
769 3538 1020 3602 alterum,
1074 3536 1213 3607 apud
1241 3532 1825 3607 synodum’provincia:
1849 3535 1938 3605 ju-

342 3629 579 3685 dicetur.
629 3626 785 3693 Quod
830 3626 875 3682 si
925 3625 1181 3681 adversus
1229 3624 1470 3693 ejusdem
1501 3625 1936 3701 provincimmc-

344 3720 732 3790 tropolitanum
755 3718 1044 3788 cpiscopus
1066 3718 1152 3772 vel
1194 3716 1423 3771 clericus
1448 3717 1613 3771 habet
1638 3717 1931 3785 querelam,

340 3818 493 3882 petat
523 3812 809 3881 primatem
839 3810 1156 3873 dimceseos,
1208 3816 1300 3861 aut
1346 3807 1528 3862 sedem
1574 3804 1740 3876 regite
1791 3808 1936 3862 urbis

338 3900 978 3971 Constantinopolitanie.
1017 3907 1073 3954 et
1099 3898 1241 3969 apud
1269 3899 1440 3968 ipsum
1466 3897 1754 3963 iudicetur.

347 4015 498 4080 Quod
525 4030 631 4087 non
661 4012 1075 4087 liceatclerleunt
1096 4012 1150 4063 in
1174 4010 1395 4063 duarum
1421 4012 1683 4062 Civitatum
1710 4007 1937 4062 ecclesiis

983 4083 1302 4134 ministrare.
1839 4108 1842 4112 -

417 4175 485 4232 Χ.
517 4175 636 4229 Non
666 4175 830 4229 licere
860 4173 1118 4229 clericum
1168 4172 1222 4225 in
1251 4170 1477 4225 duarum
1507 4171 1781 4225 civitatum
1813 4184 1940 4225 con-

345 4267 509 4321 scribi
537 4264 699 4330 simul
729 4261 991 4327 ecclesiis,
1026 4271 1082 4316 et
1111 4261 1164 4315 in
1193 4274 1299 4330 qua
1340 4261 1494 4315 initio
1523 4260 1805 4315 ordinatus
1832 4270 1936 4327 est,

346 4367 403 4413 et
430 4356 499 4411 ad
526 4370 692 4425 quam
720 4353 982 4423 confugit,
1032 4352 1190 4421 quasi
1218 4350 1287 4405 ad
1324 4351 1614 4420 potiorem,
1660 4351 1732 4405 ob
1762 4350 1939 4405 inanis

345 4450 534 4520 gloria
569 4447 945 4518 cupiditatem.
990 4444 1107 4500 Hoc
1153 4453 1335 4498 autem
1389 4442 1649 4499 facientes
1692 4443 1938 4497 revocari

347 4514 549 4597 debere
579 4514 825 4593 adsuunt
852 4538 1161 4605 ecclesiam,
1211 4538 1265 4591 in
1294 4548 1397 4607 qua
1428 4535 1677 4605 primitus
1706 4534 1937 4589 ordinati
1970 4514 2019 4575 Ῑ)

349 4639 492 4695 sunt,
534 4637 593 4684 et
643 4629 714 4683 ibi
762 4626 1138 4683 tantummodo
1184 4628 1513 4682 ministrare.
1566 4625 1624 4681 Si
1670 4640 1801 4681 vero
1826 4627 1936 4695 jam

348 4723 470 4791 quis
498 4720 793 4776 translatus
820 4728 904 4775 est
931 4734 999 4775 ex
1029 4719 1133 4773 alia
1163 4718 1218 4772 in
1248 4717 1406 4772 aliam
1438 4715 1743 4781 eceiesiam,
1788 4716 1938 4785 prio-

349 4817 426 4872 ris
452 4814 718 4879 ecclesiis,
750 4813 837 4868 vel
882 4811 1264 4883 martyriorum
1302 4823 1423 4876 qua:
1450 4808 1550 4862 sub
1579 4822 1643 4862 ea
1672 4815 1814 4875 sunt,
1847 4815 1939 4861 aut

349 4907 716 4979 ptochiorum,
747 4911 841 4959 aut
868 4900 1327 4958 xenodocbiorum
1348 4899 1511 4954 rebus
1540 4898 1595 4953 in
1624 4897 1771 4952 nullo
1792 4912 1942 4953 com-

348 5000 613 5055 micet.
660 4995 769 5053 Eos
796 5011 941 5055 vero
971 4994 1063 5065 qui
1112 4992 1230 5047 ausi
1258 4992 1473 5056 fuerint,
1513 4998 1634 5059 post
1664 4989 1937 5044 deﬁnitio—

350 5104 478 5144 nem
508 5098 717 5157 magis:
759 5096 817 5142 et
845 5084 1165 5141 universalis
1196 5083 1353 5151 hujus
1384 5080 1595 5153 synodi,
1649 5079 1939 5150 quidquam

350 5198 421 5237 ex
448 5182 533 5235 his
562 5195 683 5249 qua:
709 5186 835 5233 sunt
862 5176 1150 5247 prohibita,
1182 5182 1513 5244 perpetrare,
1547 5171 1785 5226 decrevit
1813 5186 1941 5225 san-

349 5286 443 5330 cta
466 5270 709 5344 synodus
738 5286 769 5326 a
796 5270 1016 5341 proprio
1058 5264 1365 5336 hujusmodi
1395 5263 1563 5333 gradu
1593 5262 1868 5318 recedere.

353 5389 509 5457 Quod
530 5407 633 5444 non
664 5396 900 5457 oporteat
922 5382 1355 5457 egenisepistolia
1374 5450 1384 5457 _
1400 5378 1551 5433 tribui
1577 5377 1942 5457 {honestiores

566 5450 734 5513 mitem
765 5450 1197 5511 comnte'ndatitiis
1227 5450 1412 5507 litteris
1442 5450 1742 5520 approbari,

429 5573 516 5628 XI.
548 5571 747 5627 Omnes
777 5584 1061 5641 pauperes,
1115 5575 1170 5621 et
1216 5564 1516 5632 indigentes
1564 5562 1784 5625 auxilio,
1818 5577 1939 5614 cum

353 5665 770 5736 proﬁciscuntur
797 5661 897 5716 sub
937 5658 1282 5730 probatione,
1333 5652 1594 5723 cpistoliis
1648 5651 1732 5705 vel
1764 5649 1939 5703 eccle-

355 5756 591 5815 siasticis
630 5750 863 5826 paciﬁcis
892 5747 1264 5806 tantummodo
1293 5741 1659 5802 commendari
1703 5738 1942 5796 decrevi-

2034 1811 2349 1882 metropolis
2380 1809 2671 1879 privilegiis
2698 1808 2825 1862 suis.

2035 1921 2184 1986 Quod
2214 1939 2314 1976 non
2361 1932 2593 1990 oporteat
2624 1922 2921 1991 peregrinos
2961 1914 3176 1972 clericos
3217 1916 3328 1969 sine
3355 1928 3604 1969 commen-

2428 1993 2630 2044 dalitiis
2672 1993 2858 2043 litteris
2898 1991 3216 2043 ministrare.

2104 2082 2238 2137 Xlli.
2270 2083 2590 2151 Peregrinos
2615 2081 2861 2148 clericos,
2892 2088 2946 2134 et
2976 2079 3223 2144 lectores,
3251 2078 3304 2131 in
3347 2076 3452 2130 alia
3481 2075 3619 2131 civi.

2012 2185 2166 2243 .tatc,
2208 2185 2406 2246 praeter
2449 2174 2921 2231 commendatitias
2967 2173 3176 2227 litteras
3220 2172 3305 2225 sui
3353 2169 3617 2240 episcopi,

2035 2284 2297 2336 nusqnatu
2329 2270 2546 2339 penitus
2574 2268 2879 2323 ministrare
2907 2264 3127 2321 debere.

2037 2378 2188 2446 Quod
2228 2396 2336 2436 non
2379 2382 2533 2435 liccat
2574 2381 2769 2461 clerico.
2798 2394 3015 2432 uxorem
3066 2385 3221 2432 secta
3259 2379 3475 2433 alterius
3518 2395 3616 2454 n9-

2724 2467 2909 2521 apere.

2105 2542 2241 2597 XIV.
2273 2543 2538 2610 Quoniam
2567 2545 2622 2598 in
2651 2542 2967 2611 quibusdam
2987 2540 3279 2613 provinciis
3308 2557 3621 2611 concessum

2037 2641 2121 2689 est
2149 2634 2444 2690 lectoribus
2484 2644 2539 2690 et
2593 2634 2781 2704 psaltis
2810 2649 3008 2688 uxores
3033 2634 3253 2702 dueere,
3281 2635 3469 2688 statuit
3496 2650 3624 2688 san~

2037 2734 2126 2781 ctu
2173 2726 2410 2798 synodus
2462 2742 2571 2780 non
2618 2727 2784 2781 licere
2828 2726 3079 2795 cuiquam
3126 2740 3193 2779 ex
3244 2724 3331 2779 his
3378 2724 3624 2795 accipere

2035 2826 2198 2874 secta:
2226 2818 2446 2873 alterius
2472 2832 2719 2872 uxorem.
2761 2816 2862 2883 Qui
2892 2830 3021 2872 vero
3050 2831 3118 2870 ex
3149 2815 3456 2885 lmjusmodi
3486 2831 3619 2870 cun-

2033 2906 2183 2977 jugio
2204 2907 2318 2977 jam
2349 2906 2485 2962 ﬁlios
2509 2914 2886 2977 susceperunt,
2916 2907 3178 2976 siquidem
3204 2906 3460 2979 praeventi
3501 2914 3625 2963 sunt

2038 3012 2098 3059 ut
2125 3018 2192 3059 ex
2219 3018 2280 3057 se
2307 3002 2520 3070 genitos
2546 3001 2687 3070 apud
2717 3001 2999 3056 haereticos
3026 2999 3385 3069 baptizarent,
3427 2998 3626 3054 otTerre

2040 3110 2136 3149 eos
2164 3092 2420 3148 Ecclesiae
2453 3091 2738 3148 catholica:
2767 3091 3131 3145 communioni
3168 3091 3489 3159 conveniet,
3518 3106 3626 3145 non

2041 3184 2343 3254 baptizatos
2372 3190 2551 3239 autem
2583 3198 2689 3238 non
2721 3198 2879 3253 posse
2919 3183 3142 3237 ulterius
3173 3181 3314 3252 apud
3342 3182 3627 3236 hmreticos

2041 3273 2322 3343 baptizari.
2370 3272 2478 3327 Sed
2515 3286 2693 3340 neque
2719 3272 2963 3342 copulari
2993 3268 3156 3325 debet
3196 3279 3426 3341 nuptura
3457 3270 3628 3325 luere-

2041 3366 2174 3431 tico,
2206 3362 2415 3430 Judaeo,
2465 3365 2552 3420 vel
2601 3379 2811 3435 pagano
2839 3407 2855 3433 ,
2905 3364 3006 3420 nisi
3048 3364 3190 3419 forte
3235 3365 3516 3434 promittat
3559 3364 3627 3422 ad

2039 3454 2398 3510 orthodoxam
2431 3455 2588 3510 iidem
2618 3471 2677 3511 se
2704 3471 2988 3526 personam
3036 3454 3337 3510 orthodoxe
3365 3455 3627 3526 copulan-

2039 3547 2163 3600 dam
2193 3545 2503 3601 transferre.
2563 3544 2618 3599 Si
2665 3547 2785 3615 quis
2837 3555 3017 3601 autem
3065 3546 3207 3603 hanc
3252 3546 3625 3603 definitionem

2040 3646 2243 3691 sancta:
2272 3636 2467 3709 synodi
2496 3644 2866 3706 transgressus
2896 3636 3077 3707 fuerit,
3107 3638 3439 3708 correptioui
3466 3654 3629 3693 cano-

2040 3730 2176 3785 nica:
2204 3730 2527 3799 subjacebit.

2448 3842 2528 3896 De
2552 3844 2861 3897 diaconissis
2896 3843 3217 3896 mulieribus.

2111 3932 2223 3987 XV.
2274 3934 2641 3989 Diaconissam
2689 3950 2797 3987 non
2847 3933 3201 3987 ordinandam
3246 3942 3373 3988 ante
3424 3949 3625 3989 annum

2038 4025 2529 4095 quadragesimum,
2557 4034 2611 4079 et
2639 4025 2777 4080 hanc
2808 4038 2929 4079 cum
2971 4040 3184 4079 summo
3215 4026 3495 4080 libramine
3520 4045 3533 4079 :
3584 4029 3627 4083 si

2038 4132 2168 4172 vero
2195 4116 2493 4186 suscipiens
2524 4132 2716 4171 manus
2746 4116 3165 4186 impositionem,
3207 4126 3263 4172 et
3289 4117 3626 4186 aliquantum

2040 4211 2298 4280 temporis
2328 4210 2381 4263 in
2413 4209 2715 4276 ministerio
2743 4224 3089 4279 permanens,
3123 4208 3468 4279 semetipsum
3518 4218 3629 4264 tra-

2040 4303 2130 4357 dat
2159 4302 2378 4373 nuptiis,
2408 4302 2591 4372 gratitc
2621 4300 2715 4356 Dei
2744 4299 3123 4356 contumeliam
3154 4300 3376 4367 faciens,
3407 4301 3629 4356 anathe-

2041 4395 2327 4448 matizctur
2357 4391 2664 4462 hujusmodi
2693 4409 2816 4448 cum
2845 4408 2911 4447 eo
2939 4392 3031 4463 qui
3058 4391 3232 4446 eidem
3284 4392 3588 4463 copulatur.

2632 4502 2710 4559 De
2738 4504 3041 4576 virginibus.

2115 4590 2249 4650 XVI.
2296 4594 2570 4665 Virginem
2603 4609 2722 4663 qua:
2771 4610 2830 4649 se
2868 4590 2980 4649 Deo
3010 4592 3239 4650 Domino
3268 4595 3628 4661 consecravit,

2043 4688 2289 4743 similiter
2311 4696 2367 4742 et
2387 4687 2729 4753 monachum,
2762 4702 2869 4741 non
2893 4686 3056 4741 licere
3080 4685 3341 4756 nuptialia
3358 4685 3478 4754 jura
3500 4700 3629 4741 con-

2043 4785 2297 4839 trahere:
2346 4782 2491 4852 quod
2520 4782 2566 4837 si
2611 4781 2714 4837 hoc
2754 4781 2959 4836 inventi
2993 4779 3195 4836 fuerint
3228 4787 3627 4849 pcrpetrantes.

2045 4878 2599 4935 excommunicentur.
2641 4872 3033 4931 Confltentibus
3062 4880 3243 4928 autem
3292 4869 3631 4925 decrevimus

2045 4978 2105 5024 ut
2135 4971 2330 5024 habeat
2356 4969 2733 5023 auctoritatem
2764 4966 3005 5035 ejusdem
3031 4963 3133 5018 loci
3160 4962 3447 5031 episcopus
3476 4961 3630 5016 mise-

2047 5061 2334 5116 ricordiam
2358 5059 2856 5125 humanitatemque
2886 5051 3087 5122 largiri.

2642 5173 2719 5229 De
2746 5171 3028 5242 parochiis.

2121 5271 2280 5327 XVII.
2312 5268 2651 5338 Singularum
2693 5264 3058 5320 Ecclesiarum
3088 5258 3317 5317 rusticas
3344 5259 3633 5331 parochias

2054 5366 2138 5420 vel
2169 5363 2542 5435 possessiones
2585 5372 2803 5412 manere
2833 5356 3181 5409 inconcussas
3231 5352 3334 5406 illis
3366 5351 3636 5421 episcopis

2048 5458 2141 5528 qui
2172 5472 2264 5511 eas
2290 5456 2526 5509 retinere
2554 5456 2871 5513 noscuntur,
2914 5455 2968 5501 et
3013 5446 3268 5509 maxime,
3319 5444 3364 5497 si
3397 5459 3494 5513 per
3525 5452 3627 5497 tre-

2048 5551 2321 5617 ccnnium,
2350 5563 2443 5602 eas
2469 5546 2669 5614 absque
2697 5543 2747 5597 vi
2778 5542 3106 5603 obtinentes,
3145 5540 3245 5593 sub
3272 5536 3635 5607 diSpensatio-

2050 5662 2117 5700 ne
2158 5650 2458 5697 rexerunt:
2508 5636 2650 5709 quod
2691 5637 2735 5690 si
2772 5637 2910 5692 intra
2952 5632 3271 5688 tricennium
3306 5631 3444 5685 facta
3478 5628 3639 5682 fuerit

2052 5736 2116 5792 de
2156 5734 2258 5801 his,
2303 5731 2388 5786 vel
2425 5731 2516 5788 fiat
2544 5730 2846 5797 altercatio,
2887 5728 3049 5785 licere
3080 5724 3179 5788 eis,
3228 5722 3319 5793 qui
3365 5735 3424 5777 se
3477 5717 3641 5772 11:50:
