4040 6202
322 257 425 314 175

1536 282 1539 283 ν
1618 237 1967 300 DIONYSIUS
2007 236 2322 295 EXIGUUS.

3496 226 3599 280 1Ἶό

321 372 571 424 asserunt
610 364 753 436 apud
792 370 1033 419 sanctam
1080 360 1344 433 synodum
1387 356 1677 428 provincias
1720 354 1790 411 de
1826 352 1911 406 his
1941 353 1985 409 Λ
2016 362 2138 402 cere
2195 347 2549 414 tentaverint,
2606 345 2863 414 graduum
2894 356 3112 399 suorum
3142 339 3383 411 periculo
3411 341 3594 406 subja-

323 473 543 516 movere
570 466 869 513 certamen.
897 454 1055 521 Quod
1082 454 1126 508 si
1156 453 1276 521 quis
1306 466 1335 505 a
1366 447 1787 517 metrOpolitano
1818 444 1908 497 lm-

321 550 487 616 ditur,
520 546 663 619 apud
688 547 973 616 primatem
1003 544 1328 603 dimcescos,
1352 547 1447 595 aut
1468 537 1610 608 apud
1638 534 1908 590 Constan-

326 640 734 711 tinopolitanam
755 637 938 692 sedem
954 635 1252 705 judicetur,
1275 633 1415 687 sicut
1442 629 1688 699 superius
1710 626 1911 680 dictum

323 742 426 791 est.
468 731 525 789 Si
569 745 675 801 qua
718 744 851 783 vero
879 728 1070 783 civitas
1118 732 1390 796 potestate
1419 718 1685 790 imperiali
1716 723 1913 770 novata

325 834 425 890 est,
475 831 567 877 aut
603 822 649 876 si
676 818 920 891 protinus
949 818 1273 883 innovetur,
1316 812 1503 869 civiles
1531 806 1914 878 dispositiones

324 926 383 971 ct
426 913 667 985 publicas
717 908 1207 966 ecclesiasticarum
1268 916 1486 975 quoque
1533 896 1915 970 parochiarmn

326 1007 545 1064 ordines
570 1005 987 1075 subsequantur.

603 1117 681 1173 De
706 1117 1092 1182 coniuratione,
1124 1114 1201 1167 vel
1226 1110 1642 1181 conspiratione.

397 1210 582 1268 XVIII.
633 1207 1038 1280 Conjurationis
1096 1205 1181 1260 vel
1240 1199 1656 1273 conspirationis
1712 1195 1921 1251 crimen

331 1314 385 1363 et
412 1304 479 1360 ab
508 1302 709 1359 exteris
739 1300 949 1370 legibus
978 1305 1063 1353 est
1091 1295 1313 1351 omnino
1345 1290 1678 1364 prohibitum
1709 1304 1722 1339 :
1753 1284 1924 1340 multo

336 1395 510 1464 magis
534 1394 640 1448 hoc
667 1392 720 1445 in
750 1390 841 1445 Dei
873 1387 1112 1443 Ecclesia
1142 1400 1211 1440 ne
1239 1384 1353 1452 ﬁat,
1381 1381 1678 1437 admonere
1720 1388 1925 1432 conve-

336 1488 468 1545 niet.
501 1484 559 1538 Si
589 1481 679 1553 qui
705 1496 837 1550 ergo
867 1478 1047 1534 clerici
1095 1485 1189 1531 aut
1218 1473 1470 1530 monachi
1498 1468 1705 1541 reperti
1727 1465 1932 1522 fuerint

337 1579 709 1649 conjurantes,
739 1582 833 1628 aut
861 1569 1257 1640 conspirantes,
1291 1574 1385 1621 aut
1413 1563 1632 1619 insidias
1664 1566 1930 1630 ponentes

343 1648 612 1743 episcopis
651 1674 746 1721 aut
782 1663 1015 1731 clericis,
1065 1659 1233 1731 gradu
1278 1656 1499 1729 proprio
1542 1654 1754 1723 penitus
1798 1648 1934 1718 abji-

349 1763 581 1818 cientur.

345 1873 497 1941 Quod
536 1877 771 1943 opor.‘eat
822 1883 918 1939 per
968 1865 1264 1943 procincias
1306 1861 1382 1916 bis
1426 1861 1480 1913 in
1527 1872 1667 1912 anno
1713 1852 1934 1909 concilia

1006 1935 1279 1990 celebrari.

417 2034 551 2089 XIX.
582 2032 832 2088 Pervenit
856 2027 924 2083 ad
954 2041 1111 2083 aures
1140 2031 1373 2091 nostras,
1396 2018 1543 2090 quod
1570 2018 1624 2073 in
1647 2012 1937 2087 provinciis

346 2133 547 2185 statuta
584 2124 963 2193 episcoporum
1011 2114 1241 2173 concilia
1288 2112 1509 2166 minime
1552 2107 1933 2167 celebrentur,

349 2224 404 2273 et
432 2231 498 2271 ex
525 2215 632 2269 hoc
660 2211 892 2283 plurima
922 2208 1262 2278 negligantur
1282 2198 1775 2258 ecclesiasticarum
1803 2209 1937 2250 cau-

351 2323 552 2374 sarum,
583 2322 704 2377 quae
738 2303 1074 2360 correctione
1121 2298 1417 2366 indigeant.
1459 2291 1709 2347 Decrevit
1759 2288 1941 2356 itaque

354 2408 542 2478 sapeta
588 2376 846 2470 synodus,
894 2390 1191 2448 secundum
1232 2400 1471 2443 canones
1501 2382 1722 2437 Patrum
1763 2378 1847 2432 bis
1888 2376 1941 2429 in

358 2469 501 2550 anno
539 2469 826 2561 episcopos
852 2486 906 2539 in
952 2484 1202 2553 idipsum,
1235 2482 1288 2534 in
1317 2488 1640 2545 unaquaque
1667 2469 1943 2542 provincia

361 2582 677 2650 convenire,
726 2592 836 2648 quo
866 2574 1315 2644 metropolitanus
1345 2568 1570 2623 antistes
1611 2561 1942 2635 probaverit,

358 2688 413 2736 et
457 2674 733 2744 corrigere
774 2667 1015 2738 singula,
1065 2666 1113 2721 si
1151 2678 1257 2733 qua
1307 2659 1554 2716 fortassis
1602 2653 1943 2711 emerserint.

359 2770 678 2837 Quicunque
710 2776 839 2817 vero
878 2773 985 2814 non
1034 2754 1353 2812 advenerint
1401 2749 1662 2822 episcopi,
1710 2746 1950 2802 resident

362 2835 543 2913 autem
575 2835 627 2909 in
656 2853 767 2907 suis
792 2847 1123 2913 civitatibus,
1153 2851 1210 2900 et
1234 2844 1360 2907 hoc,
1390 2842 1519 2896 dum
1543 2840 1596 2894 in
1626 2852 1721 2893 sua
1748 2835 1954 2890 incolu-

366 2947 553 3002 mitate
579 2943 902 3008 consistunt,
950 2937 1204 3006 omnique
1232 2930 1583 2989 inexcusabili
1618 2936 1675 2984 et
1702 2940 1952 2983 necessa-

365 3042 444 3096 ria
475 3035 833 3107 occupatione
861 3032 1157 3103 probantur
1182 3028 1356 3091 liberi,
1388 3025 1625 3081 fraterno
1654 3021 1953 3091 corripian-

366 3139 454 3186 tur
483 3127 699 3183 affectu.

490 3237 642 3305 Quod
662 3240 869 3293 minime
890 3236 1103 3290 clericos
1135 3230 1501 3303 transmigrari
1531 3226 1823 3282 conveniat.

436 3330 556 3386 XX.
589 3331 828 3386 Clericos
867 3328 923 3383 in
960 3325 1189 3382 ecclesia
1222 3324 1609 3384 ministrantes,
1659 3322 1796 3375 sicut
1845 3318 1955 3389 jam

371 3425 769 3491 constituimus,
819 3424 870 3478 iu
904 3420 1125 3476 alterius
1167 3417 1404 3474 civitatis
1456 3415 1683 3470 ecclesia
1725 3420 1956 3469 statutos

375 3521 490 3575 fieri
536 3535 644 3575 non
674 3523 891 3587 oportet
920 3533 932 3568 :
965 3513 1060 3569 sed
1090 3520 1375 3568 contentos
1404 3523 1525 3563 esse
1578 3508 1633 3562 in
1660 3505 1855 3576 quibus
1895 3504 1962 3558 ab

377 3613 536 3668 initio
563 3611 869 3665 ministrare
899 3614 1236 3671 meruerunt,
1284 3601 1525 3673 exceptis
1554 3600 1659 3655 illis
1689 3598 1799 3669 qui,
1831 3611 1961 3667 pro-

384 3702 531 3772 prias
558 3697 866 3754 amittentes
910 3694 1240 3767 provincias,
1270 3708 1335 3747 ex
1366 3691 1688 3746 necessitate
1717 3687 1782 3743 ad
1807 3688 1965 3742 aliam

379 3792 665 3848 ecclesiam
693 3790 1038 3845 transierunt.
1070 3785 1127 3842 Si
1157 3786 1276 3854 quis
1317 3791 1497 3838 autem
1541 3782 1822 3851 episcopus
1850 3788 1969 3851 post

381 3882 521 3936 hanc
563 3879 931 3935 deﬁnitionem
967 3874 1268 3945 susceperit
1289 3872 1543 3928 clericum
1572 3871 1637 3925 ad
1663 3871 1823 3924 alium
1854 3869 1969 3939 epi-

382 3986 608 4042 scopum
642 3969 999 4040 pertinentem
1025 4008 1040 4033 ,
1072 3966 1272 4037 placuit
1296 3973 1352 4020 et
1392 3972 1702 4034 susceptum
1731 3970 1786 4016 et
1812 3962 1975 4016 susci-

387 4062 623 4131 pientem
654 4058 1039 4114 communione
1067 4055 1287 4125 privari,
1330 4054 1504 4109 donec
1539 4054 1585 4108 is
1630 4053 1722 4122 qui
1777 4051 1976 4119 migra-

384 4158 540 4205 verat
581 4149 813 4205 clericus
864 4146 933 4201 ad
962 4146 1238 4216 propriam
1274 4143 1436 4199 fuerit
1482 4157 1761 4212 regressus
1799 4141 1977 4197 eccle-

386 4254 547 4297 Ila").

498 4350 578 4405 De
624 4366 979 4421 episcoporum
1004 4356 1096 4402 aut
1120 4348 1424 4403 clericorum
1452 4342 1865 4400 accusatoribus.

2017 441 2233 495 cebunt.

2018 554 2096 606 De
2125 553 2325 606 clericis
2372 561 2422 606 et
2477 552 2741 606 monachis
2795 552 2900 621 qui,
2930 556 3118 621 prpter
3161 550 3475 621 tmluntntem
3519 541 3603 596 sui

2089 623 2342 705 episcopi,
2387 622 2456 675 ad
2497 622 2673 676 urbem
2732 614 2939 691 reg'iam'
2971 614 3475 685 Constantinopolim
3519 630 3597 666 rr-

2090 702 2258 745 niunt.

2091 782 2277 837 XXlll.
2332 782 2585 838 Pervenit
2635 782 2699 837 ad
2752 796 2911 836 aures
2968 779 3137 833 sancti
3191 776 3406 831 concilii
3456 775 3603 844 quod

2022 875 2234 945 quidam
2265 876 2465 941 clerici,
2499 884 2553 931 et
2576 874 2845 938 monachi,
2898 874 3093 942 quibus
3131 870 3204 923 nil
3234 869 3300 923 ab
3341 868 3605 936 episcopo

2023 982 2122 1022 suo
2150 967 2493 1021 commissum
2524 976 2645 1033 est,
2693 974 2776 1021 est
2802 972 2980 1017 autem
3009 960 3226 1031 quando
3264 969 3320 1014 et
3365 974 3608 1013 commu-

2024 1057 2190 1111 nione
2236 1058 2305 1111 ab
2333 1071 2399 1112 eo
2446 1056 2743 1126 privantur,
2793 1054 3171 1125 pervenientes
3201 1050 3267 1106 ad
3298 1051 3483 1105 urbem
3511 1065 3608 1103 re-

2025 1148 2166 1216 giam
2194 1138 2869 1215 Constantinopolitanam,‘
2896 1144 2952 1198 in
2994 1158 3058 1198 ea
3088 1136 3289 1197 diutius
3317 1143 3611 1196 immoren-

2029 1247 2135 1303 tur,
2160 1239 2457 1293 excitantes
2483 1237 2686 1301 turbas,
2710 1243 2767 1291 et
2790 1243 2991 1290 statum
3014 1233 3436 1289 ecclesiasticum
3458 1246 3611 1286 com-

2029 1337 2330 1394 moventes,
2372 1327 2746 1383 subvertentes
2775 1326 2941 1381 etiam
2986 1323 3345 1395 quorumdam
3375 1322 3606 1377 domos:

2030 1419 2270 1475 decrevit
2310 1429 2497 1475 sancta
2544 1419 2783 1490 synodus
2826 1416 3131 1486 huiusmodi
3179 1416 3352 1486 primo
3390 1414 3613 1484 quidem

2033 1528 2131 1584 per
2154 1512 2493 1569 defensorem
2537 1510 3145 1581 Constantinopolitante
3191 1518 3391 1563 saneta:
3418 1505 3611 1561 Eccle—

2034 1607 2126 1661 siae
2152 1606 2503 1670 commoneri,
2538 1613 2597 1659 ut
2625 1605 2970 1674 egrediantur
2998 1604 3065 1658 ab
3094 1605 3223 1657 urbe
3258 1602 3404 1671 regia
3432 1620 3443 1653 :
3468 1602 3614 1671 quod

2035 1697 2079 1750 si
2105 1695 2292 1749 iisdem
2322 1695 2550 1761 negotiis
2578 1694 2916 1764 impudenter
2939 1693 3206 1760 insistant,
3237 1692 3401 1745 etiam
3423 1692 3618 1745 nolen-

2036 1796 2117 1841 tes
2145 1786 2285 1841 idem
2325 1784 2575 1840 defensor
2600 1784 2855 1855 expellat,
2901 1791 2957 1837 ut
2985 1782 3052 1837 ad
3095 1781 3313 1852 propria
3345 1780 3461 1835 loca
3493 1796 3614 1850 per-

2035 1877 2272 1934 veniant.

2039 1967 2189 2034 Quod
2218 1985 2319 2023 non
2367 1969 2519 2024 liceat
2559 1967 2896 2029 monasteria,
2952 1982 3065 2036 qua!
3112 1972 3411 2019 consecrata
3459 1972 3616 2028 sunt,

2437 2038 2721 2092 diversoria
2750 2036 3023 2090 swcularia
3049 2036 3185 2106 ﬁeri.

2109 2129 2293 2185 XXIV.
2326 2129 2457 2197 Quae
2486 2130 2650 2185 semel
2679 2128 2925 2184 dedicata
2956 2136 3080 2182 sunt
3106 2126 3452 2189 monasteria,
3482 2139 3617 2179 con-

2038 2223 2161 2281 silio
2212 2224 2611 2293 episcoporum,
2663 2230 2918 2275 maneant
2964 2228 3227 2290 perpetuo
3269 2220 3615 2281 monasteria,

2040 2321 2096 2367 et
2141 2327 2229 2366 res
2275 2326 2393 2380 quze
2437 2310 2503 2364 ad
2544 2325 2605 2365 ea
2656 2310 2926 2378 pertinent
2965 2309 3306 2363 monasteriis
3333 2307 3619 2369 reservari,

2042 2420 2145 2460 nec
2190 2418 2350 2474 posse
2385 2419 2449 2457 ea
2480 2403 2618 2457 ultra
2660 2402 2774 2456 fieri
2822 2402 3096 2457 sazcularia
3137 2400 3480 2455 habitacula:
3530 2399 3623 2465 qui

2044 2512 2174 2551 vero
2203 2496 2306 2551 hoc
2334 2495 2446 2550 fieri
2478 2495 2839 2565 permiserint,
2881 2509 3149 2549 canonum
3175 2492 3469 2549 sententiis
3496 2492 3625 2546 sub-

2043 2589 2323 2659 jacebunt.

2051 2701 2201 2767 Quod
2249 2720 2351 2759 non
2420 2710 2653 2772 oporteat
2714 2702 3069 2842 (ἒῖἕίςηαιὶοησδ
3131 2698 3486 2769 episcoporum
3541 2697 3628 2748 diu

2825 2787 2958 2826 erre.

2825 2787 2958 2826 erre.

2124 2863 2289 2919 XXV.
2321 2863 2586 2932 Quoniam
2615 2863 2833 2936 quidam
2863 2862 3427 2931 metropolitanorum,
3470 2873 3634 2927 quan~

2052 2963 2165 3009 tum
2195 2955 2577 3025 comperimus,
2612 2954 2885 3023 negligant
2911 2952 3229 3009 commissos
3274 2950 3375 3006 sibi
3423 2965 3635 3021 gregc=,

2057 3054 2113 3099 et
2153 3045 2520 3100 ordinationes
2565 3047 2943 3115 episcoporum
2994 3042 3171 3098 facere
3208 3042 3482 3107 differunt,
3531 3041 3638 3111 pla-

2061 3137 2174 3193 cuit
2198 3136 2404 3208 synodo
2447 3137 2583 3191 intra
2622 3143 2731 3190 tres
2774 3149 2986 3189 menses
3034 3134 3404 3188 ordinationes
3431 3132 3640 3201 episco-

2060 3242 2253 3299 porum
2282 3226 2542 3282 celebrari
2567 3244 2579 3279 ε
2633 3225 2734 3279 nisi
2763 3224 2904 3279 forte
2934 3222 3228 3278 necessitas
3258 3218 3643 3275 inexcusabilis

2065 3328 2329 3391 praeparet
2375 3328 2585 3388 tempus
2628 3317 2901 3372 dilationis
2950 3316 3216 3371 extendi:
3270 3314 3413 3384 quod
3462 3314 3507 3369 si
3537 3313 3644 3369 hoc

2064 3411 2285 3466 minime
2316 3410 2524 3475 fecerit,
2554 3409 2880 3480 correptioni
2907 3407 3284 3464 ecclesiastica:
3306 3404 3605 3473 suhjacebit
3631 3444 3647 3473 ,

2067 3511 2435 3557 verumtamen
2474 3501 2711 3557 redditus
2749 3500 3003 3555 Ecclesim
3035 3498 3260 3553 viduata:
3308 3511 3473 3566 penes
3500 3510 3651 3552 teco-

2069 3607 2288 3647 nomum
2317 3591 2557 3661 ejusdem
2588 3588 2839 3645 Ecclesiae
2865 3590 3057 3657 integri
3088 3595 3451 3642 reserventur.

2213 3703 2294 3759 De
2323 3702 2758 3774 dispensatoribus
2784 3701 3103 3770 singularum
3133 3696 3505 3751 Ecclesiaruns.

2144 3797 2332 3851 XXVI.
2359 3796 2622 3863 Queniam
2648 3794 2699 3847 in
2721 3792 3039 3863 quibusdam
3058 3788 3330 3852 Ecclesiis,
3355 3796 3410 3841 ut
3436 3798 3655 3841 rumore

2076 3892 2460 3962 comperimus,
2510 3894 2707 3958 praeter
2737 3898 3073 3949 oeconomos,
3106 3880 3343 3951 episcopi
3370 3879 3657 3934 facultates

2079 3984 2472 4043 ecclesiasticas
2518 3988 2795 4044 tractant,
2855 3978 3058 4049 placuit
3100 3989 3314 4031 omnem
3359 3972 3657 4027 Ecclesizun

2080 4079 2366 4133 habentem
2415 4075 2726 4145 episcopum
2780 4071 2983 4126 habere
3026 4081 3368 4124 (economum
3398 4062 3465 4118 de
3512 4062 3661 4118 clero

2080 4169 2323 4238 proprio,
2369 4166 2462 4236 qui
2490 4163 2767 4234 dispenset
2792 4175 2884 4216 res
2923 4156 3335 4221 ecclesiasticas,
3366 4154 3661 4210 secundum

2081 4258 2405 4315 sententiam
2435 4256 2673 4326 episcopi
2700 4252 2926 4323 proprii,
2974 4252 3047 4305 ita
3075 4257 3133 4305 ut
3160 4248 3415 4305 Ecclesia:
3441 4247 3663 4317 dispen-

2082 4352 2223 4408 satio
2251 4360 2448 4421 praeter
2475 4346 2840 4404 testimonium
2872 4360 2979 4400 non
3009 4344 3099 4408 sit,
3146 4351 3203 4398 et
3230 4358 3299 4398 ex
3325 4342 3429 4397 hoc
3450 4339 3661 4411 disper-

463 4462 604 4518 XXI.
633 4461 874 4519 Clericos
923 4470 1018 4517 aut
1066 4462 1234 4518 laicos
1298 4468 1615 4517 accusantes
1672 4459 1950 4530 episcopos

2057 4491 2060 4511 ,
2086 4452 2280 4515 gautur
2302 4440 2682 4498 ecclesiasticae
2725 4437 3024 4503 facultates,
3077 4441 3134 4490 et
3160 4432 3469 4489 sacerdotio
3498 4430 3666 4486 male-

395 4564 490 4611 aut
517 4554 746 4611 clericos
773 4553 994 4624 passim,
1035 4560 1091 4607 et
1118 4552 1236 4606 sine
1264 4551 1604 4621 probatione,
1653 4550 1721 4606 ad
1749 4565 1974 4606 accusa-

393 4647 596 4702 tionem
629 4644 792 4716 rccipi
824 4658 929 4699 non
959 4641 1179 4710 debere,
1219 4640 1322 4700 nisi
1348 4642 1495 4711 prius
1516 4656 1703 4697 eorum
1724 4641 1982 4697 discutia-

398 4748 489 4796 tur
516 4737 931 4795 existimationis
958 4736 1165 4808 opinio.

399 4848 550 4917 Quod
573 4860 677 4904 no‘n
706 4849 860 4919 liceat
889 4848 1088 4902 clericis
1127 4856 1241 4918 post
1270 4858 1482 4919 mortem
1521 4849 1601 4903 sui
1641 4850 1869 4919 episcopi
1900 4865 1981 4903 res

781 4918 850 4973 ad
870 4934 983 4972 eum
1011 4919 1321 4987 pertinentes
1357 4918 1600 4988 diripere.

470 5011 635 5068 XXII.
676 5010 793 5067 Non
822 5010 989 5066 licere
1014 5009 1247 5077 clericis,
1275 5018 1399 5081 post
1427 5010 1635 5065 obitum
1665 5011 1746 5066 sui
1777 5011 1989 5082 episco-

403 5104 479 5176 pi,
523 5119 611 5158 res
637 5104 705 5158 ad
733 5119 854 5161 eum
902 5101 1235 5174 pertinentes
1274 5102 1528 5174 diripere,
1580 5104 1719 5158 sicut
1758 5105 1993 5173 antiquis

410 5208 621 5267 quoque
650 5204 733 5250 est
771 5197 1070 5253 canonibus
1110 5196 1485 5253 constitutum.
1534 5194 1689 5262 Quod
1718 5196 1763 5252 si
1794 5198 1897 5251 hoc
1921 5197 1996 5252 fa-

2089 4534 2343 4590 dictionis
2370 4531 2651 4599 derogatio
2681 4537 3003 4599 procuretur
3028 4543 3041 4579 :
3073 4523 3220 4594 quod
3244 4523 3291 4578 si
3319 4524 3425 4579 hoc
3446 4521 3669 4577 minime

2090 4624 2299 4692 fecerit,
2326 4623 2521 4679 divinis
2548 4620 3018 4678 constitutionibus
3050 4616 3367 4685 subiacebit.

2483 4735 2561 4791 De
2591 4736 2671 4789 his
2715 4735 2801 4805 qui
2830 4734 3040 4803 rapiunt
3066 4732 3285 4802 puellas.

2168 4828 2375 4885 XXVII.
2407 4828 2513 4883 Eos
2543 4827 2635 4896 qui
2680 4825 2896 4895 rapiunt
2924 4824 3197 4890 mulieres,
3228 4821 3329 4876 sub
3358 4818 3575 4874 nomine
3599 4818 3679 4871 si-

2095 4922 2208 4978 mul
2232 4917 2528 4984 habitandi,
2574 4921 2945 4984 cooperantes,
2991 4918 3084 4966 aut
3111 4910 3463 4965 conniventes
3491 4916 3674 4975 rapto-

2097 5015 2247 5071 ribus
2271 5051 2287 5077 ,
2331 5008 2568 5065 decrevit
2594 5014 2779 5062 sancta
2807 5002 3065 5075 synodus,
3114 5009 3172 5055 ut
3201 4999 3466 5071 siquidem
3491 4996 3675 5053 clerici

2096 5111 2241 5168 sunt,
2274 5098 2528 5157 decidant
2554 5095 2725 5167 gradu
2750 5092 2968 5165 proprio
2998 5109 3013 5159 ;
3043 5091 3090 5146 si
3120 5106 3249 5146 vero
3274 5089 3418 5152 laici,
3448 5087 3678 5142 anathe-

2099 5196 2441 5253 matizentur.

406 5309 3629 5345 ______________________________________

1283 5401 1647 5463 CANONES
1706 5402 1994 5465 SYNODI
2050 5400 2555 5465 SARDICENSIS
2610 5397 2788 5459 XXI.

408 5564 487 5619 De
522 5561 774 5633 episcopis
808 5562 965 5638 etiam
988 5561 1143 5638 _laica
1186 5566 1541 5620 coinmunione
1580 5566 1870 5638 privandis,
1911 5566 1998 5635 qui

905 5632 1129 5685 civitates
1160 5645 1498 5691 mutaverunt.

482 5744 523 5803 ι.
554 5741 708 5803 Osius
736 5743 1020 5819 episcOpus
1043 5743 1212 5803 dixit:
1243 5744 1359 5804 Non
1390 5751 1565 5809 minus
1594 5752 1735 5810 mala
1762 5764 2000 5811 consue-

2110 5563 2261 5629 tudo,
2312 5578 2473 5633 quam
2502 5562 2802 5633 perniciosa
2845 5559 3176 5630 corruptela,
3219 5554 3456 5611 funditus
3501 5566 3687 5610 eram-

2109 5656 2278 5712 cauda
2306 5664 2424 5722 est,
2458 5670 2523 5710 ne
2551 5656 2635 5711 cui
2672 5656 2829 5711 liceat
2855 5654 3111 5724 episcopo
3139 5650 3206 5706 de
3247 5649 3464 5705 civitate
3495 5662 3591 5702 sua
3620 5644 3690 5701 ad

2109 5747 2270 5805 aliam
2298 5746 2525 5806 transire
2554 5747 2864 5813 civitatem;
2914 5744 3197 5831 manifesta
3244 5750 3329 5800 est
3353 5742 3497 5800 enim
3522 5756 3685 5799 causa
