3982 6196
370 365 478 422 177

1369 360 1592 418 CODEX
1626 358 1953 417 CATSONUM
1991 355 2686 415 EGCLESIASTICORUM.
3547 361 3644 417 178

362 495 475 553 qua
505 482 610 538 hoc
635 479 812 535 facere
840 482 1008 534 tentat
1040 514 1059 544 ,
1103 490 1229 534 cum
1258 476 1438 531 nullus
1464 476 1518 530 in
1548 475 1647 531 hac
1679 488 1740 530 rc
1768 473 1956 528 inven-
1985 474 2037 535 Α
2060 470 2348 527 ostendere
2395 470 2539 541 quod
2581 471 2765 543 populi
2823 479 3014 543 petant
3070 470 3171 529 sibi
3228 481 3494 530 rectorem
3519 515 3537 543 ,
3588 487 3645 533 et

363 585 456 632 tus
482 576 552 631 sit
574 575 867 644 episcopus
914 571 1005 641 qui
1030 571 1097 626 de
1123 569 1327 638 majore
1357 568 1574 623 civitate
1602 565 1670 620 ad
1692 565 1956 619 minorem

364 667 640 723 transiret.
684 661 841 719 Unde
870 669 1100 732 apparet
1149 659 1388 714 avaritia:
1416 657 1610 713 ardore
1640 672 1734 711 eos
1757 655 1962 709 inﬂam-

364 756 530 821 mari,
582 763 637 809 et
691 751 975 807 ambitioni
1026 750 1251 813 servire,
1309 755 1367 803 et
1420 754 1479 800 ut
1533 744 1959 800 dominationem

363 852 549 912 agant.
600 840 659 897 Si
709 840 961 896 omnibus
988 838 1185 908 placet,
1231 834 1537 905 hujusmodi
1568 832 1832 904 pernicies
1860 846 1961 886 ste-

362 935 486 988 vius
532 942 586 987 et
614 931 886 986 austerius
916 929 1241 996 vindicetur,
1272 935 1332 981 ut
1359 940 1460 979 nec
1486 924 1677 979 laicam
1712 936 1959 978 commu-

364 1026 587 1079 nionem
617 1022 816 1076 habeat
836 1020 929 1091 qui
958 1019 1081 1073 talis
1105 1026 1211 1073 est.
1253 1014 1671 1086 Responderunt
1693 1012 1956 1068 universi:

366 1115 575 1170 Placet.

363 1227 395 1282 l
404 1238 503 1281 tem
524 1227 587 1281 de
613 1222 797 1281 iisdem
825 1223 1102 1294 episcopis,
1133 1230 1191 1275 ut
1228 1222 1274 1276 si
1300 1237 1393 1292 per
1414 1216 1743 1294 ambitionem
1779 1214 1952 1294 sedem

437 1298 772 1361 nataverint,
798 1285 892 1349 nec
918 1296 973 1348 in
1002 1285 1144 1347 exitu
1171 1285 1597 1353 communionem,
1642 1288 1827 1341 saltem
1853 1285 1957 1339 lai-

433 1385 575 1430 cartt,
606 1375 1011 1438 consequantur.

433 1458 504 1513 ll.
533 1456 693 1514 Osius
738 1458 1024 1527 episcopus
1066 1453 1241 1509 dixit:
1287 1450 1465 1507 Etiam
1505 1449 1552 1506 si
1587 1448 1708 1503 talis
1761 1446 1956 1516 aliquis

356 1551 642 1608 exstiterit
668 1548 1010 1613 temerarius,
1037 1554 1097 1600 ut
1122 1543 1367 1600 fortassis
1386 1541 1792 1598 excusationem
1825 1535 1957 1592 alie-

356 1655 488 1698 rens
534 1647 811 1695 asseveret
836 1637 982 1708 quod
1018 1636 1205 1707 populi
1248 1634 1458 1690 litteras
1484 1631 1777 1701 acceperit,
1831 1642 1957 1684 cum

357 1732 707 1788 manifestum
736 1732 809 1787 sit
853 1731 1095 1802 potuisse
1122 1720 1306 1799 plures
1356 1726 1577 1797 praemio
1615 1733 1672 1779 et
1697 1721 1953 1779 mercede

2064 561 2167 615 hoc
2190 561 2391 630 justum
2416 576 2552 628 esse,
2584 570 2643 616 ut
2669 570 2724 617 et
2751 562 2852 633 ipsi
2874 564 3107 627 veniant,
3134 572 3188 618 et
3213 580 3334 620 cum
3358 565 3474 635 ipso
3495 564 3644 620 ordi-

2064 661 2193 707 nent
2225 653 2555 724 episcopum.
2587 652 2741 719 Quod
2769 655 2812 708 si
2843 664 3139 712 conventus
3166 656 3360 711 litteris
3388 656 3638 723 tacuerit,

2062 750 2118 797 et
2144 742 2575 809 dissimulaverit,
2616 744 2855 815 nihilque
2898 746 3256 815 rescripserit,
3302 744 3638 823 satisfacien-

2063 830 2191 886 dum
2219 847 2339 887 esse
2370 833 2601 903 populis,
2657 842 2717 888 ut
2758 836 2975 889 veniant
3018 850 3085 890 ex
3140 835 3312 891 vicina
3361 837 3639 907 provincia

2062 922 2320 992 episcopi,
2350 934 2406 979 et
2432 923 2682 979 ordinent
2709 926 3040 997 episcopum.

2064 1035 2142 1091 De
2186 1054 2292 1091 non
2333 1037 2639 1093 ordinandis
2686 1039 2935 1122 episcopis
2991 1056 3085 1111 per
3129 1042 3268 1095 vicos
3321 1048 3372 1094 et
3408 1041 3644 1097 modicas

2730 1119 2980 1165 civitates.

2131 1196 2221 1252 VI.
2252 1197 2488 1254 Licentia
2510 1214 2640 1254 vero
2668 1198 2840 1254 danda
2871 1217 2978 1255 non
3003 1211 3088 1257 est
3115 1201 3399 1257 ordinandi
3427 1201 3641 1272 cpisco-

2060 1304 2188 1359 pum
2236 1298 2330 1342 aut
2382 1289 2435 1343 in
2491 1290 2611 1345 vico
2658 1290 2861 1360 aliquo,
2919 1300 3011 1346 aut
3060 1293 3115 1346 in
3161 1291 3370 1348 modica
3401 1282 3639 1356 civitate,

2058 1385 2146 1441 cui
2202 1385 2397 1440 suflicit
2448 1401 2585 1441 unus
2637 1386 2936 1458 presbyter,
2985 1388 3110 1457 quia
3149 1403 3257 1443 non
3300 1394 3382 1442 est
3421 1401 3643 1442 necesse

2059 1474 2133 1531 ibi
2161 1476 2472 1546 episcopum
2504 1476 2638 1540 ﬁeri,
2686 1490 2755 1531 ne
2803 1476 3024 1532 vilescat
3069 1492 3263 1532 nomen
3308 1477 3545 1547 episcopi
3584 1482 3643 1532 et

2057 1568 2370 1624 auctoritas.
2397 1567 2513 1622 Non
2536 1568 2735 1623 debent
2760 1569 2868 1623 illic
2894 1584 2961 1624 ex
2989 1569 3092 1624 alia
3124 1569 3399 1640 provincia
3427 1567 3639 1622 invitati

2058 1661 2236 1718 facere
2278 1663 2624 1732 episcopum,
2650 1662 2752 1717 nisi
2796 1670 2890 1716 aut
2931 1664 2985 1717 in
3033 1662 3116 1718 his
3164 1662 3474 1718 civitatibus
3519 1674 3640 1729 qua:

2058 1751 2340 1821 episcopos
2364 1750 2683 1817 habuerunt,
2710 1758 2802 1805 aut
2830 1751 2875 1806 si
2899 1767 3005 1823 qua
3036 1752 3178 1819 talis,
3204 1759 3299 1805 aut
3324 1758 3433 1804 tam
3463 1765 3638 1820 popu-

355 1824 638 1893 corrumpi
687 1822 907 1914 eos_qui_
931 1821 1211 1914 Sillcerani-
1245 1817 1405 1873 ﬁdem
1454 1832 1564 1870 non
1616 1814 1836 1914 mitram"
1864 1819 1948 1914 _u"
1980 1834 2024 1895 Β
2057 1844 2173 1900 losa
2199 1844 2406 1911 civitas,
2437 1860 2556 1914 qua:
2597 1851 2837 1899 meretur
2859 1814 3059 1900 habere
3088 1844 3421 1914 episcopum.
3451 1840 3508 1897 Si
3537 1844 3641 1899 hoc

355 1916 659 1970 clamarent
701 1913 754 1966 in
778 1911 1043 1976 Ecclesia,
1092 1917 1151 1964 et
1178 1896 1351 1979 ipsum
1396 1915 1585 1978 petere
1637 1904 1947 1960 viderentur

357 2004 675 2075 episwpum
712 2021 727 2058 :
772 2002 994 2058 omnino
1040 2002 1137 2055 bas
1185 1998 1401 2053 frandes
1448 1995 1783 2052 damnandas
1830 2009 1951 2051 esse

356 2097 631 2158 arbitror,
682 2094 756 2148 ita
801 2102 861 2147 ut
907 2107 1009 2148 nec
1054 2091 1343 2157 laicamjn
1373 2090 1478 2145 line
1508 2090 1950 2145 communionem

356 2186 485 2240 talis
509 2185 759 2254 accipiat.
791 2183 848 2238 Si
877 2185 1029 2238 vobis
1049 2182 1298 2237 omnibus
1319 2181 1518 2253 placet,
1565 2181 1804 2236 statuite.
1849 2178 1953 2251 Sy-

356 2276 536 2333 nodus
564 2276 843 2348 respondit
878 2294 890 2329 :
923 2274 1125 2331 Placet.

360 2382 431 2440 Ut
456 2387 594 2440 inter
614 2386 875 2441 discordes
903 2388 1170 2456 episcopos
1210 2386 1668 2458 comprovinciales
1690 2387 1948 2444 antistites

428 2459 684 2522 audiant;
717 2458 852 2527 quod
890 2459 934 2509 si
965 2458 1245 2528 damnatus
1270 2458 1624 2528 appellaverit
1654 2457 1948 2513 Romanum

428 2528 747 2596 pontiﬁcem,
773 2528 829 2579 id
857 2527 1228 2580 observandum
1256 2527 1391 2598 quod
1419 2530 1528 2598 ipse
1557 2530 1833 2581 censuerit.

425 2616 517 2671 ill.
547 2613 705 2671 Osius
726 2617 1014 2687 episcopus
1042 2615 1176 2669 dixit
1201 2633 1214 2670 :
1246 2615 1380 2669 illud
1409 2631 1625 2687 quoque
1645 2618 1948 2673 necessario

356 2707 727 2777 adjiciendum
757 2715 861 2774 est,
915 2714 973 2762 ut
1000 2707 1241 2777 episcopi
1289 2707 1357 2762 de
1405 2720 1503 2761 sua
1551 2708 1830 2778 provincia
1880 2707 1948 2762 ad

355 2801 517 2854 aliam
546 2799 902 2869 provinciam,
949 2799 1003 2853 in
1032 2814 1138 2868 qua
1178 2807 1303 2855 sunt
1331 2799 1587 2869 episcopi,
1637 2815 1743 2855 non
1776 2808 1950 2856 trans-

358 2902 487 2946 eant
509 2935 524 2955 ,
562 2893 668 2947 nisi
715 2892 855 2948 forte
886 2908 915 2947 a
945 2892 1201 2948 fratribus
1232 2894 1343 2948 suis
1367 2893 1596 2961 invitati,
1628 2909 1697 2949 ne
1728 2895 1949 2951 videan-

358 2991 446 3037 tur
485 2984 712 3051 januam
741 2984 993 3039 claudere
1022 2985 1322 3039 charitatis.
1373 2984 1529 3051 Quod
1571 2986 1618 3041 si
1667 2986 1719 3041 in
1769 2987 1947 3057 aliqua

354 3076 638 3144 provincia
685 3075 879 3144 aliquis
931 3076 1220 3147 episcopus
1268 3085 1456 3133 contra
1509 3077 1732 3133 fratrem
1792 3095 1945 3135 suum

352 3166 675 3233 episcopum
698 3164 845 3219 litem
874 3164 1161 3233 habuerit,
1212 3182 1347 3221 unus
1396 3166 1464 3221 de
1508 3166 1717 3222 duobus
1745 3183 1811 3223 ex
1841 3169 1943 3223 alia

354 3256 636 3325 provincia
683 3256 910 3310 advocet
954 3256 1266 3326 episcopum
1314 3258 1667 3325 cognitorem.
1715 3258 1870 3325 Quod
1899 3260 1946 3316 si

352 3348 550 3416 aliquis
578 3347 864 3417 episcopus
883 3347 1153 3416 judicatus
1182 3350 1345 3404 luerit
1374 3351 1428 3403 in
1455 3351 1634 3419 aliqua
1670 3366 1857 3415 causa,
1888 3360 1945 3407 et

353 3452 510 3515 putat
537 3459 599 3501 se
623 3444 817 3498 bonam
848 3459 1062 3499 causam
1087 3444 1286 3499 habere
1310 3486 1329 3511 ,
1360 3451 1417 3498 ut
1444 3446 1636 3500 iterum
1659 3447 1945 3502 concilium

354 3546 670 3600 renovetur,
702 3539 746 3590 si
769 3536 921 3590 vobis
947 3536 1149 3606 placet,
1178 3538 1346 3593 sancti
1374 3536 1518 3592 Petri
1566 3539 1801 3609 apostoli
1830 3553 1946 3594 me-

352 3630 588 3685 moriam
616 3628 978 3691 bonoremus,
1010 3635 1069 3681 ut
1095 3628 1359 3682 scribatur
1410 3628 1477 3683 ab
1504 3628 1585 3682 his
1610 3628 1701 3699 qui
1729 3643 1944 3684 causam

353 3720 743 3776 examinarunt
792 3716 935 3773 Julio
966 3717 1213 3773 Romano
1243 3720 1523 3791 episcopo,
1549 3729 1604 3775 et
1644 3720 1689 3775 si
1727 3719 1942 3791 judica-

353 3812 497 3865 νει-ῆι
532 3810 901 3865 renovandum
930 3825 1052 3865 esse
1075 3809 1356 3879 judicium,
1406 3820 1716 3879 renovetur,
1770 3821 1827 3869 et
1853 3813 1947 3869 det

352 3901 569 3971 iudices
594 3918 607 3954 :
638 3902 686 3956 si
712 3909 892 3956 autem
934 3902 1245 3971 probaverit
1270 3903 1433 3959 talem
1464 3919 1682 3961 causam
1713 3920 1855 3971 esse,
1885 3914 1946 3961 ut

355 4009 464 4046 non
495 3992 817 4049 refricentur
861 4008 925 4048 ea
955 4008 1073 4063 quae
1116 4001 1236 4047 acta
1284 4001 1428 4059 sunt,
1477 4009 1598 4063 quae
1642 3996 1946 4051 decreverit

355 4084 678 4139 continuata
706 4091 882 4138 erunt.
927 4083 983 4137 Si
1024 4083 1130 4138 hoc
1166 4084 1415 4139 omnibus
1442 4084 1642 4154 placet.
1691 4084 1947 4156 Synodus

356 4172 638 4244 Mpondit
662 4192 675 4225 :
704 4172 906 4228 Placet.

522 4283 593 4339 Ut
621 4283 792 4339 nullus
823 4286 1053 4339 accusati
1090 4285 1258 4339 sedem
1287 4297 1498 4358 usurpet
1527 4289 1775 4361 episcopi.

426 4373 517 4430 Π.
571 4374 902 4431 Gaudentius
942 4377 1226 4447 episcopus
1274 4378 1447 4433 dixit:
1499 4358 1851 4448 Addendum,
1895 4358 1945 4438 si

353 4468 554 4539 placet,
588 4466 713 4521 huic
739 4466 1041 4535 sementim,
1071 4482 1232 4535 quam
1262 4469 1477 4538 plenam
1505 4471 1794 4526 sanctitate
1814 4485 1944 4541 pro-

2055 1936 2304 1991 omnibus
2329 1935 2525 2005 placet.
2554 1934 2805 2006 Synodus
2831 1935 3113 2006 respondit
3140 1954 3154 1990 :
3188 1936 3391 1992 Placet.

2055 2044 2133 2101 De
2159 2044 2678 2117 provincialisyngdo
2702 2045 3040 2117 retractanda
3052 2064 3143 2116 per
3161 2048 3381 2101 vicarios
3410 2047 3639 2117 episcopi

2388 2114 2530 2168 urbis
2560 2114 2758 2181 Romw,
2791 2117 2835 2169 si
2865 2117 2974 2185 ipse
3007 2114 3299 2170 decreverit.

2123 2202 2233 2259 νη.
2282 2202 2439 2260 Osius
2465 2206 2752 2275 episcopus
2779 2205 2956 2260 dixit:
3012 2205 3218 2261 Placuit
3266 2216 3449 2263 autem
3491 2216 3550 2262 ut
3589 2207 3652 2262 ai-

2051 2295 2335 2365 episcopus
2358 2302 2639 2350 accusatus
2668 2295 2846 2362 fuerit,
2872 2303 2926 2350 et
2941 2295 3302 2364 judicaverint
3320 2297 3635 2366 congregati

2052 2386 2293 2457 episcopi
2324 2385 2560 2455 regionis
2593 2386 2777 2456 ipsius,
2820 2394 2875 2441 et
2903 2387 2969 2441 de
2997 2385 3168 2454 gradu
3199 2402 3297 2442 suo
3324 2402 3447 2442 eum
3479 2388 3631 2457 deje-

2051 2478 2223 2533 ccrint
2247 2516 2262 2541 ,
2295 2478 2338 2533 si
2370 2477 2723 2548 appellaverit
2762 2477 2853 2547 qui
2910 2476 3150 2546 dejectus
3194 2486 3356 2533 estet
3385 2478 3634 2547 confuge-

2051 2569 2121 2623 rit
2148 2568 2215 2622 ad
2245 2568 2557 2639 episcopum
2604 2567 2861 2623 Romana:
2902 2568 3177 2638 Ecclesite,
3225 2577 3280 2624 et
3307 2570 3541 2625 voluerit
3574 2585 3635 2627 se

2051 2660 2264 2726 audiri;
2307 2661 2351 2715 si
2376 2660 2579 2729 justum
2627 2661 2898 2729 putaverit
2950 2669 3007 2715 ut
3050 2670 3342 2717 renovetur
3381 2676 3635 2731 examen,

2050 2750 2288 2806 scribere
2320 2752 2400 2805 his
2453 2750 2723 2821 epiSCOpis
2749 2750 3024 2820 dignetur,
3070 2752 3161 2821 qui
3211 2753 3263 2806 in
3306 2753 3529 2807 finitima
3579 2760 3636 2808 et

2048 2845 2349 2915 propinqua
2392 2844 2667 2913 provincia
2710 2850 2853 2907 sunt,
2887 2850 2945 2898 ut
2974 2843 3072 2913 ipsi
3101 2843 3385 2913 diligenter
3411 2846 3633 2900 omnino

2049 2938 2349 3006 requirant,
2379 2944 2435 2990 et
2458 2935 2613 3004 juxta
2643 2934 2799 2990 ﬁdem
2830 2936 3073 2991 veritatis
3092 2934 3349 2991 deliniant
3377 2956 3389 2990 :
3421 2938 3565 3007 quod
3588 2938 3634 2993 si

2050 3028 2096 3082 is
2138 3027 2231 3095 qui
2270 3034 2423 3094 rogat
2469 3040 2685 3079 causam
2726 3041 2877 3080 suam
2928 3026 3122 3081 iterum
3154 3027 3325 3083 audiri
3376 3028 3634 3098 depreca-

2051 3119 2199 3174 tione
2226 3134 2320 3172 sua
2353 3118 2584 3171 moverit
2612 3118 2921 3187 episcopum
2947 3117 3270 3185 Romanum,
3310 3127 3370 3175 ut
3400 3136 3431 3174 e
3457 3120 3628 3175 latere

1969 3204 2016 3266 C
2049 3228 2147 3269 suo
2178 3213 2548 3283 presbyterum
2585 3212 2781 3277 mittat,
2834 3211 2939 3266 erit
2968 3212 3020 3265 in
3067 3220 3336 3282 potestate
3386 3212 3631 3284 episcopi

2050 3304 2176 3374 quid
2202 3304 2353 3366 velit,
2386 3310 2440 3358 et
2463 3302 2601 3371 quid
2622 3303 2868 3358 aestimet.
2911 3301 2975 3357 Et
3004 3304 3050 3359 si
3077 3304 3379 3360 decreverit
3408 3305 3630 3361 mitten-

2049 3395 2148 3452 dos
2184 3410 2303 3450 esse
2332 3395 2423 3465 qui
2475 3405 2768 3464 praesentes
2795 3409 2915 3449 cum
2947 3397 3213 3467 episcopis
3243 3397 3505 3467 judicent,
3533 3398 3633 3453 ba-

2048 3488 2237 3542 benles
2265 3484 2382 3555 ejus
2411 3486 2788 3540 auctoritatem
2838 3502 2868 3540 a
2898 3501 3007 3556 quo
3037 3488 3289 3544 destinati
3336 3498 3478 3556 sunt,
3527 3491 3644 3544 erit

2048 3577 2102 3632 in
2151 3592 2250 3631 suo
2281 3576 2538 3642 arbitrio;
2589 3577 2632 3630 si
2672 3592 2801 3632 vero
2842 3576 3128 3633 crediderit
3168 3578 3451 3649 episcopos
3480 3578 3630 3633 sufll-

2048 3683 2172 3724 cere
2220 3675 2278 3722 ut
2326 3669 2543 3737 negotio
2586 3670 2871 3723 terminum
2920 3670 3220 3740 imponant,
3269 3669 3429 3725 faciet
3479 3668 3628 3740 quod

2048 3759 2445 3830 sapientissimo
2473 3760 2697 3815 consilio
2721 3760 3063 3829 judicaverit.

2051 3870 2292 3939 Quando,
2338 3880 2389 3926 et
2429 3872 2481 3924 in
2522 3869 2701 3953 quibus
2729 3874 2919 3993 casulis,
2961 3872 3185 3942 episcOpi
3221 3874 3290 3926 ad
3330 3874 3629 3930 comitatam

2671 3956 2748 3993 ire
2813 3960 2839 3993 e
2876 3951 3015 3993 eant.

2671 3951 2748 3993 ire
2778 3951 3015 3994 debeant.

2120 4009 2253 4065 Vill.
2284 4009 2442 4065 Osius
2477 4009 2761 4080 episcopus
2785 4011 2921 4064 dixit
2951 4028 2964 4062 :
3004 4010 3442 4080 lmportunitates
3467 4019 3523 4067 ct
3551 4013 3636 4068 ni-

2048 4103 2155 4157 mia
2198 4102 2498 4172 frequentia
2522 4142 2536 4168 ,
2568 4109 2625 4157 et
2666 4102 2880 4171 injustas
2920 4102 3207 4172 petitiones
3258 4102 3504 4159 fecerunt
3532 4120 3631 4162 nos

2049 4212 2155 4251 non
2187 4204 2391 4251 tantam
2420 4196 2619 4251 habere
2646 4195 2730 4250 vel
2759 4197 3026 4265 gratiam,
3061 4195 3144 4251 vel
3188 4195 3431 4252 ﬁduciam
3456 4239 3471 4263 ,
3503 4197 3631 4253 dum

2048 4286 2266 4359 quidam
2310 4303 2419 4342 non
2466 4294 2680 4342 cessant
2706 4287 2773 4342 ad
2804 4288 3116 4343 comitatum
3159 4288 3238 4342 ire
3266 4290 3547 4360 episcopi,
3577 4299 3632 4346 et

2049 4378 2283 4432 maxime
2311 4376 2447 4445 Afri,
2474 4377 2583 4447 qui,
2607 4376 2745 4431 sicut
2771 4374 3121 4445 cognovimus
3139 4418 3154 4443 ,
3178 4378 3501 4434 sanctissimi
3521 4378 3634 4435 fra-

2049 4467 2144 4521 tris
2166 4476 2220 4521 et
2242 4467 2545 4536 coepiscopi
2570 4467 2737 4522 nostri
2761 4466 2911 4522 Grati
2955 4468 3209 4524 salutaria
3231 4470 3453 4526 consilia
3482 4488 3633 4543 sper-

355 4559 523 4615 tulisti
549 4599 565 4625 ,
600 4565 661 4613 ut
684 4574 805 4613 cum
836 4558 1027 4627 aliquis
1057 4560 1340 4630 episcopus
1364 4561 1641 4630 depositus
1669 4562 1830 4616 fuerit
1852 4578 1943 4618 eo-
1972 4566 2184 4642 Dnunt
2207 4566 2371 4628 atque
2408 4566 2779 4627 contemnunt,
2802 4568 2861 4613 ut
2888 4574 2995 4613 non
3020 4560 3193 4615 solum
3220 4561 3287 4616 ad
3318 4564 3633 4618 comitatum

357 4664 482 4703 rum
524 4648 905 4719 episcoporum
931 4648 1134 4719 judicio
1184 4651 1276 4720 qui
1329 4652 1381 4705 in
1413 4652 1602 4707 vicinis
1632 4653 1764 4708 locis
1793 4668 1945 4709 com-

355 4749 658 4805 morantur,
691 4749 746 4795 et
785 4741 1198 4810 proclamaverit
1231 4741 1495 4810 agendum
1536 4742 1643 4798 sibi
1667 4744 1942 4812 negotium

356 4832 410 4885 in
442 4831 576 4885 urbe
604 4830 775 4885 Roma
802 4872 816 4897 ,
850 4831 987 4885 alter
1011 4832 1297 4903 episcOpus
1324 4832 1378 4887 in
1408 4832 1524 4901 ejus
1544 4834 1795 4888 cathedra
1824 4843 1947 4904 post

352 4925 776 4993 appellationem
805 4923 920 4991 ejus
939 4926 1030 4995 qui
1058 4924 1271 4979 videtur
1298 4939 1417 4979 esse
1446 4925 1741 4995 depositus,
1771 4928 1946 4981 omni-

358 5033 430 5072 no
456 5032 563 5069 non
594 5015 874 5069 ordinetur
895 5055 910 5079 ,
944 5015 1043 5070 nisi
1064 5030 1224 5071 causa
1253 5014 1413 5070 fuerit
1438 5015 1490 5070 in
1508 5015 1711 5086 judicio
1734 5018 1938 5088 episco-

353 5110 410 5180 pi
440 5108 670 5163 Romani
698 5107 1079 5162 determinata.

363 5218 588 5285 Quando
643 5220 756 5288 quis
814 5218 995 5272 debeat
1058 5235 1117 5291 a_
1149 5219 1329 5291 vicinis
1370 5220 1649 5289 provincia:
1691 5220 1943 5291 episc0pis

1021 5289 1274 5343 ordinari.

430 5377 497 5433 ἲ.
526 5377 685 5433 Osius
712 5378 996 5449 episcopus
1023 5379 1156 5432 dixit
1180 5396 1193 5431 :
1220 5378 1277 5433 Si
1306 5379 1589 5449 contigerit
1619 5379 1671 5432 in
1695 5396 1797 5434 una
1819 5396 1945 5450 pro—

355 5471 554 5536 vincia,
585 5471 638 5525 in
677 5485 782 5540 qua
815 5470 1029 5540 plurimi
1074 5469 1272 5525 fuerint
1302 5472 1559 5541 episcopi,
1609 5486 1770 5525 unum
1803 5472 1942 5528 forte

356 5580 641 5621 muanere
667 5565 1000 5635 episcopum,
1033 5564 1123 5617 ille
1146 5578 1273 5618 vero
1305 5579 1402 5633 per
1432 5564 1810 5632 negligentiam
1841 5581 1942 5620 no-

358 5654 520 5711 luerit
565 5656 817 5709 ordinare
865 5655 1197 5724 episcopum,
1239 5662 1293 5708 ct
1338 5656 1521 5724 populi
1569 5658 1940 5723 convenerint,

359 5752 647 5822 episcopos
672 5750 857 5803 vicina:
887 5749 1175 5819 provincia:
1220 5746 1419 5803 debere
1467 5748 1612 5803 illum
1639 5750 1787 5821 prius
1812 5764 1942 5804 con-

366 5843 545 5900 venire
573 5842 883 5917 episcopum
931 5841 1022 5914 qui
1063 5841 1118 5898 in
1164 5854 1227 5898 ea
1269 5841 1545 5914 provincia
1576 5854 1838 5909 moratur,
1876 5852 1931 5899 et

2050 4649 2243 4704 multas
2262 4689 2277 4714 ,
2310 4657 2367 4704 et
2410 4649 2682 4715 diversas,
2707 4648 2956 4706 Ecclesiae
2985 4667 3095 4706 non
3120 4652 3425 4723 profuturas
3456 4654 3635 4725 perfe-

2048 4748 2173 4794 rant
2199 4754 2406 4805 causas,
2430 4753 2604 4807 neque
2628 4747 2684 4793 ut
2705 4738 2818 4794 fieri
2847 4741 3007 4810 Solet,
3037 4749 3131 4795 aut
3151 4752 3386 4812 oportet,
3418 4753 3479 4797 ut
3502 4759 3634 4813 pau-
3664 4758 3685 4769 ·

2048 4832 2280 4901 peribus,
2313 4839 2406 4885 aut
2429 4831 2623 4897 viduis,
2664 4840 2759 4885 aut
2785 4832 3001 4902 pupillis
3029 4834 3398 4899 subveniatur,
3427 4833 3523 4887 sed
3579 4841 3632 4887 et

2047 4924 2334 4991 dignitates
2354 4923 2655 4987 smculares,
2689 4930 2744 4976 et
2771 4923 3282 4986 administrationes,
3313 4923 3632 4992 quibusdam

2049 5014 2339 5085 postulent.
2369 5013 2493 5069 Haec
2522 5015 2702 5083 itaque
2726 5015 2959 5083 pravitas
2987 5015 3114 5067 olim
3146 5029 3251 5068 non
3282 5014 3454 5067 solum
3484 5028 3633 5067 mur-

2049 5107 2399 5173 murationes,
2449 5106 2547 5162 sed
2588 5116 2643 5162 et
2684 5106 2934 5161 scandala
2975 5106 3193 5159 excitat.
3229 5103 3525 5158 Honestum
3552 5112 3633 5161 est

2049 5209 2228 5255 autem
2266 5207 2325 5254 ut
2370 5199 2607 5269 episcopi
2651 5197 3086 5253 intercessionem
3139 5196 3222 5249 his
3250 5204 3509 5266 prmstent
3537 5196 3633 5268 qui

2048 5292 2231 5361 iniqua
2258 5292 2310 5346 vi
2342 5292 2718 5361 Opprimuntur
2741 5328 2755 5352 ,
2789 5296 2881 5342 aut
2917 5288 2961 5342 si
3007 5288 3163 5341 vidua
3203 5288 3489 5357 aﬂiigatur,
3540 5302 3631 5346 aut

2047 5383 2280 5455 pupillus
2306 5381 2635 5452 exspolietur
2661 5398 2672 5433 :
2701 5380 2747 5434 si
2770 5390 2949 5434 tamen
2972 5379 3156 5435 istbmc
3185 5383 3402 5437 nomina
3430 5382 3635 5453 justam

2049 5477 2284 5531 habeant
2324 5488 2543 5528 causam
2574 5480 2668 5525 aut
2696 5471 3028 5542 petitionem.
3060 5472 3116 5528 Si
3162 5474 3315 5529 vobis
3346 5488 3503 5547 ergo,
3532 5481 3635 5537 rm.

2049 5576 2157 5619 tres
2194 5563 2493 5619 cbarissimi
2522 5602 2537 5627 ,
2574 5561 2752 5631 placet
2779 5602 2795 5628 ,
2845 5561 3118 5617 decernite
3146 5604 3160 5630 ,
3194 5578 3261 5619 ne
3290 5567 3538 5644 episcopi
3570 5572 3637 5626 ad

2047 5655 2362 5709 comitatum
2409 5653 2704 5717 accedant,
2738 5651 2837 5706 nisi
2874 5651 3013 5707 forte
3043 5653 3093 5705 bi
3136 5654 3229 5722 qui
3258 5655 3500 5734 religiosi
3534 5662 3637 5714 im-

2046 5747 2311 5818 peratoris
2344 5746 2532 5801 litteris
2561 5744 2641 5799 vel
2688 5745 2895 5805 invitati
2942 5744 3027 5799 vel
3056 5743 3233 5799 vocati
3280 5748 3501 5805 fuerint.
3533 5749 3637 5803 Sed

2048 5840 2300 5911 quoniam
2328 5852 2472 5909 stepe
2513 5838 2775 5911 contingit
2802 5848 2860 5896 ut
2887 5838 2956 5896 ad
2984 5837 3416 5903 misericordiam
3446 5842 3638 5897 Eccle-
