3982 6196
451 306 550 370 119

1729 307 2086 365 DIONYSIUS
2115 307 2428 371 αξιοι]υά

447 427 537 486 sia:
570 418 879 492 confugiant
921 420 1011 496 qui
1055 420 1300 490 injuriam
1334 421 1622 491 patiuntur,
1657 429 1750 475 aut
1777 419 1868 489 qui
1901 435 2024 486 rec—
2055 426 2099 484 Α
2129 423 2445 475 memoravit
2471 425 2736 480 sanctitas
2749 429 2948 490 vestra,
2975 434 3195 498 propter
3233 427 3498 486 desideria
3519 441 3574 488 et
3603 449 3713 498 atu-

445 524 630 572 cantcs
660 513 713 567 in
755 512 946 568 exsilio
993 513 1078 567 vel
1132 513 1318 567 insulis
1361 512 1706 579 damnantur,
1753 519 1847 566 aut
1874 519 2023 566 certe

445 585 820 680 quamcunque
862 601 1182 658 sententiam
1224 601 1542 674 suscipiunt,
1599 600 2022 658 subveniendum

446 703 530 750 est
575 693 658 750 his
685 733 702 759 ,
734 700 791 748 et
838 694 954 750 sine
1007 690 1342 746 dubitatione
1387 691 1617 763 petenda
1669 690 2018 759 indulgentia.

446 791 561 846 Hoc
586 798 715 852 ergo
743 781 1014 858 decernite
1038 822 1053 846 ,
1082 782 1126 838 si
1174 784 1325 839 vobis
1357 783 1549 856 placet.
1599 781 1844 842 Universi
1873 781 2023 839 dixe-

443 885 566 930 runt
594 894 607 930 :
639 874 823 929 Placet
852 867 1294 928 et'constituatur

692 983 772 1039 De
793 985 1025 1039 diaconis
1047 985 1116 1038 ad
1131 987 1426 1040 comitatum
1448 985 1750 1057 dirigendis.

511 1072 600 1130 IX.
630 1071 787 1130 Osius
825 1075 1112 1145 episcopus
1139 1075 1274 1132 dixit
1304 1094 1319 1129 :
1351 1075 1468 1131 lloc
1491 1090 1703 1144 quoque
1735 1072 2024 1145 providen-

441 1165 516 1224 tia
540 1173 718 1228 vestra
748 1172 982 1222 tractare
1005 1165 1190 1231 debet,
1227 1166 1318 1236 qui
1353 1165 1688 1230 decrevistis,
1717 1180 1786 1220 ne
1814 1165 2020 1237 episco-

439 1273 631 1329 porum
660 1257 975 1331 improbitas
1003 1258 1226 1328 nitatur,
1257 1257 1403 1312 utad
1429 1257 1742 1314 comitatum
1769 1266 2017 1328 pergant.

441 1353 756 1421 Quicunque
803 1365 932 1421 ergo
955 1392 975 1416 ,
1025 1351 1213 1419 quales
1261 1351 1506 1421 superius
1565 1348 2016 1418 memoravimus,

424 1456 627 1515 preces
643 1444 946 1507 habuerint,
966 1443 1050 1496 vel
1077 1444 1401 1512 acceperint,
1430 1458 1526 1516 per
1554 1441 1839 1498 diaconum
1864 1456 2019 1515 suum

438 1534 695 1603 mittant,
735 1533 863 1603 quia
891 1547 1122 1606 persona
1150 1533 1376 1590 ministri
1403 1533 1664 1588 invidiosa
1693 1548 1800 1606 non
1829 1540 1930 1596 est,
1964 1540 2020 1586 et

435 1638 556 1695 quin
598 1623 994 1694 impetraverit,
1039 1623 1272 1682 celerius
1313 1624 1512 1696 poterit
1539 1623 1773 1690 referre;
1815 1631 1872 1680 et
1911 1624 2018 1682 hoc

435 1729 774 1782 consequens
826 1729 946 1770 esse
989 1713 1216 1782 videtur,
1273 1723 1332 1772 ut
1373 1714 1441 1770 de
1475 1713 1714 1786 qualibet
1742 1716 2016 1786 provincia

435 1806 681 1876 episcopi
720 1804 790 1864 ad
834 1820 956 1862 eum
1003 1805 1220 1862 irati-em
1260 1815 1317 1862 et
1353 1807 1731 1879 coepiscOpum
1765 1814 2008 1862 nostrum
2043 1787 2089 1848 Β

436 1913 625 1968 preces
649 1896 890 1968 mittant,
913 1898 1004 1968 qui
1039 1897 1091 1952 in
1121 1898 1404 1968 metropoli
1433 1897 1718 1960 consistit,
1763 1906 1822 1952 ut
1846 1897 1935 1952 ille
1963 1906 2019 1956 et

435 1987 724 2042 diaconum
763 1985 909 2054 ejus,
951 1997 1008 2040 et
1053 1986 1470 2056 supplicationes
1493 1985 1752 2045 destinet.
1779 1987 2017 2044 tribuens

434 2075 899 2132 eernmendatitias
925 2077 1182 2145 epistolas
1211 2077 1326 2145 pari
1356 2078 1564 2133 ratione
1604 2077 1674 2132 ad
1725 2077 1916 2133 fratres
1962 2085 2018 2133 et

433 2168 788 2238 wepiscopos
809 2177 1041 2232 nostros,
1071 2168 1159 2236 qui
1188 2169 1239 2222 in
1271 2169 1364 2225 illo
1385 2176 1626 2239 tempore
1654 2171 1708 2224 in
1730 2169 1814 2224 bis
1842 2170 2018 2242 regio-

433 2255 593 2312 nibus
611 2298 626 2322 ,
651 2266 707 2313 et
734 2258 956 2314 urbibus
979 2267 1295 2327 morantur,
1345 2259 1400 2316 in
1428 2259 1622 2328 quibus
1653 2258 1777 2314 felix
1810 2267 1865 2315 et
1885 2261 2012 2316 bea-

435 2353 521 2402 tus
567 2346 839 2416 Augustus
877 2349 1260 2422 rempublicam
1303 2349 1586 2419 gubernat.
1617 2349 1673 2406 Si
1697 2337 1827 2406 vero
1855 2352 2019 2408 habet

433 2436 720 2506 episcopos
762 2438 965 2493 amicos
999 2439 1052 2492 in
1083 2439 1303 2507 palatio,
1331 2439 1421 2508 qui
1445 2441 1593 2509 cupit
1619 2440 1838 2509 aliquid,
1871 2441 2016 2512 quod

437 2535 613 2584 tamen
637 2527 922 2582 honestum
951 2537 1052 2591 est,
1088 2529 1376 2598 impetrare
1399 2570 1416 2596 ,
1447 2546 1552 2584 non
1588 2531 1901 2600 prohibetur
1920 2547 2018 2600 per

434 2615 720 2671 diaconum
760 2631 914 2671 suum
946 2631 1172 2686 rogare,
1213 2633 1277 2674 ac
1315 2618 1616 2687 signiﬁcare
1646 2619 1725 2674 bis
1751 2634 1889 2688 quos
1917 2620 2018 2675 scit

436 2703 719 2778 benignam
750 2708 1189 2764 intercessionem
1223 2709 1433 2764 absenti
1463 2725 1624 2780 posse
1653 2719 1909 2781 prmstare
1928 2750 1944 2777 ,
1970 2711 2017 2768 si

438 2806 618 2853 tamen
647 2806 1010 2868 opportunum
1037 2797 1216 2853 fuerit.

441 2910 592 2976 Quod
611 2909 680 2964 ad
698 2911 994 2966 comitatum
1011 2928 1102 2980 pro
1137 2912 1348 2982 pupillis
1372 2921 1423 2967 et
1449 2915 1632 2979 viduis,
1657 2932 1719 2969 ac
1739 2917 2016 2972 necessita-

833 2990 930 3035 tem
954 2981 1283 3052 patientibus,
1309 2986 1376 3038 sit
1403 2985 1647 3040 eundum.

507 3068 569 3124 Χ.
601 3068 703 3136 Qui
751 3086 882 3127 vero
912 3070 1135 3126 Romam
1168 3076 1411 3129 venerint
1435 3113 1450 3139 ,
1481 3077 1620 3130 sicut
1671 3076 1869 3132 dictum
1899 3086 2013 3145 est,

435 3161 776 3222 sanctissimo
817 3159 964 3216 fratri
989 3171 1043 3216 et
1071 3165 1396 3234 coepiscopo
1417 3174 1605 3221 nostro
1633 3166 1887 3223 Romamn
1909 3168 2011 3226 Ec-
2040 3163 2086 3227 C

436 3251 614 3306 clesia:
642 3268 849 3322 preces,
873 3268 1010 3322 quas
1040 3256 1257 3320 habent,
1309 3257 1536 3323 tradant,
1571 3266 1630 3313 ut
1657 3265 1713 3314 et
1739 3259 1854 3329 ipse
1870 3261 2017 3329 prius

434 3344 749 3407 examinet,
781 3345 824 3398 si
854 3345 1095 3400 honesta:
1145 3354 1199 3400 et
1231 3346 1385 3415 justo:
1413 3356 1564 3413 sunt,
1613 3357 1668 3403 et
1695 3359 1909 3418 pnnstet
1937 3351 2010 3405 di-

436 3435 712 3505 ligentiam
761 3444 923 3507 atque
968 3437 1420 3522 sollicitudinem,
1469 3448 1528 3494 ut
1569 3441 1638 3496 ad
1702 3443 2017 3498 comitatum

436 3525 794 3602 perferantur.
848 3526 1093 3585 Universi
1138 3531 1386 3588 dixerunt
1425 3533 1641 3602 placere
1671 3534 1771 3589 sibi
1799 3573 1813 3598 ,
1843 3544 1899 3589 et
1926 3536 2020 3600 ho.

435 3625 648 3678 nestum
677 3631 797 3674 esse
841 3620 1144 3674 consilium.
1177 3621 1398 3692 Alypius
1435 3622 1722 3693 episcopus
1749 3624 1884 3679 dixit
1913 3642 1926 3677 :
1956 3624 2012 3680 Si

435 3717 658 3780 prepter
684 3711 914 3781 pupillos
957 3719 1014 3767 et
1050 3713 1266 3780 viduas,
1299 3715 1383 3768 vel
1417 3715 1744 3783 laborantes,
1771 3717 1861 3786 qui
1890 3732 2017 3772 eau-

436 3814 524 3854 sas
564 3801 774 3868 iniquas
813 3791 1052 3867 habent,
1081 3805 1416 3873 susceperint
1456 3805 1901 3874 peregrinationis
1930 3807 2016 3860 in-

425 3891 739 3957 commoda,
771 3893 1042 3947 habebunt
1067 3893 1266 3962 aliquid
1289 3895 1540 3959 rationis;
1567 3911 1706 3950 nunc
1735 3911 1864 3952 vero
1894 3911 2014 3952 cum

435 3998 502 4039 ea
525 3984 797 4051 postulent
816 3985 1102 4056 praecipue,
1133 4001 1252 4054 qum
1274 3987 1392 4043 sine
1418 3987 1614 4043 invidia
1640 3989 1938 4057 hominum,
1961 3999 2016 4045 et

435 4073 551 4130 sine
577 4075 998 4143 reprehensione
1022 4092 1142 4131 esse
1158 4093 1265 4132 non
1292 4079 1518 4148 possint,
1543 4095 1652 4136 non
1681 4095 1902 4137 necesse
1932 4089 2018 4137 est

438 4162 612 4231 ipsum
633 4163 710 4218 ire
741 4164 808 4218 ad
836 4167 1170 4220 comitatum.

445 4274 512 4333 Ut
555 4279 640 4348 qui
679 4278 736 4331 in
763 4280 934 4331 canali
975 4286 1096 4330 sunt
1136 4280 1363 4347 episcopi
1405 4290 1581 4334 euntes
1627 4282 1697 4335 ad
1715 4286 2015 4339 comitatum

965 4347 1182 4402 sollicite
1202 4349 1499 4404 discutiant.

509 4436 598 4492 XI.
619 4436 949 4492 Gaudentius
971 4438 1256 4507 epiSCOpus
1292 4439 1426 4492 dixit
1449 4458 1460 4492 :
1487 4439 1564 4494 Ea
1590 4458 1709 4511 qum
1730 4443 2016 4499 salubriter

2119 510 2355 567 bitiones
2379 513 2446 568 ad
2468 513 2782 570 comitatum
2804 525 3012 586 pergat,
3043 533 3142 573 nec
3161 519 3214 573 in
3239 519 3431 576 litteris
3453 522 3573 593 ejus
3591 526 3712 582 sub-

2124 602 2408 672 scribatur,
2440 620 2615 674 neque
2642 605 2692 660 in
2723 607 3155 664 communionem
3182 611 3494 683 recipiatur.
3526 614 3584 670 Si
3612 633 3710 673 vo-

2124 689 2204 744 bis
2234 691 2434 760 placet,
2466 694 2702 748 omnium
2741 697 3011 752 sententia
3035 697 3344 756 conﬁrmari
3370 702 3550 760 debet.
3577 703 3706 761 Uni-

2123 780 2266 834 versi
2304 779 2554 836 dixerunt
2598 781 2883 841 honestum
2913 801 3064 854 esse,
3096 797 3150 844 et
3197 790 3411 860 placere
3436 793 3538 848 sibi
3567 794 3708 858 hanc

2127 872 2584 930 constitutionem.

2122 977 2204 1034 De
2229 980 2309 1036 his
2350 982 2437 1053 qui
2483 982 2729 1056 ignorant
2771 985 2896 1058 quid
2921 989 2991 1044 sit
3026 989 3081 1042 in
3107 992 3309 1061 synodo
3338 996 3698 1054 constitutum.

2195 1068 2308 1125 XII.
2337 1069 2494 1128 Osius
2537 1074 2822 1146 episcopus
2860 1077 2995 1133 dixit
3026 1097 3038 1132 :
3071 1079 3179 1137 Sed
3207 1091 3263 1138 et
3290 1085 3590 1154 moderatio
3610 1105 3702 1145 ne-

2123 1164 2358 1220 cessaria
2386 1174 2498 1235 est,
2549 1167 2882 1225 dilectissimi
2923 1171 3139 1240 fratres,
3187 1191 3256 1232 ne
3299 1179 3480 1236 subito
3526 1181 3705 1238 adhuc

2123 1253 2308 1322 aliqui,
2324 1255 2622 1313 nescientes
2643 1259 2768 1331 quid
2783 1258 3060 1317 decretum
3079 1265 3149 1322 sit
3167 1265 3220 1320 in
3241 1269 3467 1338 synodo,
3484 1273 3704 1330 veniant

2123 1342 2192 1396 ad
2233 1343 2478 1400 civitates
2522 1362 2616 1404 eas
2664 1363 2785 1418 quae
2841 1351 2894 1406 in
2949 1355 3126 1410 canali
3170 1366 3317 1414 sunt.
3365 1359 3538 1417 Debet
3570 1377 3701 1432 ergo

2121 1434 2406 1506 eﬁscepus
2427 1438 2658 1496 civitatis
2683 1438 2849 1512 ipsius
2878 1445 3173 1505 admonere
3189 1465 3312 1508 eum
3340 1461 3395 1507 et
3411 1453 3700 1524 instruere,

2120 1533 2177 1580 et
2193 1541 2261 1581 es
2283 1541 2350 1582 eo
2379 1527 2503 1584 loco
2535 1529 2818 1588 diaconum
2843 1550 2997 1592 suum
3023 1538 3221 1597 mittat.
3251 1540 3558 1602 amoenitas
3583 1545 3702 1616 ipse

2120 1625 2304 1674 tamen
2327 1620 2517 1676 redeat
2541 1621 2594 1677 in
2625 1625 2937 1693 parochiam
2963 1643 3136 1684 suam.

2333 1729 2416 1785 De
2441 1732 2588 1788 taicis
2609 1751 2712 1790 non
2734 1744 2919 1792 temere
2939 1740 3193 1809 faciendis
3215 1743 3487 1816 episcopis.

2190 1837 2320 1894 Xlil.
2350 1839 2504 1898 Osius
2515 1846 2798 1916 episcopus
2819 1849 2952 1904 dixit
2968 1870 2980 1905 τ
2997 1850 3062 1906 Ει
3076 1853 3180 1911 hoc
3195 1859 3552 1914 necessarium
3564 1861 3700 1918 arbi-

2120 1936 2262 1995 tror,
2298 1941 2358 1986 ut
2378 1932 2780 2004 diligentissime
2798 1942 3055 2008 tractetis,
3091 1944 3133 1998 si
3170 1941 3310 2001 forte
3331 1949 3586 2006 autdives
3606 1962 3700 2009 aut

2119 2021 2470 2079 scholasticus
2489 2024 2556 2080 de
2584 2025 2723 2096 foro,
2738 2038 2829 2083 aut
2851 2046 2921 2086 ex
2939 2033 3398 2094 administratione
3418 2041 3702 2115 episcopus

2118 2108 2639 2196 fuerit-postulatus,
2670 2127 2730 2172 ut
2757 2135 2863 2174 non
2894 2123 3042 2191 prius
3085 2125 3361 2182 ordinetur
3396 2108 3500 2185 nisi
3527 2143 3582 2186 et
3600 2108 3696 2190 le-

2119 2201 2288 2256 CIoris
2337 2219 2560 2260 munere
2592 2215 2647 2261 et
2668 2207 2847 2265 ofﬁcio
2868 2211 3078 2267 diaconi
3100 2224 3192 2269 aut
3216 2218 3516 2291 presbyteri
3538 2222 3701 2281 fuerit

2117 2289 2447 2360 perfunctus,
2483 2304 2540 2350 ut
2568 2312 2667 2366 per
2704 2299 2941 2368 singulos
2966 2303 3193 2370 gradus,
3223 2306 3269 2361 si
3289 2289 3480 2376 dignus
3507 2310 3695 2382 fuerit,

2118 2382 2376 2437 ascendat
2400 2384 2466 2438 ad
2487 2386 2698 2441 culmen
2713 2389 3073 2460 episcopatus.
3101 2391 3285 2450 Potest
3312 2398 3454 2452 enim
3483 2414 3582 2468 per
3600 2400 3699 2457 has

2117 2472 2507 2540 promotiones,
2531 2491 2649 2545 quae
2673 2477 2946 2534 habebunt
2974 2481 3157 2550 utique
3168 2485 3435 2554 prolixum
3462 2496 3695 2560 tempus,

2117 2563 2335 2632 probari
2357 2578 2463 2632 qua
2501 2565 2605 2620 ﬁde
2631 2567 2728 2634 sit,
2759 2582 2865 2638 qua
2894 2571 3176 2640 modestia,
3200 2590 3302 2644 qua
3335 2579 3618 2648 gravitate,
3641 2589 3698 2636 et

2116 2655 2457 2709 verecundia.
2492 2655 2558 2710 Et
2586 2658 2630 2711 si
2656 2658 2844 2726 dignus
2873 2661 3033 2716 fuerit
3060 2665 3321 2734 probatus
3343 2708 3358 2734 ,
3390 2668 3574 2725 divino
3609 2686 3698 2727 sa-

2117 2743 2359 2826 cerdotio
2406 2745 2705 2802 illustretur
2727 2789 2742 2812 ,
2795 2752 2919 2820 quia
2954 2756 3278 2812 conveniens
3307 2774 3413 2813 non
3443 2767 3566 2826 est,
3596 2777 3700 2820 na:

2117 2819 2256 2887 τεηΞό
2294 2834 2380 2888 vel
2425 2835 2706 2905 disciplina
2736 2819 2955 2908 patitur,
2981 2851 3036 2896 ut
3077 2851 3281 2900 temere
3311 2853 3366 2899 et
3395 2819 3585 2902 leviter
3607 2867 3698 2905 or-

2116 2917 2333 2978 dinetur
2357 2932 2449 2978 aut
2473 2927 2780 2996 episcopus,
2809 2937 2903 2983 aut
2929 2932 3211 3004 presbyter
3233 2973 3249 3000 ,
3296 2945 3389 2989 aut
3415 2935 3698 3008 diaconus,

2116 3013 2349 3069 maxime
2377 3029 2499 3068 cum
2521 3023 2576 3072 et
2606 3019 2859 3088 magister
2883 3021 3121 3088 gentium
3171 3022 3460 3093 Apostolus
3486 3044 3557 3084 ne
3593 3030 3698 3088 hoc

2116 3101 2272 3160 ﬁeret
2316 3106 2660 3165 denuntiasse
2699 3118 2755 3164 et
2799 3111 3140 3182 prohibuisse
3179 3116 3442 3184 videatur,
3492 3120 3591 3176 sed
3642 3121 3698 3177 hi

2119 3211 2347 3265 quorum
2389 3213 2486 3267 per
2523 3199 2740 3267 longum
2781 3208 2992 3272 tempus
3020 3206 3328 3262 examinata
3373 3210 3444 3270 sit
3491 3211 3600 3268 vita
3644 3220 3700 3268 et

2119 3287 2310 3343 merita
2337 3287 2535 3343 fuerint
2561 3292 2933 3360 comprobata.
3093 3299 3096 3302 ‘

2263 3378 2504 3463 (fuandiu
2523 3402 2792 3472 episcopus
2814 3403 2868 3456 in
2888 3403 3058 3459 aliena
3084 3405 3289 3461 civitate
3310 3418 3554 3467 moretur.

2190 3511 2330 3569 XIV.
2391 3513 2548 3570 Osius
2599 3516 2885 3587 episcOpus
2940 3519 3074 3576 dixit
3135 3537 3149 3574 :
3225 3519 3290 3575 Et
3336 3523 3439 3578 hoc
3486 3537 3702 3593 quoque

2118 3612 2358 3660 statuere
2407 3605 2644 3672 debetis,
2688 3616 2747 3662 ut
2793 3623 2862 3666 ex
2909 3611 3014 3666 alia
3062 3612 3286 3682 ,civitate
3323 3629 3446 3668 cum
3493 3616 3704 3670 venerit

2118 3697 2186 3752 ad
2243 3698 2403 3752 aliam
2464 3699 2736 3755 civitatem
2763 3741 2779 3767 ,
2842 3701 2929 3756 vel
2980 3718 3046 3757 ex
3115 3704 3394 3773 provincia
3464 3720 3562 3760 sua
3629 3707 3703 3764 ad

2119 3785 2280 3841 aliam
2312 3788 2642 3855 provinciam
2668 3829 2683 3854 ,
2715 3798 2770 3844 et
2815 3790 3094 3846 ambitioni
3138 3793 3308 3860 magis
3334 3806 3494 3860 quam
3532 3793 3701 3850 devo-

2117 3877 2250 3931 tioni
2284 3881 2523 3935 serviens
2552 3879 2779 3934 voluerit
2806 3882 2860 3934 in
2906 3882 3081 3936 aliena
3119 3883 3339 3938 civitate
3365 3883 3536 3938 multo
3564 3893 3703 3940 tetu-

2116 3988 2251 4043 pore
2275 3973 2532 4029 residere.
2565 3973 2732 4030 Forte
2746 3978 2888 4032 enim
2911 3977 3093 4032 evenit
3125 3977 3436 4047 episcopum
3462 3978 3566 4034 loci
3589 3995 3700 4035 non

2117 4078 2234 4118 esse
2263 4072 2373 4118 tam
2426 4065 2742 4122 instructum
2765 4107 2782 4132 ,
2826 4083 3000 4136 neque
3043 4076 3152 4122 tam
3190 4066 3428 4134 doctum,
3467 4069 3512 4125 is
3563 4085 3703 4126 vero

2116 4155 2205 4223 qui
2233 4154 2448 4210 advenit
2476 4156 2696 4226 incipiat
2724 4167 3073 4214 contemnere
3115 4174 3268 4227 eum,
3301 4168 3358 4215 et
3385 4161 3700 4231 frequenter

2115 4241 2296 4298 facere
2345 4260 2688 4322 sermonem,
2728 4255 2788 4302 ut
2836 4248 3155 4303 dehonestet
3201 4258 3256 4304 et
3293 4249 3526 4305 inﬁrmet
3553 4252 3698 4306 illius

2116 4350 2403 4406 personam
2427 4375 2442 4402 ,
2473 4337 2545 4391 ita
2568 4345 2626 4392 ut
2653 4353 2721 4392 ex
2744 4339 2844 4392 hac
2867 4339 3150 4394 occasione
3171 4355 3279 4394 non
3310 4340 3516 4395 dubitet
3535 4340 3701 4394 relin~

2117 4440 2281 4495 quere
2311 4426 2637 4494 assignatam
2667 4428 2768 4482 sibi
2797 4427 3118 4492 Ecclesiam,
3143 4438 3198 4484 et
3219 4438 3455 4485 transeat
3474 4430 3542 4484 ad
3569 4431 3700 4490 alie-

437 4528 744 4599 providistis,
784 4528 1158 4584 convenientia
1186 4570 1201 4598 ,
1231 4537 1286 4588 et
1313 4532 1669 4588 aestimatione
1690 4535 1930 4589 omnium
1961 4545 2015 4590 et
2045 4537 2096 4596 D
2121 4531 2264 4568 "am-
2298 4516 2523 4572 θθίίηίίθ
2553 4532 2683 4586 ergo
2735 4526 2949 4588 tempus
2971 4558 2987 4584 ν
3019 4520 3142 4590 Cl“ia
3167 4527 3222 4573 ει
3248 4534 3354 4573 υοη
3385 4520 3552 4590 reCipi
3579 4520 3702 4592 ePi“

439 4621 551 4676 Deo
571 4619 845 4688 placitura,
879 4629 1060 4676 tenere
1077 4621 1216 4676 hanc
1242 4620 1546 4678 ﬁrmitatem
1571 4635 1813 4692 possunt,
1839 4625 1882 4679 si
1907 4641 2014 4680 me-

441 4723 529 4768 tus
549 4714 676 4768 huic
702 4715 981 4769 sententiae
1009 4712 1382 4783 coniungatur.
1403 4715 1614 4770 Scimus
1642 4717 1782 4770 enim
1813 4724 1869 4772 et
1909 4717 2012 4786 ipsi

439 4807 732 4878 sepissime
756 4815 976 4878 propter
989 4822 1280 4876 paucorum
1303 4808 1682 4878 impudentiam
1706 4810 2012 4877 religiosum

438 4899 772 4960 sacerdotale
799 4914 992 4954 nomen
1023 4898 1186 4954 fuisse
1207 4900 1610 4968 reprehensum.
1643 4899 1700 4953 Si
1731 4901 1890 4968 igitur
1910 4901 2012 4955 ali-

437 4992 558 5060 quis
581 5000 771 5048 contra
799 4992 1034 5046 omnium
1061 4991 1378 5046 sententiam
1409 4992 1551 5045 nisus
1581 4992 1810 5048 voluerit
1835 4993 2008 5047 ambi-

441 5082 571 5138 tioni
617 5083 785 5151 magis
806 5083 1022 5153 placere
1045 5097 1205 5151 quam
1249 5082 1383 5150 Deo,
1413 5083 1458 5137 is
1481 5081 1640 5138 debet
1660 5083 1814 5148 scire,
1837 5085 2014 5140 causis

438 5170 687 5234 redditis,
737 5173 999 5228 honorem
1049 5173 1468 5241 dignitatemque
1523 5187 1582 5228 se
1646 5173 2008 5228 amissurum:

438 5258 580 5326 quod
625 5259 700 5314 ita
742 5260 955 5316 demum
997 5263 1255 5333 compleri
1297 5263 1512 5331 poterit,
1555 5263 1600 5317 si
1651 5264 2013 5333 unusquisque

441 5355 710 5412 rostrum,
739 5350 829 5417 qui
858 5350 909 5403 in
939 5353 1112 5406 canali
1136 5353 1460 5408 censtitutus
1489 5361 1572 5409 est
1595 5396 1610 5421 ,
1641 5369 1760 5407 cum
1784 5368 2010 5423 progre-

438 5438 672 5490 dientem
699 5439 1008 5508 episcopum
1038 5443 1228 5497 viderit
1253 5485 1268 5508 ,
1301 5444 1533 5512 inquirat
1561 5445 1842 5500 transitum
1873 5445 2009 5511 ejus,

437 5543 627 5582 causas
650 5528 852 5596 videat,
881 5544 989 5600 quo
1018 5531 1201 5585 tendat
1223 5543 1504 5604 agnoscat:
1531 5543 1586 5588 et
1606 5534 1865 5602 siquidem
1889 5549 2011 5588 eum

438 5620 702 5675 invenerit
729 5621 804 5675 ire
831 5620 897 5676 ad
924 5621 1236 5676 comitatum
1264 5665 1282 5690 ,
1310 5626 1552 5693 requirat
1594 5632 1651 5679 et
1677 5625 1824 5689 illud,
1863 5623 2011 5693 quod

435 5713 681 5782 superius
705 5714 1152 5782 comprehensum
1190 5723 1290 5779 est,
1354 5733 1421 5770 ne
1451 5717 1590 5776 forte
1626 5717 1880 5771 invitatus
1908 5726 2010 5783 est,

442 5814 503 5860 ut
526 5805 574 5858 ei
597 5802 824 5866 facultas
845 5805 1005 5866 eundi
1034 5807 1398 5872 permittatur.
1421 5808 1476 5864 Si
1504 5824 1660 5874 vero,
1693 5818 1748 5866 ut
1769 5810 2014 5876 superius

2120 4621 2342 4674 scopum
2371 4607 2716 4661 inhumanum
2740 4618 2844 4672 est,
2869 4617 2923 4662 et
2952 4610 2994 4664 si
3023 4609 3220 4662 diutius
3241 4609 3497 4673 resideat,
3517 4611 3701 4679 perni-

2120 4696 2323 4751 ciosum
2354 4706 2474 4752 est:
2504 4686 2611 4753 hoc
2632 4713 2760 4768 ergo
2790 4715 2858 4753 ne
2881 4700 3005 4767 liat,
3037 4700 3422 4768 providendum
3453 4709 3554 4756 est.
3587 4699 3703 4756 Me-

2119 4787 2248 4840 mini
2269 4796 2447 4841 autem
2476 4789 2755 4858 superiore
2784 4790 3012 4844 concilio
3042 4789 3234 4845 fratres
3263 4799 3474 4844 nostros
3498 4791 3704 4845 consti-

2122 4878 2288 4932 tuisse
2343 4886 2402 4934 ut
2452 4879 2496 4932 si
2541 4881 2661 4949 quis
2707 4881 2876 4936 laicus
2906 4882 2958 4934 in
2987 4896 3049 4936 ea
3076 4923 3091 4948 ,
3122 4882 3174 4935 in
3201 4896 3305 4949 qua
3335 4889 3703 4937 commoratur

2122 4967 2354 5035 civitate,
2382 4978 2488 5023 tres
2519 4969 2817 5027 dominicos
2845 4971 2977 5038 dies,
3013 4972 3065 5026 id
3094 4981 3175 5027 est
3198 4989 3294 5042 per
3316 4982 3424 5028 tres
3453 4974 3704 5042 septima-

2119 5073 2234 5122 nas,
2255 5074 2357 5112 non
2388 5059 2714 5115 celebrasset
2742 5073 3087 5132 conventum,
3117 5065 3496 5119 communione
3515 5064 3696 5134 priva-

2116 5162 2283 5207 retur.
2333 5153 2391 5208 Si
2440 5154 2557 5209 IIIBC
2584 5156 2725 5210 circa
2773 5157 2939 5212 laicos
2980 5159 3271 5213 constituta
3319 5166 3481 5224 sunt,
3528 5158 3697 5212 multo

2116 5245 2286 5312 inagis
2312 5244 2569 5313 episcopo
2587 5260 2686 5301 nec
2711 5246 2856 5310 licet,
2883 5263 2982 5302 nec
3029 5248 3217 5314 decet,
3248 5248 3290 5302 si
3316 5248 3459 5303 nulla
3488 5249 3558 5302 sit
3585 5257 3698 5304 tam

2115 5335 2290 5404 gravis
2330 5337 2622 5391 necessitas
2659 5352 2777 5406 qua:
2805 5337 3044 5393 detineat
3089 5347 3150 5394 ut
3187 5339 3414 5408 amplius
3443 5354 3472 5391 a
3503 5353 3699 5408 supra-

2120 5425 2319 5494 scripto
2349 5435 2589 5494 tempore
2619 5427 2811 5480 absens
2838 5428 2909 5482 sit
2937 5428 3004 5482 ab
3045 5427 3282 5484 Ecclesia
3304 5443 3419 5484 sua.
3451 5425 3701 5486 Universi

2119 5514 2370 5568 dixerunt
2401 5516 2614 5582 placere
2642 5515 2762 5570 sibi.

2119 5625 2206 5682 Ne
2245 5627 2396 5681 liceat
2421 5629 2663 5702 episwpo
2695 5645 2726 5682 a
2754 5645 2846 5702 suo
2891 5627 3124 5702 Ecclesia
3163 5629 3276 5695 plus
3311 5629 3472 5684 tribus
3501 5627 3698 5686 hebdo-

2677 5699 2910 5753 madibus
2940 5698 3132 5754 abesse.

2193 5807 2302 5864 XV.
2335 5807 2491 5866 Osius
2521 5811 2802 5881 episcopus
2825 5811 2960 5870 dixit
2992 5829 3002 5866 :
3036 5785 3330 5878 Quianibil
3363 5807 3697 5882 praetermitti
