3982 6196
334 340 433 397 981

1299 335 1524 392 CODEX
1561 332 1891 392 CANONUM
1934 328 2638 392 ECCLESIASTIGORUM.

3504 341 3615 398 ηε

329 461 586 526 oportet,
622 459 751 509 sunt
792 451 1017 522 quidam
1059 450 1256 507 fratres
1301 460 1357 504 et
1405 450 1721 519 coepiscopi
1753 448 1923 504 nostri
1956 453 1997 513 A
2029 447 2357 520 ινγαίβίθωὶ
2387 448 2643 518 episcopo
2667 489 2681 513 ,
2712 449 2803 519 qui
2826 449 2965 505 Sicut
2992 440 3085 508 ille
3105 442 3317 509 doricis
3340 454 3615 509 sincerum

328 549 428 617 qui
455 563 565 601 non
594 546 647 599 in
674 560 739 599 ea
768 545 992 600 civitate
1034 544 1088 599 in
1133 558 1238 613 qua
1266 542 1519 597 videntur
1538 542 1782 612 episcopi
1805 556 1926 596 esse

2034 540 2289 595 exhibere
2316 536 2477 593 debet
2501 553 2742 593 amorem
2775 539 3083 607 charitatis,
3110 542 3184 597 ita
3212 552 3428 614 quoque
3455 542 3621 600 vicis-

331 636 636 696 eonstitnti.
677 636 764 689 vel
802 642 1196 703 certeparvam
1223 645 1341 686 rem
1370 631 1483 687 iliic
1502 632 1766 696 habeam,
1797 628 1929 685 alibi
2031 630 2131 683 sim
2168 628 2397 683 ministri
2433 627 2669 683 infucata
2699 627 2897 683 debent
2921 630 3187 701 episcopo
3216 645 3319 687 suo
3360 632 3621 688 exhibere

334 737 519 782 autem
541 726 732 781 idonea
761 724 963 794 praedia
987 723 1188 777 habere
1233 730 1656 792 cognoscuntur,
1689 719 1774 776 vel
1800 718 1930 773 θεῖοι

335 820 578 875 ctionem
621 817 1022 888 proximorum,
1054 816 1251 885 quibus
1289 815 1639 884 lndulgeant:
1674 814 1932 867 hactenus

337 911 579 982 permitti
616 909 697 964 eis
722 916 941 979 oportet
961 916 1020 961 ut
1038 906 1297 961 accedant
1312 905 1381 959 ad
1401 904 1768 975 possessiones
1783 914 1929 966 suas,

336 1012 399 1058 et
424 1003 745 1072 disponant,
786 999 876 1055 vel
929 997 1185 1053 ordinent
1222 996 1451 1053 fructum
1492 995 1696 1050 laboris
1739 993 1844 1058 sui,
1876 1001 1937 1049 ut

339 1105 471 1169 post
494 1104 607 1150 tres
629 1092 945 1154 dotninieos,
975 1091 1027 1145 id
1055 1098 1141 1147 est
1167 1098 1290 1161 post
1318 1101 1426 1145 tres
1454 1084 1826 1144 hebdomadas
1843 1126 1860 1153 ,
1890 1085 1935 1141 si

340 1185 548 1241 morari
586 1197 811 1239 necesse
834 1190 937 1250 est,
970 1182 1025 1235 in
1052 1182 1167 1237 suis
1212 1182 1391 1253 potius
1429 1176 1607 1234 fundis
1635 1184 1933 1233 morentur.

340 1278 453 1332 Aut
478 1277 527 1331 si
552 1284 640 1331 est
665 1274 911 1344 proxima
935 1273 1125 1329 civitas
1149 1314 1165 1340 ,
1192 1273 1252 1326 in
1291 1286 1399 1342 qua
1427 1281 1510 1327 est
1537 1270 1839 1341 presbyter,
1870 1280 1939 1322 ne

340 1369 463 1423 sine
489 1367 721 1423 ecclesia
757 1364 1008 1419 videatur
1038 1362 1217 1418 facere
1244 1361 1389 1417 diem
1418 1360 1743 1417 dominicum
1767 1396 1783 1423 ,
1813 1357 1938 1413 illuc

342 1457 615 1523 accedat,
647 1464 707 1510 ut
727 1468 903 1525 neque
923 1468 1014 1509 res
1044 1451 1355 1509 domestica:
1379 1466 1477 1521 per
1504 1450 1804 1506 absentiam
1827 1450 1942 1518 ejus

337 1548 733 1603 detrimentum
754 1545 1080 1610 sustineant,
1108 1552 1166 1599 et
1193 1558 1301 1598 non
1323 1543 1636 1613 frequenter
1675 1540 1942 1595 veniendo

340 1639 415 1694 ad
456 1639 733 1695 civitatem
760 1638 817 1692 in
844 1650 952 1707 qua
973 1637 1264 1708 episcopus
1284 1645 1548 1702 moratur,
1578 1634 1942 1704 suspicionem

344 1731 627 1802 iactantia
670 1738 726 1785 et
773 1730 1090 1787 ambitionis
1140 1730 1355 1786 evadat.
1404 1726 1651 1785 Universi
1693 1728 1945 1783 dixerunt

346 1823 571 1891 placere

350 1931 434 1985 De
451 1931 656 1985 clericis
682 1945 713 1983 α
740 1931 1098 1985 communione
1137 1929 1407 1985 summotis
1458 1929 1522 1982 ab
1547 1929 1650 1984 alio
1680 1945 1785 1985 non
1814 1929 1944 1983 reci-

911 2002 1114 2071 piendis
1140 2003 1397 2070 episcopo.

427 2095 566 2151 XVI.
600 2095 758 2151 Osius
783 2078 1068 2165 episcopus
1091 2094 1225 2149 dixit
1251 2111 1264 2147 :
1310 2092 1429 2149 Hoc
1453 2107 1670 2163 quoque
1696 2092 1947 2148 omnibus

354 2188 559 2257 placet,
585 2194 645 2240 ut
672 2188 785 2241 sive
805 2185 1083 2251 diaconus,
1105 2184 1220 2239 sive
1238 2185 1538 2254 presbyter,
1564 2185 1677 2239 sive
1697 2184 1815 2252 quis
1838 2183 1950 2238 cle—

355 2280 600 2333 ricorum
634 2276 986 2347 abepiscopo
1015 2289 1115 2330 suo
1153 2276 1533 2331 comnmnione
1571 2273 1733 2329 fuerit
1766 2274 1947 2343 priva-

358 2377 471 2432 tus,
518 2375 573 2421 et
599 2366 671 2421 ad
708 2367 938 2421 alterum
970 2365 1270 2436 perrexerit
1308 2366 1620 2434 episcopum
1641 2406 1656 2431 ,
1685 2371 1741 2418 et
1767 2363 1952 2418 scierit

360 2462 431 2514 ad
456 2475 621 2529 quem
650 2460 909 2528 confugit,
943 2473 1067 2513 eum
1106 2460 1175 2513 ab
1204 2458 1461 2528 episcopo
1483 2473 1581 2511 suo
1606 2456 1771 2511 fuisse
1800 2454 1949 2523 abie-

359 2562 551 2620 ctum,
575 2568 683 2607 non
722 2560 939 2621 Oportet
967 2559 1026 2606 ut
1068 2552 1118 2606 ei
1157 2542 1592 2606 communionem
1626 2549 1901 2619 indulgeat
1934 2566 1947 2602 :

361 2646 515 2715 quod
542 2648 586 2699 si
619 2645 832 2711 fecerit,
862 2645 999 2699 sciat
1022 2660 1081 2700 se
1125 2646 1434 2701 convocatis
1471 2644 1737 2715 episc0pis
1768 2658 1954 2701 causas

364 2752 495 2793 esse
522 2738 807 2792 dicturum.
843 2735 1089 2792 Universi
1132 2736 1424 2815 dixerunt;
1452 2736 1569 2791 lloc
1609 2744 1868 2792 statutum
1902 2742 1958 2792 et

365 2845 561 2898 pacem
590 2830 846 2895 servabit,
875 2839 931 2885 et
955 2830 1298 2885 concordiam
1320 2831 1604 2885 custodiet.

367 2920 450 2974 De
478 2922 937 2975 excommunicatis
974 2923 1113 2993 apud
1144 2923 1340 2976 vicinos
1361 2925 1629 2993 episcopos
1661 2922 1953 2976 audiendis.

440 3012 606 3067 XVII.
635 3013 793 3068 Osius
822 3014 1107 3085 episcopus
1136 3014 1271 3069 dixit
1296 3033 1307 3067 :
1341 3014 1494 3081 Quod
1521 3030 1606 3069 me
1634 3014 1811 3069 adhuc
1841 3029 1959 3069 mo-

368 3114 462 3160 vet
513 3104 743 3159 reticere
784 3085 1117 3169 non‘debeo,
1166 3105 1210 3161 si
1237 3106 1543 3175 episcopus,
1567 3105 1659 3174 qui
1688 3104 1824 3160 forte
1853 3106 1961 3159 ira-

2034 719 2314 788 obsequia.

2306 829 2385 885 De
2412 847 2515 885 non
2544 829 2888 885 sollicitandis
2916 831 3115 885 clericis
3144 832 3348 888 alienis.

2113 939 2287 996 XVIII.
2317 940 2601 997 Januarius
2631 943 2923 1013 episcopus
2973 941 3109 997 dixit
3150 960 3165 997 :
3218 943 3352 1000 Illud
3403 960 3621 1017 quoque

2035 1039 2241 1086 statuat
2261 1032 2520 1087 sanctitas
2544 1039 2746 1095 vestra,
2792 1039 2851 1087 ut
2872 1032 3005 1087 nulli
3033 1032 3288 1103 episcopo
3310 1034 3473 1091 liceat»
3487 1037 3623 1093 alte-

2036 1120 2146 1175 rius
2175 1121 2417 1192 episcopi
2436 1120 2667 1177 civitatis
2695 1122 2995 1177 ministrum
3025 1123 3451 1197 ecclesiasticum
3469 1126 3624 1183 solli-

2037 1212 2236 1278 citare,
2273 1220 2328 1267 οι
2373 1211 2427 1266 in
2452 1212 2562 1268 suis
2592 1212 2866 1282 parochiis
2893 1211 3163 1268 ordinare.
3200 1212 3444 1270 Universi
3470 1215 3625 1273 dixe-

2038 1311 2164 1357 runt
2189 1322 2200 1355 :
2230 1300 2440 1371 Placet,
2473 1304 2599 1373 quia
2628 1319 2697 1359 ex
2726 1304 2809 1357 his
2837 1304 3272 1361 contentionibus
3294 1307 3435 1363 solet
3471 1309 3623 1363 nasci

2039 1394 2345 1462 discordia,
2376 1404 2433 1451 et
2480 1396 2602 1452 ideo
2660 1396 2911 1467 prohibet
2946 1394 3189 1451 omnium
3240 1397 3505 1453 sententia
3555 1412 3624 1453 ne

2039 1486 2159 1556 quis
2174 1487 2281 1542 hoc
2303 1484 2483 1543 lacere
2511 1486 2724 1543 audeat.

2042 1625 2122 1681 De
2147 1643 2249 1681 non
2278 1627 2584 1689 ordinandi:
2628 1628 2829 1710 clericis
2858 1630 3040 1711 alienis
3084 1629 3197 1684 sine
3246 1628 3328 1683 sui
3373 1644 3626 1685 consensit

2699 1715 2945 1771 episcopi.

1979 1827 2023 1886 Β
2120 1835 2254 1891 XIX.
2286 1837 2442 1894 Osius
2470 1838 2759 1910 epiScopus
2795 1839 2930 1894 dixit
2963 1856 2976 1891 :
3011 1834 3076 1893 Et
3105 1838 3211 1896 hoc
3242 1838 3475 1894 univerSI
3503 1854 3634 1895 con-

2047 1928 2351 1994 stituimus,
2406 1936 2465 1983 ut
2510 1928 2819 1998 quicunque
2867 1944 2936 1984 ex
2978 1930 3083 1984 alia
3122 1928 3377 2000 parochia
3407 1927 3636 1983 voluerit

2048 2019 2284 2073 alienum
2318 2019 2621 2074 ministrum
2651 2020 2768 2074 sine
2810 2036 3076 2076 consensu
3120 2020 3358 2091 episcopi
3389 2019 3554 2090 ipsius
3581 2028 3638 2074 et

2048 2116 2329 2170 voluntate
2358 2113 2641 2179 ordinare,
2667 2128 2777 2167 non
2805 2113 2877 2167 sit
2903 2122 3019 2166 rata
3048 2112 3318 2168 ordinatio
3339 2110 3475 2180 ejus.
3503 2108 3636 2176 Qui-

2052 2221 2262 2274 cunque
2285 2213 2464 2259 autem
2495 2204 2599 2259 hoc
2648 2202 3027 2273 usurpaverit,
3070 2216 3101 2254 a
3149 2201 3399 2254 lratribus
3429 2206 3484 2254 et
3511 2212 3639 2254 coe-

2054 2298 2287 2369 piscopis
2313 2295 2509 2351 nostris
2537 2304 2591 2351 et
2616 2293 2892 2351 admoneri
2923 2293 3101 2358 debet,
3133 2302 3188 2348 et
3207 2290 3420 2360 corrigi.

2058 2440 2137 2494 De
2164 2436 2473 2509 presbyteris
2494 2444 2545 2490 et
2571 2435 2806 2490 diaconi:
2837 2433 3367 2509 qui-Thessalonicam
3406 2431 3635 2497 veniunt,

2375 2517 2624 2578 quantum
2652 2503 2895 2575 temporis
2921 2503 2993 2557 ibi
3037 2504 3316 2562 residerint.

2130 2646 2245 2702 XX.
2274 2647 2457 2702 Aelius
2494 2647 2778 2717 episcopus
2804 2644 2939 2700 dixit
2970 2662 2983 2698 :
3018 2642 3135 2698 Non
3162 2640 3417 2712 ignoratis
3445 2644 3643 2711 quanta

2062 2748 2117 2795 et
2145 2738 2320 2808 qualis
2347 2737 2416 2792 sit
2439 2735 2996 2791 Thessalonicensium
3021 2734 3236 2800 civitas;
3268 2747 3411 2803 saepe
3431 2730 3496 2785 ad
3526 2745 3647 2785 eam

2064 2830 2286 2885 veniunt
2308 2844 2377 2884 ex
2405 2828 2523 2882 aliis
2562 2826 2870 2895 regionibus
2900 2824 3199 2895 presbyteri
3227 2831 3282 2878 et
3325 2820 3560 2885 diaconi,
3591 2827 3648 2874 et

2066 2937 2174 2976 non
2203 2925 2327 2976 sunt
2368 2918 2607 2974 contenti
2638 2917 2787 2972 brevi
2815 2924 3059 2986 tempore
3085 2914 3306 2980 morari,
3328 2912 3423 2970 sed
3446 2920 3540 2967 aut
3562 2927 3649 2966 re—

2068 3012 2244 3067 sident
2274 3009 2366 3076 ibi,
2391 3015 2485 3063 aut
2509 3016 2657 3063 certe
2687 3007 2774 3061 vix
2801 3013 2925 3077 post
2960 3006 3116 3073 longa
3145 3006 3319 3075 Spatia
3345 3004 3413 3059 ad
3437 3018 3534 3060 sua
3563 3016 3651 3059 re-

2067 3103 2185 3159 dire
2224 3108 2507 3171 coguntur.
2538 3097 2783 3153 Universi
2812 3098 3060 3152 dixerunt
3086 3113 3100 3149 ε
3127 3095 3203 3150 Ea
3234 3104 3498 3168 tempora,
3531 3110 3651 3167 qua:

368 3193 582 3249 candus
610 3193 777 3263 (quod
799 3208 1039 3248 essenon
1070 3192 1250 3266 debet)
1295 3195 1403 3250 cito
1426 3204 1480 3248 et
1508 3209 1699 3265 aspere
1728 3209 1963 3251 commo-
1991 3198 2035 3260 (ζ
2068 3195 2359 3251 constituta
2387 3200 2512 3248 sunt
2531 3192 2677 3248 circa
2691 3192 2993 3263 episcopos,
3022 3198 3075 3245 et
3096 3191 3234 3245 circa
3266 3191 3363 3247 bas
3393 3206 3653 3263 personas

369 3294 532 3339 vetor
560 3283 823 3339 adversus
858 3284 1231 3355 presbyterum
1256 3325 1271 3350 ,
1310 3284 1424 3339 sive
1454 3283 1741 3340 diaconum
1771 3300 1926 3339 suum
1946 3326 1963 3352 ,

369 3386 427 3430 et
467 3376 838 3431 exterminare
866 3392 987 3431 eum
1018 3376 1084 3431 de
1115 3375 1351 3432 Ecclesia
1384 3377 1651 3443 voluerit,
1675 3377 1965 3447 providen-

368 3465 500 3519 dum
529 3472 617 3519 est
665 3479 735 3518 ne
765 3464 1025 3519 innocens
1053 3464 1356 3529 damnetur,
1384 3472 1478 3519 aut
1500 3465 1693 3535 perdat
1719 3478 1963 3519 commu-

371 3558 637 3611 nionem:
669 3563 727 3610 et
764 3556 886 3611 ideo
914 3556 1113 3611 habeat
1148 3565 1471 3626 potestatem
1520 3557 1565 3612 is
1606 3558 1697 3626 qui
1727 3556 1967 3625 abjectus

370 3653 458 3702 est
488 3654 549 3699 ut
579 3647 864 3716 episcopos
899 3645 1152 3701 ﬁnitimos
1194 3647 1519 3717 interpellet,
1572 3656 1628 3702 et
1658 3663 1822 3703 causa
1850 3647 1966 3717 ejus

368 3734 651 3800 audiatur,
682 3751 748 3790 ac
786 3736 1092 3807 diligentius
1124 3745 1421 3813 tractetur,
1452 3738 1578 3807 quia
1619 3753 1727 3793 non
1753 3747 1969 3809 oportet

367 3826 422 3879 ei
452 3840 658 3894 negare
683 3825 1009 3881 audientiam
1054 3829 1301 3897 roganti;
1335 3838 1387 3884 et
1419 3829 1509 3884 ille
1555 3829 1838 3900 episcopus
1875 3829 1967 3900 qui

370 3919 516 3973 iuste
545 3926 642 3971 aut
680 3918 877 3987 injuste
920 3934 1041 3974 eum
1070 3919 1295 3988 abjecit,
1327 3921 1597 3990 patienter
1647 3921 1881 3991 accipiat
1907 3928 1967 3974 ut

370 4009 653 4076 negetium
677 4007 998 4064 discutiatur
1020 4016 1043 4073 ,‘
1067 4019 1125 4065 nt
1146 4011 1231 4064 vel
1267 4013 1525 4081 probetur
1555 4013 1821 4067 sententia
1852 4011 1968 4082 ejus

372 4113 403 4150 a
436 4098 708 4167 plurimis,
742 4099 825 4152 vel
856 4100 1191 4155 emendetur.
1219 4100 1421 4156 Tamen
1448 4103 1757 4172 priusquam
1788 4104 1968 4157 omnia

372 4190 664 4257 diligenter
704 4196 759 4242 et
808 4190 1040 4244 ﬁdeliter
1068 4191 1444 4245 examinentur
1469 4233 1484 4259 ,
1513 4207 1656 4257 eum,
1689 4191 1781 4262 qui
1808 4190 1969 4246 fuerit

373 4291 406 4330 a
434 4278 819 4332 communione
846 4288 1149 4348 separatus,
1209 4289 1335 4335 ante
1383 4281 1750 4350 cognitionem
1793 4281 1968 4335 nullus

372 4371 539 4425 debet
594 4385 919 4439 praesumere
965 4381 1024 4427 ut
1070 4388 1193 4427 eum
1242 4374 1621 4429 communione
1667 4372 1856 4428 societ.
1903 4369 1969 4426 Ili

372 4479 509 4516 vero
539 4464 633 4532 qui
679 4466 1007 4539 conveniunt
1032 4467 1098 4519 ad
1129 4465 1452 4521 audiendum
1473 4507 1486 4532 ,
1521 4465 1565 4520 si
1594 4465 1827 4519 viderint
1856 4464 1967 4519 cle-

2070 3286 2344 3344 observari
2365 3285 2581 3340 debent.

2140 3427 2221 3483 De
2245 3424 2587 3497 suscipiendis
2623 3423 2706 3478 Itis
2732 3424 2816 3495 qui
2856 3424 3264 3493 persecutionem
3292 3424 3577 3494 patiuntur.
3602 3446 3611 3455 ι

2141 3539 2276 3594 XXI.
2320 3536 2476 3594 Osius
2516 3538 2800 3609 episcopus
2841 3536 3017 3591 dixit:
3045 3535 3380 3606 Suggerente
3409 3536 3576 3593 fratre
3597 3547 3655 3594 et

2070 3632 2396 3701 coepisc0po
2442 3638 2628 3683 nostro
2669 3624 2917 3696 Olympio
2939 3667 2954 3691 ,
2987 3627 3148 3681 etiam
3179 3627 3283 3681 hoc
3341 3626 3566 3697 placuit,
3599 3636 3656 3683 ut

2068 3723 2113 3777 si
2136 3720 2328 3791 aliquis
2355 3720 2462 3774 vim
2493 3732 2780 3788 perpessus
2801 3725 2915 3783 est,
2938 3725 2993 3771 et
3032 3717 3211 3787 inique
3237 3719 3491 3788 expulsus
3509 3757 3525 3783 ,
3556 3734 3657 3788 pro

2069 3811 2438 3881 disciplina,et
2460 3807 2730 3863 catholica
2745 3806 3085 3862 confessione
3115 3808 3201 3862 vel
3216 3807 3530 3862 defensione
3555 3821 3652 3862 ve.

2068 3903 2262 3968 ritatis,
2295 3900 2555 3968 eﬁ'ugiens
2602 3898 2875 3967 pericula,
2927 3898 3191 3952 innocens
3230 3906 3286 3952 et
3328 3899 3556 3953 devotus
3584 3900 3656 3957 ad

2070 3995 2229 4049 aliam
2256 3991 2469 4047 venerit
2496 3990 2771 4043 civitatem
2796 4028 2809 4052 ,
2851 4002 2958 4042 non
2984 3988 3331 4058 prohibeatur
3359 3989 3656 4057 immorari,

2069 4083 2325 4156 quandiu,
2358 4088 2451 4135 aut
2470 4079 2648 4134 redire
2674 4080 2861 4148 possit,
2881 4086 2972 4132 aut
3001 4077 3195 4147 injuria
3219 4077 3336 4147 ejus
3360 4078 3657 4138 remedium

2070 4178 2365 4248 acceperit,
2419 4175 2544 4244 quia
2573 4173 2765 4228 durum
2807 4181 2888 4229 est
2917 4188 3039 4228 cum
3095 4174 3184 4243 qui
3215 4175 3653 4244 persecutionem

2069 4274 2268 4343 patitur
2315 4286 2422 4327 non
2452 4269 2659 4341 recipi,
2692 4268 2855 4322 etiam
2884 4275 2939 4321 et
2967 4266 3116 4336 larga
3160 4266 3557 4333 benevolentia,
3599 4273 3658 4322 et

2072 4363 2381 4418 humanitas
2410 4361 2460 4415 ei
2482 4368 2566 4414 est
2594 4356 2918 4413 exhibenda.

2143 4452 2450 4522 Expliciunt
2480 4463 2717 4506 canones
2744 4448 2859 4503 sive
2879 4448 3099 4502 decreta
3128 4445 3343 4500 concilii
3370 4444 3659 4502 Sardicen-

374 4555 617 4608 ricorum
646 4535 766 4608 esse
787 4555 1042 4621 studium,
1075 4564 1127 4610 et
1148 4557 1474 4625 superbiam,
1503 4555 1627 4625 quia
1650 4569 1759 4608 non
1788 4554 1964 4618 decet,
1998 4585 2049 4643 Β
2073 4545 2164 4600 sis.
2202 4542 2648 4611 Subscripserunt
2689 4547 3088 4642 autemomnes
3116 4537 3519 4643 ep.iscopi,"s‘ic:

374 4655 437 4698 ut
465 4645 753 4714 episcopus
785 4645 1052 4713 injuriam,
1074 4646 1160 4698 vel
1188 4647 1567 4700 contumeliam
1597 4644 1849 4715 patiatur,
1878 4657 1965 4696 se-

373 4736 684 4789 verioribus
725 4751 821 4789 cos
843 4736 1017 4789 verbis
1052 4735 1337 4803 castigent,
1368 4744 1427 4789 ut
1459 4735 1715 4790 obediant
1742 4735 1967 4789 honesta

2077 4636 2166 4691 ille
2195 4636 2480 4704 episcopus
2528 4632 2669 4685 illius
2698 4630 2932 4685 civitatis
2960 4637 3016 4684 et
3042 4630 3336 4699 provincia:
3381 4628 3541 4695 illius,
3584 4628 3661 4685 ita

2077 4726 2238 4782 credo
2267 4725 2408 4779 sicut
2426 4724 2687 4793 scriptum
2713 4729 2795 4775 est
2816 4735 2998 4790 supra.

374 4862 3639 4890 Μ

474 5010 1066 5115 SYNODUS
1144 5004 1485 5113 APUD
1558 4995 2503 5113 CABTHAGINEM
2580 4989 3562 5129 AFRICANORUM,

1021 5194 1207 5270 QUI‘E
1262 5192 1735 5256 CONSTITUIT
1790 5188 2152 5253 CANONES
2208 5182 2542 5248 NUMERO
2600 5182 3009 5244 CXXXVIII.

460 5376 585 5431 Best
621 5374 963 5430 consulatum
1020 5373 1533 5441 gloriosissimorum
1582 5373 1964 5441 imperatorum

372 5467 607 5523 Honorii
634 5466 722 5520 XII
752 5476 807 5522 et
835 5467 1125 5523 Theodosii
1155 5468 1267 5523 Vill
1319 5469 1702 5538 Augustorum,
1734 5483 1826 5521 vm
1860 5466 1963 5520 cal.

370 5558 593 5625 Junias,
614 5558 957 5628 Carthagine,
984 5562 1036 5614 in
1057 5563 1349 5615 secretario
1372 5562 1606 5616 basilica:
1621 5560 1822 5624 Fausti,
1846 5575 1967 5614 cum

371 5650 636 5705 Aurelius
662 5666 830 5721 papa,
860 5666 967 5706 una
996 5668 1117 5705 eum
1147 5652 1431 5707 Valentino
1455 5654 1640 5723 prima:
1665 5653 1808 5708 sedis
1837 5667 1966 5721 pro-

380 5742 579 5798 vincia:
608 5743 866 5798 Numidia:
890 5782 903 5807 ,
938 5743 1191 5800 Faustino
1216 5744 1473 5800 Ecclesia:
1496 5745 1812 5815 I’otentinze,
1844 5759 1970 5815 pro-

376 5834 579 5890 vincia:
607 5833 769 5890 ltalim
817 5834 1026 5902 Piceni,
1055 5836 1233 5907 legato
1263 5834 1517 5893 Ecclesia:
1548 5836 1800 5894 Romanae
1825 5878 1840 5907 ,
1870 5837 1963 5894 sed

2078 5394 2131 5441 et
2151 5386 2340 5455 legatis
2368 5384 2699 5439 diversarum
2728 5382 3129 5453 provinciarum
3168 5384 3575 5456 Africanarum,
3606 5391 3662 5446 id

2076 5483 2158 5531 est
2184 5474 2547 5529 Numidiarum
2570 5474 2815 5541 duarum,
2847 5471 3161 5545 Byzaccnm,
3184 5476 3516 5534 Mauritaniae
3543 5479 3665 5537 Ca:-

2073 5568 2349 5632 sariensis,
2373 5568 2467 5622 sed
2489 5575 2543 5622 et
2562 5564 2927 5635 Tripolitanae,
2952 5577 3005 5622 et
3022 5565 3306 5624 Vincentio
3323 5568 3661 5643 colositano,

2074 5657 2459 5712 Fortunatiano
2490 5667 2544 5712 et
2563 5656 2771 5712 caeteris
2817 5658 3086 5729 episcopis
3106 5658 3397 5730 provincia:
3424 5676 3660 5730 procon-

2073 5747 2266 5803 sularis
2295 5748 2652 5804 residentibus
2667 5763 2863 5818 ccxvn,
2883 5764 2983 5804 nec
3000 5765 3105 5804 non
3130 5747 3376 5821 Philippo
3403 5757 3459 5804 et
3478 5748 3660 5806 Asello

2072 5838 2399 5913 presbyteris
2429 5851 2590 5913 atque
2621 5838 2810 5911 legatis
2835 5842 3097 5899 llomaua‘.
3138 5835 3390 5896 Ecclesia:
3414 5878 3428 5905 ,
3469 5830 3659 5894 conse-
