3976 6196
304 274 408 333 εει

1584 242 1938 327 mouvslus
1962 222 2275 329 annuus.

3454 266 3558 323 iu

301 391 527 455 disseut,
548 374 848 444 astantibus
866 384 1131 453 diaconis,
1151 385 1396 441 Aurelius
1416 384 1702 455 episcopus
1720 383 1874 441 dixit:
1908 391 1959 449 Α
1987 384 2043 439 in
2070 392 2342 455 potestate
2367 382 2603 452 episcopi
2630 382 2760 453 quid
2793 383 2961 450 velit,
2988 390 3045 439 et
3088 384 3219 454 quid
3264 383 3559 442 existimet.

306 477 433 533 Post
453 477 595 533 diem
624 477 975 547 pnestitutam
1003 473 1241 540 concilii,
1271 482 1330 528 ut
1356 473 1738 541 recordamini,
1767 472 1877 527 fra-

306 576 415 621 tres
456 565 771 627 beatissimi,
822 564 986 617 multa
1016 561 1253 629 ﬂagitata
1293 570 1448 628 sunt,
1504 571 1880 634 exspectantes

307 656 499 712 fratres
536 666 769 723 nostros,
791 656 879 723 qui
910 670 1050 709 nunc
1071 654 1136 709 ad
1167 663 1481 725 praesentem
1510 655 1772 726 synodum
1810 655 1883 710 leo

307 748 416 817 gati
462 747 809 811 advenerunt,
839 760 957 815 qua:
996 745 1160 812 gestis
1188 760 1410 801 necesse
1448 754 1530 800 est
1557 746 1832 801 socientur
1862 762 1876 799 :

310 855 412 906 qua
442 838 509 893 de
538 853 596 892 re
628 837 856 891 Domino
877 837 988 890 Deo
1018 844 1202 890 nostro
1222 835 1291 889 de
1314 845 1477 889 tanta:
1502 835 1880 905 congregatio-

311 929 395 982 nis
435 936 575 982 coetu
602 927 801 995 gratias
838 926 1136 980 referimus.
1180 923 1439 994 Superest
1477 933 1535 978 ut
1564 932 1671 977 tam
1699 938 1883 978 exem-

311 1020 481 1091 plaria
507 1018 706 1073 Nicmni
735 1017 980 1081 concilii,
1010 1030 1128 1084 qua:
1152 1030 1295 1070 nunc
1317 1016 1574 1071 habemus
1596 1056 1611 1083 ,
1642 1022 1698 1070 et
1726 1029 1755 1069 a
1780 1012 1885 1070 Pa-

312 1108 482 1163 tribus
508 1107 798 1161 constituta
823 1113 978 1172 sunt,
1010 1120 1170 1175 quam
1199 1106 1361 1159 etiam
1388 1106 1476 1161 hic
1523 1121 1554 1159 a
1583 1105 1885 1163 decessori-

312 1198 414 1255 bus
443 1197 639 1254 nostris
667 1191 909 1253 eamdem
938 1196 1201 1269 synodum
1228 1196 1521 1264 firmantes,
1544 1198 1630 1252 vel
1658 1213 1776 1268 qua:
1799 1215 1887 1255 se-

313 1291 548 1347 cundum
600 1289 827 1345 formam
870 1305 967 1360 per
1011 1305 1198 1345 omnes
1245 1290 1565 1346 clericorum
1612 1292 1827 1360 gradus,
1856 1307 1888 1346 a

316 1397 528 1437 summo
558 1397 725 1451 usque
753 1382 819 1437 ad
849 1382 1115 1446 ultimum,
1160 1381 1449 1436 salubriter
1492 1381 1737 1437 ordinata
1765 1392 1892 1437 sunt

315 1474 371 1527 in
393 1472 626 1527 medium
653 1471 1013 1543 proferantur.
1039 1472 1119 1528 Ab
1146 1472 1398 1528 universo
1427 1472 1659 1527 concilio
1687 1472 1889 1528 dictum

314 1572 399 1619 est
422 1581 436 1617 :
461 1562 828 1621 Proferantur.

388 1653 576 1707 Daniel
602 1654 842 1707 notarius
860 1652 1128 1709 recitavit.
1159 1651 1358 1707 Nicaeni
1387 1652 1601 1707 concilii
1631 1651 1750 1707 fidei
1772 1668 1893 1723 pro-

1980 474 2051 529 Et
2092 475 2137 530 si
2181 474 2484 530 decreverit
2529 474 2820 532 mittendos
2855 489 2973 531 esse
3000 476 3092 545 qui
3119 485 3413 544 praesentes
3436 491 3563 531 cum

1980 565 2249 635 episcopis
2271 563 2530 633 judicent,
2558 565 2818 620 habentes
2840 566 3215 621 auctoritatem
3237 565 3373 634 ejus,
3398 581 3431 620 a
3452 581 3565 635 quo

1982 655 2232 710 destinati
2256 664 2397 722 sunt,
2421 656 2524 710 erit
2546 656 2599 710 in
2620 656 2740 725 ejus
2767 656 3010 712 arbitrio.
3041 656 3097 712 Si
3122 672 3254 713 vero
3272 657 3565 713 crediderit

1982 746 2231 801 sulIicere
2253 745 2538 815 episcopos
2562 786 2579 812 ,
2606 754 2665 800 ut
2691 746 2910 815 negotio
2937 748 3221 801 terminum
3251 748 3564 817 imponant,

1981 835 2146 891 faciet
2168 835 2311 905 quod
2350 836 2748 905 sapientissimo
2773 837 3001 891 consilio
3028 853 3126 892 suo
3145 836 3488 905 judicaverit.

2055 926 2123 981 Et
2152 942 2274 982 cum
2301 928 2579 995 recitaret,
2606 927 2828 998 Alypius
2853 929 3141 999 episcopus
3170 926 3425 984 Ecclesia:
3460 926 3565 983 Ta-

1984 1018 2270 1087 gastensis,
2320 1017 2534 1085 legatus
2586 1018 2878 1087 provincia:
2934 1016 3212 1086 Numidiae,
3260 1018 3442 1074 dixit:
3486 1018 3566 1076 De

1985 1107 2093 1163 hoc
2140 1105 2254 1176 jam
2297 1107 2664 1177 superioribus
2707 1108 2867 1162 etiam
2916 1107 3107 1164 litteris
3149 1109 3365 1165 concilii
3393 1109 3565 1165 nostri

1986 1198 2381 1269 rescripsimus.
2428 1206 2483 1253 et
2516 1200 2566 1255 id
2593 1215 2693 1254 nos
2715 1208 3024 1255 servaturos
3050 1200 3398 1270 profitemur,
3419 1200 3563 1271 quod

1988 1291 2041 1345 in
2068 1291 2280 1345 Nicaeno
2301 1290 2532 1346 concilio
2554 1292 2903 1346 constitutum
2934 1299 3044 1357 est;
3075 1291 3252 1346 adhuc
3280 1300 3456 1347 tamen
3478 1307 3566 1348 me

1988 1388 2203 1443 movet,
2234 1379 2507 1450 quomodo
2538 1395 2661 1434 cum
2708 1380 3099 1450 inapiceretbus
3144 1380 3329 1436 Graeca
3375 1396 3564 1437 exem-

1989 1471 2159 1540 plaria
2188 1469 2347 1539 hujus
2372 1471 2565 1540 synodi
2590 1470 2845 1536 Nicaeum,
2879 1471 2981 1527 ista
3010 1470 3113 1537 ibi,
3140 1471 3323 1526 nescio
3351 1486 3458 1540 qua
3478 1486 3569 1526 ra-

1992 1562 2142 1618 tione
2168 1600 2182 1625 ,
2216 1562 2436 1617 minime
2483 1562 2807 1630 invenimus,
2836 1562 2978 1617 unde
3004 1563 3237 1632 petimus
3262 1562 3569 1617 veneratio-

1991 1665 2115 1704 nem
2144 1660 2288 1704 tuam
2315 1692 2330 1717 ,
2356 1658 2541 1706 sancte
2570 1666 2708 1722 papa
2739 1652 2941 1718 Aureli,
2972 1660 3030 1706 ut
3053 1652 3179 1721 quia
3206 1651 3312 1709 hoc
3336 1653 3568 1707 authen-

315 1746 508 1815 fessio,
540 1747 624 1821 vel
652 1754 850 1801 statuta
886 1746 959 1800 ita
1008 1761 1067 1800 se
1112 1746 1354 1813 habent,
1389 1753 1444 1799 et
1488 1761 1608 1800 cum
1636 1745 1843 1799 diceret
1870 1787 1887 1814 ,
1919 1749 1964 1809 Β
1993 1742 2157 1795 ticum
2184 1743 2467 1796 concilium
2500 1742 2772 1797 Nicaenum
2814 1743 2867 1797 in
2896 1744 3027 1798 urbe
3053 1743 3249 1800 dicitur
3276 1758 3395 1798 esse
3419 1741 3569 1801 Con-

314 1836 599 1892 Faustinus
614 1837 897 1907 episcopus
924 1836 1093 1906 plebis
1123 1836 1441 1899 Potentinze,
1472 1834 1759 1905 provincia:
1786 1833 1891 1888 Ita-

317 1929 402 1983 lia:
430 1925 611 1982 Piceni
640 1969 657 1995 ,
705 1926 914 1994 legatus
942 1926 1098 1980 Rom.
1129 1924 1383 1979 Ecclesia:
1426 1925 1560 1978 dixit
1587 1942 1598 1976 :
1648 1922 1892 1992 lnjuucta

317 2022 471 2077 nobis
498 2031 623 2076 sunt
652 2034 681 2073 a
723 2019 849 2073 sede
875 2018 1172 2087 apostolica
1202 2017 1381 2086 aliqua
1410 2032 1507 2086 per
1533 2018 1854 2086 scripturam
1874 2059 1890 2083 ,

316 2112 495 2180 aliqua
539 2111 701 2165 etiam
735 2109 786 2162 in
836 2107 1133 2176 mandatis,
1183 2122 1303 2161 cum
1348 2115 1524 2162 vestra
1565 2107 1895 2163 beatitudine

322 2197 602 2254 tractanda
628 2239 642 2264 ,
673 2199 811 2251 sicut
841 2196 891 2250 in
921 2197 1085 2263 gestis
1128 2196 1495 2266 superioribus
1521 2196 1892 2262 meminimus,

316 2289 421 2344 hoc
449 2295 533 2344 est
563 2288 628 2342 de
668 2287 896 2341 Nicmnis
939 2286 1255 2351 canonibus,
1298 2292 1357 2340 ut
1405 2294 1810 2353 conserventur,
1841 2295 1895 2341 et

294 2380 611 2444 constituta
640 2392 829 2432 eorum
848 2417 864 2443 ,
894 2384 949 2430 et
978 2374 1337 2442 consuetudo,
1364 2374 1490 2443 quia
1514 2382 1570 2429 et
1590 2374 1773 2442 aliqua
1802 2390 1895 2429 or-

317 2456 442 2524 dine
486 2477 543 2523 et
592 2481 802 2522 canone
830 2472 1116 2533 tenentur,
1167 2465 1347 2532 aliqua
1394 2465 1782 2519 consuetudine
1808 2464 1900 2519 lir-

318 2569 460 2616 mata
486 2566 630 2614 sunt.
664 2558 738 2612 De
767 2556 850 2611 his
880 2569 1007 2624 ergo
1052 2555 1296 2625 primitus
1319 2594 1335 2620 ,
1366 2555 1412 2608 si
1441 2554 1618 2623 placet
1660 2554 1896 2609 beatitu-

319 2651 425 2705 dini
455 2658 643 2703 vestrae
667 2690 684 2716 ,
715 2654 1041 2712 tractemus,
1073 2652 1126 2699 et
1152 2652 1338 2713 postea
1386 2652 1581 2696 cmtcra
1630 2658 1749 2712 quae
1778 2651 1899 2697 acta

320 2741 404 2796 vel
436 2739 689 2794 inchoata
731 2744 856 2791 sunt
906 2736 1103 2788 inserta
1153 2732 1536 2798 firmabuntur,
1561 2739 1621 2785 ut
1648 2740 1702 2785 et
1727 2731 1793 2786 ad
1816 2747 1897 2786 se—

319 2832 442 2887 dem
471 2828 830 2886 venerandam
863 2826 1141 2895 rescriptis
1160 2826 1354 2880 vestris
1383 2825 1630 2880 intimare
1650 2822 1897 2896 possitis,

319 2924 388 2979 ad
440 2939 559 2994 qua:
606 2938 706 2978 nos
755 2922 1097 2976 admonuisse
1146 2918 1287 2988 apud
1316 2919 1674 2973 venerabilem
1704 2934 1898 2989 papam

318 3015 597 3071 evidenter
625 3013 855 3078 clareat,
887 3011 1017 3066 licet
1042 3019 1097 3066 et
1125 3009 1361 3079 capitula
1383 3009 1655 3063 actionum
1677 3008 1788 3077 jam
1812 3008 1896 3063 in-

1992 1834 2491 1903 stantinopolitana,
2532 1835 2739 1907 aliquos
2762 1852 2881 1890 cum
2905 1834 3119 1905 scriptis
3140 1844 3245 1890 tute
3268 1836 3571 1891 sanctitatis

1994 1926 2207 1980 mittere
2233 1925 2463 1993 digneris
2486 1965 2501 1989 ,
2533 1935 2589 1981 et
2633 1943 2741 1982 non
2790 1928 2963 1983 solum
3012 1928 3080 1981 ad
3118 1926 3290 1997 ipsum
3321 1935 3570 1982 sanctum

1993 2015 2214 2070 fratrem
2258 2025 2500 2071 nostrum
2547 2005 3201 2086 Constantinopolitanum
3218 2018 3530 2088 episcopum
3549 2055 3573 2084 ,

1995 2106 2091 2162 sed
2122 2107 2287 2161 etiam
2315 2107 2382 2161 ad
2426 2107 2845 2162 Alexandrinum
2874 2149 2890 2175 ,
2919 2115 2974 2162 et
2995 2105 3385 2162 Antiochenum
3410 2123 3574 2164 vene-

1996 2197 2195 2252 rabiles
2244 2197 2595 2263 sacerdotes,
2657 2198 2750 2268 qui
2797 2199 2903 2253 hoc
2956 2198 3112 2253 nobis
3149 2200 3433 2254 concilium
3476 2200 3577 2256 sub

1997 2289 2383 2358 astipulatione
2429 2289 2729 2344 litterarum
2759 2305 2975 2345 suarum
3026 2290 3280 2359 dirigant,
3310 2300 3371 2346 ut
3401 2292 3577 2347 omnis

1998 2378 2341 2447 postmodum
2373 2378 2693 2446 ambiguitas
2723 2378 2998 2434 auferatur
3020 2418 3034 2443 ,
3067 2381 3194 2451 quia
3240 2397 3341 2436 nos
3392 2381 3487 2447 ita,
3521 2390 3578 2437 ut

1998 2467 2166 2523 frater
2186 2468 2473 2523 Faustinus
2505 2470 2713 2535 attulit,
2746 2470 2964 2525 minime
2992 2470 3291 2525 invenimus
3313 2471 3447 2537 ista,
3477 2487 3579 2527 nos

1999 2568 2177 2614 tamen
2206 2560 2478 2629 paulisper
2506 2568 2839 2628 servaturos,
2869 2568 2929 2614 ut
2955 2569 3113 2614 antea
3142 2558 3269 2626 dixi,
3297 2560 3471 2615 donec
3499 2561 3580 2615 in-

2000 2658 2149 2719 tegra
2177 2651 2511 2720 exemplaria
2538 2651 2797 2717 veniant,
2830 2651 3163 2721 profitemur.
3211 2652 3475 2707 Petendus
3498 2661 3582 2708 est

1999 2749 2178 2794 autem
2210 2740 2405 2796 litteris
2432 2741 2630 2795 nostris
2652 2742 2815 2795 etiam
2844 2741 3165 2797 venerabilis
3191 2740 3444 2796 Ecclesiae
3473 2740 3582 2795 Ro-

1999 2845 2171 2885 mana:
2201 2832 2485 2900 episcopus
2514 2820 2841 2899 Bonifacius,
2870 2841 2930 2885 ut
2958 2832 3071 2901 ipse
3093 2846 3308 2901 quoque
3335 2831 3582 2900 dignetur

1999 2920 2065 2973 ad
2105 2928 2433 2974 memoratas
2464 2918 2736 2974 Ecclesias
2767 2920 2979 2989 aliquos
3006 2920 3239 2983 mittere,
3272 2922 3363 2989 qui
3391 2921 3582 2976 eadem

1999 3008 2325 3077 exemplaria
2346 3008 2579 3062 debeant
2601 3008 2895 3062 secundum
2945 3008 3059 3075 ejus
3088 3008 3290 3077 scripta
3320 3008 3583 3079 perferre,

319 3115 463 3162 serta
516 3106 624 3161 sint
651 3104 831 3173 gestis.
884 3102 960 3157 De
1007 3102 1136 3172 ipsis
1180 3117 1308 3172 ergo
1335 3143 1351 3169 ,
1385 3110 1443 3155 ut
1479 3103 1723 3171 superius
1747 3099 1896 3167 dixi,
1924 3106 1971 3169 ο
2002 3113 2142 3152 nunc
2171 3106 2350 3152 autem
2380 3098 2663 3152 memorati
2692 3097 2892 3153 Nicami
2918 3099 3154 3173 _coucilii
3198 3100 3378 3168 qualia
3406 3115 3584 3155 exem-

282 3182 297 3193 Α
320 3198 446 3270 quid
475 3204 666 3251 vestrae
693 3194 1006 3249 beatitudini
1026 3193 1267 3262 placeat,
1304 3207 1463 3262 agere
1484 3192 1759 3248 debemus.
1790 3193 1897 3247 Ve-

319 3291 432 3344 niat
461 3302 588 3356 ergo
617 3286 1087 3341 commonitorium
1111 3286 1161 3338 in
1188 3284 1442 3349 medium,
1475 3293 1533 3338 ut
1561 3285 1701 3339 scire
1727 3287 1895 3354 possit

316 3389 495 3435 vestra
520 3377 795 3436 beatitudo
825 3375 951 3444 quid
982 3376 1036 3429 iu
1078 3390 1145 3429 eo
1188 3376 1567 3444 contineatur,
1606 3384 1664 3429 ut
1692 3376 1759 3430 ad
1785 3376 1895 3430 siu-

315 3470 439 3540 gula
470 3471 885 3538 respoialcatur.

389 3560 635 3635 Aurelius
654 3559 940 3628 episcopus
969 3558 1106 3612 dixit
1139 3577 1150 3611 :
1184 3555 1495 3613 Proferatur
1535 3558 1896 3613 commonito-

317 3650 477 3715 rium,
508 3648 652 3719 quod
700 3648 895 3702 fratres
943 3656 996 3702 et
1042 3648 1458 3704 consacerdotes
1476 3649 1646 3702 nostri
1677 3649 1730 3703 in
1759 3649 1896 3703 actis

316 3758 488 3810 nuper
531 3740 939 3807 allegaverunt,
971 3748 1025 3794 et
1071 3747 1267 3793 caetera
1298 3753 1417 3809 qua:
1463 3747 1584 3793 acta
1632 3747 1756 3793 sunt
1810 3739 1896 3794 vel

314 3834 522 3901 agenda
559 3842 687 3888 sunt
715 3834 1127 3901 subsequentur.

388 3925 574 3980 Daniel
616 3925 858 3979 notarius
908 3925 1170 3980 recitavit.
1222 3924 1705 3979 Commonitorium
1744 3923 1893 3977 fratri

313 4014 590 4079 Faustino,
622 4024 677 4069 et
705 4014 825 4069 (illis
846 4013 1110 4084 Philippo,
1138 4024 1191 4069 et
1218 4015 1398 4070 Asello
1426 4015 1771 4086 presbyteris,
1794 4014 1896 4067 Ζο-

315 4109 482 4161 simus
508 4106 814 4174 episc0pus.
846 4105 1011 4159 Vobis
1041 4106 1329 4159 commissa
1358 4105 1571 4172 negotia
1599 4120 1705 4159 nou
1724 4104 1896 4159 latent

315 4211 443 4261 vos,
475 4195 547 4248 ita
578 4209 641 4248 ac
683 4194 725 4249 si
756 4203 974 4258 nostra,
1008 4195 1115 4247 imo
1158 4195 1284 4262 quia
1328 4203 1512 4248 nostra
1556 4195 1629 4248 ibi
1660 4194 1713 4247 in
1746 4194 1895 4249 vobis

313 4286 599 4355 prtesentia
631 4293 738 4350 est,
772 4293 963 4338 cuncta
996 4286 1265 4354 peragite,
1297 4286 1530 4340 maxime
1558 4300 1679 4338 cum
1711 4285 1893 4341 ethoc

313 4383 554 4429 nostrum
584 4376 799 4443 possitis
824 4374 1023 4429 habere
1054 4375 1362 4429 mandatum
1387 4414 1403 4437 ,
1433 4384 1488 4430 et
1528 4376 1689 4431 verba
1728 4391 1895 4430 cano-

1996 3189 2168 3259 plaria
2197 3187 2458 3243 habemus
2480 3230 2495 3255 ,
2527 3188 2611 3242 his
2637 3189 2799 3257 gestis
2825 3170 3113 3244 sociamus.

2064 3279 2354 3349 Faustinus
2402 3283 2707 3350 episcopus,
2739 3281 2944 3348 legatus
2993 3280 3249 3336 Ecclesiae
3303 3280 3581 3346 Romamn,

1995 3370 2129 3426 dixit
2156 3388 2169 3424 :
2204 3370 2316 3426 Nec
2342 3380 2522 3426 vestra
2563 3370 2818 3427 sanctitas
2847 3370 3161 3441 prmjudicat
3198 3370 3453 3426 Ecclesiae
3481 3370 3584 3427 Ro-

1996 3478 2185 3530 manae,
2216 3464 2329 3517 sive
2365 3463 2433 3517 de
2462 3462 2569 3527 hoc
2615 3462 2848 3532 capitulo
2868 3502 2883 3529 ,
2912 3462 3027 3518 sive
3054 3463 3123 3517 de
3162 3463 3296 3527 aliis,
3338 3462 3463 3534 quia
3494 3463 3579 3518 di-

1994 3570 2120 3612 cere
2147 3555 2394 3624 dignatus
2440 3564 2526 3610 est
2551 3554 2716 3609 frater
2742 3562 2927 3610 noster
2965 3562 3020 3609 et
3067 3556 3423 3625 coepiscopus
3450 3555 3581 3627 Aly-

1995 3647 2135 3716 pius,
2158 3646 2348 3700 dubios
2368 3660 2486 3701 esse
2507 3660 2743 3700 canones
2775 3664 2787 3697 ;
2817 3644 2915 3699 sed
2954 3645 3068 3700 haec
3090 3646 3208 3713 ipsa
3236 3646 3303 3699 ad
3337 3656 3583 3700 sanctum

1995 3746 2052 3794 et
2089 3737 2455 3792 beatissimum
2484 3752 2677 3807 papam
2718 3745 2961 3790 nostrum
2991 3737 3228 3792 scribere
3269 3736 3580 3805 dignemini,

1995 3838 2127 3884 utet
2156 3828 2273 3899 ipse
2301 3829 2537 3896 integros
2566 3842 2804 3882 canones
2826 3828 3098 3898 inquirens
3120 3844 3242 3883 cum
3268 3839 3445 3883 vestra
3465 3844 3585 3883 san-

1996 3920 2184 3975 ctitate
2213 3919 2280 3973 de
2307 3919 2555 3973 omnibus
2584 3917 2890 3972 constitutis
2920 3925 3152 3973 tractare
3180 3918 3370 3989 possit.
3419 3919 3582 3973 Sulli-

1996 4011 2071 4065 cit
2094 4019 2273 4065 autem
2302 4018 2359 4063 ut
2386 4010 2502 4079 ipse
2532 4008 2871 4064 beatissimus
2894 4010 3180 4080 episcopus
3209 4011 3355 4066 urbis
3374 4010 3582 4075 Romzc,

1996 4103 2133 4157 sicut
2157 4111 2213 4156 et
2234 4111 2410 4157 vestra
2437 4102 2695 4156 sanctitas
2742 4100 2883 4171 apud
2930 4117 2988 4157 se
3028 4110 3245 4170 tractat,
3270 4104 3344 4157 ita
3370 4113 3426 4159 et
3468 4105 3583 4173 ipse

1996 4191 2250 4260 inquirat,
2279 4207 2347 4246 ne
2373 4192 2649 4246 contentio
2682 4192 2822 4246 inter
2846 4193 3114 4248 Ecclesias
3139 4194 3288 4248 nasci
3319 4194 3582 4262 videatur,

1995 4284 2088 4337 sed
2129 4284 2296 4352 magis
2325 4284 2587 4339 charitate
2612 4283 2845 4339 fraterna
2875 4285 3172 4340 deliberare
3199 4287 3438 4356 possitis,
3465 4287 3583 4357 ipso

1996 4373 2347 4439 rescribente,
2376 4373 2515 4444 quod
2544 4373 2736 4428 melius
2756 4374 3029 4428 observari
3058 4375 3269 4430 debeat.

314 4480 463 4528 num,
492 4479 609 4532 quae
640 4465 690 4518 in
718 4465 1015 4534 pleniorem
1047 4464 1352 4521 firmitatem
1374 4467 1499 4521 huic
1531 4468 1890 4523 commonito-
1922 4469 1968 4527 ι)
2066 4462 2312 4517 Aurelius
2328 4464 2611 4533 episcopus
2630 4462 2796 4517 dixit:
2821 4461 3160 4529 Practerista,
3189 4479 3309 4533 qua:
3328 4465 3579 4535 deprom-

313 4554 397 4610 rio
426 4554 768 4611 inseruimus.
814 4555 893 4609 ita
923 4555 1063 4610 enim
1092 4557 1343 4611 dixerunt
1372 4556 1565 4612 fratres
1594 4558 1646 4611 in
1676 4558 1895 4613 Nicmno

313 4643 565 4710 concilio,
598 4659 720 4698 cum
750 4643 819 4699 de
844 4646 1221 4717 episcoporum
1252 4646 1616 4716 appellatione
1642 4647 1897 4703 decerne-

312 4750 407 4793 ren
415 4744 454 4790 ῐ.

383 4826 589 4883 Placuit
628 4836 807 4883 autem
839 4836 896 4882 ut
924 4828 969 4881 si
996 4828 1280 4897 episcopus
1310 4836 1598 4883 accusatus
1628 4827 1810 4894 fuerit,
1839 4838 1895 4885 et

308 4919 667 4990 iudicaverint
694 4920 1007 4988 congregati
1053 4918 1294 4989 episcopi
1324 4919 1558 4986 regionis
1601 4920 1769 4989 ipsius
1790 4960 1805 4985 ,
1838 4933 1895 4976 et

312 5012 379 5066 de
404 5012 570 5081 gradu
599 5028 697 5066 suo
719 5011 1147 5080 dejeeeriuteum
1166 5048 1180 5072 ,
1214 5019 1269 5064 et
1293 5010 1592 5080 appellasse
1612 5011 1890 5078 videatur,

312 5112 369 5157 et
396 5103 700 5172 confugerit
736 5104 805 5158 ad
833 5104 1203 5158 beatissimum
1226 5101 1482 5157 Ecclesim
1511 5101 1768 5157 Romanae
1790 5104 1900 5173 epi-

310 5207 555 5261 scopum,
592 5204 647 5247 et
675 5196 907 5249 voluerit
935 5194 1139 5257 audiri,
1169 5201 1225 5247 et
1266 5192 1467 5263 justum
1501 5195 1806 5263 putaverit,
1839 5202 1897 5249 ut

310 5289 603 5338 renovetur
631 5298 856 5338 examen
880 5327 895 5351 ,
941 5285 1180 5340 scribere
1209 5285 1291 5339 his
1324 5285 1591 5354 episcopis
1622 5284 1892 5354 dignetur,

308 5374 401 5442 qui
431 5373 485 5425 in
517 5370 739 5425 finitima
780 5382 835 5426 et
860 5377 1159 5446 prepinqua
1194 5377 1471 5445 provincia
1500 5385 1643 5441 sunt,
1704 5385 1761 5429 ut
1790 5377 1894 5446 ipsi

296 5462 595 5528 diligenter
619 5462 799 5515 oumia
830 5465 1135 5533 requirant,
1178 5473 1234 5519 et
1277 5464 1429 5533 juxta
1461 5465 1620 5519 fidem
1652 5466 1895 5522 veritatis

310 5551 587 5608 definiant.
642 5551 794 5618 Quod
838 5553 882 5605 si
924 5555 1045 5622 quis
1078 5564 1236 5622 rogat
1276 5572 1491 5611 causam
1522 5571 1672 5611 suam
1697 5556 1888 5611 iterum

308 5644 479 5699 audiri
506 5684 521 5709 ,
552 5652 607 5698 et
634 5643 1013 5713 deprecatione
1036 5658 1132 5699 sua
1168 5647 1397 5701 moverit
1426 5647 1737 5717 episcopum
1779 5646 1889 5701 Ro-

310 5752 552 5807 manum,
595 5745 654 5793 ut
698 5737 764 5793 de
791 5736 960 5796 latere
986 5752 1084 5793 suo
1111 5737 1481 5811 presbyterum
1528 5738 1729 5803 mittat,
1788 5739 1891 5795 erit

1998 4555 2200 4624 psimus
2242 4554 2393 4617 actis,
2427 4568 2651 4609 necesse
2680 4560 2763 4607 est
2793 4561 2851 4607 ut
2879 4554 3041 4608 etiam
3072 4562 3272 4608 nostra:
3300 4556 3579 4624 parvitatis

1995 4646 2187 4701 litteris
2214 4654 2406 4699 sancto
2430 4643 2576 4698 fratri
2607 4652 2663 4699 et
2690 4644 3065 4699 consacerdoti
3092 4652 3278 4700 nostro
3306 4644 3583 4701 Bonifacio

1995 4740 2200 4811 singula
2250 4754 2369 4808 qua:
2418 4747 2710 4793 tractamus
2748 4737 3055 4807 plenissime
3085 4738 3407 4795 iutimemus.
3439 4736 3585 4808 Ergo

1997 4847 2041 4887 ει
2064 4832 2310 4884 omnibus
2329 4829 2507 4899 placet
2524 4828 2829 4900 prosecutio
2850 4838 3056 4895 nostra,
3080 4843 3175 4883 ore
3198 4830 3438 4884 omnium
3462 4844 3587 4886 con-

1995 4925 2280 4979 discamus.
2310 4920 2628 4976 Universum
2658 4921 2943 4976 concilium
2971 4921 3135 4975 dixit:
3168 4920 3373 4978 Placet.

2064 5017 2299 5071 hovatus
2337 5018 2643 5087 episcopus,
2683 5019 2889 5085 legatus
2918 5018 3249 5073 Mauritania:
3291 5017 3583 5088 Sitifensis,

1998 5107 2131 5162 dixit
2161 5126 2173 5160 :
2207 5108 2359 5163 Nunc
2389 5110 2728 5166 meminimus
2752 5111 2855 5166 hoc
2876 5111 3291 5166 commonitorio
3325 5111 3484 5167 etiam
3515 5112 3585 5166 de

1997 5198 2328 5269 presbyteris
2374 5200 2460 5254 vel
2501 5200 2816 5256 diaconibus
2865 5203 3149 5267 contineri,
3209 5203 3442 5271 qualiter
3488 5218 3583 5257 au-

1997 5288 2096 5341 diri
2128 5289 2194 5343 ab
2222 5290 2489 5360 episc0pis
2515 5290 2626 5345 suis
2654 5291 2737 5345 vel
2783 5306 2813 5344 a
2856 5290 3092 5347 ﬁnitimis
3143 5292 3398 5360 debeant,
3438 5292 3583 5362 quod

2004 5379 2057 5433 in
2082 5378 2298 5435 Nicamo
2328 5382 2554 5436 concilio
2580 5382 2797 5437 minime
2838 5382 3083 5451 legimus,
3112 5382 3254 5438 unde
3286 5384 3393 5437 hoc
3413 5384 3584 5452 ipsum

1995 5469 2184 5537 jubeat
2212 5472 2467 5525 sanctitas
2494 5481 2671 5526 vestra
2697 5473 2931 5527 recitari.

2072 5560 2317 5614 Aurelius
2344 5562 2624 5631 episcopus
2640 5562 2775 5617 dixit
2800 5582 2811 5616 :
2839 5562 3114 5619 Rccitetur
3134 5562 3199 5617 ad
3221 5563 3396 5618 locum
3420 5564 3583 5617 etiam

1998 5666 2101 5706 noc
2148 5652 2290 5719 quod
2320 5651 2647 5721 deposcitur.
2717 5653 2904 5709 Daniel
2935 5652 3174 5708 notarius
3207 5654 3474 5709 recitavit.
3499 5652 3578 5709 De

1998 5738 2450 5811 appellationibus
2500 5751 2679 5799 autem
2736 5742 3074 5810 clcricorum,
3129 5741 3180 5797 id
3230 5750 3313 5799 est
3361 5742 3584 5802 minoris
