3982 6196
266 281 379 342 185

1242 282 1465 339 CODEX
1501 280 1827 340 CANONUM
1866 282 2564 343 ECCLESIASTICORUM.

3389 356 3395 362 ,
3442 290 3545 348 iss

268 399 404 469 loci,
423 408 510 456 est
536 400 701 471 ipsius
722 399 913 472 synodi
936 407 1083 455 certa
1108 400 1408 470 responsio,
1430 400 1496 455 de
1520 413 1700 469 quare
1721 398 1847 467 quid
1876 404 1924 461 Α
1952 399 2161 455 Asellus
2192 417 2376 456 secum
2414 402 2729 467 attulerunt,
2773 410 2866 457 aut
2899 401 3094 458 ibidem
3123 413 3355 474 reperta,
3384 421 3415 459 a
3447 422 3545 460 no-

266 492 446 546 acturi
473 491 618 557 sitis,
648 490 917 547 credimus
950 490 1321 558 inserendum,
1351 489 1495 561 quod
1540 490 1721 543 taliter
1768 488 1853 544 di-

273 588 421 637 etum
452 588 554 635 est.

345 667 503 725 Osius
521 670 809 742 episcopus
828 669 999 725 dixit:
1023 668 1159 737 Quid
1187 684 1274 723 me
1302 668 1475 723 adhuc
1497 676 1695 735 movet,
1728 670 1857 724 reti-

274 776 401 817 cere
426 777 537 816 non
580 761 775 817 debeo.
804 760 862 815 Si
909 760 1194 831 episcopus
1221 759 1340 830 quis
1386 759 1524 812 forte
1571 759 1858 815 iracundus

275 851 442 923 (quod
474 866 594 907 esse
621 868 730 907 non
752 849 935 923 debet)
959 853 1063 907 cito
1092 859 1183 904 aut
1228 865 1417 920 aspere
1450 860 1856 906 commoveatur

274 942 533 999 adversus
556 943 950 1015 presbyterum,
980 945 1090 998 sive
1111 943 1393 998 diaconum
1409 958 1585 1006 suum,
1611 952 1665 997 et
1686 952 1859 998 exter-

272 1034 486 1090 minare
512 1050 634 1088 eum
683 1034 751 1089 de
792 1033 1030 1090 Ecclesia
1078 1033 1327 1100 voluerit,
1359 1032 1745 1103 providendum
1776 1040 1857 1087 est

273 1140 345 1180 ne
372 1126 637 1181 innocens
663 1126 976 1191 damnetur,
1007 1134 1099 1179 aut
1145 1128 1333 1195 perdat
1380 1126 1811 1179 communionem
1843 1142 1855 1178 :

271 1216 476 1273 habeat
495 1227 816 1287 potestatem
839 1218 1062 1287 ejectus,
1095 1224 1154 1270 ut
1179 1214 1430 1269 ﬁnitimos
1451 1216 1771 1284 interpellet,
1807 1224 1862 1270 ut

272 1322 439 1362 causa
465 1306 583 1374 ejus
606 1306 871 1371 audiatur,
896 1314 951 1361 et
971 1304 1273 1373 diligentius
1295 1311 1575 1366 tractetur,
1607 1303 1729 1371 quia
1753 1319 1859 1357 non

272 1405 500 1466 oportet
528 1409 725 1464 negare
755 1395 805 1449 ei
831 1394 1156 1449 audientiam
1186 1393 1416 1462 roganti.
1442 1392 1509 1446 Et
1530 1393 1618 1447 ille
1647 1394 1860 1462 episeo—

272 1497 393 1553 pus,
427 1484 520 1552 qui
551 1492 645 1536 aut
679 1484 823 1553 juste
852 1490 946 1536 aut
970 1481 1166 1551 injuste
1196 1497 1319 1536 eum
1355 1481 1563 1551 rejecit,
1596 1483 1862 1552 patienter

272 1574 534 1635 accipiat,
563 1582 621 1628 ut
666 1576 943 1644 negotium
996 1574 1331 1639 discutiatur,
1376 1581 1437 1628 ut
1483 1581 1573 1628 aut
1609 1574 1862 1645 probetur

273 1671 414 1734 ejus,
444 1673 539 1719 aut
567 1665 885 1719 emendetur
908 1666 1194 1731 sententia,
1220 1673 1323 1719 etc.

1959 490 2041 544 bis
2068 490 2447 556 firmabuntur;
2484 500 2576 545 aut
2602 492 2645 546 si
2670 508 2778 546 non
2809 493 3171 559 inveniantur,
3200 494 3425 549 collecta
3456 510 3547 567 sy-

1960 578 2126 644 nodo,
2148 580 2215 635 de
2243 581 2416 635 hocin
2439 582 2683 650 sequenti
2708 584 3071 637 tractabimus.
3097 582 3279 638 Daniel
3300 587 3542 641 notarius

1959 668 2155 723 Nicaeni
2184 670 2395 724 concilii
2419 671 2804 738 professionem
2837 672 2957 727 lidei
2981 673 3067 727 vel
3095 674 3209 743 ejus
3233 683 3433 728 statuta
3456 688 3541 730 re-

1960 758 2145 813 citavit
2170 759 2223 812 in
2253 759 2480 813 concilio
2508 758 2778 814 Africano.

2280 868 2541 938 Professio
2570 869 2693 938 ﬁdei
2739 868 2945 924 Nicwni
2973 872 3200 926 concilii.

2033 956 2314 1013 Credimus
2338 958 2389 1011 in
2421 975 2584 1012 unum
2626 959 2813 1023 Deum,
2844 958 3055 1014 Patrem
3099 972 3547 1033 omnipotentem,

1962 1050 2249 1108 visibilium
2279 1059 2333 1104 et
2361 1051 2700 1105 invisibilium
2750 1050 3026 1116 factorem,
3069 1061 3122 1106 et
3160 1054 3210 1107 in
3244 1072 3405 1109 unum
3438 1056 3547 1111 Do-

1962 1140 2165 1194 minum
2194 1137 2373 1192 Jesum
2402 1136 2695 1205 Christum,
2722 1137 2909 1192 Filium
2942 1139 3060 1205 Dei,
3086 1150 3267 1194 natum
3297 1142 3364 1196 de
3387 1142 3549 1199 Patre

1964 1231 2315 1299 unigenitum,
2360 1230 2464 1284 hoc
2491 1238 2574 1284 est
2617 1229 2687 1284 de
2712 1231 3009 1285 substantia
3056 1233 3245 1297 Patris,
3273 1232 3438 1287 Deum
3468 1232 3538 1290 de

1965 1322 2096 1384 Deo,
2140 1321 2318 1374 lumen
2360 1317 2429 1374 de
2474 1319 2693 1384 lumine,
2724 1320 2887 1375 Deum
2929 1338 3114 1377 verum
3143 1324 3209 1378 de
3240 1324 3350 1379 Deo
3384 1340 3540 1388 vero,

1964 1421 2168 1474 natum,
2183 1427 2288 1465 non
2307 1410 2520 1476 factum,
2544 1410 2697 1466 unius
2718 1411 3028 1466 substantia:
3050 1429 3168 1468 cum
3192 1412 3370 1478 Patre,
3396 1413 3543 1484 quod

1965 1502 2134 1559 (ΞΓωεὶ
2164 1502 2347 1557 dicunt
2376 1501 2652 1555 omonsion
2676 1540 2691 1562 ,
2718 1516 2814 1570 per
2836 1516 2995 1569 quem
3026 1505 3206 1556 omnia
3230 1501 3371 1556 facta
3398 1511 3545 1569 sunt,

1966 1597 2078 1650 sive
2107 1610 2225 1663 qua:
2248 1595 2299 1648 in
2328 1593 2487 1657 cmlo,
2519 1592 2630 1647 sive
2658 1608 2776 1660 qua:
2806 1594 2856 1647 in
2884 1602 3046 1648 terra.
3079 1593 3180 1660 Qui
3213 1604 3435 1664 propter
3451 1610 3551 1649 nos

1968 1688 2234 1753 homines,
2267 1694 2322 1741 et
2367 1693 2587 1755 propter
2614 1696 2851 1740 nostram
2884 1687 3111 1740 salutem
3141 1685 3443 1753 descendit,
3495 1693 3553 1740 et

343 1755 597 1826 Cumque
616 1758 989 1823 recitarentur,
1022 1758 1347 1827 Augustinus
1371 1758 1652 1827 episcopus
1684 1756 1862 1811 Eccle-

1976 1787 2272 1831 ncarnatus
2294 1784 2396 1843 est,
2420 1776 2583 1830 homo
2616 1776 2804 1840 factus,
2835 1792 3022 1845 passus
3046 1784 3150 1841 est,
3172 1784 3227 1829 et
3254 1776 3552 1829 resurrexit

274 1847 367 1903 size
394 1846 760 1918 Hipponensis
796 1850 1089 1918 provincia:
1132 1849 1389 1903 Numidia:
1438 1849 1571 1903 dixit
1603 1867 1615 1903 :
1650 1847 1717 1902 Et
1763 1849 1866 1903 hoc

275 1956 375 1995 nos
402 1948 720 1993 servaturos
749 1938 1082 2009 profitemur,
1116 1939 1259 1993 salva
1304 1937 1641 2009 diligentiore
1685 1937 1863 2004 inqui-

271 2030 475 2086 sitione
501 2029 976 2085 concilii'Niczeni.
1012 2029 1258 2084 Aurelius
1284 2031 1569 2099 episcopus
1596 2030 1728 2083 dixit
1762 2047 1775 2079 :
1806 2028 1865 2082 Si

273 2118 379 2175 hoc
410 2119 580 2173 etiam
608 2120 846 2174 omnium
877 2128 1067 2173 vestra:
1095 2120 1344 2174 charitati
1396 2120 1589 2189 placet,
1642 2134 1866 2186 respon-

273 2212 431 2266 sione
472 2210 704 2264 ﬁrmate.
749 2210 1066 2265 Universum
1110 2212 1394 2266 concilium
1443 2210 1574 2266 dixit
1614 2229 1627 2264 :
1676 2209 1864 2264 Omnia

275 2317 397 2371 qua:
440 2302 493 2355 in
542 2300 759 2357 Niceno
789 2302 1018 2357 concilio
1047 2311 1243 2356 statuta
1272 2312 1397 2356 sunt
1435 2303 1589 2357 nobis
1619 2304 1866 2357 omnibus

274 2393 514 2461 placent.
539 2391 828 2457 Jocnndus,
857 2393 1141 2473 episcopus
1161 2393 1411 2449 Ecclesia:
1425 2394 1701 2460 Suffltulaa,
1717 2396 1864 2463 lega-

277 2492 362 2535 tus
392 2483 685 2551 provincize
722 2482 1010 2553 Byzacena:
1033 2484 1165 2538 dixit
1192 2503 1203 2537 :
1235 2484 1385 2551 Quod
1417 2494 1671 2540 statutum
1702 2496 1784 2541 est
1811 2488 1865 2541 in

276 2569 497 2625 Niczeno
523 2571 776 2639 concilio,
825 2572 1067 2627 violaria
1105 2588 1377 2643 quoquam
1426 2576 1727 2631 nullatenus
1763 2592 1864 2646 po-

278 2652 465 2714 test.’
1374 2715 1379 2718 _

346 2750 642 2808 Faustinus
686 2754 1005 2824 episcOpus,
1048 2755 1257 2824 legatus
1304 2755 1558 2813 Ecclesiae
1588 2758 1862 2830 Romanae,

274 2839 409 2895 dixit
437 2858 451 2892 :
486 2840 678 2896 Adhuc
700 2842 991 2896 secundum
1031 2843 1423 2912 professionem
1450 2848 1746 2902 sanctitatis
1776 2863 1866 2903 ve-

273 2941 423 2992 strae,
454 2944 567 2985 tam
593 2934 762 2987 sancti
786 2933 981 3005 Alypii,
1007 2950 1169 3004 quam
1199 2938 1361 2990 etiam
1385 2938 1564 2993 fratris
1587 2942 1753 2995 nostri
1772 2941 1867 2996 Jo-

274 3023 463 3087 cundi,
514 3024 691 3093 aliqua
739 3024 997 3079 infirmari
1025 3026 1209 3093 credo,
1258 3027 1434 3097 aliqua
1462 3027 1680 3096 firmari,
1721 3031 1865 3101 quod

276 3129 385 3168 non
415 3114 637 3179 debeat,
667 3130 790 3169 cum
814 3115 925 3185 jam
957 3117 1010 3170 in
1050 3117 1269 3171 dubium
1316 3119 1415 3189 ipsi
1440 3135 1674 3177 canones
1701 3138 1865 3179 vene-
1888 3139 1937 3204 ο

275 3205 405 3259 rint.
438 3203 603 3271 Ergo,
644 3214 703 3257 ut
726 3206 903 3275 placet
928 3214 985 3261 et
1010 3208 1187 3273 nobis,
1223 3216 1277 3262 et
1306 3209 1622 3265 beatitudini
1654 3222 1863 3281 vestrae,

276 3294 345 3347 ad
365 3303 615 3347 sanctum
637 3304 691 3349 et
716 3297 1074 3350 venerabilem
1104 3297 1356 3353 Ecclesia:
1381 3299 1636 3355 Romana:
1665 3303 1872 3371 episco-

276 3399 404 3453 pum
427 3392 609 3438 vestra
633 3386 890 3440 sanctitas
910 3387 1112 3441 referre
1131 3388 1401 3455 dignetur,
1426 3399 1487 3443 ut
1505 3398 1560 3445 et
1580 3391 1711 3460 ipse,
1730 3392 1872 3461 quod

276 3486 500 3534 sanctus
522 3478 852 3544 Augustinus
893 3488 1131 3535 statuere
1158 3480 1408 3549 dignatus
1447 3490 1549 3547 est,
1576 3466 1873 3539 deliberare

278 3568 472 3637 possit,
525 3576 831 3621 utrumnam
859 3577 915 3622 et
952 3568 1056 3623 hoc
1082 3570 1494 3625 concedendum
1524 3573 1612 3637 sit,
1646 3589 1711 3626 an
1743 3575 1872 3628 reti-

278 3658 537 3719 eendum,
571 3659 674 3714 hoc
700 3667 821 3723 est,
854 3658 921 3713 de
966 3660 1329 3728 appellatione
1364 3661 1633 3716 inferioris
1653 3664 1866 3732 gradus.

278 3751 335 3806 Si
367 3764 503 3819 ergo
529 3751 703 3805 adhuc
742 3752 795 3804 in
840 3751 1055 3805 dubium
1088 3753 1255 3817 venit,
1300 3760 1354 3807 et
1384 3751 1452 3808 de
1485 3754 1589 3809 hoc
1634 3755 1870 3824 capitulo

278 3843 483 3910 justum
532 3849 619 3897 est
649 3850 705 3895 ut
746 3841 1066 3897 beatissima:
1092 3842 1234 3897 sedis
1274 3843 1562 3913 episcopus
1591 3844 1871 3899 informari

280 3935 499 3999 debeat,
531 3934 577 3989 si
606 3942 786 3987 tamen
832 3933 1143 4002 approbatis
1183 3935 1479 3989 canonibus
1518 3936 1621 3990 hoc
1648 3936 1869 3991 inveniri

282 4028 475 4094 possit.
506 4025 757 4080 Aurelius
786 4025 1068 4094 episcopus
1096 4024 1227 4079 dixit
1261 4043 1274 4077 :
1307 4023 1478 4079 Etiam
1509 4042 1627 4094 qua:
1670 4026 1869 4081 dudum

284 4126 479 4171 vestrae
508 4115 753 4170 charitati
799 4114 1178 4177 intimavimus,
1210 4130 1353 4169 nunc
1393 4117 1636 4185 patimini
1683 4132 1868 4172 exem-

285 4211 459 4281 plaria
474 4217 800 4263 statutorum
834 4207 1031 4262 Niczeni
1058 4207 1301 4273 concilii,
1335 4207 1432 4263 sed
1454 4218 1508 4263 et
1528 4213 1652 4278 'qua:
1677 4209 1763 4264 hic
1791 4226 1872 4264 sa-

284 4301 512 4354 lubriter
538 4314 569 4351 a
601 4298 799 4352 nostris
842 4297 1237 4362 decessoribus,
1291 4299 1584 4353 secundum
1629 4299 1868 4366 ejusdem

281 4392 497 4448 concilii
527 4390 777 4452 formam,
807 4390 893 4444 vel
916 4405 1035 4459 qua:
1057 4406 1198 4445 nunc
1220 4406 1249 4443 a
1275 4392 1428 4447 nobis
1450 4392 1695 4446 ordinata
1724 4400 1865 4459 sunt,

1970 1868 2125 1921 tertia
2157 1868 2263 1933 die,
2308 1867 2547 1920 ascendit
2570 1867 2621 1919 in
2654 1868 2839 1931 caelos,
2873 1866 3025 1921 sedet
3049 1866 3116 1919 ad
3144 1867 3421 1920 dexteram
3450 1863 3553 1919 Pa-

1968 1959 2081 2021 tris,
2116 1958 2255 2011 unde
2310 1965 2567 2011 venturus
2596 1966 2679 2010 est
2729 1957 2972 2026 judicare
3004 1958 3151 2010 vivos
3190 1965 3244 2010 et
3286 1966 3551 2022 mortuos,

1967 2057 2022 2103 et
2044 2048 2093 2100 in
2124 2046 2379 2117 Spiritum
2427 2056 2689 2101 sanetum.
2721 2044 2824 2100 Eos
2855 2055 3033 2101 autem
3063 2048 3153 2114 qui
3182 2047 3384 2111 dicunt,
3419 2045 3553 2100 Erat

1967 2137 2183 2207 quando
2206 2154 2309 2191 non
2334 2146 2470 2199 erat,
2505 2146 2557 2190 et
2588 2140 2900 2207 priusquam
2932 2145 3245 2192 nasceretur
3274 2155 3380 2192 non
3409 2147 3547 2201 erat,

1968 2239 2025 2282 et
2051 2229 2173 2297 quia
2203 2244 2272 2281 ex
2300 2226 2460 2281 nullis
2501 2228 2837 2282 exstantibus
2878 2226 3052 2283 factus
3075 2237 3188 2293 est,
3220 2228 3304 2282 vel
3347 2243 3413 2281 ex
3443 2228 3551 2282 alia

1967 2320 2285 2382 substantia,
2311 2319 2550 2373 dicentes
2581 2318 2918 2383 mutabilem,
2951 2328 3006 2372 et
3026 2314 3433 2373 convertibilem
3456 2318 3550 2372 Fi-

1967 2410 2095 2463 lium
2142 2410 2254 2475 Dei,
2287 2410 2386 2465 hos
2415 2410 2834 2464 anathematizat
2862 2411 3127 2465 catholica
3163 2420 3218 2465 et
3255 2410 3553 2480 apostolica

1967 2497 2225 2554 Ecclesia.

2038 2589 2248 2645 Statuta
2270 2605 2484 2660 quoque
2510 2590 2709 2646 Nicmni
2751 2591 2962 2646 concilii
3002 2591 3054 2645 in
3082 2591 3270 2660 viginti
3302 2589 3552 2660 capitulis

1968 2683 2214 2739 similiter
2234 2683 2458 2736 recitata
2489 2683 2791 2749 sunt,sieut
2818 2683 2869 2736 in
2896 2684 3260 2751 snperioribhs
3283 2682 3552 2735 inveniun-

1968 2783 2056 2829 tur
2089 2773 2340 2843 ascripta.
2376 2772 2576 2827 Deinde
2605 2789 2723 2841 qnze
2755 2774 2805 2826 in
2849 2773 3089 2827 conciliis
3116 2771 3379 2825 Africanis
3425 2786 3553 2842 pro-

1967 2864 2203 2932 mulgata
2232 2871 2375 2927 sunt,
2409 2863 2543 2917 actis
2574 2864 2922 2931 pnesentibus
2941 2864 3141 2917 inserta
3166 2871 3476 2917 noscuntur.

1973 2998 2043 3053 Ut
2094 3014 2207 3067 qua:
2247 2999 2300 3051 in
2354 2995 2572 3051 Nicaeno
2616 2997 2832 3050 concilio
2877 3004 3070 3050 statuta
3100 3006 3217 3049 sunt
3256 2996 3550 3052 omnimodo

2575 3076 2953 3122 conserventur.

2042 3182 2084 3236 1.
2127 3180 2370 3235 Aurelius
2393 3178 2675 3248 episcopus
2698 3177 2831 3231 dixit
2862 3195 2874 3229 :
2900 3176 3025 3231 Hzec
3062 3177 3132 3230 ita
3156 3174 3294 3244 apud
3325 3191 3423 3231 nos
3450 3176 3550 3230 ha-

1973 3274 2166 3328 bentur
2178 3270 2502 3340 exemplaria
2527 3277 2846 3323 statutornm
2869 3283 2987 3337 qua:
3009 3277 3134 3323 tunc
3161 3267 3346 3322 Patres
3379 3266 3549 3322 nostri

1973 3365 2040 3420 de
2074 3364 2302 3419 concilio
2341 3363 2555 3416 Niczeno
2592 3377 2772 3415 secum
2795 3362 3120 3428 detulerunt,
3143 3360 3293 3429 cujus
3322 3359 3550 3415 formam

1973 3464 2269 3519 servantes,
2303 3457 2416 3510 haec
2454 3469 2571 3523 qua:
2618 3463 2911 3524 sequentur
2939 3454 3251 3520 constituta,
3282 3452 3488 3506 firmata
3518 3466 3550 3506 a

1973 3548 2128 3604 nobis
2146 3546 2537 3602 custodientur.

2393 3654 2471 3709 De
2503 3654 2545 3707 Τ
2548 3656 2755 3709 rinitate
2776 3655 3128 3724 praedicanda.

2043 3746 2107 3800 ll.
2150 3744 2465 3801 Universum
2490 3744 2775 3797 concilium
2806 3744 2941 3796 dixit
2975 3762 2987 3796 :
3018 3743 3129 3799 Deo
3151 3744 3405 3813 propitio,
3435 3741 3549 3813 pari

1974 3836 2339 3907 professione,
2373 3832 2502 3886 fides
2532 3832 2915 3896 ecclesiastica,
2940 3846 3059 3898 qua:
3076 3846 3172 3898 per
3200 3848 3297 3887 nos
3327 3831 3553 3886 traditur

1974 3927 2027 3980 in
2051 3926 2152 3979 hoc
2181 3934 2323 3979 coetu
2368 3922 2628 3991 glorioso,
2678 3920 2924 3989 primitus
2963 3918 3266 3974 confitenda
3292 3930 3393 3985 est,
3427 3928 3553 3976 tunc

1972 4019 2185 4073 demum
2217 4016 2350 4071 ordo
2380 4012 2777 4069 ecclesiasticus
2814 4012 3166 4077 singulorum,
3196 4020 3251 4066 et
3282 4026 3551 4066 consensu

1973 4109 2208 4165 omnium
2240 4103 2611 4160 asservandus.
2644 4102 2723 4156 Ad
2768 4101 3197 4156 corroborandas
3237 4108 3415 4155 autem
3447 4101 3553 4154 fra-

1972 4208 2113 4255 trum
2139 4208 2192 4254 et
2221 4198 2662 4266 coepiscoporum
2722 4201 3027 4247 nostrorum
3065 4207 3237 4262 nuper
3264 4197 3546 4261 promoto-

1971 4306 2090 4345 rum
2121 4296 2345 4351 mentes,
2388 4302 2451 4340 ea
2481 4282 2827 4355 proponenda
2874 4289 3017 4346 sunt,
3064 4297 3184 4349 qua:
3236 4297 3267 4336 a
3311 4281 3552 4351 patribus

1972 4390 2119 4437 certa
2168 4377 2519 4447 dispositione
2555 4373 2889 4443 accepimus,
2940 4381 2999 4427 ut
3039 4371 3335 4439 Trinitatis,
3387 4387 3552 4441 quam

282 4483 525 4544 recitari,
584 4490 638 4534 et
680 4482 843 4549 gestis
892 4480 1077 4534 inseri.
1126 4478 1296 4535 Omne
1352 4482 1637 4535 concilium
1688 4481 1863 4535 dixit:

1976 4470 2173 4525 nostris
2201 4466 2446 4522 sensibus
2475 4473 2849 4521 consecratam
2894 4465 3214 4529 retinemus,
3244 4462 3447 4529 Patris,
3495 4470 3553 4518 et

282 4572 623 4643 Exeinplaria
670 4574 817 4638 ﬁdei,
847 4582 901 4628 et
921 4582 1121 4628 statuta
1151 4573 1379 4627 Nieamae
1408 4574 1617 4643 synodi,
1660 4588 1778 4642 quae
1802 4575 1868 4627 ad

282 4675 525 4719 lustrum
558 4664 839 4719 concilium
862 4679 959 4733 per
982 4665 1153 4719 beatae
1176 4665 1564 4719 recordationis
1593 4666 1720 4719 olim
1742 4680 1872 4733 pra:-

281 4753 627 4809 decessorem
653 4764 754 4807 tua:
776 4755 1091 4819 sanctitatis,
1124 4756 1214 4824 qui
1241 4754 1498 4817 interfuit,
1528 4754 1869 4811 Cteeilianum

283 4847 597 4914 episcopum
622 4845 779 4898 allata
799 4854 944 4909 sunt,
969 4844 1067 4899 sed
1097 4854 1152 4898 et
1172 4860 1291 4913 qua:
1324 4844 1509 4899 Patres
1537 4861 1598 4899 ea
1621 4847 1868 4915 exempla

282 4948 576 5009 sequentes
601 4939 691 4993 hic
718 4940 1131 5001 constituerunt,
1166 4940 1250 4993 vel
1281 4955 1420 4993 nunc
1450 4940 1722 4993 communi
1762 4947 1870 4994 tra-

284 5038 429 5083 ctatu
459 5030 760 5090 statuimus,
793 5029 875 5081 his
900 5031 1066 5099 gestis
1095 5030 1472 5085 ecclesiasticis
1514 5030 1714 5084 inserta
1756 5045 1871 5084 ma-

284 5121 508 5183 nebunt,
547 5120 618 5171 ita
666 5127 743 5183 ut,
777 5119 1230 5187 quemadmodum
1259 5121 1505 5189 superius
1532 5120 1733 5174 dictum
1756 5128 1859 5187 est,

282 5210 680 5265 venerabilibus
707 5211 834 5263 viris
864 5211 1230 5275 Antiochense,
1260 5220 1315 5265 et
1342 5211 1739 5278 Alexandrinae,
1768 5212 1865 5267 sed

281 5308 340 5354 et
381 5299 996 5369 szustantinopolitanze
1045 5298 1397 5354 Ecclesiarum
1430 5301 1695 5371 episcopis
1737 5300 1867 5354 seri-

284 5392 414 5447 bere
435 5402 612 5447 vestra
639 5392 912 5446 beatitudo
952 5392 1217 5460 dignetur,
1253 5401 1309 5445 ut
1337 5392 1665 5460 exemplaria
1695 5392 1867 5446 veris-

282 5487 418 5541 sima
433 5486 646 5540 concilii
672 5484 870 5541 Niezeni
904 5484 1003 5538 sub
1018 5484 1399 5554 astipulatione
1422 5484 1721 5537 litterarum
1745 5498 1869 5537 sua-

286 5590 402 5627 rum
423 5574 674 5643 dirigant,
698 5589 825 5641 quo,
852 5572 1121 5627 declarata
1143 5575 1386 5641 veritate,
1410 5589 1473 5627 ea
1494 5575 1725 5643 capitula
1750 5589 1868 5644 qua:

284 5666 338 5721 in
367 5664 785 5728 commonitorio
816 5678 1051 5734 pnesens
1091 5664 1255 5720 frater
1289 5674 1345 5719 et
1383 5666 1735 5736 coepiscopus
1765 5681 1865 5720 no-

288 5770 402 5814 iter
441 5757 743 5824 Faustinus,
776 5756 874 5813 sed
922 5765 981 5813 et
1024 5757 1446 5828 compresbytcri
1493 5756 1769 5827 Philippus
1812 5764 1867 5812 et

1972 4562 2110 4626 Filii,
2141 4568 2197 4613 et
2223 4558 2452 4627 Spiritus
2479 4558 2651 4611 sancti
2694 4556 2974 4619 unitatem,
2999 4570 3119 4623 qum
3144 4555 3342 4609 nullam
3372 4555 3552 4610 nosci-

1972 4662 2060 4708 tur
2088 4652 2286 4706 habere
2324 4647 2679 4703 differentiam
2701 4686 2715 4711 ,
2749 4646 2905 4701 sicuti
2937 4646 3190 4704 dicimus.
3231 4646 3305 4699 ita
3332 4644 3427 4699 Dei
3451 4660 3551 4712 po-

1972 4744 2127 4815 pulos
2157 4743 2503 4796 instruamus.
2532 4737 2664 4794 ltem
2696 4739 2763 4793 ab
2795 4739 3058 4794 universis
3085 4738 3353 4808 episcopis
3380 4751 3551 4805 nuper

1970 4832 2233 4905 promotis
2260 4830 2458 4884 dictum
2482 4838 2594 4884 est:
2623 4828 2785 4883 Plane
2818 4830 2895 4884 sic
2924 4830 3247 4899 accepimus,
3277 4828 3354 4882 sic
3393 4834 3549 4880 tene-

1974 4940 2125 4990 mus,
2168 4924 2247 4977 sic
2288 4921 2545 4976 docemus
2588 4920 2747 4975 fidem
2801 4919 3162 4988 evangelicam
3206 4932 3328 4973 cum
3370 4922 3550 4971 vestra

1975 5012 2217 5068 doctrina
2246 5018 2557 5081 sequentes.

2542 5121 2622 5175 De
2646 5122 2981 5175 continentia.

2044 5216 2131 5271 III.
2175 5216 2426 5271 Aurelius
2473 5214 2758 5284 episcopus
2802 5213 2981 5267 dixit:
3016 5210 3148 5267 Cum
3192 5213 3245 5268 in
3275 5218 3551 5286 praeterito

1974 5309 2205 5364 concilio
2252 5306 2319 5360 de
2365 5304 2717 5369 continentia,
2766 5310 2822 5358 et
2871 5302 3136 5358 castitatis
3181 5304 3552 5361 moderamine

1975 5404 2315 5459 tractaretur,
2346 5394 2543 5464 gradus
2588 5392 2673 5447 isti
2716 5401 2844 5459 tres,
2872 5394 2963 5463 qui
2992 5396 3376 5450 constrictione
3414 5412 3552 5466 qua-

1973 5488 2094 5543 dam
2124 5486 2384 5541 castitatis
2423 5500 2520 5553 per
2548 5484 2981 5539 consecrationes
3032 5484 3228 5539 annexi
3257 5494 3401 5547 sunt,
3434 5486 3553 5555 epi-

1972 5593 2185 5649 scopos,
2211 5577 2444 5644 inquam,
2473 5574 2832 5647 presbyteros,
2859 5584 2914 5629 et
2933 5575 3208 5639 diaconos,
3233 5575 3307 5628 ita
3330 5576 3549 5643 placuit,

1972 5677 2032 5723 ut
2060 5667 2319 5722 condecet
2346 5679 2529 5719 sacros
2557 5663 2842 5731 antistites,
2873 5681 2936 5721 ac
2966 5664 3058 5719 Dei
3087 5664 3418 5729 sacerdotes,
3450 5676 3550 5715 nec

1974 5772 2080 5813 non
2104 5763 2157 5809 et
2182 5755 2390 5825 levitas,
2413 5754 2500 5813 vel
2522 5752 2610 5824 qui
2638 5754 2989 5813 sacramentis
3010 5750 3204 5832 divinis
3225 5754 3548 5819 inserviunt.
