3982 6196
520 310 626 368 187

1782 311 2139 370 DIONYSIUS
2175 309 2491 368 EXIGUUS.

3667 312 3762 370 188

506 435 850 493 continentes
875 447 995 488 esse
1022 431 1075 485 iu
1101 428 1371 496 omnibus,
1391 442 1499 498 quo
1519 427 1725 498 possint
1744 427 2082 497 simpliciter,
2118 425 2169 487 Δ
2197 422 2273 479 De
2295 423 2373 481 Itis
2393 424 2480 497 qui
2502 426 2687 480 merito
2721 425 3009 498 facinorum
3037 439 3242 498 suorum
3273 422 3336 477 ab
3374 421 3626 481 Ecclesia
3645 442 3763 481 con.

511 524 652 597 quod
682 541 713 579 a
755 523 978 579 Domino
1006 519 1301 590 postulant,
1339 517 1649 586 impetrare,
1692 524 1749 571 ut
1772 516 1918 586 quod
1948 532 2084 586 apo-

508 616 631 671 stoli
653 614 970 679 docuerunt,
1003 617 1060 664 et
1085 610 1196 679 ipsa
1226 606 1461 662 servavit
1481 606 1796 674 antiquitas,
1823 621 1921 663 nos
1942 620 2087 674 quo-

511 719 617 774 que
644 702 1028 758 custodiamus.
1566 746 1567 749 η

618 790 694 844 De
723 791 932 843 diversis
961 786 1221 842 ordinibus
1256 787 1319 840 ab
1353 786 1600 849 uxoribus
1628 785 1969 841 abstinendis.

579 881 669 935 IV.
711 881 994 935 Faustinus
1017 879 1298 948 episcopus
1326 878 1578 932 Ecclesia:
1618 875 1935 941 Poten‘tinaa,
1973 892 2091 945 pro-

508 973 697 1030 vincite
722 969 920 1035 Piceni,
948 970 1153 1039 legatus
1179 969 1434 1023 Romana:
1461 967 1729 1030 Ecclesiae,
1754 968 1888 1022 dixit
1918 986 1930 1020 :
1968 965 2090 1021 Pla-

507 1074 596 1122 cet
624 1072 684 1121 ut
706 1064 1006 1134 episcopus,
1040 1063 1338 1132 presbyter,
1370 1069 1424 1114 et
1457 1060 1735 1127 diaconus,
1757 1059 1841 1114 vel
1873 1059 1967 1129 qui
1997 1074 2086 1114 sa-

507 1163 780 1211 cramenta
801 1151 1436 1222 contrectant,pudiciti:e
1453 1149 1727 1217 custodes,
1750 1149 1814 1203 ab
1832 1149 2088 1204 uxoribus

506 1262 565 1302 se
620 1246 945 1301 abstineant.
979 1243 1059 1298 Ab
1115 1240 1378 1296 universis
1407 1240 1675 1310 episeOpis
1721 1238 1917 1293 dictum
1959 1245 2080 1292 est:

508 1333 707 1401 Placet,
736 1343 797 1389 ut
817 1334 873 1388 in
897 1331 1146 1389 omnibus
1169 1328 1422 1401 pudicitia
1443 1328 1791 1394 custodiatur,
1808 1326 1899 1398 qui
1929 1327 2084 1382 altari

505 1429 833 1484 inserviunt.

1112 1512 1192 1569 De
1218 1515 1459 1568 avaritia.

589 1608 651 1666 V.
690 1607 939 1663 Aurelius
968 1606 1253 1677 episcopus
1298 1604 1434 1658 dixit
1466 1620 1481 1656 :
1515 1601 1763 1657 Avaritiae
1798 1600 2081 1672 cupiditas,

510 1716 672 1771 quam
718 1716 895 1755 rerum
925 1698 1161 1755 omnium
1189 1697 1447 1750 malarum
1487 1700 1715 1748 matrem
1757 1708 1895 1758 esse,
1926 1707 2083 1747 nemo

2681 493 2979 565 gregatioue
3003 493 3283 565 pelluntur.

2258 601 2351 657 IX.
2394 592 2725 674 Augustinus
2755 606 3059 674 episcopus,
3093 605 3301 673 legatus
3343 605 3631 675 provincia:
3658 596 3764 663 Nu-

2188 683 2390 760 midiae,
2420 694 2555 749 dixit
2586 712 2600 749 :
2633 694 2747 750 IIoc
2769 703 3006 750 statuere
3033 694 3342 763 dignemini,
3367 704 3424 749 ut
3449 696 3493 755 si
3520 697 3610 766 qui
3635 694 3767 753 forte

2187 784 2381 839 merito
2412 785 2708 840 facinorum
2736 801 2955 841 suorum
2996 786 3063 839 ab
3082 785 3333 841 Ecclesia
3366 786 3505 855 pulsi
3549 795 3689 852 sunt,
3713 795 3767 842 et

2187 876 2300 931 sive
2328 877 2394 931 ab
2437 877 2617 947 aliquo
2648 877 2940 946 episcopo,
2989 877 3075 933 vel
3101 878 3417 949 presbytero
3474 877 3668 933 fuerint
3714 877 3767 933 in

2188 967 2571 1022 communione
2619 968 2871 1037 suscepti,
2909 969 3072 1022 etiam
3123 969 3236 1037 ipse
3268 969 3379 1038 pari
3410 984 3532 1024 cum
3561 969 3640 1025 eis
3665 969 3765 1024 cri-

2188 1053 2333 1109 mine
2362 1062 2608 1110 teneatur
2630 1055 2918 1121 obnoxius,
2949 1056 3278 1126 refugientes
3304 1057 3387 1112 sui
3416 1058 3655 1127 episc0pi
3683 1073 3765 1112 re-

2188 1146 2373 1214 gulare
2409 1145 2688 1215 judicium.
2724 1146 2805 1202 Ab
2836 1148 3097 1203 universis
3125 1148 3391 1219 episcopis
3418 1147 3616 1203 dictum
3644 1154 3761 1203 est:

2187 1233 2446 1290 Omnibus
2467 1236 2664 1305 placet.

2232 1343 2305 1398 De
2352 1345 2667 1416 presbyteris
2718 1347 2806 1417 qui
2864 1362 2899 1399 α
2944 1348 3169 1429 propriis
3230 1348 3577 1418 corripiuntur
3619 1346 3727 1417 cpio

2883 1433 3072 1486 scopis.

2261 1504 2324 1561 X.
2367 1506 2587 1577 Alypius
2612 1508 2920 1579 episc0pus,
2953 1509 3159 1579 legatus
3189 1508 3479 1579 provincia:
3506 1506 3763 1564 Numidiae

2186 1597 2321 1653 dixit
2347 1616 2359 1651 :
2393 1598 2502 1654 Nec
2522 1599 2651 1657 illud
2675 1600 3195 1669 praetermittendum.
3213 1609 3317 1667 est,
3338 1609 3397 1657 ut
3423 1601 3469 1655 si
3488 1601 3608 1671 quis
3626 1600 3764 1656 forte

2174 1690 2466 1757 presbyter
2488 1690 2553 1744 ab
2577 1691 2831 1760 episcopo
2858 1706 2956 1745 suo
2978 1699 3272 1761 correptus,
3304 1699 3536 1758 tumore,
3563 1690 3649 1746 vel
3676 1707 3763 1745 su-

506 1792 599 1860 qui
624 1791 845 1855 dubitet,
876 1788 1104 1859 proinde
1162 1784 1453 1841 inhibenda
1484 1792 1586 1850 est,
1632 1799 1699 1838 ne
1721 1782 1839 1852 quis
1878 1782 2085 1836 alienos
2117 1789 2163 1850 Β
2187 1779 2371 1848 perbia
2401 1778 2615 1834 inﬂatus
2642 1781 2913 1850 putaverit
2940 1782 3232 1849 separatim
3262 1782 3521 1837 sacrificia
3544 1780 3656 1836 Deo
3683 1781 3765 1834 of-

510 1881 641 1934 lines
687 1886 937 1949 usurpet,
968 1888 1060 1932 aut
1096 1892 1194 1947 per
1229 1876 1505 1946 praemium
1554 1874 1813 1929 terminos
1866 1871 2082 1926 Patrum

505 1976 740 2027 statutos
761 1968 1122 2031 transcendat,
1144 1982 1241 2021 nec
1262 1966 1480 2021 omnino
1496 1965 1742 2033 cuiquam
1767 1962 2083 2017 clericorum

507 2062 663 2117 liceat
703 2060 769 2117 de
808 2060 1043 2130 qualibet
1086 2074 1144 2113 re
1172 2058 1325 2112 fenus
1348 2056 1613 2125 accipere.
1639 2054 1954 2122 Quanquam
1983 2068 2083 2107 no-

505 2150 658 2206 vellae
703 2149 1098 2218 suggestioues,
1138 2162 1258 2216 qua:
1302 2145 1389 2200 vel
1419 2145 1658 2199 obscurae
1685 2152 1827 2208 sunt,
1858 2142 1944 2197 vel
1985 2142 2083 2197 sub

505 2258 705 2315 genere
752 2244 940 2309 latent,
974 2243 1230 2313 inspectae
1260 2255 1290 2295 a
1318 2240 1492 2305 nobis,
1544 2238 1767 2292 formam
1797 2236 2080 2306 accipient,

506 2344 762 2393 caeterum
821 2335 887 2390 de
930 2335 1124 2404 quibus
1179 2332 1515 2403 apertissime
1569 2329 1748 2384 divina
1806 2328 2082 2398 Scriptura

504 2425 704 2492 sanxit,
739 2440 844 2477 non
875 2432 957 2477 est
1005 2421 1219 2478 ferenda
1249 2421 1534 2485 sententia,
1586 2419 1679 2474 sed
1720 2420 1899 2488 potius
1928 2434 2083 2475 exse-

503 2514 737 2584 quenda.
795 2513 1025 2568 Proinde
1077 2514 1223 2582 quod
1268 2514 1322 2567 in
1376 2513 1523 2567 laicis
1574 2512 2007 2581 reprehenditur,
2031 2512 2081 2566 id

504 2603 674 2658 multo
701 2604 865 2670 magis
888 2603 1046 2656 debet
1070 2603 1122 2656 in
1144 2602 1353 2657 clericis
1374 2601 1747 2672 przedamnari.
1768 2600 2083 2656 Universum

504 2694 792 2751 concilium
822 2695 957 2749 dixit
986 2712 997 2746 :
1024 2693 1192 2749 Nemo
1218 2702 1405 2748 contra
1433 2692 1750 2763 Prophetas,
1777 2708 1938 2748 nemo
1961 2708 2086 2747 con-

504 2794 586 2842 tra
609 2784 895 2853 Evangelia
927 2784 1052 2839 facit
1081 2785 1196 2838 sine
1221 2784 1482 2853 periculo.

800 2896 868 2951 Ut
889 2896 1112 2950 chrisma
1144 2914 1175 2950 a
1204 2894 1513 2966 presbyteris
1542 2912 1644 2950 non
1673 2895 1785 2966 ﬁat.

579 2988 663 3044 VI.
704 2988 1028 3042 Fortunatus
1057 2986 1341 3055 episcopus
1361 2986 1494 3039 dixit
1519 3004 1531 3039 :
1556 2984 1613 3038 In
1645 2986 1928 3056 praeteritis
1948 3002 2081 3041 con-

502 3080 640 3137 ciliis
685 3086 945 3134 statutum
975 3078 1317 3133 meminimus
1347 3090 1485 3143 esse,
1516 3084 1573 3131 ut
1601 3076 1851 3142 chrisma,
1882 3080 1968 3132 vel
1998 3093 2085 3131 re-

2186 1869 2423 1935 ferenda,
2448 1870 2534 1924 vel
2561 1870 2703 1925 aliud
2727 1871 3040 1939 erigendum
3064 1871 3253 1939 altare,
3283 1879 3472 1926 contra
3503 1871 3758 1926 ecclesia-

2184 1966 2372 2022 sticam
2402 1964 2581 2031 fidem,
2613 1967 2699 2021 vel
2749 1966 3104 2036 disciplinam,
3131 1965 3439 2033 crediderit,
3471 1980 3579 2020 non
3606 1974 3763 2019 exeat

2184 2056 2496 2126 impunitus.
2512 2057 2828 2112 Valentinus
2850 2057 3032 2127 prima:
3057 2057 3201 2112 sedis
3214 2057 3499 2126 provinciae
3510 2056 3764 2111 Numidia:

2184 2147 2322 2201 dixit
2362 2146 2718 2202 :Neccssario
2770 2147 3061 2217 disciplinte
3112 2147 3488 2202 ecclesiasticae
3531 2154 3588 2201 et
3642 2145 3763 2201 fidei

2185 2247 2421 2302 congrua
2464 2243 2606 2300 sunt,
2637 2250 2756 2305 quas
2799 2235 2963 2290 frater
2991 2244 3174 2290 noster
3203 2235 3423 2306 Alypius
3451 2245 3766 2306 prosecutus

2187 2311 2298 2395 est;
2340 2328 2566 2399 proinde
2586 2330 2712 2399 quid
2736 2330 2981 2385 videatur
3000 2337 3193 2383 vestra:
3221 2330 3517 2393 dilectioni,
3550 2329 3760 2385 edieite.

2187 2442 2248 2499 Si
2293 2444 2406 2513 quis
2454 2441 2716 2512 presbyter
2765 2452 2949 2496 contra
3013 2444 3306 2512 episcopum
3356 2456 3505 2495 suum
3556 2442 3765 2511 inﬂatus

2546 2515 2768 2567 selaisma
2794 2513 3002 2583 fecerit,
3028 2514 3302 2565 auat/sema
3321 2514 3405 2566 sit.

2254 2623 2345 2679 XI.
2388 2625 2469 2679 Ab
2524 2625 2787 2680 universis
2839 2625 3107 2694 episcopis
3136 2624 3334 2680 dictum
3374 2632 3459 2679 est
3491 2641 3504 2677 :
3536 2621 3593 2678 Si
3643 2623 3766 2691 quis

2188 2718 2469 2787 presbyter
2496 2731 2527 2770 a
2557 2716 2846 2785 prmposito
2892 2731 2990 2769 suo
3039 2722 3320 2784 correptus
3374 2710 3553 2770 fuerit.
3604 2713 3765 2770 debet

2189 2808 2375 2877 utique
2418 2808 2560 2878 apud
2589 2808 2795 2863 vicinos
2822 2807 3109 2877 episcopos
3148 2806 3427 2875 conqueri,
3457 2816 3515 2861 ut
3540 2807 3608 2862 ab
3636 2805 3765 2875 ipsis

2190 2898 2303 2967 ejus
2327 2914 2487 2954 causa
2516 2900 2686 2968 possit
2712 2898 2906 2963 audiri,
2936 2914 3001 2954 ac
3049 2914 3145 2967 per
3188 2898 3333 2968 ipsos
3361 2913 3459 2953 suo
3507 2897 3765 2968 episcopo

2184 2991 2525 3057 reconciliari
2557 3008 2570 3043 :
2602 2990 2746 3060 quod
2776 2992 2872 3047 nisi
2907 2990 3111 3056 fecerit,
3143 2991 3237 3046 sed
3282 2991 3532 3060 superbia
3570 2992 3588 3061 (
3619 2979 3766 3060 quod

2186 3080 2345 3144 absit)
2374 3079 2587 3134 inﬂatus
2614 3079 3004 3135 secernendu'm
3041 3096 3100 3135 se
3127 3081 3194 3135 ab
3222 3082 3458 3152 episcopi
3484 3082 3569 3136 sui
3613 3096 3767 3136 com-

501 3171 807 3227 conciliatio
837 3169 1228 3239 pteuitentium,
1260 3182 1361 3221 nec
1401 3182 1506 3220 non
1544 3175 1596 3220 et
1626 3166 1928 3235 puellarum
1950 3183 2083 3222 con-
2112 3158 2155 3220 C
2187 3173 2441 3227 munione
2470 3172 2703 3235 duxerit,
2733 3188 2796 3228 ac
2816 3174 3127 3242 separatim,
3149 3188 3271 3227 eum
3301 3172 3568 3241 aliquibus
3595 3172 3767 3229 schis-

500 3262 731 3318 secratio
788 3276 819 3314 a
876 3258 1205 3330 presbyteris
1258 3273 1365 3311 non
1424 3256 1596 3310 fiant:
1639 3257 1683 3309 si
1730 3257 1848 3325 quis
1897 3263 2078 3310 autem

500 3351 786 3407 emerserit
810 3350 916 3404 hoc
965 3348 1187 3412 faciens,
1240 3346 1367 3416 quid
1396 3345 1462 3399 de
1508 3360 1574 3401 eo
1601 3346 1947 3400 statuendum
1977 3347 2079 3401 sit?

499 3441 749 3497 Aurelius
795 3440 1081 3509 episcopus
1131 3438 1265 3491 dixit
1311 3454 1324 3489 :
1380 3436 1596 3490 Audivit
1631 3436 1868 3503 dignatio
1898 3446 2078 3493 vestra

497 3531 895 3600 suggestionem
925 3527 1103 3581 fratris
1129 3534 1184 3582 et
1212 3526 1521 3595 coepiscopi
1550 3526 1719 3580 nostri
1750 3525 2030 3580 Fortunati
2060 3543 2074 3592 ;

497 3620 625 3692 quid
653 3620 720 3674 ad
750 3621 864 3674 hzec
910 3618 1121 3672 dicitis?
1152 3616 1233 3670 Ab
1272 3617 1534 3671 universis
1577 3616 1846 3686 episcopis
1873 3617 2076 3672 dictum

496 3719 580 3766 est
611 3729 623 3763 :
650 3710 909 3765 Chrismte
934 3707 1218 3772 confectio,
1244 3715 1300 3761 et
1328 3708 1625 3777 puellarum
1654 3708 2010 3773 consecratio,
2043 3723 2074 3762 a

496 3803 824 3873 presbyteris
853 3816 960 3854 non
992 3799 1082 3853 fiat
1104 3839 1119 3863 ,
1169 3800 1254 3853 vel
1284 3799 1641 3853 reconciliare
1668 3813 1991 3867 quemquam
2022 3798 2077 3853 in

495 3894 707 3963 publica
738 3894 896 3948 missa
927 3892 1245 3964 presbytero
1288 3907 1394 3946 non
1441 3892 1621 3957 licere,
1676 3892 1782 3946 hoc
1829 3892 2075 3947 omnibus

494 3984 688 4054 placet.

658 4074 740 4128 De
764 4074 842 4127 Itis
868 4076 951 4143 qui
981 4075 1035 4126 in
1058 4074 1286 4141 periculo
1307 4074 1461 4144 positi
1481 4076 1902 4129 reconciliantur.

568 4163 677 4217 Vll.
721 4164 966 4217 Aurelius
994 4165 1283 4232 episcopus
1310 4162 1445 4218 dixit
1471 4182 1484 4215 :
1513 4164 1567 4219 Si
1593 4165 1874 4233 quisquam
1898 4167 1951 4220 in
1980 4181 2075 4236 pe-

489 4254 673 4309 riculo
723 4253 882 4308 fuerit
933 4253 1288 4317 constitutus,
1330 4260 1387 4307 et
1413 4254 1472 4307 se
1500 4256 1850 4310 reconciliare
1880 4255 2074 4312 divinis

497 4344 755 4399 altaribus
799 4344 1041 4412 petierit,
1075 4344 1119 4397 si
1156 4344 1441 4413 episcopus
1469 4345 1663 4400 absens
1690 4345 1870 4413 fuerit,
1916 4347 2077 4402 debet

493 4435 676 4502 utique
704 4434 984 4505 presbyter
1011 4434 1293 4488 consulere
1322 4436 1651 4504 episcopum,
1704 4445 1760 4489 et
1804 4436 1883 4493 sic
1933 4439 2074 4507 peri-

2185 3278 2270 3317 ma
2308 3263 2530 3328 faciens,
2561 3262 2886 3317 sacrificium
2913 3263 3022 3317 Deo
3052 3262 3327 3330 obtulerit,
3357 3264 3639 3317 anathema
3661 3262 3766 3318 ha-

2182 3355 2390 3418 beatur,
2425 3362 2482 3408 et
2510 3354 2686 3408 locum
2708 3354 2919 3407 amittat
2943 3370 2959 3417 ;
2985 3368 3048 3408 ac
3076 3353 3122 3406 si
3150 3353 3541 3421 querimoniam
3560 3352 3767 3421 justam

2180 3445 2445 3535 adversus
2459 3444 2774 3514 episcopum
2804 3458 2913 3498 non
2938 3442 3209 3506 habuerit,
3230 3441 3605 3510 inquirendum
3632 3442 3764 3497 erit.

2182 3552 2243 3609 Si
2270 3554 2381 3626 quis
2425 3554 2695 3624 episcopus
2742 3552 2930 3626 absque
2953 3561 3193 3626 tempore
3222 3553 3423 3626 synodi
3468 3553 3523 3605 in
3550 3554 3771 3609 crimint

2178 3644 2183 3650 ι
2282 3623 2292 3626 ⁷
2392 3623 2627 3679 detentus
2649 3626 2826 3695 fuerit,
2847 3623 2889 3678 ἀ
2913 3623 2979 3677 12
3006 3624 3257 3693 episcopis
3285 3625 3543 3676 audiatur.

2250 3733 2363 3789 XII.
2403 3733 2553 3789 Felix
2592 3735 2880 3804 episcopus
2926 3733 3103 3787 dixit:
3157 3732 3415 3801 Suggere,
3466 3732 3769 3788 secundum

2179 3831 2380 3877 statuta
2414 3833 2655 3878 veterum
2684 3824 3056 3887 conciliorum,
3115 3831 3175 3875 ut
3222 3822 3267 3875 si
3317 3824 3438 3890 quis
3476 3824 3771 3893 episcopus

2180 3914 2344 3985 (quod
2376 3929 2481 3969 non
2527 3914 2806 3983 optamus)
2838 3916 2890 3968 in
2939 3921 3149 3968 reatum
3195 3912 3425 3980 aliquem
3454 3913 3768 3979 incurrerit,

2178 4015 2234 4060 et
2261 4004 2422 4059 fuerit
2452 4006 2501 4059 ei
2532 4005 2695 4058 nimia
2720 4005 3013 4059 necessitas
3043 4020 3151 4059 non
3172 4018 3333 4073 posse
3354 4004 3613 4073 plurimos
3636 4018 3774 4059 con-

2177 4112 2439 4167 gregare,
2494 4114 2562 4153 ne
2616 4100 2671 4152 in
2712 4099 2936 4153 crimine
2982 4106 3281 4164 remaneat,
3315 4112 3345 4151 a
3379 4097 3448 4149 η
3495 4098 3771 4168 episcopis

2182 4190 2453 4255 audiatur,
2499 4198 2555 4243 et
2598 4190 2878 4259 presbyter
2903 4204 2931 4243 a
2960 4205 3056 4244 sex
3094 4188 3364 4258 episcopis
3389 4203 3513 4241 cum
3540 4188 3773 4259 proprio

2174 4292 2274 4332 suo
2303 4279 2559 4347 episeopo
2591 4278 2856 4344 audiatur,
2890 4284 2946 4334 et
2972 4277 3231 4332 diaconus
3264 4291 3295 4330 a
3325 4277 3512 4331 tribus.

2182 4383 2248 4444 Ut
2296 4408 2396 4445 non
2430 4392 2580 4444 liceat
2623 4392 2915 4462 episwpum
2953 4391 3055 4462 nisi
3102 4407 3135 4442 a
3187 4390 3707 4462 p‘luriinishordinari
3741 4406 3767 4456 ;

2246 4462 2336 4515 sed
2360 4463 2403 4539 si
2446 4459 2725 4539 necessitas
2751 4459 2921 4526 fuerit,
2955 4461 3033 4514 vel
3080 4478 3113 4514 a
3144 4459 3304 4513 tribus
3341 4459 3608 4513 ordinetur
3639 4462 3763 4530 cpi:-

491 4525 773 4579 clitantem
798 4524 915 4591 ejus
951 4533 1219 4593 prteceptio
1246 4526 1622 4592 reconciliare,
1646 4540 1806 4594 quam
1829 4543 1941 4582 rem
1972 4528 2070 4583 de-
2102 4524 2149 4584 ἰ)
2243 4533 2434 4601 scopis.

490 4616 681 4670 bemus
709 4615 908 4669 salubri
939 4614 1171 4670 consilio
1215 4616 1489 4693 roborare.
1523 4615 1605 4670 Ab
1650 4618 1914 4673 universis
1955 4619 2068 4687 epi-

490 4707 669 4776 scopis
699 4706 903 4761 dietum'
926 4716 1008 4760 est
1039 4724 1051 4759 :
1078 4706 1262 4761 Placet
1314 4708 1458 4776 quod
1488 4707 1744 4762 sanctitas
1762 4715 1940 4763 vestra
1967 4724 2065 4763 ne»

488 4798 726 4854 cessario
745 4812 845 4851 nos
874 4798 1139 4851 instruere
1159 4796 1372 4863 dignata
1394 4804 1495 4853 est.
1996 4781 2005 4784 5

490 4909 571 4966 De
617 4911 693 4963 his
729 4911 815 4980 qui
862 4910 915 4963 in
947 4909 1326 4961 accusationem
1354 4909 1569 4979 majoris
1598 4918 1722 4963 natu
1753 4912 1994 4976 ueniunt;
2016 4923 2066 4967 et

632 4992 686 5034 ut
714 4979 1003 5050 episcopum
1030 4981 1157 5032 nulli
1186 4979 1458 5033 criminosa
1489 4981 1641 5033 liceat
1662 4997 1921 5037 accusare.

565 5073 694 5126 VIII.
735 5072 1013 5127 Numidius
1042 5072 1326 5140 episcopus
1350 5070 1707 5126 Maxulitanus
1725 5072 1896 5126 dixit:
1923 5072 2065 5127 Prte-

493 5172 640 5217 terea
664 5150 1182 5232 suntquamplurimi
1205 5175 1309 5216 non
1333 5161 1486 5214 bona:
1508 5162 1952 5224 conversationis,
1977 5164 2067 5231 qui

491 5256 803 5313 existimant
823 5256 1052 5323 majores
1078 5264 1225 5317 natu,
1255 5254 1340 5309 vel
1370 5254 1673 5323 episcopos,
1699 5256 1896 5323 passim
1918 5270 2071 5323 vage-

492 5361 599 5415 que
626 5346 678 5399 in
729 5347 1127 5400 accusationem
1166 5345 1485 5414 pulsandos;
1513 5344 1711 5399 debent
1755 5353 1863 5398 tam
1912 5346 2067 5402 facile

494 5436 730 5499 admitti,
783 5436 985 5489 necne?
1026 5435 1275 5491 Aurelius
1321 5436 1605 5505 episcopus
1659 5435 1838 5489 dixit:
1886 5436 2066 5493 Placet

492 5529 653 5594 igitur
679 5526 929 5581 ebaritati
953 5534 1147 5580 vestrae
1176 5537 1231 5580 ut
1283 5528 1327 5581 is
1370 5526 1459 5596 qui
1488 5525 1751 5595 aliquibus
1776 5527 2067 5584 sceleribus

490 5618 737 5673 irretitus
780 5624 866 5671 est
893 5632 1081 5672 vocem
1104 5616 1361 5673 adversus
1389 5616 1650 5684 majorem
1692 5625 1819 5673 natu
1848 5635 1955 5674 non
1977 5621 2068 5676 ba-

491 5710 616 5763 boat
642 5709 947 5765 accusandi.
976 5711 1057 5765 Ab
1107 5710 1366 5765 universis
1414 5711 1683 5779 episcopis
1705 5710 1905 5768 dictum
1932 5724 2019 5771 est
2046 5732 2058 5768 :

492 5800 551 5854 Si
578 5801 895 5858 criminosus
919 5810 1020 5869 est,
1052 5816 1161 5857 non
1184 5799 1511 5866 admittatur,
1545 5799 1741 5871 placet.

2246 4620 2381 4675 XIII.
2408 4620 2658 4675 Aurelius
2699 4621 2987 4690 episcopus
3009 4620 3183 4674 dixit:
3216 4619 3353 4685 Quid
3382 4618 3450 4674 ad
3494 4619 3609 4674 hate
3628 4613 3772 4675 dicit

2173 4714 2430 4768 sanctitas
2452 4713 2671 4767 vestra?
2694 4713 2774 4767 Ab
2805 4714 3069 4768 universis
3098 4713 3370 4783 epiSCOpis
3406 4712 3604 4767 dictum
3634 4720 3723 4767 est
3745 4730 3765 4767 :

2173 4806 2219 4860 A
2238 4806 2395 4859 nobis
2424 4815 2666 4859 veterum
2709 4812 2911 4859 statuta
2935 4805 3134 4859 debere
3157 4804 3382 4869 servari,
3416 4804 3571 4860 sicuti
3597 4814 3653 4857 et
3672 4805 3770 4858 in-

2172 4894 2417 4950 consulto
2441 4893 2670 4961 primate
2693 4893 2981 4961 cujuslibet
3008 4893 3320 4961 provincize,
3344 4901 3455 4946 tam
3478 4891 3636 4946 facile
3648 4907 3770 4947 non

2176 4990 2502 5054 praesumant
2531 4982 2679 5035 multi
2710 4983 3019 5050 congregati
3046 4981 3289 5051 episcopi
3318 4981 3629 5051 episcopum
3659 4996 3767 5035 or-

2174 5073 2361 5128 dinare
2382 5089 2396 5122 :
2414 5071 2514 5124 nisi
2532 5069 2622 5143 [F.
2642 5071 2785 5139 quod
2814 5068 2881 5141 si]
2906 5072 3196 5125 necessitas
3217 5070 3396 5138 fuerit,
3416 5078 3527 5124 tres
3553 5069 3771 5139 episco-

2176 5164 2261 5234 pi,
2294 5163 2349 5216 in
2377 5176 2698 5230 quocunque
2728 5161 2849 5217 loco
2894 5161 3016 5224 sint,
3044 5160 3161 5229 ejus
3206 5166 3474 5229 praerepto
3505 5158 3767 5214 ordinare

2174 5256 2445 5312 debebunt
2484 5255 2825 5323 episcopum;
2866 5262 2920 5307 et
2968 5254 3011 5306 si
3040 5254 3161 5321 quis
3208 5260 3397 5307 contra
3426 5265 3577 5304 suam
3626 5266 3772 5320 pro-

2174 5349 2483 5409 fessionem,
2516 5347 2601 5401 vel
2630 5342 3076 5416 subscriptiobem
3100 5344 3308 5399 venerit
3329 5346 3380 5397 in
3403 5343 3604 5413 aliquo,
3636 5344 3765 5413 ipse

2173 5454 2231 5493 se
2260 5439 2465 5492 honore
2493 5436 2742 5506 privabit.

2176 5551 2243 5603 Ut
2272 5551 2335 5602 de
2361 5548 2556 5617 Tripoli
2586 5565 2716 5600 unus
2753 5549 3022 5617 episcopus
3066 5550 3119 5601 in
3151 5547 3457 5617 legationem
3484 5544 3667 5617 veniat,
3700 5555 3777 5599 of

2245 5632 2297 5673 ut
2324 5616 2587 5689 presbyter
2612 5619 2795 5671 ibidem
2828 5636 2860 5670 a
2886 5616 3107 5689 quinque
3133 5616 3385 5687 episcopis
3414 5616 3673 5669 audiatur.

2244 5711 2379 5765 XIV.
2420 5711 2550 5765 Item
2603 5711 2806 5781 placuit
2846 5711 2913 5765 de
2967 5711 3194 5781 Tripoli,
3242 5718 3463 5781 propter
3511 5708 3771 5781 inopiam

2174 5804 2463 5872 provincia:
2516 5820 2650 5859 unus
2690 5803 2973 5875 cpiscopus
3013 5804 3418 5875 inlegationcui
3448 5802 3650 5866 veniat,
3692 5810 3773 5857 et
