3982 6196
287 369 396 424 189

1270 367 1490 425 CODEX
1531 360 1857 423 CANONUM
1897 358 2580 418 ECCLESIASTICORUM.

3452 362 3567 421 "0‘

280 490 348 534 ut
377 479 455 535 ibi
484 486 761 551 presoytcr
789 494 817 531 a
847 478 1081 548 quinque
1110 478 1357 532 audiatur
1376 478 1657 550 episcopis,
1688 483 1743 529 et
1762 473 1876 528 dia-
1908 476 1956 534 Α
1981 472 2238 540 scriptum
2267 478 2347 524 est
2368 471 2539 526 enim:
2564 471 2857 539 «Accipite,
2886 478 2940 527 et
2962 471 3154 536 edite,»
3176 472 3434 528 cadavera
3456 488 3553 527 au-

280 586 471 626 oonus
496 586 527 625 a
548 571 736 634 tribus,
771 579 828 623 ut
850 570 1097 640 superius
1126 579 1481 626 memoratum
1511 576 1592 624 est
1611 610 1624 633 ,
1660 566 1876 640 proprio

282 663 559 734 epicum
577 662 871 718 militante.

286 773 372 827 De
403 774 617 828 diversis
647 773 921 853 ordinibus
940 771 1188 853 Ecclesia:
1206 774 1540 853 sarcientibus
1563 789 1594 853 ΞΔ
1619 779 1673 853 ut
1765 771 1878 853 quis

361 862 582 897 causam
628 845 861 897 criminis
904 844 1197 905 incurrerit,
1248 852 1297 895 et
1354 842 1596 912 abjecetit
1622 842 1878 911 judicium

357 915 789 975 ecclesiasticum,
834 912 1015 966 debeat
1051 913 1375 982 periclitari;
1404 923 1452 966 et
1490 922 1547 965 ut
1567 913 1666 981 ﬁlii
1698 926 1876 965 sacer-

355 987 542 1038 dotum
565 983 860 1053 spectacula
884 982 1156 1036 swcularia
1179 1000 1282 1036 non
1307 983 1517 1036 adeant.

359 1073 481 1129 XV.
526 1072 660 1128 Item
688 1072 890 1145 placuit
922 1079 979 1125 ut
1006 1071 1248 1140 quisquis
1292 1071 1698 1142 episcoporum,
1727 1084 1871 1141 prosa

281 1164 632 1236 byterorum,
682 1174 739 1217 et
765 1162 1139 1224 diaconorum,
1172 1177 1267 1217 seu
1297 1162 1639 1226 clericorum,
1672 1176 1790 1216 cum
1820 1161 1875 1215 in

283 1255 535 1313 Ecclesia
567 1257 618 1309 ei
646 1254 808 1311 fuerit
826 1255 1031 1310 crimen
1058 1254 1382 1316 institutum,
1406 1252 1491 1306 vel
1514 1251 1685 1306 civilis
1712 1266 1876 1306 causa

281 1347 455 1403 fuerit
480 1354 756 1402 commota
778 1387 796 1414 ,
839 1346 907 1410 si,
932 1344 1123 1402 relicto
1154 1343 1517 1399 ecclesiastico
1541 1341 1762 1411 judicio,
1786 1359 1878 1414 pu-

279 1437 446 1493 blicis
464 1436 681 1506 iudiciis
708 1435 927 1509 purgari
945 1434 1195 1499 voluerit,
1218 1432 1427 1489 etiamsi
1448 1448 1546 1505 pro
1568 1434 1684 1503 ipso
1713 1432 1879 1489 fuerit

279 1526 507 1597 prolata
536 1525 825 1590 sententia,
876 1525 1055 1580 locum
1105 1539 1262 1578 suum
1299 1523 1533 1586 amittat,
1583 1530 1639 1577 et
1686 1522 1877 1577 hocin

277 1615 591 1681 «iniiinii;
623 1616 679 1669 in
698 1615 842 1673 civili
866 1630 994 1671 vero
1015 1614 1215 1686 perdat
1239 1613 1381 1683 quod
1410 1613 1591 1679 evicit,
1622 1614 1667 1667 si
1697 1612 1873 1667 locum

277 1720 446 1761 suum
467 1705 715 1760 obtinere
742 1704 1009 1760 maluerit.
1033 1703 1151 1761 Hoc
1179 1704 1340 1758 etiam
1372 1703 1587 1774 placuit,
1620 1709 1679 1756 ut
1703 1717 1733 1755 a
1763 1701 1876 1768 qui-

281 1798 611 1865 buscunque
656 1796 925 1865 judicibus
978 1795 1356 1849 ecclesiasticis
1394 1793 1461 1847 ad
1491 1792 1627 1847 alios
1665 1792 1873 1862 judices

280 1887 716 1954 ecclesiasticos,
745 1887 835 1941 ubi
869 1895 953 1942 est
986 1886 1159 1954 major
1192 1886 1507 1952 auctoritas,
1556 1884 1718 1939 fuerit
1746 1899 1872 1955 pro-

281 1989 569 2046 vocatum,
622 1995 735 2034 non
779 1979 861 2033 eis
900 1976 1041 2034 obsit
1070 1992 1298 2047 quorum
1328 1976 1489 2030 fuerit
1534 1976 1712 2031 soluta
1743 1991 1869 2030 sen-

282 2070 483 2134 tentia,
508 2070 554 2124 si
592 2069 836 2124 convinci
861 2084 969 2123 non
995 2068 1292 2139 potuerint,
1323 2066 1407 2121 vel
1442 2066 1661 2121 inimico
1691 2066 1869 2121 animo

278 2159 582 2229 iudicasse,
604 2162 691 2216 vel
742 2161 919 2231 aliqua
948 2160 1243 2233 cupiditate
1265 2168 1358 2213 aut
1382 2159 1550 2227 gratia
1572 2158 1868 2229 depravati.

279 2249 437 2305 Sane
463 2250 512 2306 si
540 2268 607 2307 ex
655 2268 923 2309 consensu
949 2253 1183 2325 partium
1232 2251 1391 2306 electi
1421 2249 1617 2305 fuerint
1638 2250 1866 2319 judices,

280 2339 455 2393 etiam
478 2353 511 2393 a
537 2341 771 2410 pauciori
804 2357 1044 2407 numero,
1069 2356 1229 2410 quam
1259 2340 1605 2396 constitutum
1631 2347 1730 2405 est,
1762 2355 1870 2395 non

281 2429 457 2483 liceat
500 2433 799 2500 provocari.
833 2431 897 2486 Et
937 2441 998 2487 ut
1042 2432 1134 2486 lilii
1184 2431 1521 2486 sacerdotum
1566 2430 1870 2502 spectacula

278 2519 566 2573 saecularia
596 2536 700 2575 non
731 2522 1039 2588 exhibeant,
1070 2520 1165 2575 sed
1198 2534 1297 2574 nec
1323 2527 1589 2589 spectent,
1620 2519 1744 2573 licet
1767 2519 1869 2573 hoc

276 2623 509 2677 semper
527 2610 840 2665 Christianis
865 2611 1109 2665 omnibus
1138 2607 1391 2663 indictum
1419 2608 1508 2673 sit,
1531 2615 1587 2662 et
1608 2607 1695 2662 ubi
1723 2606 1867 2662 blas-

277 2696 521 2765 phemiae
547 2707 688 2764 sunt,
722 2714 827 2753 non
856 2698 1132 2753 accedant.

278 2804 359 2863 Ut
388 2811 564 2863 nullus
586 2813 868 2880 episwpus,
902 2810 1182 2880 presbyter,
1212 2820 1260 2863 et
1305 2803 1550 2863 diaconus
1588 2809 1867 2880 conductor

350 2882 579 2944 etiam;
602 2890 650 2933 ct
673 2894 727 2932 ut
746 2879 960 2933 lectores
976 2879 1161 2935 uxores
1183 2882 1470 2949 accipiant;
1492 2889 1540 2931 et
1560 2879 1727 2931 clerici
1749 2881 1869 2932 abs-

356 2951 560 3003 timet
581 2950 644 3005 ab
664 2953 866 3017 amris;
896 2961 1062 3021 etquo
1086 2961 1307 3020 tempore
1329 2950 1532 3019 velipai,
1556 2949 1630 3003 vel
1648 2951 1866 3020 virgines

353 3031 741 3074 consectentur.

352 3110 500 3165 XVI.
541 3112 673 3167 Item
706 3113 905 3182 placuit
945 3123 1004 3167 ut
1043 3113 1301 3183 episcopi,
1345 3110 1640 3182 presbyteri
1669 3120 1723 3165 et
1747 3110 1856 3165 dia-

1977 568 2083 614 tem
2128 576 2231 617 nec
2270 562 2518 631 accipere
2572 570 2816 631 possunt,
2846 577 2945 616 nec
2989 561 3193 629 edere;
3230 572 3287 618 et
3322 580 3394 621 ne
3438 563 3573 637 jam;

1977 661 2220 707 mortuos
2287 654 2534 709 homines
2590 655 2851 724 baptizari
2906 654 3066 710 faciat
3116 658 3553 727 presbyterorum

1977 744 2187 812 ignavia
2220 763 2233 798 :
2261 761 2361 814 pro
2389 761 2495 815 qua
2514 760 2574 801 re
2602 745 3026 802 conﬁrmandum
3049 754 3130 803 est
3159 749 3212 802 in
3242 749 3343 803 bac
3364 756 3551 809 sancta

1976 834 2180 905 synodo
2204 842 2280 900 ut,
2312 836 2605 891 secundum
2627 836 2840 891 Nicasna
2865 844 3082 903 statuta,
3114 847 3333 909 propter
3358 838 3555 905 causas

1976 928 2392 995 ecclesiasticas,
2415 943 2531 995 quia:
2560 928 2625 983 ad
2648 929 2938 997 perniciem
2980 930 3213 999 plebium
3242 945 3387 1000 saepe
3404 937 3555 986 vete-

1975 1025 2219 1079 rascunt,
2246 1016 2466 1081 singulis
2505 1017 2804 1087 quibusque
2829 1018 2984 1073 annis
3031 1019 3317 1075 concilium
3348 1033 3552 1075 convo-

1975 1113 2154 1173 cetur,
2183 1106 2250 1159 ad
2274 1105 2418 1176 quod
2447 1122 2635 1161 omnes
2663 1107 2970 1175 provinciae,
3012 1123 3137 1176 qua:
3158 1109 3356 1178 primas
3395 1108 3559 1166 sedes

1975 1194 2193 1258 habent,
2225 1195 2291 1249 de
2320 1195 2562 1249 conciliis
2590 1195 2701 1249 suis
2749 1196 2924 1261 binos,
2972 1205 3065 1250 aut
3086 1205 3317 1264 quantos
3337 1197 3551 1265 delege-

1975 1285 2103 1355 rint,
2125 1285 2409 1355 episcopos
2439 1285 2643 1352 legatos
2672 1285 2889 1340 mittant
2914 1325 2932 1349 ,
2964 1295 3023 1341 ut
3065 1295 3389 1361 congregato
3417 1302 3551 1344 cou-

1973 1382 2136 1430 ventu
2160 1377 2318 1447 plena
2345 1375 2514 1445 possit
2543 1392 2661 1431 esse
2688 1377 3001 1432 auctoritas.

1980 1486 2051 1541 Ut
2092 1488 2139 1541 si
2180 1488 2293 1558 quia
2328 1488 2614 1561 episwpus
2635 1498 2921 1561 accusatur,
2971 1490 3042 1543 ad
3086 1491 3361 1559 primatem
3387 1491 3561 1561 ipsim-

2388 1559 2663 1628 provincia:
2691 1574 2846 1612 causa
2869 1560 3142 1630 deferatur.

2047 1644 2183 1700 XIX.
2217 1647 2464 1702 Aurelius
2486 1642 2770 1717 episcopus
2790 1648 2923 1703 dixit
2949 1666 2961 1701 :
2988 1648 3239 1718 Quisquis
3266 1650 3549 1719 episcopo-

1974 1752 2091 1793 rum
2121 1745 2422 1802 accusatur,
2452 1737 2517 1791 ad
2540 1738 2798 1807 primates
2826 1739 3115 1807 provincia:
3144 1738 3310 1809 ipsius
3334 1755 3550 1795 causam

1907 1835 1949 1895 Β
1976 1826 2183 1883 deferat
2231 1836 2540 1895 accusator;
2587 1843 2687 1884 nec
2714 1845 2744 1882 a
2768 1830 3145 1885 communione
3172 1829 3547 1900 suspendatur,

1974 1919 2060 1975 cui
2083 1919 2285 1973 crimen
2311 1919 2625 1985 intenditur,
2678 1920 2780 1974 nisi
2820 1920 2887 1974 ad
2916 1936 3131 1977 causam
3177 1937 3328 1975 suam
3368 1921 3550 1977 dicen-

1971 2009 2095 2063 dam
2118 2009 2414 2064 electorum
2437 2009 2696 2078 judicum,
2727 2010 2814 2064 die
2851 2019 3075 2077 statuta,
3118 2012 3310 2067 litteris
3353 2027 3549 2067 evoca-

1974 2106 2081 2162 tus,
2110 2099 2329 2153 miuime
2357 2099 2689 2165 occurrerit,
2725 2099 2829 2155 h'oc
2858 2108 2941 2155 est
2969 2101 3106 2155 infra
3134 2102 3361 2171 spatium
3399 2117 3548 2156 men-

1971 2188 2065 2253 sis,
2097 2203 2162 2242 ex
2184 2203 2247 2243 ea
2276 2188 2382 2251 die,
2407 2204 2509 2258 qua
2538 2205 2662 2244 eum
2690 2190 2896 2245 litteras
2918 2191 3188 2262 accepisse
3214 2192 3545 2249 constiterit:

1969 2280 2113 2349 quod
2142 2280 2187 2334 si
2209 2280 2414 2350 aliquas
2439 2297 2596 2335 veras
2626 2282 2964 2337 necessitatis
3002 2296 3189 2336 causas
3215 2282 3546 2353 probaverit,

1970 2370 2165 2440 quibus
2192 2388 2313 2425 eum
2344 2388 2624 2428 occurrere
2654 2389 2760 2427 non
2792 2374 3033 2443 potuisse
3074 2373 3412 2428 manifestum
3454 2374 3547 2442 sit,

1970 2474 2146 2515 causa:
2175 2460 2413 2516 dicenda:
2439 2462 2579 2517 intra
2621 2462 2847 2518 alterum
2888 2478 3129 2518 mensem
3161 2463 3417 2532 integrann
3445 2464 3544 2517 ha-

1968 2550 2095 2607 beat
2123 2550 2425 2607 facultatem
2448 2570 2463 2618 ;
2489 2569 2672 2608 verum
2696 2563 2802 2609 tam
2830 2553 2919 2609 diu
2942 2563 3064 2625 post
3090 2570 3327 2609 mensem
3349 2571 3545 2610 secun-

1968 2640 2094 2694 dum
2123 2658 2233 2696 non
2264 2643 2648 2710 communicet,
2679 2643 2850 2699 donec
2877 2652 3158 2714 purgetur.
3192 2644 3248 2700 Si
3278 2652 3456 2700 autem
3476 2646 3547 2701 ad

1967 2730 2252 2783 concilium
2277 2732 2580 2786 universale
2608 2733 3032 2788 anniversarium
3052 2750 3338 2790 occurrere
3358 2735 3543 2792 nolue-

1967 2820 2057 2887 rit,
2086 2828 2141 2873 ut
2164 2821 2244 2875 vel
2271 2822 2341 2875 ibi
2370 2836 2526 2877 causa
2555 2822 2670 2891 ejus
2700 2824 3015 2879 terminetur
3034 2866 3051 2891 ,
3081 2825 3197 2895 ipse
3229 2826 3283 2880 in
3308 2842 3368 2881 se
3388 2827 3543 2881 dam-

1967 2910 2213 2981 nationis
2241 2912 2559 2964 sententiam
2589 2912 2786 2967 dixisse
2819 2913 3106 2982 judlcetur,
3139 2922 3380 2987 tempore
3408 2932 3541 2971 sane

1966 3016 2074 3070 quo
2102 3018 2208 3057 non
2236 3005 2614 3069 communicat,
2645 3020 2745 3059 nec
2771 3006 2825 3060 in
2851 3021 2948 3061 sua
2975 3006 3235 3074 Ecclesia,
3262 3009 3345 3063 vel
3375 3025 3535 3079 paro-

1967 3093 2084 3146 cbia
2111 3095 2487 3148 communicet.
2518 3094 2811 3150 Accusator
2833 3105 3010 3151 autem
3036 3098 3171 3167 ejus,
3196 3100 3240 3153 si
3266 3116 3538 3171 nunquam

273 3206 431 3271 coni,
456 3220 566 3259 non
596 3205 704 3260 sint
724 3205 1107 3269 conductores,
1139 3213 1235 3259 aut
1262 3212 1658 3273 procuratores,
1690 3217 1865 3271 neque

1970 3184 2155 3241 diebus
2183 3202 2357 3241 causae
2387 3186 2623 3241 dicenda:
2669 3185 2914 3256 defuerit,
2956 3205 2987 3243 a
3018 3191 3395 3247 communione
3422 3208 3531 3259 non

274 3294 397 3349 ullo
417 3294 562 3364 turpi
590 3295 826 3363 negotio,
850 3304 905 3350 et
929 3295 1212 3350 inhonesto
1234 3297 1429 3350 victum
1451 3304 1709 3366 qumrant,
1738 3296 1863 3365 quia

276 3386 559 3457 respicere
574 3386 772 3441 debent
791 3388 1049 3457 scriptum
1071 3403 1215 3443 esse:
1243 3406 1261 3439 ‹
1286 3388 1469 3442 Nullus
1494 3388 1727 3441 militans
1754 3389 1863 3442 Deo

279 3477 530 3545 implicat
582 3491 642 3530 se
692 3478 922 3545 negotiis
967 3478 1333 3533 saecularibus.
1367 3497 1384 3530 ι
1420 3478 1548 3533 ltcm
1578 3479 1777 3547 placuit
1807 3487 1865 3531 ut

280 3564 545 3630 lectores,
579 3581 700 3619 cum
725 3567 792 3621 ad
822 3582 991 3621 annos
1031 3569 1327 3637 pubertatis
1378 3548 1739 3637 pervenerint,
1770 3583 1863 3621 co-

281 3664 481 3723 gantur
506 3664 599 3709 aut
626 3672 822 3711 uxores
846 3656 1059 3723 ducere,
1077 3667 1169 3712 aut
1188 3659 1571 3714 continentiam
1600 3657 1858 3729 profiteri.

280 3744 416 3799 Item
442 3744 645 3814 placuit
686 3754 741 3799 ut
766 3746 1012 3812 clericus,
1039 3748 1083 3801 si
1114 3748 1534 3802 commodaverit
1558 3748 1858 3817 pecuniam,

282 3836 569 3903 pecuniam
584 3838 805 3905 accipiat
822 3839 893 3899 ;si
912 3839 1163 3907 speciem,
1180 3839 1419 3893 eamdem
1432 3839 1685 3909 speciem,
1701 3856 1865 3910 quan-

282 3934 391 3977 tam
413 3924 646 3992 dederit,
664 3928 919 3997 accipiat;
937 3936 993 3981 et
1014 3938 1072 3981 ut
1093 3938 1215 3983 ante
1242 3930 1425 3997 viginti
1443 3930 1677 3998 quinque
1694 3945 1863 3984 annos

282 4016 461 4069 aetatis
491 4031 595 4071 nec
640 4018 855 4072 diaconi
904 4018 1240 4085 ordinentur,
1289 4036 1387 4073 nee
1408 4021 1637 4087 virgines
1666 4036 1860 4076 conse-

282 4113 539 4171 crentnr;
572 4114 626 4159 et
655 4115 715 4159 ut
738 4107 971 4163 lectores
999 4109 1252 4178 populum
1282 4124 1389 4162 non
1428 4111 1678 4165 salutent.
1811 4180 1816 4185 ῃ

290 4210 357 4266 Ut
374 4231 699 4285 unaquaeque
725 4219 1003 4292 provincia,
1018 4228 1243 4292 propter
1271 4220 1711 4292 longinquitatem,
1748 4223 1860 4292 pri-

724 4298 910 4340 matem
941 4289 1125 4341 habeat
1149 4290 1433 4357 proprium.

352 4371 517 4427 ῐηι.
554 4373 759 4431 Placuit
806 4387 863 4431 ut
900 4378 1213 4433 Mauritania
1244 4378 1541 4443 Sitifensis,
1590 4388 1649 4434 ut
1679 4389 1862 4451 postw

286 4460 436 4525 lavit,
470 4465 755 4532 primatem
786 4467 1071 4535 provinciae
1100 4466 1374 4530 Numidiae,
1423 4482 1491 4520 ex
1537 4468 1687 4536 cujus
1716 4476 1859 4522 emta

1963 3286 2331 3343 removeatur;
2363 3278 2407 3331 si
2445 3294 2573 3333 vero
2615 3277 2900 3347 aliquando
2926 3279 3172 3345 defuerit,
3215 3283 3535 3339 subtrahens

1962 3382 2041 3433 se,
2066 3370 2312 3423 restituto
2338 3369 2388 3422 in
2418 3371 2793 3426 communione
2817 3371 3086 3442 episcopo,
3121 3374 3233 3443 ipse
3259 3390 3537 3430 removea-

1962 3465 2048 3510 tur
2076 3474 2106 3511 a
2134 3459 2510 3513 communione
2538 3469 2819 3517 accusator
2843 3477 2856 3514 :
2895 3462 2968 3516 ita
3000 3470 3201 3531 tamen,
3226 3473 3282 3518 ut
3309 3480 3405 3521 nec
3433 3465 3535 3536 ipsi

1962 3547 2229 3601 adimatur
2256 3549 2479 3604 facultas
2509 3566 2683 3605 causae
2729 3552 3062 3623 peragendrc,
3105 3555 3150 3608 si
3193 3570 3252 3610 se
3290 3555 3357 3610 ad
3393 3555 3534 3611 diem

1962 3656 2245 3697 occurrere
2276 3657 2381 3696 non
2413 3642 2788 3697 voluisse‘sed
2811 3659 2915 3698 non
2945 3646 3182 3717 potuisse
3204 3646 3530 3715 probaverit.

1961 3729 2093 3785 Illud
2117 3746 2261 3797 vero,
2296 3741 2352 3785 ut
2376 3749 2496 3786 cum
2528 3746 2686 3801 agere
2709 3734 2936 3803 cmperit
2966 3735 3017 3788 in
3049 3736 3421 3805 episcoporum
3440 3736 3533 3805 ju-

1959 3822 2122 3886 dicio,
2154 3823 2197 3877 si
2226 3819 2384 3876 fuerit
2411 3824 2739 3877 accusatoris
2764 3841 2988 3893 persona
3014 3826 3308 3893 culpabilis,
3354 3829 3419 3879 ad
3449 3841 3533 3879 ar-

1961 3912 2228 3981 guendum
2273 3930 2377 3966 non
2409 3914 2740 3977 admittatur,
2773 3915 2869 3967 nisi
2902 3916 3142 3982 proprias
3184 3931 3394 3982 causas,
3426 3932 3532 3971 non

1960 4009 2137 4058 tamen
2166 4002 2574 4066 ecclesiasticas,
2608 4018 2849 4056 asserere
2879 4003 3127 4057 voluerit.

2212 4112 2289 4166 De
2316 4114 2646 4184 presbyteris,
2678 4112 2755 4166 vel
2781 4114 2979 4168 clericis
3009 4117 3280 4169 accusatis.

2036 4204 2147 4258 XX.
2177 4204 2233 4259 Si
2256 4214 2432 4259 autem
2464 4207 2780 4276 presbyteri,
2806 4207 2893 4261 vel
2917 4206 3124 4262 diaconi
3153 4207 3349 4262 fuerint
3373 4223 3532 4265 accu-

1960 4294 2082 4355 sati,
2128 4293 2382 4362 adjuucto
2410 4294 2508 4348 sibi
2538 4310 2603 4348 ex
2638 4296 2823 4349 vicinis
2854 4296 2984 4350 locis
3013 4314 3132 4351 cum
3166 4298 3383 4367 proprio
3417 4300 3535 4370 epi-

1961 4401 2127 4454 scopo
2156 4386 2394 4452 legitimo
2435 4401 2659 4439 numero
2692 4386 3016 4455 collegarum
3061 4404 3197 4456 quos
3248 4390 3318 4443 ab
3343 4390 3533 4446 eodem

1964 4475 2197 4529 accusati
2224 4474 2595 4543 petierintzid
2626 4482 2711 4530 est
2758 4491 2863 4530 una
2911 4492 3092 4531 secum
3140 4479 3193 4532 in
3239 4480 3536 4551 presbyteri

282 4562 589 4619 levamur.
632 4562 693 4607 ιιι
719 4570 877 4608 suum
910 4555 1106 4609 habent
1151 4554 1435 4625 Ρνίηηῑεω
1460 4595 1477 4621 9
1520 4570 1700 4623 quem.
1727 4570 1859 4609 con-
1891 4555 1937 4613 Β
1965 4568 2179 4620 nomine
2207 4581 2332 4630 sex,
2384 4566 2435 4619 in
2476 4566 2689 4621 diaconi
2715 4576 2824 4621 tres
2850 4568 3085 4636 ipsorum
3114 4584 3329 4624 causam
3358 4568 3535 4626 discu-

284 4641 644 4700 scntientibus
674 4644 921 4698 omnibus
939 4643 1252 4713 pr'matibm
1289 4643 1683 4711 provinciarum
1708 4642 1849 4696 Afri-

284 4754 567 4801 canarum,
598 4736 686 4790 vel
715 4735 961 4789 omnibus
986 4732 1279 4803 episc0pis,
1297 4744 1520 4804 propter
1542 4734 1848 4804 longinqui-

290 4838 453 4883 tatem
473 4828 675 4882 habere
703 4826 960 4896 permissa
987 4834 1091 4879 est.

287 4920 349 4973 Si
386 4921 505 4989 φύε
551 4919 771 4972 clericus
820 4918 1112 4989 ordinatur,
1164 4916 1359 4989 ntoncri
1408 4916 1559 4970 debet
1586 4918 1861 4971 constituta

357 4986 567 5044 narrare
594 5005 611 5053 ;
642 4997 691 5041 et
738 4995 792 5040 ut
844 4986 1142 5054 corporibus
1171 4986 1525 5054 defunctorum
1554 4988 1863 5040 eucharistia

359 5077 463 5113 nou
494 5060 667 5122 aletur,
696 5073 786 5109 nec
825 5057 1119 5125 baptisma;
1150 5066 1197 5106 et
1245 5064 1301 5105 ut
1330 5072 1419 5123 per
1445 5057 1676 5125 singulos
1702 5073 1865 5108 annos

356 5146 449 5196 per
478 5143 656 5180 omnes
708 5128 1001 5196 provincias
1051 5124 1119 5177 ad
1164 5126 1437 5178 concilium
1489 5124 1866 5194 metropolitani

357 5198 713 5251 conveniatur.

356 5285 542 5339 XVII].
586 5284 719 5339 Item
774 5283 975 5353 placuit
1020 5292 1080 5337 ut
1146 5284 1403 5337 ordinatis
1456 5283 1722 5351 episcopis
1780 5283 1866 5337 vel

289 5378 521 5437 clericis,
552 5378 701 5445 prius
729 5379 794 5429 ab
824 5375 1218 5429 ordinatoribus
1240 5363 1351 5428 suis
1379 5374 1573 5443 placita
1603 5372 1860 5427 concilio-

286 5482 406 5520 rum
433 5468 651 5520 auribus
671 5481 853 5519 eorum
881 5465 1249 5530 inculceutur,
1268 5479 1336 5518 ne
1361 5478 1421 5518 se
1448 5462 1648 5532 aliquid
1676 5470 1866 5517 contra

284 5567 491 5613 statim
534 5558 746 5613 concilii
796 5557 988 5611 fecisse
1029 5556 1345 5625 paniteant.
1388 5555 1523 5609 item
1577 5554 1777 5623 placuit
1809 5562 1867 5608 ut

288 5649 612 5721 corporibus
672 5647 1048 5703 defunctorum
1117 5646 1439 5701 eucharistia
1496 5660 1605 5700 non
1669 5645 1864 5710 detur;

1969 4660 2119 4722 tiant,
2138 4659 2327 4713 eadem
2349 4658 2576 4724 dierum,
2606 4669 2660 4714 et
2680 4660 3013 4727 dilationum,
3039 4670 3095 4716 et
3113 4678 3143 4715 a
3166 4664 3536 4720 conmmnione

1966 4751 2346 4813 remotionum,
2369 4758 2422 4804 ct
2450 4749 2743 4805 discussion
2763 4753 2805 4771 “
2822 4767 3192 4820 personarum,
3214 4754 3354 4809 inter
3376 4769 3537 4809 accu-

1964 4848 2174 4892 satores
2202 4847 2257 4892 et
2285 4853 2379 4892 eos
2407 4840 2497 4907 qui
2525 4847 2866 4906 accusantur,
2916 4840 3083 4895 forma
3127 4848 3360 4896 servata.
3390 4840 3538 4895 Reli-

1966 4941 2194 4995 quorum
2216 4936 2399 4982 autem
2416 4928 2735 4983 clericorum
2759 4944 2972 4992 causas,
2991 4930 3150 4983 etiam
3171 4930 3318 4983 solus
3339 4929 3536 4999 episco~

1967 5032 2067 5085 pus
2093 5015 2195 5070 loci
2224 5026 2499 5083 agnoscat,
2532 5026 2586 5071 et
2616 5018 2782 5071 finiat.
3248 5010 3259 5019 ’

1972 5107 2041 5162 Ut
2072 5108 2169 5177 ﬁlii
2209 5109 2507 5162 clericorum
2546 5109 2598 5161 in
2637 5109 2964 5188 matrimonio
2993 5124 3095 5159 non
3115 5106 3404 5176 junguntur
3431 5107 3538 5163 Ira:-

2660 5186 2855 5230 relicta.

2046 5265 2188 5321 XXI.
2215 5267 2413 5321 lterum
2444 5266 2641 5335 placuit
2670 5274 2724 5319 ut
2756 5265 2843 5317 lilii
2887 5264 3198 5321 clericorum
3229 5267 3535 5338 gentilibus,

1969 5358 2053 5413 vel
2083 5358 2343 5413 haereticis
2372 5357 2710 5411 matrimonio
2737 5372 2841 5410 non
2862 5355 3168 5425 iungantur.

1979 5469 2046 5525 Ut
2079 5471 2303 5541 episcopi
2351 5469 2426 5524 rel
2458 5469 2638 5541 clerici
2654 5470 2710 5541 in
2754 5484 2838 5541 eos
2876 5469 2960 5538 qui
2991 5484 3092 5522 non
3131 5481 3249 5523 sunt
3299 5470 3537 5526 catholici

2534 5538 2662 5592 nillil
2688 5540 2973 5608 conferant.

2052 5639 2215 5696 XX“.
2267 5638 2338 5693 Et
2364 5644 2422 5691 ut
2466 5638 2519 5693 in
2561 5650 2654 5690 cos
2697 5636 2784 5703 qui
2828 5636 3081 5691 catholici
3119 5634 3405 5691 Christiani
3435 5651 3536 5693 nol

360 5782 376 5797 '
410 5777 719 5847 chendum
774 5784 921 5835 certe
965 5776 1211 5841 noluisse,
1256 5783 1315 5831 ut
1353 5789 1544 5832 sensus
1585 5779 1814 5832 constet.
1845 5802 1916 5814 -
1975 5769 2138 5839 Infra,
2168 5771 2256 5825 ubi
2296 5768 2490 5838 duplex
2538 5767 2839 5833 asteriscus,
2884 5765 3165 5836 legendum
3200 5766 3413 5821 videtur
3457 5752 3538 5819 cl?-

292 5866 335 5901 ε(
349 5851 588 5904 usionis.
617 5847 766 5903 εωτ.
