3976 6196
429 366 523 427 191

1699 354 2051 414 DIONY-SIUS
2088 348 2412 409 EXIGUUS.

3594 343 3697 402 I9!

430 495 580 554 sunt,
622 484 830 541 etiamsi
871 476 1251 550 consanguinei
1304 475 1518 540 fuerint,
1566 488 1662 543 per
1689 472 2011 528 donationes

2152 465 2357 519 delibus
2384 461 2557 525 laicis,
2590 459 2935 530 imponatur;
2967 472 3145 530 neque
3170 459 3611 530 permittendum,
3640 470 3702 516 ut

433 592 616 633 rerum
644 590 884 639 suarum,
914 570 1147 643 episcopi
1171 568 1255 623 vel
1284 567 1467 622 clerici
1495 565 1628 619 nihil
1656 564 1950 619 conferant.

604 665 673 720 Ut
699 667 922 736 episcopi
954 674 1096 716 trans
1124 676 1266 714 mare
1294 674 1397 712 non
1426 655 1842 726 proﬁciscantur.

506 755 691 810 XXIII.
716 756 848 810 Item
891 762 949 808 ut
997 753 1233 822 episcopi
1280 758 1427 804 trans
1454 762 1605 802 mare
1647 761 1753 799 non
1796 742 2013 813 proﬁci-

435 857 674 912 scantur,
705 848 810 902 nisi
833 847 1080 902 consulto
1108 845 1293 914 prima:
1331 841 1475 896 sedis
1500 839 1752 908 episcopo
1779 850 1891 891 suae
1912 851 2012 890 eu-

437 942 625 1011 iusque
651 941 942 1012 provincia:
966 978 981 1005 ,
1016 946 1074 992 ut
1100 938 1167 991 ab
1195 951 1260 991 eo
1280 934 1549 1005 praecipue
1572 930 1781 1001 possint
1802 940 2015 983 sumere

438 1032 721 1086 formatam
746 1031 833 1085 vel
861 1026 1407 1086 commendationem.

440 1141 510 1197 Ut
545 1152 734 1212 printer
758 1142 1061 1212 Scripturas
1086 1152 1364 1192 canonicos
1401 1133 1534 1188 nihil
1569 1133 1624 1185 in
1664 1129 1897 1184 Ecclesia
1927 1126 2011 1182 le-

1146 1218 1317 1279 gatur.

509 1321 696 1378 XXIV.
725 1322 858 1377 Item
883 1328 941 1375 ut
965 1327 1159 1391 praeter
1177 1315 1481 1386 Scripturas
1505 1311 1792 1369 canonicas
1812 1308 1940 1364 nihil
1961 1306 2017 1361 in

439 1414 680 1471 Ecclesia
703 1415 911 1483 legatur
933 1411 1030 1466 sub
1057 1407 1273 1464 nomine
1291 1406 1589 1461 divinarum
1602 1401 2018 1471 Scripturarum.

440 1508 581 1563 Sunt
609 1513 787 1559 autem
810 1503 1085 1558 canonieae
1106 1499 1420 1568 Scripturaa,
1440 1494 1489 1548 id
1512 1502 1596 1549 est
1614 1490 1857 1553 Genesis,
1889 1488 2026 1542 Exo~

441 1598 562 1663 dus,
587 1595 871 1657 Levitieus,
902 1590 1139 1655 Numeri,
1170 1583 1667 1649 Deuteronomium,
1697 1579 1824 1635 Jesu
1854 1576 2019 1642 Nave,

441 1685 707 1748 Iudicum,
753 1682 916 1747 Ruth,
950 1680 1157 1748 Regum
1188 1676 1308 1731 libri
1337 1674 1388 1739 4,
1422 1671 1869 1740 Paralipomenon
1902 1666 2024 1720 libri

442 1779 499 1843 2,
528 1777 650 1840 Job,
684 1776 1023 1836 Psalterium,
1063 1766 1368 1825 Salomonis
1398 1764 1517 1819 libri
1546 1762 1597 1828 5,
1647 1760 1765 1815 libri
1806 1758 1874 1810 ω
1896 1757 2028 1811 Pro-

446 1871 751 1941 phetarum,
775 1867 961 1932 Isaias,
1002 1862 1282 1927 Jeremias,
1332 1855 1598 1919 Ezechiel,
1636 1851 1841 1916 Daniel,
1879 1848 2022 1902 Tho-

447 1963 582 2025 bias,
614 1959 809 2025 Iudith,
825 1958 1035 2021 Esther,
1057 1953 1239 2007 Esdrae
1261 1951 1443 2014 libri‘il,
1460 1945 1885 2001 Machabzeorum
1903 1940 2025 1994 libri

446 2051 521 2118 2,
550 2050 682 2105 Novi
718 2047 1045 2103 Testamcnti
1075 2064 1086 2097 :
1113 2042 1518 2110 Evangeliorum
1551 2037 1671 2093 libri
1715 2036 1767 2101 4,
1800 2034 2024 2088 Actuum

451 2142 818 2212 apostolorum
874 2140 1009 2193 liber
1056 2152 1212 2203 unus,
1266 2132 1523 2204 Epistulae
1570 2129 1719 2184 Pauli
1754 2126 1840 2195 M,
1881 2125 2028 2179 Petri

455 2233 685 2303 apostoli
714 2230 766 2295 2,
817 2228 1037 2285 Joannis
1084 2227 1313 2299 apostoli
1343 2225 1395 2290 '5,
1438 2223 1623 2278 Jacobi
1650 2220 1879 2291 apostoli
1902 2233 2024 2283 una,

446 2323 599 2380 Judac
638 2323 870 2395 apostoli
918 2338 1041 2389 una,
1077 2319 1425 2391 Apocalypsis
1446 2316 1666 2371 Joannis
1695 2315 1829 2367 liber
1868 2326 2025 2365 unus.

449 2415 565 2471 IIoc
595 2419 755 2470 etiam
800 2414 949 2467 fratri
996 2421 1053 2467 et
1096 2409 1468 2466 consacerdoti
1516 2414 1699 2461 nostro
1731 2401 2025 2466 Bonifacio,

449 2506 537 2561 vel
565 2506 682 2560 aliis
711 2518 895 2559 earum
942 2502 1171 2572 partium
1201 2498 1467 2568 episcopis
1514 2511 1612 2565 pro
1660 2488 2030 2548 confirmando

453 2599 558 2652 isto
588 2612 797 2652 canone
827 2595 1147 2655 innotescat,
1196 2591 1322 2660 quia
1351 2605 1381 2643 a
1412 2586 1661 2642 Patribus
1690 2585 1793 2639 ista
1819 2580 2029 2651 accepi-

454 2703 574 2743 mus
606 2688 659 2741 in
682 2660 920 2740 Ecclesia
951 2681 1196 2751 legenda.

453 2801 533 2856 De
573 2802 858 2871 episcopis,
901 2798 977 2871 vel
1018 2794 1339 2868 sequentibus
1385 2791 1680 2871 ordinibus,
1718 2788 1816 2871 .qui
1856 2802 2033 2871 sacros

530 2855 705 2953 sancta
746 2855 996 2940 'mysteria
1044 2855 1398 2928 contrectant,
1443 2862 1638 2933 placuit
1679 2855 1753 2911 ab'
1788 2855 2032 2911 uxoribus

530 2952 801 2996 εοηιιηεντ.

529 3051 688 3107 XXV.
722 3051 972 3106 Aurelius
1010 3050 1291 3120 episcopus
1339 3046 1507 3101 dixit:
1536 3044 1811 3107 Addimus,
1843 3041 2033 3095 fratres

455 3143 775 3209 cbarissimi,
797 3149 1075 3213 prmterea,
1098 3156 1218 3195 cum
1241 3139 1307 3193 de
1328 3136 1677 3207 quorumdam
1691 3133 2028 3192 clericorum,

454 3234 701 3307 quamvis
723 3233 1004 3294 lectorum,
1036 3245 1159 3299 erga
1191 3243 1386 3283 uxores
1411 3225 1656 3296 proprias
1705 3221 2037 3276 incontinen-
2060 3204 2106 3264 (ἶ

456 3328 531 3381 tia
563 3326 872 3391 referretur,
918 3322 1133 3393 placuit,
1180 3319 1322 3388 quod
1344 3326 1398 3372 et
1444 3318 1497 3371 in
1528 3313 1751 3369 diversis
1796 3310 2036 3366 conciliis

458 3414 724 3469 firmatum
755 3421 857 3478 est,
890 3422 947 3465 ut
968 3409 1301 3472 subdiaconi,
1330 3409 1419 3476 qui
1449 3421 1599 3462 sacra
1626 3403 1879 3475 mysteria
1906 3416 2035 3455 con-

458 3511 710 3570 trectant,
756 3512 810 3557 et
838 3501 1068 3565 diaconi,
1101 3499 1416 3570 presbyteri,
1445 3496 1537 3552 sed
1569 3503 1623 3550 et
1659 3493 1916 3563 episcopi,
1948 3505 2036 3545 se-

460 3595 695 3649 cundum
728 3593 942 3663 propria
971 3598 1189 3657 statuta,
1240 3590 1398 3643 etiam
1429 3589 1496 3642 ab
1523 3585 1779 3641 uxoribus
1822 3598 1880 3637 se
1910 3597 2037 3636 con-

459 3686 686 3752 tineant,
731 3693 786 3737 ut
825 3692 1077 3753 tanquam
1109 3696 1217 3735 non
1267 3680 1529 3734 habentes
1572 3675 1854 3731 videantur
1880 3685 2035 3726 esse:

460 3776 605 3845 quod
633 3776 731 3829 nisi
761 3773 1005 3839 fecerint,
1037 3773 1104 3827 ab
1132 3770 1496 3827 ecclesiastico
1523 3772 1902 3822 removeantur
1929 3760 2043 3817 olli-

459 3868 567 3924 cio.
619 3866 854 3922 Cccteros
892 3872 1071 3919 autem
1113 3862 1339 3918 clericos
1363 3862 1430 3917 ad
1473 3859 1577 3914 hoc
1606 3872 1713 3912 non
1756 3855 1897 3923 cogi,
1941 3852 2041 3907 nisi

460 3958 744 4013 tnaturiori
780 3965 957 4012 actate.
1012 3955 1091 4009 Ab
1122 3955 1374 4009 universo
1421 3951 1652 4006 concilio
1680 3948 1885 4003 dictum
1917 3953 2037 4001 est:

459 4047 590 4115 Quae
613 4058 791 4102 vestra
818 4048 1075 4102 sanctitas
1101 4053 1182 4100 est
1205 4044 1347 4115 juste
1370 4042 1645 4097 moderata
1676 4046 1731 4095 et
1752 4045 1957 4105 sancta,
1988 4042 2045 4091 et

460 4140 573 4195 Deo
604 4140 800 4211 placita
822 4149 967 4205 sunt,
996 4137 1399 4193 confirmamus.

784 4248 850 4304 Ut
881 4265 960 4302 res
990 4246 1237 4299 Ecclesiae
1264 4260 1413 4298 nemo
1444 4243 1720 4296 distrahat.

534 4361 719 4417 XXVI.
754 4361 887 4416 Item
934 4358 1136 4429 placuit
1183 4365 1240 4412 ut
1291 4372 1407 4411 rem
1434 4354 1685 4410 Ecclesia:
1719 4369 1879 4409 nemo
1906 4369 2040 4411 ven-

463 4449 596 4505 dat:
627 4448 771 4519 quod
798 4450 843 4504 si
874 4448 1111 4503 redditus
1133 4462 1240 4501 non
1271 4447 1453 4512 habet,
1484 4453 1538 4500 et
1562 4446 1737 4515 aliqua
1768 4445 1930 4499 nimia
1956 4460 2045 4501 ne-

2116 552 2432 623 rebaptizati
2459 551 2527 605 ad
2554 551 2838 606 clericatus
2862 550 3084 619 gradum
3110 560 3555 621 promoveantur.

2116 664 2407 735 Presbyteri
2430 664 2658 735 diaconi,
2687 662 2764 717 vel
2792 663 2986 735 clerici,
3015 663 3100 735 qui
3129 678 3288 735 causa
3316 679 3413 717 sua
3440 665 3510 718 ad
3533 672 3697 722 trans-

2184 732 2387 789 marina
2433 733 2717 804 putaverint
2751 732 3147 802 appellandum,
3189 734 3245 787 in
3281 736 3693 791 communium

2184 805 2393 858 minime
2419 803 2785 873 suscipiuntur.

2185 916 2417 971 XXVIII.
2462 914 2594 969 Item
2628 916 2830 985 placuit
2876 922 2936 969 ut
2984 917 3307 987 presbyteri,
3346 916 3579 985 diaconi,
3611 919 3700 976 vel

2120 1010 2298 1065 cmteri
2329 1006 2608 1062 inferiores
2648 1005 2847 1070 clerici,
2901 1006 2952 1059 in
2984 1008 3162 1061 causis
3206 1023 3339 1077 quas
3392 1009 3699 1076 habuerint,

2118 1101 2163 1156 si
2209 1100 2275 1154 de
2315 1097 2527 1167 judiciis
2571 1098 2944 1166 episcoporum
2993 1113 3211 1151 suorum
3252 1100 3431 1167 questi
3479 1100 3702 1167 fuerint,

2118 1189 2282 1245 vicini
2309 1188 2547 1258 episcopi
2594 1201 2689 1242 eos
2724 1202 2845 1240 cum
2895 1202 3161 1241 consensu
3207 1188 3288 1242 sui
3333 1192 3571 1259 episcopi
3598 1206 3703 1246 an-

2120 1279 2287 1343 diant,
2321 1286 2375 1332 et
2401 1279 2543 1331 inter
2566 1292 2658 1331 eos
2683 1275 2940 1330 deliniant
2969 1275 3193 1329 adhibiti
3220 1277 3287 1331 ab
3316 1278 3396 1332 eis
3419 1278 3702 1349 episcopi:

2121 1367 2265 1437 quod
2293 1366 2336 1421 si
2361 1373 2414 1419 et
2445 1366 2511 1418 ab
2541 1365 2619 1418 eis
2649 1363 3047 1433 provocandam
3075 1366 3401 1433 putaverint,
3445 1381 3552 1420 non
3574 1382 3709 1436 prov

2124 1463 2317 1510 vocent
2347 1452 2412 1506 ad
2441 1452 2794 1506 transmarina
2820 1451 3040 1520 judicia,
3071 1452 3163 1507 sed
3192 1452 3258 1506 ad
3282 1454 3535 1523 primates
3570 1471 3707 1511 sua-

2122 1561 2240 1599 rum
2269 1543 2663 1615 provinciarum
2689 1586 2703 1608 ,
2738 1544 2877 1598 sicut
2904 1552 2959 1597 et
2992 1543 3059 1598 de
3097 1545 3365 1614 episcopis
3395 1562 3537 1618 saepe
3566 1563 3707 1603 con-

2125 1636 2367 1687 stitutum
2397 1642 2498 1688 est.
2522 1633 2601 1686 Ad
2629 1634 2981 1689 transmarina
3005 1641 3181 1689 autem
3207 1637 3297 1704 qui
3322 1639 3586 1706 putaverit
3608 1655 3713 1710 ap-

2128 1723 2453 1794 pellandum,
2495 1738 2524 1776 a
2554 1723 2702 1777 nullo
2731 1722 2871 1776 intra
2900 1722 3133 1777 Africam
3162 1724 3227 1778 ad
3269 1728 3714 1783 communionem

2053 1836 2100 1895 B
2128 1814 2467 1885 suscipiatur.

2130 1927 2191 1983 Si
2220 1928 2329 1997 quis
2359 1926 2827 1981 excommunicatus
2852 1935 2971 1981 ante
2994 1928 3311 1982 audientiam
3333 1933 3716 1986 communicare

2224 1999 2626 2068 pra’sumpserit,
2654 1999 2764 2066 ipse
2791 1999 2845 2050 in
2874 2014 2929 2050 se
2956 1998 3340 2053 damnationem
3367 2003 3599 2070 protulit.

2198 2106 2387 2160 XXIX.
2414 2106 2547 2160 Item
2591 2106 2791 2177 placuit
2836 2108 3088 2162 universo
3127 2109 3355 2163 concilio
3394 2117 3454 2163 ut
3488 2111 3580 2179 qui
3611 2126 3717 2165 ex-

2129 2199 2555 2255 communicatus
2584 2198 2741 2251 fuerit
2785 2214 2882 2267 pro
2911 2214 3009 2253 suo
3038 2200 3303 2267 neglectu,
3343 2200 3457 2255 sive
3499 2202 3719 2271 episco-

2128 2305 2248 2359 pus,
2273 2290 2384 2344 sive
2404 2289 2628 2357 quilibet
2652 2289 2901 2353 clericus,
2929 2298 2983 2343 et
3005 2297 3244 2360 tempore
3273 2294 3718 2348 excommunica-

2132 2381 2291 2433 tionis
2333 2394 2461 2444 sum,
2518 2388 2643 2434 ante
2694 2378 3043 2445 audientiam,
3095 2384 3525 2437 communionem
3571 2399 3719 2453 pra:-

2131 2470 2459 2538 sumpserit,
2493 2470 2606 2539 ipse
2642 2469 2697 2523 in
2743 2485 2801 2525 se
2829 2470 3187 2527 damnationis
3227 2471 3499 2541 iudicetur
3524 2481 3721 2545 protu-

2132 2560 2257 2614 lisse
2278 2559 2625 2613 sententiam.

2515 2670 2591 2726 De
2614 2680 2872 2739 accusata,
2897 2671 2975 2726 vel
2994 2680 3313 2729 accusatore.

2207 2783 2372 2838 XXX.
2417 2783 2549 2839 Item
2587 2783 2785 2853 placuit
2830 2794 2888 2837 ut
2928 2792 3209 2838 accusatus
3240 2783 3323 2838 vel
3351 2786 3711 2843 accusatoria

2135 2889 2201 2929 eo
2232 2875 2349 2929 loco
2390 2873 2530 2928 unde
2576 2881 2659 2927 est
2700 2873 2790 2927 ille
2827 2873 2919 2942 Qui
2947 2881 3263 2938 accusatur,
3301 2874 3348 2928 si
3376 2876 3569 2930 metuit
3606 2876 3718 2931 aII-

2136 2978 2295 3033 quam
2342 2964 2448 3017 vim
2506 2963 2806 3018 temerariae
2847 2962 3224 3028 multitudinis,
3274 2964 3451 3018 locum
3481 2965 3582 3019 sibi
3621 2964 3725 3022 ell-

2136 3064 2227 3122 gat
2263 3056 2584 3123 proximum,
2607 3069 2713 3122 quo
2736 3069 2842 3107 non
2864 3054 2934 3109 sit
2956 3052 3171 3108 dimcile
3197 3062 3360 3111 testes
3393 3054 3722 3126 perducere,

2138 3144 2228 3197 ubi
2255 3159 2417 3197 causa
2447 3142 2680 3197 ﬁniatur.

2141 3258 2202 3315 Si
2225 3259 2308 3328 qui
2344 3259 2515 3311 clerici
2542 3257 2604 3309 ab
2630 3256 2882 3327 episcopis
2914 3258 3019 3328 suis
3047 3258 3269 3327 promati
3296 3236 3724 3322 contempserint.

2300 3343 2391 3380 nec
2415 3328 2522 3380 illic
2550 3337 2792 3380 maneant
2814 3327 2949 3380 unde
2990 3328 3225 3380 recedere
3253 3327 3546 3381 noluerunt.
3674 3335 3693 3349 '

2208 3437 2393 3492 XXXI.
2428 3438 2559 3490 Item
2600 3437 2799 3507 placuit
2844 3444 2901 3489 ut
2930 3437 3231 3507 quicunque
3261 3436 3460 3499 clerici,
3491 3436 3579 3489 vel
3600 3435 3727 3489 dia-

2138 3535 2260 3590 etmi
2306 3547 2404 3603 pro
2446 3530 2857 3586 necessitatibus
2895 3528 3255 3583 Ecclesiarum
3297 3544 3402 3581 non
3435 3528 3728 3596 obtempe—

2140 3625 2375 3679 raverint
2413 3623 2680 3693 episcopis
2708 3621 2839 3685 suis,
2889 3619 3190 3673 volentibus
3234 3634 3328 3673 eos
3358 3619 3425 3671 ad
3455 3618 3728 3675 honorem

2142 3717 2458 3785 ampliorem
2498 3715 2551 3769 in
2582 3729 2677 3768 sua
2706 3712 2947 3767 Ecclesia
2975 3724 3293 3780 promovere
3315 3749 3330 3773 ,
3364 3725 3463 3765 nec
3492 3710 3599 3765 illic
3615 3710 3728 3766 mi-

2143 3807 2373 3861 nistrent
2397 3806 2449 3859 in
2480 3804 2647 3875 gradu
2674 3819 2773 3858 suo
2809 3801 2950 3857 unde
2978 3801 3232 3856 recedere
3259 3800 3566 3856 noluerunt.

2144 3919 2205 3974 Si
2228 3920 2339 3989 quis
2354 3918 2669 3989 _clericor_um
2686 3932 2901 3989 pauper
2917 3923 3176 3989 promotus
3206 3914 3282 3989 in_
3303 3913 3501 3989 ordine,
3540 3923 3729 3982 poste.

2274 3987 2506 4042 [tabuerit
2537 3985 2751 4057 aliquid,
2776 3983 3025 4038 Ecclesia?
3045 3984 3283 4054 potestati
3312 3983 3593 4053 subjaceat.

2216 4103 2435 4158 XXXII.
2472 4103 2607 4157 Item
2657 4101 2860 4171 placuit
2890 4109 2946 4154 ut
2973 4098 3231 4169 episcopi,
3260 4097 3578 4168 presbyteri,
3609 4096 3731 4153 dia-

2145 4197 2287 4261 coni,
2316 4196 2402 4250 vel
2429 4194 2731 4263 quicunque
2768 4191 2972 4257 clerici,
3014 4191 3108 4259 qui
3136 4190 3267 4244 nihil
3296 4189 3554 4244 habentes
3574 4189 3725 4243 ordi—

2147 4293 2360 4349 nantur,
2414 4292 2469 4338 et
2515 4290 2759 4351 tempore
2803 4281 3143 4349 episcopatus
3181 4279 3266 4334 vel
3314 4279 3599 4334 clericatus
3638 4278 3725 4332 sui

2148 4389 2323 4443 agros,
2368 4374 2454 4428 vel
2482 4387 2810 4442 quzceunque
2848 4371 3065 4440 praedia,
3100 4372 3315 4425 nomine
3361 4386 3459 4425 suo
3486 4384 3714 4439 compa-

2146 4473 2289 4528 rant,
2338 4472 2590 4534 tanquam
2622 4478 2800 4518 rerum
2847 4461 3231 4515 dominicarum
3279 4460 3568 4514 invasionis
3613 4460 3727 4515 eri-

464 4538 690 4595 Cessitas
716 4539 883 4607 cogit,
926 4538 1066 4593 hanc
1092 4537 1465 4592 insinuandam
1508 4552 1628 4591 esse
1672 4536 1888 4605 primati
1917 4551 2031 4605 pro-

2149 4555 2289 4607 mine
2320 4562 2622 4615 teneantur,
2666 4552 2768 4606 nisi
2812 4550 3071 4605 admoniti
3113 4550 3166 4604 in
3192 4549 3488 4605 Ecclesium
3528 4549 3727 4605 eadem

464 4625 657 4681 vincia:
684 4626 870 4695 ipsius,
910 4633 971 4679 ut
1000 4640 1122 4679 cum
1162 4632 1365 4680 statuto
1406 4639 1631 4678 numero
1668 4624 2042 4693 episcoporum

466 4728 647 4776 utrum
679 4718 978 4773 faciendum
1007 4716 1077 4772 sit
1105 4717 1416 4772 arbitretur.
1449 4715 1603 4782 Quod
1631 4716 1675 4770 si
1707 4723 1853 4771 tanta
1891 4723 2046 4784 urget

466 4809 762 4871 necessitas
786 4807 1057 4870 Ecclesiae,
1114 4815 1171 4861 ut
1214 4822 1321 4861 non
1372 4806 1541 4875 possit
1594 4812 1717 4860 ante
1739 4805 2040 4871 consulere,

465 4902 658 4959 saltem
683 4900 889 4955 vicinos
915 4905 1081 4952 testes
1110 4904 1374 4953 convocet
1410 4896 1711 4965 episcopos,
1760 4910 1952 4949 curans
1978 4894 2044 4950 ad

466 4990 754 5047 concilium
782 5003 968 5044 omnes
1006 4985 1210 5041 referre
1247 4999 1357 5041 sua:
1379 4984 1628 5038 Ecclesia:
1656 4984 2003 5038 necessitates
2028 5001 2041 5037 :

468 5083 613 5151 quod
640 5084 686 5138 si
717 5099 822 5137 non
846 5079 1055 5147 fecerit,
1085 5094 1209 5133 reus
1238 5077 1370 5143 Deo,
1419 5084 1476 5132 et
1522 5076 1750 5132 concilio
1779 5075 2042 5143 venditor,

468 5171 677 5226 honore
704 5173 922 5237 amisso,
952 5176 1217 5224 teneatur.

471 5308 766 5378 Presbyteri
805 5319 854 5363 et
893 5308 1099 5363 diaconi
1137 5309 1191 5362 in
1225 5306 1638 5379 gravioreculpa
1670 5309 1883 5360 conticti
1928 5324 2046 5360 ma-

542 5396 636 5432 nus
660 5380 1057 5447 impositionem,
1082 5377 1325 5451 tanquam
1353 5377 1493 5442 laici,
1534 5393 1848 5448 nequaquam
1883 5379 2046 5431 susci-

542 5452 708 5501 aiant.

540 5466 708 5519 piant.

543 5557 737 5613 XXVII
791 5558 922 5614 Item
952 5560 1326 5615 confirmatum
1379 5566 1545 5614 estut
1589 5558 1634 5613 si
1663 5558 1874 5629 quando
1900 5572 2051 5627 prcs-

474 5650 648 5723 bytori
676 5650 761 5704 vel
790 5650 1001 5705 diaconi
1051 5648 1105 5703 in
1137 5651 1313 5718 aliqua
1358 5649 1589 5719 graviori
1637 5650 1791 5719 culpa
1821 5648 2051 5703 convicti

469 5740 690 5807 fuerint,
739 5755 844 5811 qua
874 5754 969 5795 eos
995 5754 1025 5793 a
1054 5739 1350 5793 ministerio
1400 5754 1621 5795 necesse
1662 5739 1731 5794 sit
1762 5736 2051 5803 removeri,

474 5847 584 5890 non
609 5833 688 5892 eis
724 5846 933 5900 manus,
965 5839 1216 5901 tanquam
1247 5829 1648 5900 paenitentibus.
1683 5828 1766 5887 vel
1795 5835 2049 5901 tanquam

2147 4646 2264 4715 ipsa
2290 4645 2634 4700 contulerint.
2666 4643 2723 4699 Si
2752 4651 2931 4698 autem
2967 4642 3095 4711 ipsis
3123 4643 3342 4713 proprie
3367 4642 3566 4713 aliquid
3592 4643 3732 4699 libo-

2145 4736 2357 4790 ralitate
2383 4735 2608 4804 alicujus
2640 4734 2727 4790 vel
2768 4733 3107 4789 successione
3135 4733 3467 4801 cognationis
3488 4733 3731 4787 obvene-

2144 4826 2234 4893 rit,
2282 4826 2477 4880 faciant
2529 4825 2653 4880 inde
2697 4824 2839 4893 quod
2882 4839 3068 4879 eorum
3117 4825 3394 4894 proposito
3431 4824 3724 4891 congruit:

2145 4917 2289 4988 quod
2334 4918 2380 4972 si
2422 4932 2454 4971 a
2483 4932 2582 4972 suo
2618 4917 2896 4987 proposito
2944 4924 3237 4973 retrorsum
3283 4916 3729 4981 exorbitaverint,

2149 5008 2355 5062 honore
2381 5006 2750 5062 ecclesiastico
2780 5005 3002 5074 indigni,
3032 5014 3284 5075 tanquam
3322 5005 3556 5076 reprobi,
3578 5005 3732 5075 judi-

2149 5107 2359 5155 οεηιυτ.

2154 5210 2221 5265 Ut
2248 5211 2529 5282 presbyteri
2562 5228 2668 5265 rem
2693 5209 2936 5282 Ecclesia:
2976 5210 3035 5282 in
3073 5227 3170 5281 qua
3192 5219 3311 5263 sunt
3339 5210 3599 5282 constituti
3622 5225 3731 5282 non

2221 5280 2464 5347 vendant,
2512 5290 2558 5334 et
2587 5281 2715 5333 nulli
2744 5281 2980 5351 episcopo
3019 5280 3167 5334 liceat
3196 5296 3304 5334 rem
3332 5281 3465 5333 tituli
3494 5280 3729 5333 metricis

2222 5351 2472 5405 Ecclesia:
2498 5365 2767 5420 usurpare.

2220 5464 2457 5518 XXXIII.
2489 5464 2621 5519 Item
2670 5465 2870 5533 placuit
2910 5472 2970 5517 ut
3014 5463 3314 5535 presbyteri
3359 5478 3467 5516 non
3494 5460 3736 5516 vendant

2150 5572 2265 5611 rem
2293 5555 2545 5611 Ecclesia:
2575 5554 2661 5608 ubi
2709 5563 2835 5609 sunt
2874 5555 3170 5619 constituti,
3228 5554 3589 5608 nescientibus
3610 5553 3731 5620 epi—

2152 5648 2328 5717 scopis
2350 5647 2481 5711 suis,
2507 5646 2778 5714 quomodo
2807 5652 2862 5700 et
2899 5646 3166 5715 episc0pis
3207 5660 3313 5699 non
3344 5645 3470 5700 licet
3496 5642 3734 5699 vendere

2154 5737 2349 5809 pnedia
2380 5736 2653 5803 Ecclesizc,
2685 5738 2966 5807 ignorante
3000 5737 3252 5802 concilio,
3292 5738 3378 5793 vel
3406 5736 3734 5808 presbyteris

2156 5828 2283 5885 suis.
2334 5826 2449 5885 Non
2490 5827 2721 5886 habente
2761 5818 2855 5893 [F.
2893 5826 3133 5900 habenti]
3173 5842 3304 5900 ergo
3333 5828 3733 5888 necessitatum
