3982 6196
270 297 375 356 195

1247 289 1471 346 CODEX
1510 287 1837 346 CANONUM
1877 288 2577 349 ECCLESIASTICORUM.

3447 295 3551 354 i9"

265 428 369 469 nec
401 412 660 485 episcopo
699 408 862 463 liccat
896 404 1134 460 matricis
1174 403 1459 471 Ecclesim,
1505 419 1603 460 nec
1634 404 1862 475 presby—
1892 408 1941 466 Α
1967 403 2159 471 viario,
2190 404 2335 473 quod
2362 404 2677 473 decerptum
2707 411 2792 460 est
2828 404 2898 460 de
2935 404 3164 460 concilio
3196 403 3547 474 Ilipponensi,

265 518 387 559 tero
417 518 534 558 rem
575 500 713 555 tituli
747 499 829 553 sui
857 512 1137 567 usurpare.

336 592 586 647 Recitata
613 597 741 646 sunt
767 588 931 643 etiam
962 589 1015 641 in
1044 588 1143 641 ista
1164 586 1375 658 synodo
1396 587 1609 641 diversa
1630 586 1860 640 concilia

266 684 535 738 universa:
580 681 872 752 provinciae
914 677 1139 744 Africze,
1194 677 1482 732 transactis
1528 677 1861 747 temporibus

269 777 473 832 Aurelii
504 774 949 842 Carthagincnsis
978 774 1219 843 episcopi
1250 773 1537 827 celebrata.

410 865 493 920 De
523 866 740 921 concilio
764 864 905 936 quod
928 864 1173 934 Hippone
1205 863 1365 934 Regio
1396 865 1587 934 factum
1618 870 1711 915 est.

334 960 742 1016 Gloriosissimo
790 960 1117 1029 imperatore
1156 956 1460 1039 Theodosio
1502 956 1742 1023 Augusto
1773 954 1856 1020 III,

266 1061 320 1109 et
345 1052 694 1107 Abundantio
714 1067 767 1104 ν.
797 1066 873 1118 c.,
904 1064 994 1104 vut
1024 1048 1143 1103 idus
1175 1047 1446 1109 Octobris,
1480 1044 1730 1115 Hippone
1753 1044 1860 1099 Re-

264 1144 374 1213 gio,
425 1142 481 1196 in
519 1141 815 1195 secretario
842 1138 1079 1194 basilicae
1126 1138 1293 1208 pacis,
1343 1144 1398 1191 et
1439 1146 1649 1192 cetera.
1696 1133 1861 1190 Gesta

265 1236 429 1304 hujus
459 1234 677 1290 concilii
706 1232 829 1287 ideo
866 1232 1135 1302 descripta
1166 1245 1274 1285 non
1303 1236 1449 1296 sunt,
1472 1230 1598 1297 quia
1628 1242 1712 1293 ea,
1744 1241 1863 1295 qua:

266 1327 336 1381 ibi
366 1333 573 1380 statuta
599 1331 725 1380 sunt
755 1325 809 1378 in
831 1322 1197 1393 superioribus
1226 1321 1528 1391 probantur
1557 1320 1776 1373 inserta.

268 1440 345 1496 De
373 1442 600 1520 concilio
629 1437 1044 1520 Carthaginensi‘,
1067 1433 1163 1520 ‘ubi
1198 1432 1361 1520 legati
1383 1428 1613 1520 episcopi
1642 1448 1863 1520 procon-

358 1514 565 1565 sulare:
588 1510 656 1562 ad
696 1504 968 1562 concilium
996 1504 1387 1558 Adrumetinum
1413 1504 1758 1555 destinantur.

333 1599 754 1656 Gloriosissimis
776 1595 1193 1667 imperatoribus
1215 1593 1445 1647 Arcadio
1484 1590 1549 1645 IlI
1590 1601 1646 1646 et
1680 1591 1862 1645 Ilono-

267 1694 422 1750 rioll
480 1695 654 1763 Augg.
705 1706 909 1753 conss.,
955 1706 1008 1743 v1
1055 1688 1158 1743 cal.
1189 1686 1375 1752 Julias,
1426 1685 1770 1753 Carthagine.
1803 1686 1860 1740 In

1966 494 2097 548 nihil
2128 495 2457 549 arbitramur
2480 510 2601 550 esse
2628 495 3044 559 ernendandum,
3089 496 3175 551 vel
3202 497 3552 566 assuendum,

1964 584 2066 638 nisi
2112 592 2172 638 ut
2198 584 2312 639 dies
2349 593 2550 639 sancta:
2580 583 2813 639 Pascha!
2844 592 3088 654 tempore
3128 584 3344 639 concilii
3388 583 3553 641 inno-

1966 682 2156 728 tescat.

1969 760 2037 816 Ut
2067 764 2313 833 episcopi,
2356 766 2432 818 vel
2476 766 2672 831 clerici,
2701 783 2807 848 non
2838 766 2992 838 facile
3029 768 3168 836 ﬁlios
3206 783 3327 821 suos
3367 785 3551 824 cmme-

2667 848 2857 906 cipent.

2035 923 2251 980 XXXV.
2290 925 2355 981 Ut
2398 928 2660 997 episcopi,
2705 929 2791 982 vel
2839 929 3043 994 clerici,
3076 930 3215 985 lilios
3241 945 3368 985 suos
3394 947 3424 985 a
3451 945 3552 989 sua

1966 1025 2235 1084 potestate
2264 1033 2359 1085 per
2380 1020 2867 1089 emancipationem
2896 1021 3045 1075 exire
3074 1036 3182 1076 non
3209 1020 3388 1077 sinant
3407 1062 3423 1087 ,
3446 1022 3553 1077 nisi

1965 1104 2032 1159 de
2061 1107 2299 1160 moribus
2320 1123 2504 1162 eorum
2537 1110 2753 1169 fuerint,
2773 1117 2827 1162 et
2850 1110 2915 1163 de
2936 1118 3094 1166 tctate
3124 1113 3321 1179 securi,
3351 1119 3408 1165 ut
3434 1128 3555 1182 pos-

1965 1194 2071 1248 sint
2091 1195 2158 1249 ad
2188 1212 2283 1251 eos
2308 1199 2415 1265 jam
2438 1200 2655 1268 propria
2688 1200 2957 1269 pertinere
2986 1210 3228 1269 peccata.

1970 1302 2039 1357 Ut
2065 1306 2311 1376 episcopi,
2328 1308 2403 1361 vel
2426 1308 2622 1375 clerici,
2645 1327 2747 1363 non
2771 1310 3096 1379 ordinentur,
3118 1313 3221 1367 nisi
3234 1329 3409 1370 omnes
3429 1330 3551 1368 sitos

2466 1381 2681 1450 fecerint
2711 1379 3055 1435 Christianos.

2038 1463 2274 1521 XXXVI.
2311 1466 2378 1521 Ut
2406 1468 2664 1538 episc0pi,
2698 1478 2751 1524 et
2782 1471 3102 1541 presbyteri,
3133 1479 3188 1526 et
3207 1472 3417 1527 diaconi
3441 1490 3553 1529 non

1965 1557 2302 1623 ordinentur,
2335 1559 2641 1628 priusquam
2673 1577 2879 1626 omnes,
2907 1563 2998 1630 qui
3041 1571 3167 1617 sunt
3193 1564 3246 1617 in
3269 1564 3430 1619 domo
3459 1580 3555 1620 co-

1964 1662 2103 1713 rum,
2135 1647 2473 1703 Christianos
2504 1651 2801 1707 catholicos
2832 1652 3076 1708 fecerint.

269 1788 373 1843 hoc
412 1746 652 1842 concilio
674 1783 839 1852 legati
869 1781 1064 1837 delecti
1094 1788 1218 1837 sunt
1245 1780 1483 1850 episc0pi
1515 1781 1856 1849 proconsula-

1979 1756 2121 1823 Quod
2149 1770 2339 1831 pra'ter
2368 1779 2575 1830 panem,
2616 1772 2888 1852 etmciZim
2909 1767 3137 1852 .mixtum
3165 1782 3320 1837 aqua,
3348 1768 3476 1823 nihil
3502 1769 3558 1823 ἐκ

268 1892 352 1932 res
376 1876 451 1932 ad
479 1876 779 1931 concilium
807 1872 1240 1927 Adrumetinum.

269 1965 347 2021 De
372 1967 600 2021 concilio
630 1964 1051 2035 Carthaginensi,
1095 1963 1179 2016 ubi
1213 1963 1377 2016 multa
1417 1971 1537 2015 sunt
1562 1963 1859 2017 constituta.

333 2057 578 2113 Cassario
622 2064 677 2110 et
702 2055 880 2109 Attico
929 2070 1013 2107 vv.
1044 2069 1127 2108 cc.
1160 2068 1373 2120 conss.,
1414 2053 1604 2121 quinto
1631 2053 1734 2107 cal.
1761 2051 1862 2106 Se-

266 2148 555 2221 ptembris,
576 2144 906 2214 Carthagine
928 2145 981 2197 in
1002 2144 1295 2198 secretario
1321 2143 1554 2197 basilica:
1583 2142 1862 2209 restitutae,

266 2256 386 2297 cum
417 2238 679 2294 Aurelius
725 2236 1012 2307 episcopus
1057 2249 1163 2287 una
1212 2247 1333 2287 cum
1373 2232 1639 2301 episcopis
1669 2247 1862 2286 conse—

264 2334 434 2387 disset
456 2372 473 2395 ,
508 2329 810 2384 astantibus
859 2326 1021 2380 etiam
1054 2323 1405 2383 diaconibus,
1451 2322 1864 2377 advenientibus

264 2437 487 2494 quoque
514 2420 734 2475 Victore
763 2433 893 2473 sene
925 2418 1315 2487 Puppianense,
1350 2414 1490 2469 Tuto
1520 2413 1859 2483 Migirpense,

266 2510 544 2580 Evangelo
573 2510 913 2564 Assuritano.

268 2602 527 2656 Allocatio
588 2599 659 2652 ad
716 2599 983 2669 episcopos
1033 2597 1227 2679 Aurelii
1277 2596 1703 2666 Carthaginensi:
1749 2598 1863 2669 epi-

984 2684 1149 2737 scopi.

338 2761 596 2817 Aurelius
636 2760 922 2831 cpiscopus
948 2758 1120 2812 dixit:
1154 2755 1285 2812 Post
1321 2757 1462 2813 d‘em
1506 2761 1861 2827 praestitutam

267 2852 483 2910 concilii
512 2850 876 2912 consedimus,
929 2857 988 2901 ut
1014 2848 1392 2913 recordamini,
1439 2848 1630 2904 fratres
1658 2849 1862 2903 beatis-

268 2943 484 3009 simi,et
508 2941 908 2995 arbitrabamur
922 2939 1162 2993 omnium
1187 2939 1585 3007 provinciarum
1610 2940 1860 3008 perAfri-

268 3049 386 3088 eam
418 3032 725 3100 legationes
751 3029 1072 3084 convenisse
1100 3030 1168 3084 ad
1197 3031 1359 3093 diem,
1405 3038 1463 3084 ut
1497 3030 1628 3097 dixi,
1654 3033 1863 3100 praesti-

2379 1836 2718 1886 sacramentis
2742 1835 2919 1902 olferri
2949 1835 3146 1889 debeat.

2036 1919 2300 1976 XXXVII.
2334 1920 2405 1977 Ut
2436 1924 2488 1975 in
2530 1924 2881 1979 sacramentis
2930 1927 3175 1994 corporis
3203 1934 3259 1981 et
3286 1929 3560 1997 sanguinis

1970 2009 2179 2066 Domini
2208 2014 2339 2067 nihil
2363 2014 2593 2082 amplius
2634 2012 2909 2080 olieratur,
2942 2032 3102 2084 quam
3133 2017 3275 2084 quod
3307 2020 3419 2087 ipse
3447 2019 3557 2073 Do-

1966 2103 2143 2158 minus
2166 2106 2526 2174 tradidit,hoc
2548 2114 2631 2160 est
2661 2108 2830 2175 panis,
2852 2108 3102 2161 etvinum
3133 2124 3267 2176 aqua
3299 2110 3555 2164 mixtum:

1966 2195 2214 2264 primitize
2238 2210 2389 2259 vero,
2437 2211 2531 2250 seu
2563 2196 2688 2259 mel,
2722 2205 2778 2250 et
2806 2197 2907 2259 lac,
2936 2195 3079 2264 quod
3110 2213 3218 2251 uno
3243 2198 3330 2253 die
3360 2200 3559 2253 solem-

1965 2289 2188 2342 nissimo
2220 2288 2271 2341 in
2304 2287 2563 2341 infantum
2592 2289 2849 2358 mysterio
2895 2288 3036 2343 solet
3066 2286 3283 2352 offerri,
3314 2291 3558 2357 quamvis

1967 2377 2021 2430 in
2061 2376 2216 2429 altari
2248 2374 2571 2441 offerantur,
2617 2392 2767 2429 suam
2812 2383 2989 2429 tamen
3019 2375 3253 2430 habeant
3282 2377 3556 2447 propriam

1966 2469 2421 2531 benedictionem,
2472 2477 2586 2521 uta
2613 2476 2953 2523 sacramento
2999 2468 3269 2522 dominico
3313 2469 3561 2538 corpOris

1968 2569 2024 2616 et
2052 2561 2327 2627 sanguinis
2352 2560 2768 2628 distinguantur,
2813 2575 2912 2614 nec
2959 2559 3187 2629 amplius
3227 2560 3280 2613 in
3310 2561 3559 2630 primitiis

1964 2650 2223 2734 offeratur
2253 2666 2414 2719 quam
2446 2650 2512 2705 de
2542 2652 2661 2705 uvis
2689 2658 2745 2705 et
2776 2650 3080 2705 frumentis.

1970 2764 2037 2819 Ut
2066 2766 2257 2829 clerici,
2290 2765 2366 2818 vel
2392 2766 2733 2828 continentes,
2761 2765 2828 2816 ad
2854 2764 3098 2835 virgines,
3122 2763 3199 2817 vel
3227 2763 3425 2829 viduas,
3451 2780 3556 2818 non

2631 2835 2901 2888 accedant.

2039 2925 2319 2979 XXXVIII.
2350 2926 2566 2993 Clerici,
2609 2927 2692 2980 vel
2724 2925 3085 2991 continentes,
3136 2924 3202 2979 ad
3234 2926 3443 2994 viduas,
3470 2925 3558 2983 vel

1965 3020 2198 3084 virgines
2227 3059 2243 3084 ,
2295 3019 2394 3073 nisi
2434 3034 2500 3074 ex
2544 3019 2696 3088 jussu
2738 3018 2820 3072 vel
2870 3020 3133 3087 permissu
3182 3018 3559 3087 episcoporum

267 3132 439 3177 tutam
472 3123 648 3177 nostri
678 3128 975 3185 tractatus;
1004 3120 1097 3175 sed
1126 3136 1249 3175 cum
1275 3119 1617 3176 sacerdotum
1646 3133 1861 3179 nostro-
1889 3121 1935 3183 ε
1966 3121 2057 3164 aut
2086 3110 2524 3180 presbyterorum
2549 3125 2654 3163 non
2676 3108 2938 3163 accedant
2968 3125 2981 3159 :
3013 3109 3193 3162 ethoc
3218 3123 3327 3163 non
3354 3107 3453 3162 soli
3473 3106 3558 3163 fa-

267 3232 385 3271 rum
414 3214 649 3285 epistola
679 3214 1083 3285 Byzaccnorum
1110 3212 1299 3268 fuisset
1326 3214 1571 3278 recitata,
1624 3215 1705 3268 vel
1736 3215 1863 3283 quid

266 3322 480 3363 mecum
510 3306 674 3360 iidem
699 3304 789 3373 qui
823 3313 1035 3372 tempus
1076 3313 1132 3357 et
1178 3302 1321 3357 diem
1352 3304 1562 3357 concilii
1592 3320 1863 3374 prmvene-

268 3409 411 3466 rant,
446 3406 796 3463 tractassem,
844 3404 1038 3450 vestra:
1078 3396 1326 3452 charitati
1373 3396 1673 3473 legeretur,
1726 3397 1862 3450 lecta

265 3502 346 3547 est
372 3489 540 3546 etiam
572 3504 604 3541 a
629 3488 887 3543 fratribus
915 3484 1192 3541 llouorato
1215 3494 1271 3540 et
1300 3485 1536 3551 Urbano,
1558 3488 1647 3556 qui
1678 3488 1861 3542 nobis-

265 3598 384 3636 cum
422 3581 592 3635 hodie
612 3579 902 3634 concilium
932 3578 1343 3647 participantur,
1374 3577 1572 3644 legatio
1594 3575 1861 3632 Sitifensis

265 3673 560 3744 provincia:
588 3670 873 3725 destinata.
906 3667 1097 3723 Frater
1125 3670 1285 3723 etiam
1329 3668 1568 3737 Reginus
1605 3667 1862 3723 Ecclesiae.

266 3762 430 3833 Vegei
460 3763 718 3818 Selitanac
750 3762 960 3816 litteras
982 3763 998 3781 ⁴
1026 3761 1092 3815 ad
1133 3762 1452 3831 parvitatem
1495 3777 1668 3815 meam
1706 3762 1862 3817 datas

265 3854 641 3911 Crescentiani
673 3855 858 3923 prima:
884 3853 1044 3918 sedis,
1076 3861 1135 3907 ut
1164 3854 1277 3922 ipse
1305 3855 1560 3920 insinuat,
1588 3855 1861 3909 Numidia-

266 3964 403 4013 rum,
431 3957 488 4002 et
510 3947 736 4012 Aurelii,
765 3946 1206 4017 eoepiscoporum
1236 3956 1561 4012 nostrorum,
1587 3949 1638 4002 in
1668 3949 1862 4015 quibus

267 4042 486 4111 scriptis
510 4048 694 4094 vestra
716 4055 922 4094 mecum
944 4039 1180 4094 charitas
1196 4040 1533 4109 recognoscit
1549 4040 1861 4108 promisisse

268 4132 513 4195 eosdem,
544 4130 688 4201 quod
718 4139 810 4184 aut
856 4130 956 4200 ipsi
1001 4131 1349 4200 dignarentur
1398 4132 1599 4196 venire,
1651 4145 1745 4185 aut
1793 4131 1859 4187 ad

265 4221 369 4276 hoc
398 4220 693 4276 concilium
726 4219 948 4274 fuissent
972 4234 1041 4274 ex
1082 4236 1232 4274 more
1261 4219 1578 4275 destinaturi
1611 4221 1815 4290 legatos
1841 4239 1854 4273 :

264 4312 357 4367 sed
388 4312 497 4365 hoc
523 4310 651 4379 quia
677 4309 899 4364 minime
925 4308 1124 4366 factum
1157 4311 1389 4376 videtur,
1420 4311 1511 4365 diu
1541 4326 1600 4365 se
1628 4312 1856 4366 detineri

1965 3202 2129 3265 ciant,
2159 3199 2254 3254 sed
2296 3215 2417 3253 cum
2449 3200 2785 3263 conclericis,
2836 3199 2922 3253 vel
2953 3215 3075 3254 cum
3102 3199 3185 3254 bis
3211 3215 3333 3254 cum
3363 3202 3559 3268 quibus

1964 3292 2254 3361 episcopus
2285 3300 2378 3345 aut
2418 3293 2700 3361 presbyter
2733 3291 2976 3359 jusserit,
3024 3307 3127 3347 nec
3174 3292 3274 3361 ipsi
3313 3293 3553 3362 episcopi

1966 3390 2021 3435 et
2062 3382 2361 3452 presbyteri
2392 3382 2493 3435 soli
2537 3382 2774 3435 habeant
2815 3397 3091 3435 accessum
3137 3383 3205 3436 ad
3251 3382 3558 3451 hujusmodi

1966 3472 2189 3527 feminas
2212 3514 2227 3535 ,
2261 3473 2355 3527 sed
2382 3473 2470 3527 ubi
2504 3481 2595 3525 aut
2621 3472 2800 3527 clerici
2832 3481 3125 3542 prmsentes
3150 3480 3294 3538 sunt,
3323 3483 3416 3527 aut
3433 3487 3557 3541 gru-

1964 3578 2058 3620 ves
2085 3564 2245 3631 aliqui
2272 3562 2583 3617 Christiani.

2032 3654 2100 3709 Ut
2125 3657 2359 3724 princeps
2381 3656 2706 3709 sacerdotum
2734 3671 2838 3709 non
2870 3656 3157 3725 appelletur
3200 3672 3488 3727 episcopus.

2033 3745 2277 3800 XXXIX.
2315 3745 2383 3800 Ut
2424 3747 2608 3815 primae
2632 3746 2783 3801 sedis
2809 3748 3095 3816 episcopus
3118 3763 3225 3803 non
3255 3748 3557 3817 appelletur

1963 3840 2214 3909 princeps
2269 3840 2644 3902 sacerdotum,
2699 3847 2793 3891 aut
2837 3853 3077 3893 summus
3129 3840 3409 3904 sacerdos,
3460 3847 3556 3893 aut

1963 3932 2167 3999 aliquid
2214 3928 2521 3998 hujusmodi
2553 3969 2567 3994 ,
2609 3929 2702 3983 sed
2750 3936 2961 3980 tantum
3017 3930 3203 3996 primm
3247 3928 3389 3982 sedis
3435 3930 3553 3996 epi-

1961 4038 2176 4094 scopus.

1966 4135 2035 4192 Ut
2074 4134 2246 4189 clerici
2288 4133 2562 4199 tabernas,
2623 4132 2725 4255 nisi
2759 4132 2813 4185 in
2853 4132 3170 4204 peregrinis,
3224 4147 3327 4186 non
3373 4134 3553 4205 ingre.

2675 4212 2871 4255 tantur.

2675 4212 2871 4257 iantur.

2029 4294 2143 4351 XL.
2177 4294 2248 4350 Ut
2267 4294 2466 4360 clerici,
2498 4293 2691 4348 edendi
2719 4294 2803 4348 vel
2833 4294 3050 4349 bibendi
3081 4308 3266 4361 ausa,
3297 4293 3553 4351 tabernas

265 4401 656 4471 delonginquo
683 4402 962 4456 venientes
1010 4401 1169 4470 legati
1212 4400 1543 4455 Mauritaniae
1593 4401 1864 4457 Sitifensis
1959 4404 2070 4445 D0“
2126 4386 2535 4456 ἱηετοάίθηιυτ,
2582 4386 2685 4441 nisi
2729 4385 3181 4455 ρθηςτίιιειίοιιὶε
3230 4384 3555 4444 “mu!”

263 4507 367 4547 non
392 4506 561 4561 posse
591 4499 874 4557 testantur;
896 4499 949 4545 et
979 4490 1122 4555 ideo,
1148 4489 1360 4557 fratres,
1389 4492 1434 4545 si
1463 4500 1652 4546 vestrae
1681 4493 1860 4545 chari-
1889 4490 1935 4550 ι)
1961 4479 2245 4549 compulsi.

261 4580 357 4634 tati
386 4581 637 4645 videtur,
683 4580 873 4636 litteras
917 4578 1143 4636 fratrum
1189 4590 1497 4637 nostrorum
1546 4580 1854 4651 Byzaceno-

262 4687 399 4737 rum,
431 4671 531 4726 sed
562 4679 616 4725 et
644 4672 990 4739 breviarium,
1018 4670 1162 4740 quod
1192 4672 1367 4726 eidem
1398 4672 1640 4741 epistolae
1671 4669 1856 4740 adjun-

262 4773 479 4828 xerunt.
532 4764 601 4818 ad
628 4764 771 4819 hunc
799 4772 997 4821 emtum
1047 4773 1391 4834 corrogatum
1419 4764 1687 4833 lcgantur,
1720 4772 1777 4819 ut
1808 4766 1855 4819 si

258 4871 363 4924 qua
393 4855 539 4910 forte
565 4854 673 4909 illic
696 4872 913 4910 movere
941 4856 1219 4912 charitatis
1238 4864 1430 4913 vestrae
1459 4856 1695 4910 animum
1728 4871 1853 4926 pos-

258 4954 401 5007 sunt,
460 4945 513 4998 in
564 4944 755 4999 eodem
810 4945 1076 5000 breviario
1127 4960 1246 5015 qua).
1296 4943 1601 5014 diligentius
1656 4944 1854 5001 fuerint

259 5036 656 5101 animadversa,
689 5037 742 5091 in
770 5036 960 5091 melius
990 5035 1375 5092 reformentur.
1408 5034 1523 5091 IIoc
1567 5038 1708 5092 enim
1740 5036 1849 5091 fra-

261 5139 342 5184 ter
367 5139 425 5186 et
454 5129 811 5201 coepiscopus
832 5139 1015 5184 noster
1036 5130 1221 5200 prima:
1241 5129 1401 5196 sedis,
1428 5130 1512 5183 vir
1539 5140 1853 5200 perspectus

261 5222 455 5275 nerito
502 5237 616 5275 sua:
662 5222 939 5289 gravitatis
983 5230 1144 5289 atque
1192 5221 1525 5290 prudentiae,
1592 5219 1851 5275 Mizonius

258 5312 500 5367 scribens
528 5311 596 5365 ad
618 5327 793 5366 meam
821 5312 1137 5381 parvitatem
1163 5311 1474 5381 postulavit.
1505 5308 1559 5365 Si
1585 5324 1713 5380 ergo
1736 5311 1850 5381 pla-

258 5408 363 5464 cet,
384 5416 507 5469 qum
542 5409 771 5455 tractata
829 5410 952 5455 sunt
978 5402 1243 5471 lcgantur,
1294 5408 1348 5456 et
1376 5401 1580 5471 singula
1613 5418 1643 5456 a
1672 5411 1851 5457 vestra

258 5488 525 5543 claritate
552 5490 985 5546 considerantur.

259 5574 408 5645 Quod
450 5580 581 5634 nihil
624 5581 687 5633 de
727 5580 1053 5652 Ilipponensi
1082 5580 1303 5635 concilio
1337 5583 1409 5635 sit
1445 5583 1847 5640 emendandum.

323 5666 570 5725 XXXIV.
601 5667 896 5741 Epigonius
942 5672 1226 5740 episcopus
1265 5668 1438 5725 dixit:
1471 5669 1528 5725 In
1574 5672 1678 5727 hoc
1722 5674 1847 5729 bre-

2183 4570 2252 4626 Ut
2279 4588 2312 4625 a
2345 4572 2534 4642 jejunis
2564 4572 2669 4626 Deo
2697 4572 2960 4642 sacriﬁcia
2986 4573 3327 4629 celebrentur.

2029 4661 2166 4717 XLI.
2201 4661 2273 4718 Ut
2301 4673 2636 4719 sacramenta
2669 4664 2851 4719 altaris
2880 4679 2987 4718 non
3015 4665 3117 4718 nisi
3147 4681 3176 4718 a
3218 4664 3417 4735 jejunis
3445 4665 3550 4721 ho-

1958 4752 2193 4809 minibus
2233 4753 2595 4821 celebrentur,
2636 4761 2866 4822 excepto
2895 4768 3002 4807 uno
3041 4753 3128 4809 die
3157 4754 3548 4821 anniversario,

1960 4861 2068 4916 quo
2090 4860 2245 4900 coena
2272 4843 2486 4899 Domini
2512 4843 2851 4909 celebratur;
2884 4858 3007 4897 nam
3045 4844 3090 4899 si
3122 4845 3421 4913 aliquorum
3450 4858 3550 4912 po-

1962 4936 2267 4992 meridiano
2300 4944 2543 5005 tempore
2572 4935 2968 5000 defunctorum,
3007 4937 3123 4992 sive
3148 4939 3546 5006 episcoporum,

1960 5025 2074 5081 sive
2104 5034 2423 5080 cancrorum
2451 5025 2848 5087 commendatio
2873 5023 3113 5079 facienda
3138 5032 3241 5091 est,
3270 5025 3396 5078 solis
3422 5039 3547 5082 ora-

1960 5118 2196 5173 tionibus
2237 5115 2333 5170 ﬂat
2357 5155 2373 5182 ,
2432 5116 2476 5172 si
2534 5115 2611 5170 illi
2652 5115 2747 5185 qui
2786 5114 2985 5171 faciunt
3027 5114 3139 5184 jam
3174 5114 3355 5185 pransi
3393 5116 3550 5173 iuve-

1960 5208 2200 5263 niuntur.

2130 5300 2199 5357 Ut
2225 5304 2280 5356 in
2303 5301 2526 5357 ecclesiis
2549 5301 2777 5353 convivia
2801 5299 3013 5353 minime
3040 5298 3369 5359 celebrentur.

2032 5393 2186 5448 XLII.
2222 5393 2289 5448 Ut
2315 5394 2443 5448 nulli
2471 5391 2729 5463 episcOpi,
2760 5392 2844 5446 vel
2871 5391 3052 5446 clerici
3080 5393 3133 5446 in
3168 5394 3395 5448 ecclesia
3420 5408 3545 5448 cono

1958 5490 2260 5555 veniantur,
2297 5488 2397 5543 nisi
2428 5487 2567 5543 forte
2600 5494 2940 5541 transeuntes
2974 5486 3326 5556 hospitiorum
3357 5501 3544 5540 mrces-

1957 5581 2115 5637 sitate
2143 5580 2252 5633 illic
2280 5579 2549 5643 reficiant;
2581 5576 2765 5648 populi
2788 5578 2949 5632 etiam
2981 5578 3046 5632 ab
3077 5577 3376 5646 huiusmodi
3405 5592 3541 5633 con-

1957 5671 2137 5739 viviis,
2165 5676 2423 5739 quantum
2455 5668 2568 5723 fieri
2590 5675 2790 5739 potest,
2813 5668 3218 5741 prohibeantur.

332 5807 351 5833 ⁸
376 5803 541 5864 Caret
569 5806 778 5879 phrasis
803 5806 993 5877 verbo,
1039 5822 1148 5877 quo
1191 5824 1296 5865 vox
1325 5808 1527 5864 littera:
1565 5819 1780 5881 regatur
1810 5828 1823 5863 :
1857 5808 1994 5866 forte
2019 5805 2447 5864 substituendum
2476 5806 2615 5877 legit.
2641 5804 2800 5869 Eutr.
