3982 6196
520 237 658 331 ηδ’

1064 385 1142 440 De
1171 385 1548 456 pauitantibus.

590 479 771 537 XLIII.
825 478 895 535 Ut
937 479 1358 550 paenitentibus,
1405 473 1698 530 secundum
1745 471 2100 527 diﬁcrentiam

521 579 890 642 peccatorum,
938 565 1182 635 episcopi
1221 563 1446 619 tax-bitrio
1487 562 1816 630 pauitantia:
1859 569 2103 631 tempora

521 661 898 723 decernantnr,
923 664 975 710 et
999 664 1055 709 ut
1079 655 1358 724 presbyter
1385 652 1684 707 inconsulto
1713 651 1966 722 episcopo
1993 667 2104 708 nou

521 748 832 805 reconciliet
878 745 1256 814 pceniteutem,
1285 743 1384 798 nisi
1428 741 1686 798 absentiae.
1731 740 1966 812 episcopi
2008 753 2104 794 ne-

519 840 771 895 cessitate
815 843 1059 904 cogente.
1118 833 1494 902 Cujuscunque
1551 839 1731 886 autem
1791 830 2105 901 pmnitcntis

521 929 792 1002 publicum
831 934 889 982 et
912 925 1333 993 vulgatissimum
1365 923 1566 977 crimen
1593 928 1695 986 est,
1719 920 1864 990 quod
1888 919 2103 975 univer-

521 1033 635 1075 sam
659 1017 956 1072 Ecclesiam
985 1014 1358 1079 commoverit,
1409 1020 1538 1068 ante
1560 1011 1798 1067 absidem
1835 1025 2027 1067 manus
2055 1011 2108 1066 ei

521 1111 849 1180 imponatur.

1110 1221 1188 1277 De
1215 1221 1514 1294 virginibus.

597 1313 777 1395 Χμν.
812 1314 885 1370 Ut
910 1313 1145 1382 virgines
1189 1327 1378 1379 sacrm,-
1431 1325 1550 1366 cum
1582 1308 1913 1381 parentibus,
1940 1319 1969 1360 a
1989 1306 2109 1376 qni-

527 1408 626 1464 bus
675 1406 1142 1466 custodiebantur,
1196 1405 1417 1473 privatae
1465 1402 1688 1466 fuerint,
1739 1400 1977 1469 episcopi
2025 1399 2109 1452 vel

525 1497 841 1568 presbyteri,
894 1495 981 1549 ubi
1029 1494 1312 1565 episcopus
1352 1494 1543 1546 absens
1591 1499 1689 1556 est,
1746 1489 2104 1559 providentia,

529 1588 864 1658 gravioribus
894 1585 1102 1641 feminis
1131 1584 1594 1644 commendantur,
1638 1591 1728 1636 aut
1767 1581 1925 1635 simul
1954 1579 2098 1634 habi-

532 1689 710 1735 tantes
758 1680 984 1734 invicem
1033 1693 1090 1731 se
1135 1677 1459 1740 custodiant,
1516 1691 1584 1730 ne
1627 1675 1826 1745 passim
1869 1673 2108 1743 vagando

531 1769 783 1825 Ecclesia:
813 1769 1006 1823 laedant
1031 1768 1506 1822 existimationem.

531 1883 611 1938 De
639 1883 1002 1953 wgrotantibus
1041 1881 1126 1952 qui
1155 1897 1246 1951 pro
1277 1897 1330 1934 se
1384 1878 1690 1949 respondere
1725 1895 1828 1932 non
1879 1888 2108 1948 possunt.

603 1970 760 2024 XLV.
799 1969 866 2024 Ut
912 1977 1237 2038 aegrotantes
1285 1968 1374 2037 qui
1418 1960 1514 2036 pro
1553 1981 1611 2020 se
1649 1965 1975 2036 respondere
2005 1982 2112 2021 nou

535 2072 776 2137 possunt,
809 2079 930 2118 cum
988 2062 1276 2116 voluntatis
1305 2075 1488 2114 eorum
1520 2059 1883 2113 testimonium
1911 2059 1992 2113 sui
2019 2074 2115 2128 pe-

531 2155 700 2209 riculo
739 2154 958 2225 proprio
987 2152 1241 2216 dixerint,
1278 2149 1633 2219 baptizentur.
1669 2146 1736 2202 Ut
1762 2148 2011 2215 scenicis,
2035 2156 2117 2203 at-

530 2260 636 2314 que
661 2244 1029 2310 histrionibus,
1052 2241 1364 2309 exterisque
1394 2239 1700 2307 huiusmodi
1729 2239 1994 2307 personis,
2025 2235 2113 2292 vel

530 2333 840 2405 apostaticis
866 2332 1140 2386 conversis
1167 2330 1253 2384 vel
1283 2327 1596 2398 reversisad
1620 2327 1812 2392 Deum,
1833 2327 2007 2396 gratia
2029 2325 2115 2381 vel

533 2423 902 2483 reconciliatio
934 2439 1038 2477 non
1070 2431 1308 2490 negetur.

941 2533 1022 2588 De
1047 2531 1371 2603 pastionibus
1399 2541 1684 2602 martyrum

602 2625 782 2680 XLVI.
814 2623 1177 2680 Lieeatetiam
1208 2622 1311 2688 legi
1339 2622 1616 2690 passiones
1646 2627 1958 2691 martyrum,
1989 2635 2114 2675 cum

533 2715 888 2772 anniversarii
916 2713 1032 2768 dies
1060 2727 1248 2766 eorum
1277 2710 1636 2767 celebrantur.
1839 2751 1846 2756 .
2086 2708 2096 2718 '

626 2826 707 2880 De
727 2825 953 2894 parvulis
985 2824 1070 2893 qui
1099 2821 1236 2892 apud
1277 2820 1583 2875 Donatistas
1604 2818 1851 2890 baptizati
1880 2828 2019 2874 sunt.

549 2949 552 2951 -
600 2917 808 2974 XLVII.
833 2917 908 2972 De
930 2915 1218 2970 Donatistis
1239 2913 1439 2984 placuit
1467 2921 1526 2966 ut
1565 2912 1905 2967 consulamus
1924 2913 2116 2967 fratres

514 3017 589 3066 τοι
607 3006 1017 3071 consacerdotes
1051 3013 1266 3060 nostros
1292 3003 1539 3058 Sir-icium
1562 3011 1616 3056 et
1634 3002 2117 3071 Simplicianumde

1795 263 2149 320 DIONYSIUS
2186 260 2500 318 EXIGUUS.

2127 385 2174 442 Α
2204 390 2304 445 est,
2329 387 2387 433 ut
2411 378 2702 448 dignemini
2723 380 2850 434 dare
2871 376 3114 434 ﬁduciam
3135 377 3297 447 quod,
3317 377 3430 448 jam
3459 379 3775 436 necessitate

3678 260 3772 314 {96

2206 471 2318 541 ipsa
2348 478 2599 538 cogente,
2629 470 2850 524 liberum
2871 468 3028 523 nobis
3063 469 3134 522 sit
3173 479 3437 524 rectorem
3469 469 3774 536 provincize,

2201 560 2494 616 secundum
2525 567 2723 616 statuta
2760 558 3268 627 gloriosissimorum
3314 557 3636 626 principum,
3685 558 3777 611 ad-

2201 665 2388 705 versus
2409 649 2558 703 illum
2582 649 2752 713 adire,
2803 656 2862 702 ut
2893 647 2984 716 qui
3005 646 3122 699 miti
3172 645 3537 702 admonitione
3583 647 3776 702 sancti.

2204 741 2328 794 tatis
2350 749 2538 793 vestra:
2565 738 2911 806 acquiescere
2929 737 3118 805 noluit,
3141 747 3192 790 et
3213 736 3500 792 emendare
3514 737 3752 794 illicitum
3762 775 3780 810 ,

2203 832 2525 887 auctoritate
2556 829 2835 899 iudiciaria
2883 830 3125 899 protinus
3150 829 3482 884 excludatur.
3535 829 3780 884 Aurelius

2208 922 2489 992 episcopus
2511 921 2644 976 dixit
2670 939 2683 974 :
2728 920 2948 976 Servata
2974 919 3143 974 forma
3165 915 3474 988 disciplinae,
3505 935 3611 974 non
3639 922 3782 974 msti-

2205 1011 2438 1067 mabitur
2463 1011 2750 1081 appetitus,
2781 1009 2826 1064 si
2854 1025 2883 1062 a
2910 1019 3086 1064 vestra
3108 1009 3366 1064 cbaritate
3389 995 3627 1064 modeste
3654 1026 3785 1065 con-

2207 1111 2398 1157 ventus
2443 1102 2693 1156 recedere
2730 1101 3124 1164 detractaverit,
3161 1116 3280 1155 cum
3311 1099 3488 1166 fuerit,
3528 1116 3626 1158 suo
3653 1117 3785 1156 con-

2207 1201 2435 1262 tempta,
2459 1201 2514 1248 et
2561 1193 2895 1248 contumacia
2922 1234 2937 1259 ,
2983 1191 3210 1246 faciente
3250 1193 3410 1245 etiam
3467 1195 3787 1249 auctoritate

2203 1283 2506 1353 judiciaria,
2534 1293 2846 1338 conventus.
2873 1282 3181 1338 Honoratus
3205 1291 3257 1337 et
3284 1282 3522 1338 Urbanus
3551 1285 3785 1354 episcopi

2208 1377 2490 1431 dixerunt:
2525 1375 2638 1431 Hoc
2685 1389 2815 1444 ergo
2860 1376 3106 1430 omnibus
3147 1376 3368 1444 placet?
3399 1376 3479 1430 Ab
3526 1377 3786 1432 universis

2210 1465 2474 1536 episcopis
2500 1467 2700 1521 dictum
2728 1475 2845 1520 est:
2869 1464 3076 1520 Justum
3106 1476 3207 1531 est,
3235 1449 3432 1536 placet.-

2377 1570 2514 1637 Quot
2539 1573 2768 1644 episcopi
2796 1573 3038 1627 ordinare
3061 1576 3354 1646 episwpum
3383 1575 3619 1632 debeant.

2282 1665 2466 1720 XLIX.
2509 1666 2814 1724 Honoratus
2860 1675 2916 1722 et
2949 1665 3191 1722 Urbanus
3227 1668 3462 1739 episc0pi
3504 1670 3789 1726 dixerunt:

2145 1753 2187 1811 Β
2215 1757 2284 1812 Et
2310 1759 2438 1812 illud
2467 1758 2622 1812 nobis
2659 1757 2968 1812 inlaudatum
2999 1766 3102 1825 est,
3141 1766 3199 1812 ut
3242 1759 3367 1827 quia
3397 1761 3640 1829 proxime
3684 1759 3792 1816 Ea-

2214 1859 2322 1905 tres
2348 1851 2516 1904 nostri
2542 1848 2803 1902 Numidiae
2831 1849 2938 1904 duo
2971 1849 3210 1918 episcopi
3255 1849 3507 1906 ordinare
3545 1867 3792 1921 praesum-

2212 1941 2758 2012 pserantpontiﬁcem
2783 1982 2798 2007 ,
2845 1956 2953 1996 non
2993 1942 3095 1995 nisi
3143 1957 3173 1996 a
3219 1941 3498 1998 duodecim
3528 1947 3793 2004 censeatis

2215 2031 2477 2087 celebrari
2505 2031 2876 2101 episcoporum
2899 2030 3280 2085 ordinationes.
3305 2031 3552 2088 Aurelius
3579 2036 3794 2104 episco-

2212 2140 2314 2195 pus
2333 2123 2504 2178 dixit:
2536 2123 2730 2178 Forma
2756 2123 2974 2192 antiqua
3018 2123 3338 2190 servabitur,
3384 2132 3442 2178 ut
3469 2139 3573 2179 non
3618 2127 3796 2182 minus

2213 2229 2374 2284 quam
2405 2222 2515 2269 tres
2535 2213 2826 2280 sufficiant,
2853 2214 2946 2282 qui
2974 2213 3175 2268 fuerint
3200 2214 3448 2269 destinati
3478 2215 3547 2269 ad
3581 2218 3796 2286 episco-

2213 2321 2344 2376 pum
2371 2305 2742 2360 ordinandum.
2774 2303 3086 2374 Propterea,
3113 2305 3238 2374 quia
3283 2307 3334 2360 in
3378 2304 3581 2376 Tripoli
3629 2307 3796 2379 forte,

2215 2404 2271 2450 et
2316 2395 2370 2449 in
2413 2395 2624 2462 Arzuge
2668 2394 2986 2463 interiacere
3012 2395 3261 2450 videntur
3286 2395 3530 2452 barbarae.
3566 2408 3795 2466 gentes;

2218 2501 2340 2539 nam
2366 2484 2419 2538 in
2449 2484 2669 2554 Tripoli,
2701 2492 2761 2539 ut
2779 2486 3054 2549 asseritur,
3103 2485 3344 2556 episcopi
3389 2496 3514 2541 sunt
3557 2487 3798 2557 quinque

2217 2577 2611 2644 tantummodo,
2641 2586 2695 2631 et
2739 2585 2968 2646 possunt
3013 2576 3152 2632 forte
3191 2577 3258 2632 de
3281 2577 3397 2647 ipso
3437 2591 3660 2633 numero
3705 2579 3800 2634 vel

2217 2669 2325 2726 duo
2350 2671 2667 2726 necessitate
2687 2670 2862 2738 aliqua
2891 2669 3163 2738 occupari,
3195 2667 3410 2724 difficile
3448 2676 3530 2724 est
3564 2670 3704 2724 enim
3736 2679 3801 2724 ut

2215 2761 2285 2817 de
2311 2761 2552 2830 quolibet
2578 2771 2801 2815 numero
2829 2774 3018 2815 omnes
3045 2759 3252 2829 possint
3277 2773 3601 2825 occurrere;
3652 2775 3803 2813 nun-

2218 2854 2343 2922 quid
2365 2853 2525 2908 debet
2545 2852 2652 2908 hoc
2673 2853 2845 2922 ipsum
2869 2851 3249 2920 impedimento
3269 2866 3387 2906 esse
3419 2851 3804 2906 ecclesiasticas

2219 2945 2472 2999 utilitati?
2500 2943 2632 2998 Nam
2659 2951 2714 2998 et
2760 2942 2815 2996 in
2843 2941 2949 2996 hac
2977 2940 3238 3006 Ecclesia,
3285 2940 3352 2994 ad
3380 2954 3540 3011 quam
3581 2940 3803 3009 dignata

2218 3045 2301 3092 est
2327 3046 2504 3092 vestra
2547 3036 2804 3091 sanctitas
2842 3034 3149 3097 convenire,
3186 3033 3378 3088 crebro
3415 3047 3481 3088 ac
3534 3046 3672 3102 pene
3697 3047 3804 3102 per

514 3101 668 3190 imm.
711 3099 1001 3154 “(animus
1027 3096 1138 3190 .qu
1185 3096 1524 3190 “P91???”
1560 3109 1726 3166 penes
1751 3094 2018 3190 €°_9.d°'."v_
2047 3108 2114 3148 ne
2143 3117 2188 3181 C
2218 3126 2358 3182 diem
2386 3126 2706 3182 dominicam
2735 3123 3061 3180 ordinandas
3088 3094 3384 3189 habemus;
3431 3094 3803 3190 nunquidnam

528 3188 675 3259 quod
718 3203 818 3243 suo
865 3201 973 3241 non
1019 3185 1262 3240 fecerunt
1295 3182 1518 3251 judicio,
1567 3198 1690 3237 cum
1727 3182 1793 3235 ad
1819 3180 2112 3236 Ecclesiam

532 3279 628 3335 Dei
656 3278 854 3334 salubri
883 3277 1162 3347 proposito
1183 3273 1382 3328 fuerint
1401 3273 1667 3335 conversi,
1693 3279 1974 3342 parentum
1996 3272 2116 3326 illos

517 3383 697 3423 error.
737 3365 994 3436 impediat
1035 3379 1105 3420 ue
1139 3369 1556 3441 promoveantur
1599 3361 1740 3417 sacri
1785 3360 1967 3417 altaris
2009 3361 2114 3417 mi-

497 3458 707 3512 ‘nistri.

599 3547 804 3614 Quibus
848 3544 1085 3610 insertis,
1134 3542 1444 3599 Honoratus
1489 3550 1544 3596 et
1571 3538 1819 3595 Urbanus
1851 3539 2110 3609 episcopi,

530 3639 692 3709 legati
712 3633 1352 3708 provincias-Mauritaniae
1366 3631 1654 3694 Sitifensis,
1678 3631 1932 3686 dixerunt
1956 3647 1970 3682 :
1994 3629 2112 3684 iam

511 3732 754 3798 'dutlum,
783 3715 908 3785 cum
937 3727 1080 3798 apud
1119 3726 1458 3782 sanctitatem
1489 3732 1718 3779 vestram
1761 3721 2116 3789 allegat-emus

525 3823 748 3894 scripta,
799 3819 949 3875 dilati
996 3831 1180 3873 sumus
1207 3831 1273 3872 ea
1307 3814 1786 3884 contemplatione,
1835 3825 2114 3880 quousque

513 3911 720 3966 fratres
765 3910 935 3964 nostri
974 3907 1228 3962 advenire
1272 3911 1494 3975 possent
1541 3902 1610 3957 de
1637 3899 1879 3955 Numidia
1912 3899 2109 3967 legati;

526 4003 621 4058 sed
645 4002 768 4072 quia
795 4016 902 4056 non
930 3998 1078 4069 parvi
1111 3997 1226 4052 dies
1272 4004 1415 4058 sunt,
1446 3994 1640 4064 quibus
1669 3991 1967 4060 exspectati
2008 3992 2112 4043 mi-

531 4095 675 4148 nime
695 4099 976 4155 venerunt,
1025 4088 1166 4142 ultra
1193 4085 1622 4156 praetermittere,
1651 4097 1768 4151 quae
1791 4081 1946 4136 nobis
1969 4095 2115 4133 man-

528 4185 658 4240 data
697 4191 822 4238 sunt
850 4197 878 4235 a
909 4179 1105 4234 nostris
1133 4177 1469 4247 coepiscopis
1509 4191 1617 4229 non
1659 4180 1900 4244 oportet;
1952 4179 2114 4240 atque

515 4276 672 4337 ideo,
688 4272 901 4333 fratres.
914 4267 1310 4336 suggestionem
1325 4273 1564 4320 nostram
1578 4263 1806 4317 libenter
1825 4261 2110 4318 admittite.

517 4367 610 4420 De
636 4363 742 4419 title
767 4363 914 4426 enim
942 4359 1143 4416 Niceni
1172 4364 1434 4414 tractatas
1459 4353 1790 4416 audivimus;
1813 4366 1998 4406 verum
2028 4358 2114 4406 est

435 4436 446 4448 ’
525 4455 594 4510 de
625 4451 901 4512 sacrificiis
929 4448 1232 4539 inhibendis
1259 4455 1380 4516 post
1407 4445 1709 4518 prandium,
1750 4451 1810 4496 ut
1833 4457 1864 4496 ι
1888 4441 2107 4539 ieiunis,
2138 4479 2191 4539 Β

525 4545 668 4600 sicut
694 4544 910 4614 dignum
937 4547 1043 4607 est,
1069 4537 1385 4607 oderantur,
1411 4546 1466 4592 et
1493 4545 1638 4604 tunc,
1669 4542 1724 4591 et
1753 4548 1894 4592 nunc
1924 4532 2105 4588 firma-

523 4643 643 4691 tum
668 4642 772 4692 est.

529 4749 606 4806 De
631 4749 1198 4822 rebapttzntionibuset
1245 4744 1736 4822 reordinationibus,
1767 4743 1844 4797 vel
1871 4742 2105 4797 transitu-

1004 4820 1225 4874 tionibus
1253 4818 1627 4887 episcoporum.

595 4911 823 4968 XLVI“.
864 4911 999 4968 illud
1029 4919 1207 4970 autem
1241 4907 1574 4976 suggerimus
1600 4904 1910 4960 mandatum
1929 4905 2104 4971 nobis,

517 5009 667 5078 quod
689 5009 852 5064 etiam
869 5007 922 5062 in
938 5003 1205 5076 Capuensi
1222 5001 1689 5074 plenariasynodo
1711 5000 1919 5056 videtur
1937 5007 2106 5055 statu-

515 5108 659 5164 tum,
683 5111 742 5154 ut
755 5114 861 5153 non
873 5099 1034 5153 liceat
1049 5095 1162 5150 fieri
1174 5094 1300 5149 reba
1308 5093 1444 5162 ptiza
1452 5092 1644 5156 tiones,
1655 5089 2106 5153 reordinationes,

523 5187 608 5241 vel
629 5188 1007 5243 translationes
1032 5186 1425 5257 episcoporum.
1451 5182 1582 5237 Nam
1603 5181 1924 5236 Cresconius
1946 5179 2109 5234 Villa-

523 5277 829 5345 [lhegeusis
855 5280 1162 5349 episcopus,
1184 5275 1341 5346 plebe
1369 5289 1464 5330 sua
1490 5272 1770 5337 derelicta,
1803 5269 2111 5325 Tubunien—

513 5382 636 5422 sem
665 5367 859 5422 invasit
883 5366 1198 5431 Ecclesiam,
1223 5375 1278 5420 et
1316 5378 1486 5433 usque
1513 5362 1674 5418 hodie
1719 5359 2099 5424 commonitus,

517 5455 814 5513 secundum
841 5455 986 5524 quod
1010 5464 1265 5512 statutum
1285 5455 1476 5519 fuerat,
1508 5454 1812 5523 relinquere
1837 5450 2101 5516 eamdem,

517 5559 682 5614 quam
705 5545 993 5610 invaserat,
1028 5545 1266 5613 plebem,
1287 5543 1628 5613 contempsit.
1653 5543 1921 5597 Adversus
1943 5541 2104 5596 istum

516 5649 636 5704 qua:
665 5634 1011 5704 pronuntiata
1042 5631 1253 5688 fuerant
1295 5633 1607 5689 confirmata
1647 5632 1864 5702 quidem
1901 5631 2106 5688 audivi-

517 5741 636 5781 mus
661 5741 675 5788 ;
704 5724 796 5782 sed
825 5723 1078 5796 petimus,
1107 5721 1401 5778 secundum
1431 5722 1574 5793 quod
1608 5722 1758 5778 nobis
1792 5719 2101 5775 mandatum

2219 3222 2528 3291 frequenter
2573 3217 2854 3274 duodecim
2900 3223 3113 3286 potero,
3167 3215 3254 3270 vel
3298 3215 3507 3279 decem,
3555 3215 3640 3268 vel
3682 3227 3805 3268 non

2218 3313 2388 3367 multo
2417 3312 2592 3366 minus
2619 3311 2885 3365 advocare
2907 3306 3225 3377 episcopos?
3253 3306 3348 3361 sed
3374 3305 3527 3360 facile
3555 3312 3638 3360 est
3664 3306 3804 3360 milii

2215 3403 2349 3457 duos
2383 3401 2672 3470 adjungere
2721 3414 2852 3455 mea:
2890 3398 3140 3469 parvitati
3181 3398 3407 3452 vicinos.
3453 3397 3806 3468 (Quapropter

2217 3494 2392 3548 cernit
2437 3507 2644 3548 mecum
2674 3491 2907 3546 charitas
2935 3497 3113 3546 vestra
3141 3489 3246 3545 hoc
3289 3489 3464 3561 ipsum
3517 3490 3805 3546 observari

2213 3598 2321 3637 non
2347 3597 2524 3653 posse.

2220 3695 2352 3763 Quot
2381 3691 2746 3776 addi‘debcant
2773 3691 2995 3776 episwpi
3012 3711 3225 3776 nurnero
3256 3694 3633 3776 ordinaturum,
3662 3692 3707 3746 si
3727 3693 3804 3747 de

2423 3764 2714 3818 ordinando
2734 3764 2969 3833 episcopo
3003 3766 3156 3835 fuerit
3183 3765 3577 3818 contradictum.

2288 3876 2347 3929 ι.
2389 3875 2494 3930 Sed
2518 3874 2646 3930 illud
2677 3884 2759 3930 est
2784 3875 3148 3942 statuendum,
3177 3885 3238 3931 ut
3265 3875 3473 3946 quando
3494 3875 3561 3930 ad
3591 3875 3805 3945 eligen-

2214 3967 2338 4022 dum
2381 3967 2688 4036 episcopum
2730 3967 3156 4031 convenerimus,
3201 3968 3246 4023 si
3283 3981 3386 4037 qua
3436 3967 3803 4022 contradictio

2215 4057 2373 4113 fuerit
2401 4058 2611 4122 oborta,
2640 4057 2764 4126 quia
2795 4055 2922 4111 talia
2950 4063 3176 4112 tractata
3213 4066 3338 4112 sunt
3362 4053 3502 4125 apud
3533 4071 3653 4123 nos,
3683 4071 3802 4112 non

2211 4156 2535 4219 prtcsumant
2560 4147 2625 4202 ad
2666 4147 2998 4219 purgandum
3032 4163 3153 4203 eum
3195 4147 3286 4215 qui
3336 4145 3663 4202 ordinandus
3708 4153 3805 4201 est

2214 4249 2323 4295 tres
2348 4239 2479 4308 jam,
2523 4238 2616 4293 sed
2636 4239 2941 4309 postuletur
2961 4238 3027 4293 ad
3049 4253 3330 4293 numerum
3363 4236 3801 4306 supradictorum

2213 4339 2352 4386 unus
2375 4329 2459 4384 vel
2488 4328 2624 4395 duo,
2650 4339 2704 4384 et
2731 4330 2784 4383 in
2825 4330 3008 4384 eadem
3037 4328 3194 4398 plebe
3221 4327 3306 4382 cui
3337 4324 3666 4382 ordinandus
3707 4331 3802 4379 est

2215 4419 2570 4475 discutiantur
2618 4420 2792 4489 primo
2839 4431 3083 4488 personrc
3139 4415 3639 4471 contradicentium.
3687 4412 3797 4467 Po-

2213 4521 2417 4568 stremo
2447 4512 2610 4567 etiam
2639 4509 2729 4564 illa
2758 4523 2877 4579 qua:
2906 4507 3228 4577 objiciuntur
3269 4513 3704 4576 pertractentur;
3734 4511 3800 4558 et

2213 4618 2335 4659 cum
2363 4609 2618 4673 purgatus
2641 4599 2801 4655 fuerit
2828 4600 2882 4654 in
2907 4607 3195 4668 conspectu
3220 4597 3452 4668 publica,
3479 4597 3551 4649 ita
3572 4594 3798 4650 demum

2211 4694 2506 4750 ordinetur.
2537 4689 2594 4747 Si
2621 4692 2723 4746 hoc
2749 4705 2871 4746 cum
2896 4698 3084 4744 vestra:
3115 4687 3416 4744 sanctitatis
3445 4686 3624 4740 animo
3652 4701 3798 4739 con-

2210 4782 2418 4848 cordat,
2446 4781 2734 4836 roboretur
2759 4789 2950 4835 vestrre
2971 4777 3290 4847 dignationis
3313 4776 3680 4846 responsione.
3707 4774 3801 4830 Ab

2212 4873 2474 4929 universis
2499 4872 2766 4942 episcopis
2788 4868 2989 4925 dictum
3016 4878 3133 4924 est:
3165 4867 3308 4924 Satis
3343 4869 3536 4938 placet.

2213 4985 2281 5040 Ut
2327 4986 2392 5040 de
2431 4983 2665 5038 Ecclesia
2706 4981 3035 5053 Carthaginis
3082 4979 3190 5035 dies
3239 4979 3457 5034 Pascha:
3503 4978 3799 5032 nuntietur.

2281 5075 2364 5130 ιι.
2397 5075 2701 5129 Honoratus
2731 5081 2784 5127 et
2818 5070 3059 5126 Urbanus
3081 5070 3314 5140 episcopi
3337 5068 3582 5123 dixerunt
3605 5086 3617 5120 ε
3643 5067 3799 5133 Quo-

2211 5169 2353 5224 niam
2375 5167 2444 5222 de
2463 5164 2873 5221 commonitorio
2899 5171 3082 5216 nostro
3104 5163 3284 5216 omnia
3306 5168 3530 5215 tractata
3555 5175 3806 5214 noscun-

2214 5268 2318 5320 tur,
2341 5255 2584 5311 addimus
2613 5255 2771 5310 etiam
2802 5253 2867 5309 de
2895 5252 2980 5306 die
3009 5249 3225 5306 Pascha:
3255 5250 3408 5305 nobis
3429 5264 3545 5305 esse
3565 5249 3797 5302 manda-

2215 5359 2348 5412 tum,
2373 5357 2431 5402 ut
2458 5348 2525 5404 de
2552 5343 2786 5401 Ecclesia
2819 5358 3032 5414 semper
3056 5339 3482 5409 Carthaginensi,
3516 5339 3670 5394 sicuti
3703 5353 3804 5391 as-

2212 5441 2368 5508 solet,
2387 5441 2727 5502 instruamur,
2752 5446 2933 5493 etnon
2953 5436 3052 5490 sub
3073 5444 3297 5504 angusto
3318 5435 3573 5503 temporis
3591 5432 3799 5504 spatio.

2214 5532 2456 5590 Aurelius
2485 5530 2770 5601 episcopus
2799 5527 2932 5582 dixit
2957 5545 2969 5580 :
3019 5525 3075 5582 Si
3106 5526 3373 5582 sanctitati
3405 5535 3596 5580 vestra!
3641 5523 3806 5578 vidc-

2216 5635 2323 5685 tur,
2344 5623 2596 5692 quoniam
2625 5636 2724 5676 nos
2763 5617 3115 5690 spopondisse
3152 5617 3262 5688 jam
3292 5616 3490 5672 dudum
3537 5615 3803 5671 memini-

2212 5732 2345 5782 mus,
2383 5722 2439 5768 ut
2458 5713 2679 5782 singulis
2700 5713 2995 5783 quibusque
3024 5711 3176 5766 annis
3205 5708 3269 5764 ad
3293 5705 3626 5763 tractandum
3658 5720 3797 5760 cet)—
