3982 6196
274 281 382 336 £97

1269 244 1492 341 conss
1529 285 1856 342 canonum
1897 283 2584 348 ECCLESIASTICORUM.

3466 289 3569 345 198

267 397 584 464 veniamus,
615 403 669 450 et
692 411 814 450 cum
845 397 1149 453 venerimus
1178 399 1230 454 in
1258 416 1442 469 unum,
1477 411 1603 457 tunc
1642 402 1875 471 divulga-
1903 411 1945 466 Λ
1978 405 2186 474 palihus
2208 405 2478 460 cathedris
2504 411 2902 461 removeantur.
2941 402 3358 475 Oportet'enim,
3389 414 3449 460 ut
3475 403 3588 475 qui

265 488 426 543 bitur
452 499 676 542 sanctus
706 486 924 542 Pascha:
953 489 1068 544 dies
1092 501 1192 559 per
1219 491 1427 560 legatos
1473 492 1565 561 qui
1597 491 1870 547 adfuerint

264 579 534 635 concilio.
568 578 876 634 Honoratus
923 588 979 633 et
1022 578 1269 635 Urbanus
1313 581 1551 652 episcopi
1582 581 1871 636 dixerunt:

268 667 434 725 Nunc
461 670 531 724 de
559 669 810 739 praesenti
853 678 1000 724 cmtu
1028 671 1280 738 petimus,
1314 679 1372 726 ut
1419 671 1612 727 litteris
1661 674 1878 742 provin-

268 761 421 817 ciam
452 770 696 816 nostram
724 761 791 816 de
820 763 923 816 hac
969 762 1055 817 die
1082 763 1372 819 informare
1402 765 1711 833 dignemini.
1764 766 1874 820 Au-

269 854 450 910 relius
474 855 764 936 episgipus
792 854 930 909 dixit
954 873 967 908 :
1002 854 1079 910 lta
1101 855 1194 910 tiat
1217 872 1438 913 necesse
1460 864 1564 912 est.

735 966 814 1023 De
841 969 1108 1024 uisitandis
1137 972 1432 1040 provinciis.

345 1076 461 1133 LII.
507 1077 818 1136 Honoratus
839 1087 895 1136 et
938 1078 1186 1136 Urbanus
1217 1083 1458 1153 episcopi
1489 1081 1742 1138 dixerunt
1768 1103 1779 1136 :
1812 1084 1878 1138 Et

274 1164 412 1222 illud
441 1169 600 1224 nobis
628 1171 791 1224 verbo
822 1169 1132 1224 mandatum
1155 1181 1257 1235 est,
1292 1181 1349 1227 ut
1375 1175 1501 1242 quia
1528 1174 1875 1229 constitutum

273 1268 366 1314 est
407 1259 461 1313 in
495 1260 728 1314 concilio
773 1259 1107 1331 Hipponensi
1137 1261 1375 1329 singulas
1415 1264 1613 1320 debere
1656 1267 1875 1335 previn-

271 1349 398 1404 clas
451 1358 699 1421 tempore
767 1352 978 1406 concilii
1027 1352 1320 1408 visitandas
1372 1369 1522 1418 csse,
1588 1357 1879 1425 dignemini

272 1440 476 1502 etiam,
511 1440 650 1509 quod
672 1442 776 1496 hoc
793 1457 935 1496 anno
964 1444 1258 1498 secundum
1289 1444 1532 1500 ordinem
1576 1447 1878 1517 distulistis,

272 1529 370 1583 vel
396 1530 512 1584 alio
541 1546 681 1586 anno
727 1531 1102 1587 Mauritaniam
1132 1536 1463 1606 provinciam
1497 1538 1731 1592 visitare.
1778 1539 1882 1594 Au-

275 1619 458 1674 relius
487 1622 772 1692 episcopus
790 1623 963 1677 dixit:
997 1623 1149 1678 Tunc
1184 1625 1252 1679 de
1300 1629 1573 1694 provincia
1623 1629 1881 1685 Maurita-

277 1709 398 1775 nia,
428 1721 723 1782 propterea
749 1715 892 1782 quod
923 1715 975 1768 in
1006 1715 1198 1772 finibus
1223 1715 1410 1774 Afrith
1438 1721 1613 1789 posita
1633 1721 1722 1786 sit,
1747 1723 1877 1776 nihil

278 1800 604 1867 statuimus,
632 1803 896 1872 siquidem
922 1804 1110 1860 vicime
1138 1817 1262 1866 sunt
1282 1808 1599 1876 barbarico;
1630 1811 1725 1866 sed
1752 1827 1882 1879 prte-

279 1898 398 1944 stet
429 1891 570 1946 Deus
600 1901 676 1960 ut,
723 1909 791 1949 ex
837 1897 1131 1952 abundanti
1177 1915 1283 1954 non
1314 1902 1654 1972 pollicentes,
1694 1905 1880 1963 venire

283 1981 562 2048 possimus
586 1984 651 2036 ad
673 1993 908 2040 vestram
949 1989 1302 2057 provinciam.
1335 1992 1587 2060 Cogitate
1613 1995 1756 2049 enim
1787 1995 1882 2049 dc-

280 2069 458 2140 betis,
496 2074 707 2142 fratres,
735 2079 861 2147 quia
892 2079 997 2133 hoc
1032 2081 1151 2144 sibi,
1184 2089 1239 2136 et
1263 2081 1599 2152 Tripolitani,
1632 2095 1686 2140 et
1711 2086 1882 2140 Arzu-

281 2162 462 2231 gitani
494 2164 683 2220 fratres
709 2175 959 2239 poterant
983 2171 1219 2242 exigere,
1248 2175 1292 2226 si
1319 2173 1456 2228 ratio
1479 2183 1772 2244 pateretur.

288 2275 368 2336 Ut
399 2277 664 2343 diaetas,
687 2279 791 2333 nisi
815 2297 884 2333 ea:
908 2297 1161 2336 consensu
1189 2284 1414 2359 episcopi
1443 2287 1658 2356 proprii,
1683 2289 1881 2359 episco-

798 2367 919 2421 pum
955 2367 1058 2404 non
1105 2356 1385 2423 accipiant.

366 2459 510 2514 Llll.
545 2456 833 2528 Epigonius
862 2459 1147 2530 episcopus
1194 2461 1329 2516 dixit
1355 2479 1378 2514 ι
1413 2461 1594 2520 Multis
1641 2466 1884 2522 conciliis

287 2555 407 2612 hoc
425 2559 684 2607 statutum
709 2564 741 2604 a
769 2559 912 2604 cmtu
941 2551 1264 2606 sacerdotali
1291 2560 1392 2617 est,
1447 2561 1507 2606 ut
1556 2554 1739 2622 plebes
1761 2569 1884 2622 quae

285 2648 354 2703 in
381 2645 703 2702 dimcesibus
729 2643 798 2698 ab
825 2641 1092 2713 episcopis
1137 2644 1457 2710 retinentur,
1507 2660 1627 2714 qua:
1675 2646 1886 2715 episco-

289 2753 404 2810 pos
449 2751 722 2804 nunquam
768 2734 1091 2800 habuerunt,
1142 2751 1250 2791 non
1297 2737 1405 2793 nisi
1437 2753 1562 2794 cum
1606 2739 1886 2796 voluntate

286 2831 420 2898 ejus
465 2827 726 2898 episcopi,
775 2842 806 2881 a
846 2842 956 2896 quo
996 2834 1268 2896 tenentur,
1325 2830 1572 2899 proprios
1621 2831 1886 2901 accipiant

289 2928 564 2986 ratores,
586 2918 638 2972 id
662 2925 766 2982 est,
805 2918 1109 2988 episcopos.
1157 2918 1227 2974 At
1263 2934 1395 2982 vero
1441 2920 1566 2989 quia
1622 2923 1882 2989 nonnulli,

287 3012 580 3068 dominatu
629 3009 864 3079 quodam
910 3009 1108 3079 adepto
1128 3049 1143 3076 ,
1187 3013 1618 3070 communionem
1659 3012 1885 3070 fratrum

289 3103 617 3168 abhorrent,
644 3099 730 3155 vel
749 3109 920 3166 certe,
957 3115 1079 3155 cum
1108 3101 1386 3170 depravati
1416 3101 1632 3171 fuerint,
1655 3105 1804 3173 quasi
1831 3105 1886 3159 in

289 3193 535 3264 quadam
581 3207 705 3247 arce
748 3192 1026 3263 tyrannica
1054 3192 1156 3248 sibi
1185 3193 1519 3250 dominatum
1570 3197 1877 3265 vindicant,

290 3284 446 3354 quod
467 3283 706 3353 plerique
729 3283 942 3351 tumidi,
988 3291 1149 3352 atque
1183 3284 1384 3352 stolidi,
1435 3286 1715 3344 adversum
1763 3291 1881 3360 θρί-

289 3387 524 3442 scopum
552 3386 680 3427 suas
706 3372 948 3426 cervices
976 3373 1188 3440 erigunt
1213 3376 1534 3446 presbyteri,
1571 3378 1656 3434 vel
1693 3381 1881 3436 convi—

293 3465 398 3518 viis
438 3463 544 3517 sibi
585 3463 971 3517 coucinnantes
1010 3463 1244 3532 plebem,
1294 3466 1383 3520 vel
1433 3476 1580 3522 certe
1628 3484 1883 3537 persuasu

290 3557 556 3626 maligno,
582 3562 636 3608 ut
657 3555 845 3610 illicito
867 3553 1049 3610 favore
1069 3555 1291 3612 eosdem
1313 3557 1476 3612 velint
1497 3559 1596 3614 sibi
1617 3561 1884 3620 collocare

291 3658 576 3713 rectores;
599 3647 742 3718 quod
772 3645 988 3716 quidem
1029 3647 1238 3718 insigne
1287 3650 1484 3705 mentis
1513 3658 1615 3705 tua:
1642 3661 1884 3711 tenemus

293 3750 510 3806 votum,
536 3737 704 3793 frater
731 3737 983 3806 religiose
1009 3736 1215 3804 Aureli,
1238 3741 1330 3809 qui
1359 3741 1472 3798 haec
1499 3758 1641 3814 saepe
1668 3760 1886 3815 oppres-

292 3835 436 3900 sisti,
463 3849 570 3888 non
603 3832 840 3888 curando
871 3834 1004 3892 tales
1033 3836 1333 3904 petitores;
1380 3838 1474 3893 sed
1517 3851 1740 3911 propter
1791 3858 1888 3898 eo-

290 3942 414 3984 rum
457 3925 630 3979 malos
665 3925 952 3995 cogitatus,
989 3933 1048 3984 et
1091 3941 1259 3996 prave
1295 3929 1616 3986 concinnata
1663 3934 1884 3988 consilia

295 4019 400 4075 hoc
421 4017 562 4082 dico,
594 4032 702 4072 non
723 4016 920 4072 debere
940 4027 1205 4076 rectorem
1235 4021 1484 4092 accipere
1503 4039 1624 4080 eam
1652 4027 1883 4096 plebem,

293 4124 417 4178 gum
446 4108 498 4163 in
524 4107 747 4163 ditecesi
777 4123 989 4174 semper
1017 4109 1304 4179 subiacuit,
1343 4129 1445 4169 nec
1479 4131 1716 4185 unquam
1760 4135 1886 4190 pro-

291 4200 472 4269 prium
493 4197 806 4268 episcopum
829 4198 1035 4254 habuit.
1061 4200 1404 4273 Quapropter
1421 4206 1466 4260 si
1493 4207 1744 4265 universo
1763 4225 1887 4265 san-

291 4289 541 4345 ctissimo
583 4289 746 4345 emtui
787 4288 968 4358 placet
1011 4291 1146 4358 hoc,
1183 4294 1332 4362 quod
1378 4308 1698 4366 prosecutus
1741 4317 1882 4370 sum,

292 4382 664 4438 coam-tuetur.
689 4380 938 4438 Aurelius
958 4384 1243 4454 episcopus
1261 4387 1395 4443 dixit
1419 4406 1433 4443 :
1457 4389 1658 4447 Fratris
1675 4401 1732 4447 et
1751 4409 1885 4449 eon-

289 4474 596 4532 ncerdOIis
643 4475 814 4530 nostri
855 4477 1221 4544 prosecutioni
1247 4495 1356 4535 non
1385 4483 1632 4539 obsisto:
1666 4487 1758 4541 sed
1781 4487 1884 4543 hoc

289 4579 380 4620 me
408 4571 470 4618 et
516 4561 712 4620 fecisse
739 4572 796 4618 et
837 4561 1107 4622 facturum
1146 4583 1266 4624 esse
1303 4571 1563 4639 profiteor
1605 4576 1747 4630 circa
1787 4593 1884 4634 eos

291 4669 448 4717 sane,
476 4655 574 4724 qui
600 4653 803 4712 fuerint
829 4659 1146 4725 concordes,
1174 4676 1282 4716 non
1309 4663 1482 4717 solum
1509 4665 1652 4722 circa
1693 4667 1882 4725 Eccle-

292 4746 428 4800 siam
471 4743 972 4814 Carthaginensem,
1003 4749 1100 4804 sed
1147 4751 1293 4806 circa
1340 4767 1503 4810 onme
1545 4757 1884 4815 sacerdotale

292 4837 657 4894 consortium.
699 4835 840 4892 Sunt
861 4838 1009 4894 enim
1051 4839 1293 4912 plerique
1339 4845 1712 4915 conspirantes
1755 4860 1879 4904 cum

293 4928 544 4998 plebibus
583 4929 839 4998 propriis,
886 4945 1022 4999 quas
1069 4933 1364 5004 decipiunt,
1421 4945 1483 4991 ut
1521 4938 1722 4996 dictum
1777 4953 1882 5010 est,

291 5036 481 5077 earum
513 5020 824 5090 scalpentes
853 5039 1037 5092 aures,
1065 5025 1246 5082 blandi
1276 5027 1342 5082 ad
1371 5029 1759 5097 seducendum,
1805 5036 1886 5093 vi—

295 5111 444 5166 tiosa:
465 5112 589 5165 vitae
613 5111 878 5175 homines,
906 5115 989 5170 vel
1034 5125 1186 5172 certe
1231 5117 1424 5189 inﬂati,
1455 5130 1509 5176 et
1533 5123 1601 5178 ab
1629 5124 1733 5180 hoc
1761 5141 1886 5181 con-

293 5203 466 5262 sortio
486 5206 745 5273 separati,
765 5206 857 5274 qui
877 5215 1067 5276 putant
1091 5212 1322 5280 proer
1340 5213 1479 5282 plebi
1502 5215 1881 5284 incubandum,

293 5305 352 5352 et
376 5288 770 5368 nonnunquam
795 5303 1048 5356 conventi
1071 5303 1136 5356 ad
1163 5306 1449 5360 concilium
1482 5311 1666 5364 venire
1703 5310 1884 5367 detre-

293 5397 466 5456 ctant,
519 5403 620 5446 sua
666 5388 807 5448 forte
857 5407 928 5447 ne
972 5394 1270 5463 prodantur
1321 5397 1518 5465 flagitia
1561 5410 1879 5459 metuentes.

296 5474 452 5543 Dico,
475 5479 522 5534 si
551 5479 751 5552 placet,
782 5482 926 5538 circa
947 5483 1048 5540 llos
1093 5500 1202 5540 non
1248 5495 1456 5543 tantum
1479 5490 1743 5548 dimceses
1773 5510 1880 5550 non

297 5584 418 5626 esse
464 5573 776 5640 servandas,
808 5589 993 5631 verum
1038 5586 1094 5632 et
1117 5577 1183 5633 de
1211 5579 1424 5649 propria
1450 5579 1689 5638 Ecclesia
1709 5627 1723 5652 ,
1761 5601 1880 5655 qua:

297 5661 400 5718 ill’s
428 5664 568 5720 atate
596 5658 812 5733 faverit,
851 5670 1164 5726 omnimodo
1211 5673 1575 5739 adnitendum,
1619 5685 1673 5730 ut
1717 5680 1879 5734 etiam

299 5755 622 5810 anchoritae
649 5757 862 5824 publica
891 5758 1220 5829 rejiciantur,
1250 5770 1410 5832 atque
1431 5766 1502 5819 ab
1525 5766 1654 5836 ipsis
1678 5768 1881 5838 princi-

1981 497 2247 552 universis
2276 497 2543 563 fratribus,
2589 512 2654 552 ac
2698 507 2814 553 toto
2854 499 3087 552 concilio
3128 497 3420 564 inhaeserit,
3461 515 3584 552 non

1979 589 2154 643 solum
2185 604 2335 643 suam
2359 590 2569 658 integro
2595 589 2734 658 jure,
2779 588 2873 643 sed
2903 597 2958 644 et
2986 589 3245 645 dioeceses
3273 589 3567 660 possideat.

1980 682 2049 735 At
2078 697 2226 744 vero,
2263 684 2353 750 qui
2374 682 2588 737 sibimet
2617 689 2808 752 putant
2828 681 3011 751 plebes
3041 681 3308 750 sufficere,
3334 681 3568 735 fraterna

1979 773 2268 827 dilectione
2293 783 2621 843 contempta,
2651 789 2758 827 non
2783 781 2985 826 tantum
3013 772 3274 828 dimceses
3301 774 3571 842 amittant,

1980 860 2092 924 sed,
2127 871 2184 916 ut
2213 863 2341 927 dixi,
2378 863 2541 918 etiam
2573 864 2802 932 propriis
2830 863 3042 933 publica
3085 873 3305 918 careant
3331 865 3569 919 auctori-

1983 962 2109 1020 tate,
2136 963 2192 1008 ut
2212 955 2438 1010 rebelles
2485 955 2788 1010 Honoratus
2811 963 2865 1009 et
2891 955 3136 1010 Urbanus
3160 956 3396 1026 episc0pi
3417 956 3570 1011 dixe-

1980 1057 2104 1101 runt
2129 1065 2141 1099 :
2169 1046 2384 1101 Summa
2415 1045 2652 1116 provisio
2682 1047 2981 1101 sanctitatis
3025 1055 3127 1101 tua:
3169 1047 3389 1103 cohmsit
3417 1064 3567 1102 nien-

1982 1137 2122 1190 tibus
2169 1137 2519 1206 singulorum,
2558 1146 2613 1191 et
2651 1145 2799 1207 puto,
2833 1138 3071 1192 omnium
3109 1139 3461 1208 responsione
3504 1155 3569 1194 ea

1980 1241 2098 1295 Qum
2121 1229 2371 1296 prosequi
2397 1229 2644 1295 dignatus
2684 1243 2760 1288 es,
2797 1229 3119 1283 roboranda.
3173 1229 3415 1286 Universi
3463 1230 3572 1302 epi-

1980 1318 2128 1387 sco;ii
2153 1319 2404 1372 dixerunt
2428 1338 2440 1372 :
2475 1319 2677 1386 Placet,
2709 1320 2906 1388 placet.

2090 1428 2156 1483 Ut
2180 1430 2378 1483 alicmtt
2409 1431 2624 1483 clericus
2653 1431 2860 1484 minime
2889 1432 3204 1503 suscipiatur
3227 1433 3289 1487 ab
3332 1433 3456 1488 alio.

2053 1518 2182 1573 LIV.
2225 1519 2516 1589 Epigonius
2546 1523 2833 1591 episcopus
2875 1521 3045 1576 dixit:
3090 1521 3147 1576 In
3177 1524 3572 1580 multis-conci-

1982 1610 2189 1664 liishoc
2229 1618 2490 1664 statutum
2537 1619 2639 1676 est,
2666 1612 2830 1666 etiam
2862 1629 3004 1667 nunc
3047 1612 3153 1669 hoc
3193 1612 3568 1683 confirmatum

1984 1709 2066 1755 cst
2096 1716 2123 1753 a
2155 1709 2332 1754 vestra
2376 1700 2681 1770 prudentia,
2733 1701 3026 1756 beatissimi
3054 1701 3272 1772 fratres,
3315 1713 3375 1759 ut
3414 1705 3576 1761 cleri-

1984 1806 2104 1846 cum
2136 1790 2370 1844 alienum
2402 1790 2578 1844 nullus
2601 1791 2699 1845 sibi
2739 1792 3013 1863 prmripiat
3052 1793 3336 1868 episcopus
3379 1803 3574 1864 praeter

1983 1881 2099 1951 ejus
2122 1883 2422 1950 arbitrium,
2455 1883 2606 1952 cujus
2629 1884 2789 1939 fuerit
2819 1885 3068 1943 clericus.
3113 1886 3244 1943 Dico
3274 1898 3452 1945 autem
3480 1875 3572 1944 Ju-

1982 1974 2203 2039 lianum,
2229 1975 2319 2043 qui
2344 1976 2583 2043 ingratus
2611 1984 2693 2031 est
2720 1975 2814 2031 Dei
2836 1977 3109 2033 beneﬂciis
3130 1995 3228 2050 per
3247 1995 3422 2036 meam
3447 1997 3573 2052 par-

1985 2065 2207 2121 vitatem
2237 2065 2290 2120 in
2317 2082 2376 2121 se
2405 2067 2615 2122 collatis
2639 2106 2654 2131 ,
2708 2068 2779 2123 ita
2831 2071 3172 2125 temerarium
3213 2079 3269 2126 et
3314 2073 3578 2129 audacem

1986 2157 2276 2222 exstitisse,
2302 2165 2356 2211 ut
2385 2173 2506 2213 eum
2537 2159 2628 2228 qui
2654 2174 2685 2212 a
2725 2175 2810 2213 me
2832 2159 3136 2229 baptizatus
3158 2169 3259 2229 est,
3287 2178 3409 2217 cum
3431 2173 3576 2220 esset

1987 2266 2122 2320 puer
2171 2249 2568 2318 egentissimus,
2609 2250 2736 2304 mihi
2769 2252 2854 2306 tab
2897 2251 3088 2306 eodem
3145 2253 3576 2319 commendatus,

1983 2357 2210 2411 cumque
2240 2341 2420 2397 multis
2443 2343 2598 2397 annis
2625 2358 2656 2397 a
2687 2357 2774 2396 me
2823 2342 3062 2399 aleretur
3099 2352 3260 2413 atque
3305 2345 3574 2402 incresce~

1981 2442 2084 2499 ret,
2118 2434 2277 2500 hunc,
2310 2440 2370 2488 ut
2399 2432 2530 2497 dixi,
2564 2431 2893 2504 baptizatum
2923 2449 3044 2489 esse
3072 2433 3125 2488 in
3152 2431 3390 2490 Ecclesia
3430 2449 3574 2500 mea,

1983 2539 2080 2595 per
2107 2539 2323 2578 manum
2355 2523 2633 2594 parvitatis
2661 2539 2796 2578 mea:
2817 2533 3027 2580 constat
3053 2542 3066 2578 :
3101 2525 3243 2582 idem
3273 2527 3326 2578 in
3356 2524 3578 2584 ὀίωοθεὶ

1983 2615 2334 2685 Mappaliensi
2388 2616 2559 2672 lector
2597 2632 2716 2672 esse
2758 2627 3021 2687 coeperat,
3070 2619 3178 2674 imo
3225 2619 3378 2675 annis
3410 2617 3578 2676 ferme

1985 2703 2191 2758 duobus
2233 2704 2458 2773 legerat,
2509 2706 2692 2761 nescio
2740 2721 2848 2775 quo
2897 2715 3212 2779 contemptu
3259 2708 3577 2766 humilitatis

1984 2810 2136 2858 mea),
2162 2794 2305 2849 idem
2344 2793 2590 2850 Julianus
2621 2811 2740 2850 eum
2773 2797 3018 2867 arripuit,
3064 2813 3225 2868 quem
3255 2799 3383 2876 dicit
3420 2799 3576 2868 quasi

1984 2887 2259 2956 proprium
2281 2885 2452 2940 civem
2491 2887 2573 2940 sui
2613 2887 2718 2942 loci
2766 2883 3090 2955 Vazaritani,
3141 2904 3227 2944 me
3275 2885 3579 2947 inconsulto

1987 2989 2266 3044 usurpare,
2301 2991 2423 3028 nam
2454 2982 2508 3030 et
2536 2976 2820 3032 diaconum
2853 2979 3001 3034 illum
3044 2979 3312 3034 ordinavit
3342 2998 3354 3034 :
3391 2981 3496 3036 hoc
3533 2977 3578 3034 si

1987 3065 2171 3130 liceat,
2204 3075 2388 3136 pateat
2416 3066 2531 3123 hmc
2558 3067 2774 3123 licentia
2806 3071 2982 3141 nobis,
3011 3071 3307 3128 beatissimi
3349 3073 3576 3139 fratres,

1913 3145 1956 3207 C
1991 3155 2035 3210 si
2067 3157 2260 3220 minus,
2306 3165 2414 3211 tam
2444 3157 2726 3228 impudens
2755 3159 3092 3228 cohibeatur,
3143 3176 3211 3216 ne
3258 3177 3316 3218 se
3357 3162 3577 3221 inisceat

1988 3245 2354 3301 communioni
2385 3247 2722 3317 cujusquam.
2753 3248 3034 3306 Numidius
3075 3252 3360 3330 episcopus
3403 3253 3577 3310 dixit:

1986 3331 2044 3389 Si
2075 3351 2181 3389 non
2213 3337 2483 3406 postulata
2541 3355 2716 3409 neque
2756 3341 3000 3396 consulta
3042 3351 3128 3398 tua
3178 3343 3486 3412 dignatione
3527 3344 3576 3402 id

1986 3423 2196 3483 videtur
2217 3430 2405 3485 fecisse
2433 3429 2696 3501 Julianus,
2722 3432 3023 3502 judicamus
3053 3450 3242 3490 omnes
3270 3435 3453 3506 inique
3495 3437 3579 3490 fa-

1986 3528 2149 3583 ctum,
2182 3529 2344 3590 atque
2377 3521 2609 3590 indigne.
2635 3522 2975 3596 Quapropter
3012 3526 3114 3580 nisi
3157 3528 3297 3582 idem
3336 3525 3580 3586 Julianus

1986 3611 2285 3667 correxerit
2312 3627 2550 3667 errorem
2591 3629 2768 3680 suum,
2799 3625 2855 3671 et
2881 3632 3004 3671 cum
3026 3607 3392 3673 satisfactione
3424 3634 3577 3675 eum-

1986 3699 2108 3756 dem
2138 3701 2413 3766 clericum,
2446 3718 2604 3772 quem
2634 3703 2810 3759 fuerat
2833 3722 2996 3761 ausus
3035 3706 3302 3774 ordinare,
3357 3725 3580 3764 revoca-

1987 3797 2124 3851 verit
2155 3804 2254 3850 tum
2283 3797 2447 3867 plebi,
2476 3807 2663 3852 contra
2693 3808 2893 3854 statuta
2938 3801 3149 3856 concilii
3181 3799 3400 3863 faciens,
3440 3816 3578 3856 con-

1988 3889 2235 3944 tumacia:
2273 3905 2383 3944 sua:
2407 3899 2689 3960 separatus
2726 3906 2757 3944 a
2787 3891 2962 3955 nobis,
3015 3893 3250 3961 excipiet
3292 3891 3569 3960 judicium.

1986 3977 2276 4052 Epigonius
2305 3981 2590 4051 epiSCOpus
2615 3981 2750 4036 dixit
2776 4001 2789 4035 :
2815 3981 2998 4036 Etate
3026 3993 3199 4054 pater,
3225 3992 3279 4038 et
3308 3984 3423 4056 ipsa
3451 3999 3578 4054 pro-

1987 4070 2226 4126 motione
2256 4069 2678 4140 antiquissimus,
2705 4071 2788 4126 vir
2815 4071 3122 4136 laudabilis,
3156 4073 3322 4129 frater
3358 4083 3415 4130 et
3460 4073 3569 4129 col-

1987 4157 2102 4227 lega
2132 4168 2318 4214 noster
2347 4160 2530 4216 Victor
2574 4161 2690 4215 vult
2726 4161 2868 4219 hanc
2907 4163 3224 4233 petitionem
3269 4165 3576 4240 generalem

1987 4249 2235 4305 'omnibus
2265 4248 2424 4306 etlici.

1991 4337 2058 4396 Ut
2111 4339 2506 4413 ϐαι-Πιερίηθηεὶ
2553 4345 2790 4414 episcopo
2856 4344 2994 4400 unde
3067 4345 3282 4402 voluerit
3334 4347 3577 4404 clericum

2553 4413 2705 4467 liceat
2731 4413 2996 4467 ordinare.

2575 4423 2705 4467 lceat
2731 4423 2996 4470 ordinare.

2058 4501 2166 4557 LV.
2208 4503 2455 4558 Aurelius
2505 4505 2791 4577 episcopus
2837 4505 3009 4562 dixit:
3041 4507 3358 4566 Sermonem
3395 4526 3578 4568 meum

1986 4593 2266 4658 admittite,
2298 4593 2508 4651 fratres.
2540 4594 2815 4664 Continglt
2858 4613 3266 4670 nonnunquam,
3310 4610 3368 4656 ut
3391 4612 3578 4672 postu-

1984 4685 2162 4739 lentur
2183 4686 2250 4739 ab
2281 4684 2558 4754 Eccleslis,
2588 4703 2708 4757 qua:
2749 4689 3052 4760 przepositis
3097 4700 3274 4760 egent,
3319 4692 3405 4747 vel
3455 4711 3578 4764 pre-

1983 4775 2232 4846 sbyteris,
2263 4775 2348 4830 vel
2377 4777 2645 4847 episcopis
2669 4796 2681 4830 :
2711 4786 2766 4833 et
2795 4787 2974 4834 tamen
3018 4797 3225 4838 memor
3252 4791 3575 4838 statutorum

1987 4864 2038 4919 id
2075 4880 2290 4935 sequor,
2329 4873 2387 4920 ut
2427 4869 2744 4923 conveniam
2773 4871 3086 4942 episcopum
3129 4872 3264 4944 ejus,
3315 4884 3476 4945 atque
3523 4876 3576 4931 ei

1987 4953 2280 5018 inculccrn,
2331 4956 2472 5024 quod
2513 4955 2629 5027 ejus
2670 4959 2906 5015 clericus
2957 4975 2989 5016 a
3040 4963 3282 5032 qualibet
3335 4960 3575 5019 Ecclesia

1986 5046 2322 5116 postuletur:
2354 5050 2448 5103 sed
2483 5049 2617 5106 forte
2647 5051 2700 5106 in
2731 5052 2993 5108 hodierno
3024 5069 3130 5108 non
3154 5052 3396 5107 rcluctati
3422 5066 3567 5121 sunt,

1985 5143 2040 5188 et
2066 5136 2348 5204 nequando
2377 5138 2650 5206 contingat
2672 5149 2729 5193 ut
2773 5140 3118 5205 reluctentur,
3165 5157 3285 5194 cum
3316 5141 3510 5198 fuerint
3542 5161 3574 5200 a

1986 5237 2074 5276 me
2103 5223 2155 5277 in
2185 5223 2284 5279 hac
2313 5239 2471 5280 causa
2502 5228 2774 5296 postulati,
2807 5243 2964 5297 quem
2986 5229 3132 5284 scitis
3159 5231 3444 5286 multarum
3471 5230 3574 5290 Ec-

1987 5314 2292 5382 clesiarum,
2326 5325 2380 5373 et
2402 5318 2817 5374 ordinandorum
2839 5336 3019 5376 curam
3048 5325 3336 5383 sustinere.
3364 5327 3572 5384 iustum

1984 5415 2068 5460 est
2111 5419 2258 5474 ergo,
2308 5415 2366 5462 ut
2415 5409 2707 5476 quemlibet
2752 5413 3196 5470 consacerdotum
3250 5432 3567 5474 conveniam

1987 5512 2109 5552 cum
2135 5496 2364 5554 duobus
2385 5515 2416 5555 e
2441 5502 2714 5557 consortio
2737 5513 2944 5572 nostro,
2972 5507 3059 5562 vel
3104 5509 3273 5564 tribus
3323 5511 3568 5568 testibus.

1985 5587 2078 5645 Sin
2111 5605 2238 5646 rem
2281 5592 2564 5649 indevotus
2608 5596 2895 5663 exstiterit,
2927 5599 3056 5670 quid
3101 5613 3286 5657 censet
3333 5604 3571 5658 charitas

1983 5689 2158 5735 vestra
2187 5679 2526 5739 faciendum?
2549 5684 2658 5756 Ego
2680 5689 2824 5744 enim
2846 5699 3160 5746 cunctarum
3184 5691 3566 5756 Ecclesiarum,

1984 5770 2288 5841 digna'ione
2317 5773 2432 5843 Dei,
2455 5787 2513 5833 ut
2539 5779 2706 5841 scitis,
2734 5782 3378 5850 fratres,sollicitudinem
3409 5783 3570 5837 susti-
