3982 6196
332 282 533 340 κίπ

1703 274 1855 330 υιοΝ
1867 273 2054 330 YSIUS
2094 271 2255 328 EXIG
2267 270 2422 328 UUS.

3598 272 3702 321 2130

424 414 551 455 neu.
574 396 847 451 Numidius
871 397 1155 466 episcopus
1183 394 1353 450 dixit:
1386 393 1508 448 Fuit
1535 407 1747 461 semper
1784 391 1900 445 haec
1940 390 2008 444 Ii-
2034 401 2084 460 Α
2112 388 2452 457 Carthagine,
2499 382 2699 457 placuit
2744 394 2803 436 ut
2840 382 3016 437 nullus
3065 380 3443 451 episcoporum
3489 382 3702 451 naviget

425 488 603 545 eeutia
635 487 758 545 huic
780 487 915 551 sedi,
943 495 999 541 ut
1022 486 1160 540 unde
1191 484 1372 549 vellet,
1420 492 1476 538 et
1502 484 1569 537 de
1609 482 1762 550 cujus
1792 481 2012 535 nomine

427 579 615 634 fuisset
656 586 970 641 conventus,
1018 591 1117 645 pro
1145 575 1413 630 desiderio
1451 573 1708 642 cujusque
1752 570 2013 626 Ecclesia:

427 669 679 724 ordinare
707 669 1037 739 episcopum.
1072 666 1359 736 Epigonius
1387 667 1668 736 episcopus
1693 664 1827 731 dixit
1851 680 1863 716 :
1903 662 2010 716 Bo-

431 761 571 814 nitas
598 767 897 826 sequestrat
943 757 1371 826 possibilitatem,
1420 756 1594 808 minus
1623 754 1765 807 enim
1815 768 2015 822 prazsu-

430 851 554 916 mis,
587 852 918 911 lrater,cum
955 858 1005 902 te
1052 848 1253 902 bonum
1301 856 1355 900 et
1404 847 1721 901 clementem
1765 841 2015 897 omnibus

430 940 674 1008 praebes;
707 939 871 993 habes
903 940 1045 992 enim
1091 939 1193 993 hoc
1228 938 1278 991 in
1310 938 1550 998 arbitrio,
1593 936 1687 989 sed
1731 935 1887 1001 longe
1933 941 2016 987 est

431 1040 490 1085 ut
516 1030 741 1086 satisfiat
768 1046 1010 1099 personae
1040 1030 1452 1099 uniuscujusque
1481 1030 1719 1097 episcopi
1763 1028 1813 1079 in
1842 1026 2015 1095 prima

434 1123 802 1177 tantummodo
832 1123 1209 1177 conventione.
1258 1120 1315 1175 Si
1344 1130 1520 1175 autem
1550 1119 1695 1189 quod
1730 1118 1855 1171 licet
1892 1117 2017 1170 huic

432 1215 545 1269 sedi
569 1215 941 1269 vindicandum
968 1213 1067 1268 sibi
1091 1213 1249 1268 fuerit
1269 1213 1574 1275 arbitratus,
1600 1224 1823 1263 necesse
1850 1207 2017 1261 habes

436 1317 490 1361 tu
513 1324 699 1362 omnes
719 1306 987 1362 Ecclesias
1012 1307 1219 1374 fulcire,
1250 1305 1389 1359 unde
1417 1303 1509 1358 tibi
1555 1318 1663 1357 non
1694 1308 2016 1371 potestatem

433 1398 641 1463 damus,
673 1399 765 1453 sed
794 1409 897 1452 tua:
926 1399 1283 1466 assignamus,
1308 1405 1368 1450 ut
1395 1396 1553 1450 liceat
1593 1394 1808 1448 volunla
1835 1392 1851 1445 i
1894 1401 2015 1457 tute,

436 1500 493 1545 et
516 1507 731 1561 semper
761 1500 943 1547 tenere
970 1508 1130 1563 quem
1166 1492 1334 1557 voles,
1381 1500 1438 1545 ut
1481 1489 1799 1560 prmpositos
1851 1487 2020 1558 plebi-

434 1582 535 1637 bus
577 1582 662 1635 vel
683 1580 936 1637 Ecclesiis
961 1597 1069 1637 non
1118 1581 1432 1646 constituas,
1474 1581 1564 1650 qui
1613 1579 1866 1650 postulati
1906 1576 2021 1632 fue-

435 1674 561 1735 rint,
580 1679 635 1726 et
657 1671 796 1726 unde
817 1672 1066 1727 volueris.
1093 1669 1505 1726 Posthumianus
1548 1671 1835 1740 episcopus
1855 1668 2015 1722 dixit:

2115 480 2232 533 sine
2256 477 2484 532 formata
2510 474 2771 545 primatis.
2794 470 2958 528 Gesta
2986 474 3040 527 in
3061 472 3405 539 authenticis,
3436 473 3528 543 qui
3549 488 3697 542 quee-

2116 580 2218 635 ret,
2250 570 2508 624 inveniet.

2118 681 2196 736 De
2226 681 2443 736 concilio
2485 682 2583 734 isto
2626 680 2781 750 legati
2847 679 2915 731 ad
2959 679 3318 748 imperatorem
3344 678 3487 747 infra
3514 679 3698 745 scripti

2633 753 2923 820 diriguntur
2948 750 3191 819 episcopi.

2193 864 2321 919 Post
2348 863 2684 918 consulatum
2724 860 3091 931 gloriosissimi
3134 861 3479 929 imperatoris
3517 860 3721 916 Hono-.

2117 958 2181 1011 rii
2214 956 2435 1023 Augusti
2466 953 2530 1008 IV
2561 963 2617 1007 et
2645 953 2964 1024 Eutychiani
2992 969 3043 1005 v.
3077 968 3154 1020 c.,
3176 953 3364 1020 quinto
3386 953 3488 1007 cal.
3508 952 3696 1023 Maias,

2117 1046 2467 1113 Carthagine,
2501 1047 2553 1100 in
2583 1047 2877 1099 secretario
2916 1045 3148 1099 basilica:
3186 1046 3468 1099 restitutae.
3508 1045 3564 1099 In
3597 1048 3699 1101 hoc

2118 1139 2344 1194 concilio
2374 1138 2692 1207 legationem
2748 1147 3098 1207 susceperunt
3140 1136 3428 1207 Epigonius
3474 1148 3529 1193 et
3570 1138 3700 1194 Vin-

2119 1231 2326 1285 centius
2354 1231 2591 1299 episc0pi
2621 1271 2636 1295 ,
2690 1238 2747 1283 ut
2777 1245 2876 1298 pro
2923 1227 3350 1298 confugientibus
3398 1228 3465 1284 ad
3521 1232 3697 1285 eccle-

2119 1322 2273 1386 siam,
2305 1337 2625 1391 quocunque
2666 1330 2819 1375 reatu
2868 1320 3142 1386 involutis,
3190 1321 3358 1390 legem
3398 1321 3465 1376 de
3499 1322 3699 1390 glorio-

2119 1413 2343 1468 sissimis
2366 1414 2691 1483 principibus
2714 1421 3043 1477 mereantur,
3098 1428 3165 1466 ne
3198 1412 3317 1481 quis
3360 1427 3456 1468 eos
3503 1412 3700 1468 audeat

2121 1507 2454 1561 abstrahere.

2124 1617 2191 1672 In
2218 1618 2312 1671 hoc
2341 1618 2558 1671 concilio
2584 1617 2772 1687 legatio
2795 1617 3081 1670 destinatur
3104 1617 3175 1670 ad
3198 1616 3487 1671 Romanum
3516 1626 3565 1670 et
3592 1616 3700 1672 lle-

2196 1690 2545 1741 diolaneusem
2566 1689 2850 1756 episcopos,
2884 1687 2946 1739 de
2988 1688 3215 1756 parvulis
3244 1690 3331 1758 qui
3366 1688 3502 1754 apud
3530 1689 3698 1742 luere-

437 1760 657 1827 Deinde,
691 1761 781 1831 qui
812 1777 974 1816 unum
1005 1761 1272 1830 habuerit,
1306 1760 1541 1830 nunquid
1572 1761 1733 1815 debet
1776 1760 1851 1814 illi
1884 1774 2018 1813 unus
2054 1778 2098 1835 Β
2195 1760 2322 1835 ticos
2357 1758 2605 1835 baptismi
2637 1767 2774 1835 sunt,
2805 1766 2855 1810 et
2880 1758 2949 1835 ad
2976 1759 3336 1835 imperatorem
3365 1758 3428 1810 de
3446 1758 3701 1835 idolorum

436 1854 717 1927 presbyter
752 1854 991 1910 auferri?
1042 1854 1290 1910 Aurelius
1337 1855 1620 1925 episcopus
1673 1852 1808 1907 dixit
1853 1869 1865 1905 :
1918 1850 2024 1906 Sed

437 1943 723 2013 episcopus
762 1959 899 1999 unus
953 1959 1072 2000 esse
1119 1953 1316 2014 potest,
1367 1958 1464 2014 per
1509 1957 1669 2012 quem
1717 1942 2026 2010 dignatione

437 2031 617 2087 divina
647 2033 942 2105 presbyteri
991 2034 1141 2088 multi
1188 2033 1444 2089 constitui
1482 2034 1709 2104 possint,
1755 2049 1893 2088 unus
1933 2048 2026 2088 au-

438 2132 546 2177 tem
568 2124 851 2195 episcopus
876 2124 1093 2182 difficile
1118 2127 1387 2182 invenitur
1426 2126 1848 2182 constituendus.
1881 2125 2024 2192 Qua-

439 2228 662 2290 propter
714 2218 759 2273 si
814 2221 1176 2275 necessarium
1225 2220 1558 2291 episcopatui
1611 2221 1731 2290 quis
1783 2220 2028 2274 habuerit

440 2306 829 2381 presbyterum,
863 2318 918 2363 et
956 2326 1137 2375 unum,
1184 2318 1242 2364 ut
1286 2310 1491 2378 dixisti,
1544 2308 1726 2373 frater,
1762 2310 2026 2376 habuerit,

439 2399 606 2453 etiam
637 2399 812 2468 ipsum
839 2400 905 2455 ad
932 2401 1327 2469 promotionem
1376 2402 1505 2456 dare
1528 2402 1760 2457 debebit.
1808 2400 2032 2456 Posthu—

441 2486 653 2543 mianus
672 2489 956 2558 episcopus
986 2488 1119 2543 dixit
1143 2508 1155 2542 :
1183 2487 1323 2558 Ergo
1345 2492 1388 2545 si
1412 2491 1573 2545 habet
1598 2491 1731 2545 alius
1753 2491 2030 2545 abundan-

445 2585 525 2631 tes
553 2576 797 2643 clericos,
827 2579 988 2633 debet
1018 2581 1143 2634 mihi
1175 2582 1276 2635 alia
1307 2582 1456 2652 plebs
1500 2583 1827 2636 subvenire?
1857 2582 2029 2636 Aure-

444 2666 546 2724 lius
568 2671 852 2741 episcOpus
881 2671 1049 2726 dixit:
1074 2671 1233 2740 Sane,
1264 2675 1479 2743 quando
1504 2683 1557 2727 tu
1590 2673 1840 2729 Ecclesia:
1876 2677 2033 2739 alteri

445 2760 777 2825 subveneris,
810 2760 1221 2829 persuadebitur
1273 2763 1346 2817 illi
1378 2765 1465 2832 qui
1498 2764 1679 2833 plures
1719 2765 1883 2819 habet
1924 2765 2035 2821 cle—

446 2849 608 2917 ricos,
642 2859 699 2903 ut
720 2866 885 2904 unum
909 2851 1005 2906 tibi
1034 2852 1391 2907 ordinandum
1420 2855 1695 2922 largiatur.

452 2956 518 3013 Ut
549 2959 772 3031 episwpi
802 2962 887 3033 qui
922 2963 973 3015 in
1005 2963 1301 3033 diwcesibns
1351 2966 1542 3031 fuerint
1596 2965 1823 3019 ordinati
1852 2966 2034 3022 diazce-

871 3033 969 3085 sim
990 3032 1086 3086 sibi
1107 3034 1301 3087 nullam
1334 3035 1606 3088 vindicent.

521 3117 654 3173 LVI.
704 3118 1006 3176 Honoratus
1058 3131 1113 3176 et
1165 3120 1409 3177 Urbanus
1459 3124 1697 3194 episcopi
1741 3125 2031 3181 dixerunt:

452 3211 763 3267 Audivimus
800 3215 1148 3269 constitutum
1196 3223 1253 3268 ut
1289 3215 1551 3270 dimceses
1586 3232 1694 3270 non
1734 3228 2040 3272 mereantur

451 3306 735 3375 episcopos
765 3307 1029 3377 accipere,
1059 3307 1160 3361 nisi
1190 3323 1453 3363 consensu
1499 3306 1613 3376 ejus
1646 3307 1743 3362 sub
1767 3323 1880 3379 quo
1927 3309 2042 3362 fue-

455 3405 577 3453 rant
604 3398 906 3454 constitutte
931 3418 944 3452 :
969 3399 1065 3455 sed
1090 3402 1141 3455 in
1166 3402 1441 3471 provincia
1486 3408 1667 3455 n‘ostra
1708 3418 1827 3456 cum
1877 3401 2042 3471 aliqui

456 3490 593 3545 forte
624 3493 676 3546 in
716 3492 959 3561 dioecesi,
990 3493 1319 3548 concedente
1346 3510 1411 3548 eo
1452 3495 1728 3563 episcopo,
1781 3496 1834 3548 in
1884 3494 2039 3563 cujus

456 3588 725 3650 potestate
756 3580 965 3636 fuerant
994 3584 1292 3649 constituti,
1336 3584 1567 3638 orlinati
1611 3593 1735 3638 sunt
1777 3586 2039 3654 episcopi,

458 3672 621 3725 etiam
648 3672 909 3728 dioeceses
934 3674 1035 3728 sibi
1061 3675 1355 3739 vindicant,
1388 3675 1491 3730 hoc
1535 3684 1590 3729 et
1632 3677 1826 3745 corrigi
1868 3677 2044 3731 chari—

462 3762 585 3815 tatis
609 3771 805 3816 vestra:
821 3762 1044 3831 judicio,
1075 3774 1129 3818 et
1153 3763 1381 3817 inhiberi
1404 3764 1470 3819 de
1497 3773 1691 3818 czetero
1713 3763 1890 3818 debet.
1919 3763 2013 3834 Epi
2030 3796 2044 3804 -

460 3853 649 3921 genius
677 3854 961 3925 cpiscopus
989 3855 1160 3910 dixit:
1195 3855 1426 3923 Singulis
1471 3856 1738 3926 episcopis
1776 3867 2045 3911 servatum

461 3954 545 3999 est
575 3945 719 4014 quod
773 3945 1039 4013 decebat,
1085 3956 1143 4002 ut
1189 3964 1256 4003 ex
1307 3964 1481 4004 massa
1535 3948 1846 4003 dioecesium
1902 3950 2045 4004 nulla

462 4043 773 4102 carperetur
814 4043 871 4088 ut
912 4035 1187 4106 proprium
1234 4035 1546 4109 episcopum
1594 4038 1887 4103 habuisset,
1945 4038 2047 4092 nisi

464 4123 577 4193 ipse
623 4140 942 4180 consensum
993 4126 1325 4181 adhibuisset
1391 4128 1741 4182 concedendi.
1806 4127 2049 4183 Sufﬁciat

465 4214 628 4282 enim,
673 4216 717 4270 si
758 4216 1104 4280 concesserit,
1138 4222 1196 4269 ut
1244 4218 1429 4271 eadem
1469 4218 1713 4272 dimcesis
1765 4222 2045 4288 permissa,

466 4308 739 4377 proprium
772 4315 978 4361 tantum
1017 4308 1328 4377 episcopum
1371 4307 1565 4362 habeat
1601 4348 1615 4374 ,
1673 4317 1896 4364 caeteras
1942 4309 2043 4366 sibi

466 4410 572 4450 non
602 4397 873 4451 vindicent
896 4397 1173 4463 dioeceses,
1208 4397 1333 4466 quia
1364 4406 1612 4467 exempta
1642 4398 1708 4453 de
1735 4398 1879 4453 fasce
1908 4399 2048 4453 mul—

2194 1829 2420 1897 reliquiis
2445 1828 2759 1895 auferendis,
2783 1836 2831 1881 et
2871 1828 2935 1880 de
2975 1829 3091 1881 aliis
3119 1826 3265 1881 rebus
3291 1828 3701 1898 quamplurimis.

2197 1939 2329 1995 Post
2356 1939 2692 1995 consulatum
2722 1938 2800 1993 Fl.
2838 1938 3113 1995 Stiliconis
3134 1955 3186 1994 v.
3229 1954 3307 2007 c.,
3340 1956 3429 1995 xtv
3467 1940 3567 1996 cal.
3610 1938 3703 1995 Ju-

2124 2030 2245 2095 lias,
2296 2030 2639 2099 Carthagine,
2686 2031 2738 2084 in
2784 2030 3076 2085 secretario
3129 2030 3362 2086 basilica:
3416 2033 3699 2088 restitutae.

2126 2120 2260 2175 Cum
2293 2121 2538 2177 Aurelius
2566 2122 2851 2191 episcopus
2886 2137 2989 2176 una
3040 2138 3161 2177 cum
3208 2124 3541 2193 coepiscOpis
3591 2124 3705 2179 suis

2127 2211 2481 2277 consedisset,
2514 2212 2811 2266 astantibus
2838 2213 3098 2280 diaconis,
3132 2213 3378 2271 Aurelius
3423 2215 3707 2286 episcopus

2130 2303 2299 2357 dixit:
2342 2304 2698 2359 Ecclesiarum
2738 2305 2830 2359 Dei
2880 2320 2978 2375 per
3021 2306 3251 2359 Africam
3295 2308 3708 2362 constitutarum

2131 2398 2479 2452 necessitates
2523 2414 2731 2452 mecum
2777 2399 2978 2468 Optime
3025 2396 3178 2451 novit
3218 2398 3449 2452 Charitas
3502 2409 3706 2465 vestra,

2131 2488 2449 2541 sanctissimi
2488 2487 2696 2550 fratres,
2740 2496 2795 2543 ct
2831 2488 3084 2558 quoniam
3132 2490 3379 2557 praestitit
3428 2489 3709 2557 Dominus,

2134 2585 2193 2630 ut
2215 2593 2283 2631 ex
2304 2577 2480 2645 aliqua
2510 2586 2661 2645 parte
2700 2578 2871 2631 sancti
2893 2585 3063 2631 coetus
3097 2578 3259 2632 vestri
3298 2586 3442 2632 esset
3482 2593 3712 2650 congre-

2134 2678 2255 2736 gata
2282 2669 2586 2737 pnesentia,
2636 2668 2845 2723 videtur
2888 2670 3017 2722 mihi
3046 2678 3103 2722 ut
3146 2670 3240 2723 has
3268 2670 3483 2724 easdem
3522 2685 3713 2725 neces»

2135 2760 2340 2824 sitates,
2372 2774 2506 2827 quas
2529 2775 2625 2828 pro
2654 2760 3010 2815 sollicitudine
3040 2770 3221 2815 nostra
3253 2760 3505 2830 indagare
3531 2764 3715 2832 potui.

2135 2864 2273 2913 mus,
2307 2849 2359 2901 in
2390 2849 2623 2903 medium
2654 2848 3002 2917 proferamus,
3026 2865 3158 2919 quas
3180 2866 3299 2905 cum
3327 2852 3712 2920 approbaverit

2138 2949 2315 2994 vestra
2361 2939 2661 3004 sbiceritas,
2711 2941 2781 2993 sit
2826 2955 3180 3009 consequens,
3230 2943 3533 3012 eligendum
3590 2959 3716 2999 esse

2138 3047 2302 3085 uninn
2326 3047 2355 3084 a
2379 3038 2562 3087 nostro
2584 3046 2806 3087 numero
2830 3033 3289 3101 consacerdotcm,
3311 3035 3400 3104 qui
3423 3035 3717 3091 auxiliante

2063 3138 2110 3199 ρ
2142 3123 2389 3190 Domino,
2417 3134 2469 3178 et
2498 3126 2828 3179 orationibus
2852 3126 3060 3187 vestris,
3100 3136 3153 3181 et
3181 3127 3277 3183 has
3308 3128 3449 3198 ipsas
3478 3131 3717 3185 necessi-

2152 3221 2293 3268 tates
2325 3216 2596 3285 suscipere
2624 3216 2809 3285 possit,
2860 3224 2914 3270 et
2960 3217 3204 3284 gnaviter
3242 3218 3578 3288 peragendas
3622 3220 3719 3275 im-

2143 3310 2309 3375 plere,
2342 3317 2684 3375 perrecturus
2709 3308 2775 3361 ad
2807 3309 3189 3363 transmarinas
3216 3308 3379 3363 Italia:
3420 3320 3620 3380 partes,
3657 3318 3721 3365 ut

2144 3407 2252 3452 tam
2292 3399 2493 3453 sanctis
2520 3397 2773 3454 fratribus
2796 3409 2850 3454 et
2878 3400 3348 3455 consacerdotibus
3379 3402 3592 3467 nostris,
3619 3418 3721 3457 ve-

2143 3488 2367 3542 nerabili
2415 3497 2603 3543 sancto
2645 3487 2796 3544 fratri
2849 3489 3167 3557 Anastasio,
3218 3490 3365 3545 sedis
3409 3491 3722 3561 apostolica

2144 3583 2420 3652 episcopo,
2445 3597 2603 3651 quam
2628 3584 2789 3637 etiam
2820 3592 3008 3638 sancto
3030 3582 3179 3638 fratri
3202 3584 3430 3638 Venerio
3452 3584 3723 3642 sacerdoti

2144 3674 2559 3728 Mediolanensis
2587 3672 2856 3741 Ecclesize,
2889 3674 3260 3728 necessitatem
3291 3674 3481 3745 ipsam,
3523 3690 3585 3730 ac
3618 3676 3726 3730 do-

2146 3764 2314 3817 lorem
2358 3772 2517 3832 atque
2558 3764 2794 3833 inopiam
2835 3774 3072 3818 nostram
3121 3764 3299 3818 valeat
3342 3763 3608 3819 intimare.
3640 3762 3726 3822 Ex

2148 3857 2231 3911 his
2253 3858 2393 3911 enim
2422 3857 2634 3911 sedibus
2660 3857 2763 3913 hoc
2794 3858 2966 3911 fuerat
2993 3858 3316 3928 prohibitum
3335 3900 3348 3925 ,
3383 3860 3525 3928 quod
3553 3875 3729 3915 nove-

2146 3948 2269 4014 rim,
2292 3948 2562 4002 communi
2585 3950 2824 4020 pericqu
2854 3950 3242 4019 providendum
3268 3992 3282 4015 ,
3321 3952 3551 4006 maxime
3596 3952 3729 4021 quia

2149 4046 2295 4093 tanta
2323 4039 2609 4106 indigentia
2633 4040 2951 4094 clericorum
2993 4049 3094 4104 est,
3135 4041 3421 4110 multaeque
3468 4032 3730 4096 Ecclesias

2148 4130 2219 4183 ita
2240 4130 2466 4187 desertae
2494 4139 2636 4195 sunt,
2671 4138 2729 4184 ut
2758 4145 2824 4185 ne
2851 4146 3015 4185 unum
3045 4132 3259 4199 quidem
3310 4132 3595 4187 diaconum
3640 4134 3732 4189 vel

2149 4218 2458 4273 illiteratum
2495 4220 2695 4274 habere
2726 4219 3080 4288 reperiantur.
3120 4219 3251 4273 Nam
3281 4220 3348 4274 de
3383 4220 3593 4275 cmteris
3633 4234 3733 4275 su-

2147 4310 2447 4379 perioribus
2505 4309 2756 4377 gradibus
2803 4318 2857 4364 et.
2894 4310 3084 4364 ofliciis
3140 4310 3421 4364 tacendum
3471 4311 3731 4382 arbitror,

2148 4400 2293 4468 quia,
2326 4408 2384 4453 ut
2404 4400 2533 4464 dixi,
2565 4400 2610 4454 si
2639 4399 2989 4453 ministerium
3016 4400 3226 4454 diaconi
3258 4400 3415 4455 facile
3445 4417 3551 4456 non
3577 4403 3736 4456 inve-

468 4494 641 4539 tarum
672 4485 785 4539 sola
827 4486 1021 4540 meruit
1066 4486 1327 4541 honorem
1370 4489 1710 4558 episcopatus
1755 4490 2045 4562 suscipere.
2078 4521 2130 4580 D
2155 4492 2315 4554 nitur,
2345 4492 2515 4545 multo
2536 4492 2702 4559 magis
2721 4491 3057 4559 superiorum
3079 4491 3342 4545 honorum
3371 4491 3598 4546 inveniri
3618 4506 3737 4548 non

468 4574 714 4631 Aurelius
743 4575 1026 4646 episcopus
1040 4577 1207 4632 dixit:
1240 4576 1354 4632 Non
1378 4580 1563 4635 dubito
1592 4581 1840 4635 cbaritati
1864 4592 2051 4638 vestrm

468 4668 705 4722 omnium
735 4668 947 4737 placere
970 4684 1090 4723 eum
1120 4670 1211 4740 qui
1241 4672 1292 4724 in
1322 4670 1560 4736 dioecesi,
1585 4671 1913 4728 concedente
1934 4674 2051 4744 epi-

412 4814 425 4819 μ
468 4774 655 4829 scopo,
686 4758 777 4828 qui
805 4761 1081 4815 matricem
1112 4762 1302 4831 tenuit,
1326 4764 1499 4819 solam
1549 4764 1791 4819 eamdem
1822 4766 2054 4821 retinere

468 4850 680 4921 plebem
736 4850 788 4905 in
834 4866 939 4921 qua
994 4851 1165 4907 fuerat
1230 4855 1525 4911 ordinatus.
1580 4856 1842 4923 Quoniam
1896 4860 2056 4927 igitur

469 4943 716 4999 universa
744 4942 975 4999 arbitror
995 4941 1155 5000 fuisse
1178 4953 1422 5014 tractata,
1450 4949 1496 5002 si
1523 4950 1702 5004 omnia
1724 4966 1846 5004 cum
1871 4951 2052 5006 animo

470 5041 649 5088 vestro
672 5043 1059 5102 convenerunt,
1089 5050 1335 5090 sermone
1357 5044 1533 5092 VBSIJ'O
1563 5046 1752 5092 cuncta
1775 5039 2048 5095 roborato.

472 5119 717 5180 Universi
747 5125 987 5196 episcopi
1008 5125 1257 5181 dixerunt
1283 5144 1294 5179 :
1329 5125 1588 5182 Omnibus
1612 5128 1767 5184 nobis
1804 5130 1919 5185 hinc
1937 5130 2052 5199 pla-

472 5223 716 5280 cuerunt,
749 5226 801 5270 et
830 5217 943 5273 haec
974 5226 1153 5273 nostra
1189 5219 1579 5288 subscriptione
1630 5218 1973 5286 firmavimus,
1999 5231 2054 5276 et

472 5303 917 5372 subscripserunt.
951 5309 1197 5365 Aurelius
1224 5310 1507 5381 episcOpus
1536 5309 1790 5369 Echesite
1829 5310 2049 5367 Cartha-

473 5394 707 5461 giniensis
736 5394 856 5450 huic
881 5396 1100 5454 decreto
1123 5402 1394 5467 consensi,
1434 5410 1488 5456 et
1518 5402 1769 5470 pnelecto
1810 5403 2049 5459 subscri-

474 5484 573 5553 psi.
604 5482 860 5538 Similiter
887 5494 941 5541 et
970 5490 1149 5543 ueteri
1187 5490 1423 5561 episcopi
1452 5491 1904 5563 subscripserunt.

475 5600 542 5658 In
581 5603 674 5656 hoc
701 5603 916 5658 concilio
947 5611 1194 5658 statutum
1219 5614 1294 5659 est
1321 5614 1375 5658 ut
1412 5606 1636 5675 episcopi
1669 5607 1781 5661 sine
1818 5609 2043 5677 formata

1064 5690 1165 5728 non
1196 5678 1452 5745 navigant.

544 5760 774 5817 Caesario
805 5771 856 5818 et
887 5763 1062 5821 Attico
1091 5778 1174 5819 vv.
1203 5779 1281 5819 cc.
1315 5778 1516 5832 conss,
1546 5774 1699 5824 sexto
1726 5767 1825 5824 cal.
1855 5766 2042 5836 Iulias,

2154 4597 2311 4650 posse
2340 4581 2694 4635 certissimum
2722 4588 2822 4634 est.
2865 4578 2933 4633 Et
2970 4580 3311 4648 quotidianus
3352 4580 3593 4650 planctus
3646 4582 3738 4635 di-

2154 4688 2427 4728 versarum
2456 4687 2593 4741 pene
2621 4679 2986 4726 emortuarum
3014 4673 3249 4741 plebium
3281 4673 3391 4741 jam
3416 4687 3523 4726 non
3562 4675 3735 4728 susti-

2155 4776 2346 4816 nemus
2369 4779 2380 4814 :
2414 4762 2608 4830 quibus
2626 4762 2728 4815 nisi
2755 4761 2917 4815 fuerit
2937 4762 3223 4831 aliquando
3244 4763 3579 4827 subventum,
3602 4776 3740 4831 gra-

2154 4853 2237 4908 vis
2257 4853 2410 4908 nobis
2435 4863 2491 4907 et
2518 4853 2891 4907 inexcusabilis
2938 4853 3401 4907 innumerabilium
3430 4854 3739 4910 animarum

2156 4945 2495 5014 pereuntium
2524 4959 2683 4998 causa
2715 4943 2854 5014 apud
2885 4944 3050 4998 Deum
3073 4958 3321 4997 mansura
3350 4952 3452 4998 est.

2160 5053 2229 5111 Ut
2276 5054 2475 5125 parvuli
2523 5054 2660 5122 apud
2730 5054 3026 5109 Donatista:
3088 5056 3337 5125 baptizati
3386 5057 3439 5110 in
3481 5056 3743 5112 catholica

2549 5126 2783 5179 Ecclesia
2815 5128 2984 5179 clerici
3015 5127 3334 5179 ordinentur.
3728 5164 3729 5167 η

2229 5214 2380 5270 LVII.
2425 5214 2576 5271 Unde
2603 5217 2854 5286 quoniam
2895 5218 3162 5287 superiori
3192 5219 3423 5273 concilio
3471 5227 3743 5275 statutum

2159 5324 2278 5365 esse
2306 5324 2514 5364 mecum
2536 5309 2871 5378 recognoscit
2891 5311 3213 5366 unanimitas
3234 5319 3430 5377 vestra,
3479 5319 3538 5365 ut
3565 5312 3617 5365 hi
3638 5315 3746 5381 qui

2158 5399 2298 5469 apud
2326 5400 2626 5455 Donatislas
2648 5401 2849 5470 parvuli
2877 5402 3131 5471 haptizati
3159 5411 3305 5467 sunt,
3336 5403 3569 5457 nondum
3591 5405 3744 5459 seire

2159 5494 2397 5549 valentes
2418 5496 2615 5550 erroris
2635 5511 2821 5551 eorum
2852 5497 3149 5559 interitum,
3199 5506 3255 5552 et
3284 5507 3629 5567 posteaquam
3662 5486 3747 5553 ad

2156 5592 2370 5639 aetatem
2387 5585 2607 5641 rationis
2621 5602 2872 5657 capacem
2893 5595 3269 5657 pervenerunt,
3284 5589 3464 5655 agnita
3487 5589 3744 5653 veritate,

2160 5674 2441 5731 falsitatem
2465 5690 2649 5733 eorum
2684 5678 3057 5744 abhoirentes,
3085 5680 3152 5734 ad
3182 5678 3475 5735 Ecclesiam
3502 5680 3598 5735 Dei
3643 5696 3751 5735 ea.

2159 5765 2408 5821 tholicam
2456 5780 2550 5836 per
2606 5768 2905 5823 universum
2955 5768 3206 5826 mundum
3255 5768 3499 5827 diﬁusam
3546 5767 3749 5825 ordine
