3976 6196
301 354 416 407 Ξῦῑ

304 466 568 535 antiquo,
599 483 697 536 per
725 484 916 525 manus
945 470 1343 541 inlpositionem
1388 474 1591 543 recepti
1630 482 1773 538 sunt,
1803 473 1899 528 dev
1931 478 1981 536 Α

302 560 455 613 bere
482 560 674 615 talibus
697 562 1099 632 suscipiendum
1128 580 1323 619 munus
1349 565 1635 620 clericatus
1663 582 1770 619 non
1806 566 1907 619 im-

304 648 510 717 pedire
529 665 722 704 nomen
752 654 991 708 erroris:
1016 670 1139 708 cum
1164 670 1347 711 veram
1371 654 1665 710 Ecclesiam
1694 655 1909 709 illorum

309 740 631 807 putaverint
653 741 723 795 ad
751 742 907 796 ﬁdem
951 744 1278 811 accedendo,
1305 754 1361 800 et
1390 747 1459 800 ibi
1494 745 1708 801 Christo
1736 746 1911 801 credi-

308 828 516 894 derint,
562 838 620 884 et
668 831 947 888 Trinitatis
994 845 1327 890 sacramenta
1378 838 1739 907 perceperint,
1788 853 1910 907 qua:

307 921 502 973 omnia
530 936 675 983 vera,
702 932 757 976 et
778 932 962 979 sancta
987 933 1148 993 atque
1186 925 1365 980 divina
1396 942 1514 982 esse
1550 918 1908 982 certissimum

304 1020 423 1071 est,
449 1021 502 1063 et
528 1012 578 1064 in
611 1014 689 1066 his
713 1029 929 1068 omnem
954 1016 1143 1069 anima:
1172 1032 1323 1086 spem
1339 1019 1706 1073 constitutam.
1733 1018 1907 1085 Quan-

302 1115 479 1168 quam
510 1111 566 1155 et
596 1103 970 1160 luereticorum
1010 1117 1330 1177 pnesumpta
1375 1108 1617 1176 audacia,
1665 1111 1909 1165 veritatis

304 1193 537 1245 nomine
562 1194 798 1262 palliata,
832 1197 948 1251 hinc
991 1197 1203 1253 tradere
1232 1199 1444 1265 audeat,
1495 1216 1613 1269 qum
1652 1203 1905 1272 quoniam

300 1284 581 1353 simplicia
634 1295 780 1353 sunt,
830 1296 886 1341 ut
922 1298 1217 1358 praemonet
1263 1291 1452 1345 beatus
1493 1292 1781 1361 Apostolus
1827 1294 1906 1348 di—

300 1372 513 1435 cendo,
534 1393 551 1424 (
572 1372 720 1428 Unus
736 1376 897 1442 Deus,
916 1394 1017 1441 una
1041 1377 1190 1444 fides,
1212 1396 1371 1434 unum
1398 1366 1679 1450 baptisma,
1702 1403 1719 1433 ι
1736 1393 1791 1438 ct
1814 1384 1910 1438 ite-

302 1465 425 1517 rari
454 1480 562 1517 non
587 1466 765 1531 liceat,
800 1470 941 1538 quod
967 1471 1134 1525 semel
1165 1472 1293 1525 dare
1322 1480 1566 1541 oportet,
1595 1475 1909 1529 anathema-

298 1557 485 1607 tizato
515 1558 733 1613 nomine
758 1560 958 1613 erroris
988 1562 1318 1631 recipiantur
1340 1579 1437 1632 per
1458 1580 1649 1645 manus
1687 1566 1907 1635 imposi-

299 1648 522 1699 tionem
555 1647 605 1699 in
635 1663 790 1701 unam
814 1647 1128 1718 Ecclesiam,
1152 1653 1474 1717 columbam,
1503 1662 1560 1708 ut
1580 1656 1778 1710 dictum
1802 1666 1904 1726 est,

297 1745 365 1789 et
402 1752 561 1790 unam
592 1746 820 1792 matrem
851 1741 1090 1805 omnium
1122 1741 1569 1810 Christianorum,
1605 1746 1689 1800 ubi
1725 1748 1905 1803 omnia

296 1827 405 1881 illa
434 1840 772 1884 sacramenta
801 1831 1111 1899 salubriter,
1139 1841 1193 1886 ct
1220 1844 1449 1901 mterna,
1478 1846 1534 1892 et
1562 1838 1793 1894 vitaliter
1821 1855 1906 1896 ac-
1935 1850 1982 1910 B
2003 1830 2159 1899 juriis
2222 1831 2623 1892 lascivientibus
2684 1841 2971 1904 appetatur
3016 1851 3030 1886 ε

292 1920 622 1988 cipiuntur:
653 1936 772 1988 qua:
812 1927 1280 1992 perseverantibus
1329 1927 1381 1981 in
1423 1928 1611 1994 haeresi
1654 1943 1902 1999 magnam

292 2010 678 2074 damnationis
704 2029 917 2082 pinnam
948 2018 1293 2087 conquirunt,
1329 2029 1386 2083 ut
1413 2020 1555 2089 quod
1585 2021 1664 2078 eis
1702 2023 1754 2076 in
1810 2038 1904 2078 ve-

290 2102 471 2162 ritate
496 2103 563 2157 ad
586 2115 845 2169 (uernam
876 2107 1038 2162 vitam
1084 2113 1518 2180 consequendam
1562 2120 1709 2169 esset
1746 2115 1904 2170 lumi-

290 2195 519 2259 nosius,
549 2196 653 2251 hoc
692 2198 744 2251 in
790 2214 975 2261 errore
1005 2202 1073 2256 sit
1112 2203 1450 2267 tenebrosius
1489 2211 1651 2275 atque
1679 2207 1903 2263 damno-

287 2284 440 2337 sius.
474 2283 631 2350 Quod
674 2286 938 2355 fugientes
991 2278 1263 2359 nonnulli,
1310 2302 1365 2347 et
1420 2296 1608 2350 matris
1652 2293 1903 2352 Ecclesiae

289 2374 592 2429 catholiee
622 2376 783 2431 ubera
827 2389 1239 2449 cognoscentes,
1267 2383 1359 2453 qui
1389 2383 1476 2437 illa
1507 2385 1686 2439 omnia
1715 2395 1901 2442 sancta

289 2465 570 2533 mysteria
600 2480 785 2522 amore
808 2469 1053 2525 veritatis
1080 2471 1449 2541 crediderunt,
1472 2482 1633 2544 atque
1654 2491 1904 2548 percepe-

285 2562 453 2617 runt,
485 2555 679 2629 quibus
708 2568 1168 2621 sacramentorum
1211 2563 1374 2619 rebus
1418 2580 1539 2620 cum
1581 2566 1703 2621 vita:
1749 2570 1902 2625 boote

285 2644 557 2723 probitas
585 2651 891 2712 accesserit,
922 2651 1038 2705 sine
1060 2651 1224 2708 dubio
1262 2654 1326 2708 ad
1354 2655 1587 2711 cilicium
1618 2658 1902 2716 clericatus

286 2737 447 2791 tales
493 2754 618 2793 esse
652 2741 1019 2810 applicandos,
1046 2753 1101 2799 et
1142 2749 1376 2803 maxime
1424 2748 1476 2803 in
1526 2758 1672 2804 tanta
1720 2767 1901 2808 rerum

288 2832 659 2897 necessitate,
691 2835 868 2890 nullus
895 2844 977 2891 est
1018 2839 1109 2907 qui
1141 2854 1249 2893 non
1279 2842 1558 2896 concedat.
1584 2842 1900 2913 Quanquam

286 2924 560 2977 nonnulli
589 2924 827 2993 ejusdem
851 2937 1011 2984 secta:
1037 2931 1219 2985 clerici
1271 2948 1393 2987 cum
1436 2934 1702 3003 plebibus,
1738 2944 1901 3005 atque

283 3015 609 3070 honoribus
631 3018 739 3071 suis
765 3019 831 3072 ad
858 3036 959 3074 nos
982 3022 1211 3082 transire
1231 3022 1541 3078 desiderent
1565 3043 1576 3077 :
1603 3025 1693 3094 qui
1717 3012 1902 3080 amore

284 3105 536 3158 honoris
565 3114 656 3159 aut
684 3108 1007 3177 persuadent
1034 3111 1103 3165 ad
1131 3112 1318 3178 vitam,
1346 3123 1439 3167 aut
1467 3115 1701 3170 retinent
1725 3115 1793 3170 ad
1812 3131 1902 3172 sa-

283 3199 496 3259 lutem.
535 3198 641 3253 Sed
670 3200 771 3256 hoc
802 3201 993 3270 majori
1032 3203 1257 3267 fratrum
1297 3207 1728 3276 supradictorum
1769 3225 1901 3265 con—
1926 3225 1971 3287 ρ

282 3288 625 3353 sideralioni
656 3291 1025 3347 dimittendum
1070 3310 1305 3351 censeo:
1348 3306 1405 3351 ut
1433 3300 1767 3368 prudentiori
1798 3318 1898 3358 suo

282 3382 537 3448 consilio
559 3393 752 3438 nostra:
774 3388 1130 3454 suggestionis
1170 3404 1474 3447 sermonem
1505 3409 1627 3449 cum
1662 3412 1896 3467 perpen-

283 3472 504 3539 des-int,
534 3473 660 3543 quid
690 3474 757 3530 de
797 3476 897 3532 hac
947 3494 1006 3533 re
1043 3480 1121 3534 eis
1165 3480 1396 3553 placeat,
1460 3500 1557 3539 nos
1605 3486 1897 3545 informare

282 3564 612 3633 dignentur.
671 3566 899 3631 Tantum
949 3572 1015 3624 de
1060 3572 1163 3637 his,
1213 3574 1306 3643 qui
1357 3576 1586 3632 infantes
1638 3580 1895 3648 baptizati

282 3663 447 3725 sum,
472 3658 786 3727 satagimus,
816 3669 874 3713 ιιι
903 3669 1123 3731 nostrae,
1154 3665 1199 3718 si
1223 3664 1420 3735 placet,
1454 3668 1505 3731 in
1536 3669 1721 3724 iisdem
1752 3673 1900 3727 ordi-

284 3746 499 3811 nandis
525 3752 864 3809 consentiant
889 3753 1174 3810 voluntati.
1198 3755 1387 3811 Omnia
1408 3773 1558 3827 ergo,
1583 3775 1701 3841 quae
1728 3778 1893 3833 supe—

284 3841 412 3891 rius
434 3838 962 3915 com'prehendimus,
980 3845 1120 3913 apud
1144 3856 1363 3909 sanctos
1382 3838 1668 3921 episcopos
1688 3856 1892 3924 agenda

282 3944 422 3983 esse
442 3944 660 3983 mecum
688 3931 1020 3990 honorabilis
1042 3934 1352 4003 fraternitas
1374 3949 1549 4006 vestra
1571 3946 1889 4015 perpendat.

286 4021 377 4074 De
421 4022 655 4094 reliquiis
703 4024 957 4079 idolorum
976 4066 1021 4149 ,ὁ
1045 4028 1123 4151 ιὶει
1146 4031 1372 4151 dtemplis
1401 4030 1465 4095 ab
1493 4033 1890 4107 imperatoribus

903 4137 911 4144 .
958 4115 987 4149 α
1026 4115 1054 4151 o
1078 4116 1139 4151 en
1182 4117 1247 4151 ιε.

903 4137 911 4144 .
958 4115 1247 4163 abolendis.

364 4179 553 4236 LVIII.
583 4182 789 4249 Instant
835 4187 995 4249 etiam
1024 4191 1142 4245 alia:
1182 4195 1535 4259 necessitates
1564 4213 1594 4251 a
1625 4199 1891 4269 religiosis

286 4273 718 4343 imperatoribus
765 4280 1098 4347 postulandze
1140 4301 1153 4337 :
1200 4293 1259 4339 ut
1308 4287 1564 4357 reliquias
1618 4290 1887 4351 idolorum

284 4382 399 4434 per
425 4381 643 4419 omnem
676 4367 906 4423 Africam
926 4371 1153 4440 jubeant
1180 4378 1395 4455 penitus
1422 4382 1688 4449 amputari
1719 4400 1731 4435 :
1764 4399 1887 4443 nam

281 4454 574 4528 plerisque
620 4457 673 4511 in
722 4458 855 4513 locis
914 4463 1214 4531 maritimis,
1248 4478 1409 4539 atque
1456 4471 1887 4547 possessionibus

280 4547 546 4611 diversis,
579 4547 749 4604 adhuc
778 4552 978 4606 erroris
1000 4553 1152 4609 istius
1182 4556 1434 4635 iniquitas
1463 4560 1606 4628 viget
1631 4578 1643 4613 :
1677 4570 1887 4631 utprae-

277 4639 569 4708 cipiantur
612 4648 668 4694 ct
715 4642 827 4711 ipsa
876 4643 1064 4709 deleri,
1097 4656 1151 4701 et
1182 4650 1381 4721 templa
1411 4666 1618 4717 eorum,
1663 4668 1782 4727 qua:
1832 4656 1886 4709 in

281 4731 463 4797 agris,
490 4730 573 4784 vel
596 4730 649 4786 iu
676 4732 807 4787 locis
836 4734 1031 4791 abditis
1057 4740 1371 4805 constituta,
1400 4742 1547 4804 nullo
1569 4753 1887 4805 ornamento

278 4830 440 4882 sunt,
470 4821 763 4888 jullealltur
791 4826 1103 4881 omnimodo
1128 4828 1352 4885 destrui.

280 4917 362 4979 Ct
399 4917 575 4981 clerici
609 4918 673 4971 de
692 4917 878 4998 judicii
920 4922 1000 4998 sui
1044 4924 1339 4998 cognitione
1366 4943 1495 4998 non
1535 4938 1787 4998 cogantur
1828 4931 1883 4991 in

694 4989 893 5057 publica
922 4990 1091 5045 dicere
1107 4989 1483 5050 testimonium.

355 5074 499 5129 LIX.
533 5075 826 5132 Petendum
872 5082 1066 5149 etiam,
1096 5092 1153 5136 ut
1182 5093 1420 5141 statuere
1461 5087 1747 5156 dignentur
1778 5108 1789 5144 :
1825 5100 1884 5145 ut

267 5171 318 5251 si
364 5167 510 5222 forte
540 5168 592 5221 in
618 5168 853 5225 Ecclesia
877 5175 1172 5239 quamlibet
1191 5192 1405 5232 causam
1424 5178 1546 5247 jure
1585 5182 1882 5251 apostolico

253 5239 551 5311 .Ecclesiis
574 5260 827 5329 imposito
856 5276 1015 5329 agere
1045 5267 1332 5331 voluerint,
1383 5277 1438 5323 et
1468 5270 1694 5326 fortasse
1733 5272 1880 5327 deci—

265 5351 364 5403 sio
405 5349 724 5404 clericorum
752 5354 840 5406 uni
872 5356 1006 5423 parti
1039 5357 1369 5426 displicuerit
1396 5399 1410 5424 ,
1445 5378 1550 5415 non
1581 5362 1742 5417 liceat
1772 5363 1882 5419 cle-

264 5442 461 5496 ricum
512 5442 563 5493 in
606 5440 864 5511 judicium
911 5445 975 5498 ad
1007 5447 1375 5504 testimonium
1424 5452 1671 5507 devocari
1720 5469 1879 5517 eum,

261 5534 371 5601 qui
412 5534 687 5599 cognitor,
731 5535 817 5589 vel
856 5552 1091 5605 praesens
1141 5537 1239 5593 fuit
1274 5558 1288 5607 ;
1323 5550 1380 5595 ut
1431 5543 1575 5597 nulla
1617 5544 1686 5597 ad
1729 5547 1882 5601 testi-

260 5626 535 5680 monium
574 5625 857 5680 dicendum
907 5630 1257 5686 ecclesiastici
1308 5633 1596 5702 cujuslibet
1652 5651 1880 5705 persona

259 5718 553 5789 pulsetur.

350 5835 367 5853 ⁸
420 5830 731 5899 Legendum
763 5831 972 5887 videtur
991 5834 1231 5904 imposita
1266 5854 1435 5906 pruna,
1467 5838 1517 5893 in
1548 5838 1780 5895 ablativo
1809 5855 1955 5897 casu.

716 5929 999 6007 _I'ATnoL.
1040 5929 1286 5990 LXVII.

1305 357 1530 415 CODEX
1567 358 1893 421 CANONUM
1932 354 2630 422 ECCLESIASTICORUM.

3484 360 3591 425 ἰοὶ

2292 469 2372 524 De
2390 487 2712 540 paganorum
2732 473 2969 529 conviviis
2988 473 3302 544 auferendis.

2082 560 2191 615 LX.
2224 561 2357 617 illud
2403 563 2564 617 etiam
2616 564 2926 632 petendum,
2961 573 3163 637 utqua:
3208 576 3395 622 contra
3447 580 3587 637 pra:-

2010 662 2164 724 cepta
2187 653 2363 708 divina
2391 654 2634 709 convivia
2670 655 2851 709 multis
2876 656 2928 709 in
2953 656 3085 711 locis
3108 668 3445 721 exercentur,
3471 671 3591 725 qua:

2009 742 2077 796 ab
2130 758 2317 797 errore
2344 742 2529 811 gentili
2561 752 2790 798 attracta
2820 753 2979 809 sunt,
3009 745 3080 799 ita
3111 754 3169 799 ut
3197 760 3340 801 nunc
3367 760 3396 798 a
3430 760 3594 815 paga-

2010 834 2093 888 nis
2142 833 2433 889 Christiani
2458 834 2524 889 ad
2570 835 2683 890 lucc
2709 835 3029 891 celebranda
3056 846 3316 905 cogantur
3344 854 3357 888 :
3391 852 3457 890 ex
3484 851 3592 906 qua

2008 939 2070 979 re
2123 925 2457 994 temporibus
2485 925 2913 980 Christianorum
2961 926 3346 996 imperatorum
3398 938 3589 997 perse-

2009 1015 2155 1070 cutio
2186 1015 2354 1069 altera
2382 1015 2503 1071 ﬁeri
2551 1016 2762 1071 occulte
2807 1016 3055 1079 videatur
3086 1035 3099 1071 :
3133 1018 3305 1079 vetari
3344 1017 3471 1072 talia
3497 1017 3588 1087 ju-

2009 1106 2191 1172 beant,
2224 1113 2280 1160 et
2308 1105 2375 1159 de
2404 1105 2731 1172 civitatibus,
2765 1114 2820 1161 et
2864 1107 2931 1163 de
2957 1108 3390 1178 possessionibus
3418 1109 3593 1179 impo-

2011 1196 2167 1251 sitam
2194 1211 2409 1267 pmnam
2433 1200 2450 1218 θ
2472 1196 2781 1266 prohiberi:
2807 1198 3040 1253 maxime
3068 1214 3189 1253 cum
3218 1199 3380 1255 etiam
3412 1200 3464 1253 in
3496 1214 3590 1253 na-

2010 1285 2205 1341 talibus
2231 1294 2529 1358 martyrum
2558 1302 2655 1356 per
2683 1288 2970 1344 nonnullas
2998 1289 3277 1355 civitates,
3303 1298 3360 1345 et
3388 1290 3441 1343 in
3463 1290 3591 1360 ipsis

2008 1377 2142 1433 locis
2161 1381 2329 1432 sacris
2352 1378 2477 1433 talia
2505 1379 2843 1439 committere
2863 1395 2971 1444 non
2992 1378 3359 1436 reformident.
3388 1381 3590 1447 Quibus

2007 1469 2195 1524 diebus
2225 1469 2407 1534 etiam,
2438 1469 2582 1538 quod
2627 1471 2850 1540 pudoris
2898 1479 2980 1527 est
3025 1471 3237 1541 dicere,
3269 1472 3589 1537 saltationes

2007 1559 2451 1616 sceleratissimus
2506 1574 2604 1628 per
2646 1559 2792 1615 vicos
2829 1569 2991 1629 atque
3030 1559 3237 1630 plateas
3292 1567 3587 1614 exercent:

2008 1658 2067 1704 ut
2096 1650 2410 1707 matronalis
2462 1653 2659 1719 honor,
2688 1660 2745 1707 et
2773 1652 3242 1717 innumerabilium
3272 1653 3589 1718 feminarum

2006 1740 2200 1811 pudor,
2228 1740 2422 1800 devote
2442 1743 2771 1805 venientium
2800 1743 2867 1798 ad
2887 1742 3302 1808 sacratissimum
3324 1743 3485 1807 diem,
3510 1743 3590 1808 in-

3085 1839 3145 1897 ut
3197 1832 3359 1895 etiam
3416 1832 3586 1905 ipsius

2005 1928 2205 1976 sanctis
2224 1921 2502 1989 religionis
2522 1938 2661 1993 pene
2683 1922 2916 1993 fugiatur
2943 1938 3213 1987 accessus.

2005 2010 2086 2067 De
2113 2014 2439 2084 spectaculis,
2470 2024 2525 2067 ut
2547 2015 2629 2071 die
2656 2015 2938 2081 dominico,
2965 2016 3043 2073 vel
3063 2014 3260 2079 ueteri:
3289 2024 3589 2080 sanctorum

2302 2084 2660 2154 festivitatibus
2707 2086 2914 2147 minime
2958 2084 3291 2149 celebrentur.

2075 2169 2211 2227 LXI.
2242 2171 2354 2228 Nec
2407 2189 2516 2231 non
2563 2183 2618 2228 et
2662 2173 2791 2233 illud
2820 2174 3135 2245 petendum,
3172 2182 3230 2231 ut
3277 2175 3587 2245 spectacula

2006 2263 2339 2317 theatrorum
2396 2272 2824 2335 caeterorulnque
2871 2264 3116 2319 ludorum
3147 2263 3233 2318 die
3279 2264 3586 2328 dominica,

2002 2352 2089 2406 vel
2118 2353 2332 2409 caeteris
2356 2354 2630 2424 religionis
2653 2354 2970 2409 Christiana:
2998 2354 3185 2410 diebus
3220 2354 3589 2413 celeberrimis

2004 2452 2389 2511 amoveantur,
2420 2446 2654 2500 maxime
2681 2446 2805 2515 quia
2833 2445 3006 2500 sancti
3030 2443 3250 2499 Pascha:
3275 2454 3588 2503 octavarum

2004 2536 2090 2591 die
2135 2538 2321 2608 populi
2368 2538 2436 2593 ad
2484 2538 2688 2594 circum
2736 2539 2933 2606 magis,
2979 2553 3139 2608 quam
3187 2537 3256 2592 ad
3303 2539 3589 2595 ecclesiam

2004 2629 2351 2695 conveniunt,
2381 2630 2565 2685 deberi
2599 2628 2875 2685 transferri
2904 2629 3207 2685 devotionis
3259 2644 3446 2685 eorum
3473 2630 3591 2688 dies

2003 2719 2049 2773 si
2095 2722 2310 2790 quando
2358 2722 2711 2790 occurrerint,
2744 2738 2843 2777 nec
2888 2733 3141 2792 Oportere
3190 2722 3351 2778 etiam
3397 2739 3589 2793 quem-

2002 2823 2163 2877 quam
2228 2808 2659 2867 Christianorum
2722 2813 2841 2881 cogi
2906 2812 2972 2866 ad
3036 2812 3152 2867 lunc
3213 2814 3523 2883 spectacula
3569 2833 3585 2869 :

2004 2901 2255 2963 maxime,
2310 2901 2432 2970 quia
2478 2902 2530 2955 in
2573 2903 2656 2957 bis
2698 2903 3032 2968 exercendis,
3064 2918 3183 2972 quae
3209 2913 3398 2959 contra
3449 2920 3587 2975 prai-

2003 3000 2160 3061 cepta
2183 2992 2278 3046 Dei
2308 3002 2455 3061 sunt,
2486 2994 2631 3047 nulla
2660 2995 3052 3063 persecutionis
3078 2997 3371 3052 necessitas
3391 3012 3420 3051 a
3446 3014 3587 3067 quo-

2003 3095 2163 3151 quam
2212 3083 2513 3137 adhibcnda
2543 3092 2625 3139 est
2656 3102 2667 3137 :
2698 3084 2812 3147 sed,
2843 3086 2919 3139 uti
2948 3094 3185 3155 oportet,
3231 3088 3394 3143 homo
3416 3089 3585 3145 libera

2005 3176 2284 3231 voluntate
2324 3176 2581 3232 subsistat
2610 3177 2712 3231 sibi
2736 3177 2987 3232 divinitus
3016 3194 3291 3234 concessa.
3319 3179 3587 3251 Corpora-

2005 3276 2181 3323 torum
2227 3270 2368 3323 enim
2420 3269 2653 3323 maxime
2682 3269 2978 3339 periculum
3008 3269 3452 3325 considerandum
3481 3281 3585 3342 est,

2000 3360 2094 3427 qui
2120 3369 2307 3415 contra
2332 3368 2602 3430 przecepta
2630 3360 2747 3426 Dei,
2781 3374 2975 3430 magno
2996 3370 3202 3417 terrore
3228 3371 3491 3432 coguntur
3517 3366 3585 3422 ad

1999 3450 2305 3521 spectacula
2333 3452 2642 3507 convenire.

2491 3544 2567 3598 De
2586 3545 2785 3599 clericis
2814 3544 3095 3600 damnatis.

2066 3634 2226 3691 LXII.
2259 3635 2326 3691 Et
2379 3636 2506 3691 illud
2536 3636 2850 3707 petendum,
2884 3645 2943 3691 ut
2987 3646 3227 3694 statuere
3249 3638 3539 3707 dignentur
3566 3656 3582 3693 τ

1996 3740 2056 3787 ιιι
2082 3733 2126 3787 si
2164 3734 2285 3802 quis
2312 3731 2601 3801 cujuslibet
2626 3731 2849 3787 honoris
2877 3732 3108 3787 clericus
3131 3732 3334 3800 judicio
3362 3733 3582 3803 episco-

1995 3840 2186 3895 porum
2215 3838 2539 3893 quocunque
2582 3822 2808 3877 crimine
2843 3821 3007 3876 fuerit
3034 3822 3338 3889 damnatus,
3365 3838 3469 3876 non
3516 3823 3582 3876 li-

1996 3922 2115 3969 ceat
2143 3929 2266 3967 eum
2294 3914 2410 3967 sive
2454 3913 2522 3967 ab
2564 3911 2838 3976 Ecclesiis,
2870 3911 3064 3979 quibus
3111 3911 3339 3980 prmfuit,
3386 3914 3498 3967 sive
3551 3929 3581 3971 a

1994 4007 2237 4075 quolibet
2264 4005 2481 4059 homine
2510 4001 2801 4067 defensari,
2832 4002 3146 4073 interposita
3175 4018 3334 4073 paena
3364 4003 3544 4058 damni
3564 4047 3582 4068 ,

1992 4102 2255 4171 pecunitc,
2286 4108 2447 4168 atque
2476 4096 2716 4161 honoris,
2747 4112 2855 4166 quo
2880 4110 2982 4151 nec
3011 4103 3243 4161 aetatem,
3266 4112 3370 4161 nec
3394 4112 3581 4152 sexum

1993 4190 2361 4248 excusandum
2392 4203 2512 4245 esse
2534 4189 2868 4259 praecipiant.

2305 4281 2383 4336 De
2404 4279 2740 4336 histrionibus
2769 4281 3079 4335 Christianis
3109 4282 3279 4353 factis.

2060 4373 2240 4429 LXllI.
2259 4374 2327 4428 Et
2349 4373 2515 4428 dehis
2532 4373 2696 4427 etiam
2719 4372 3011 4442 petendum
3037 4392 3048 4426 :
3076 4381 3135 4427 ut
3158 4375 3202 4429 si
3224 4375 3345 4443 quis
3364 4390 3432 4431 ex
3453 4391 3579 4445 qua.

1992 4466 2121 4521 libet
2143 4466 2345 4520 ludicra
2363 4473 2478 4518 arte
2506 4464 2572 4517 ad
2602 4463 3009 4519 Christianitatis
3030 4466 3254 4534 gratiam
3273 4469 3458 4523 venire
3482 4484 3580 4523 vo-

1991 4558 2180 4622 luerit,
2212 4572 2273 4611 ac
2295 4556 2431 4610 liber
2454 4557 2522 4611 ab
2560 4556 2645 4609 illa
2677 4556 2886 4611 macula
2920 4572 3239 4624 permanere
3266 4599 3281 4625 ,
3315 4574 3421 4614 non
3450 4575 3575 4614 eum

1993 4649 2154 4703 liceat
2182 4663 2212 4702 a
2243 4661 2512 4716 quoquam
2537 4646 2729 4699 iterum
2762 4646 2827 4699 ad
2851 4646 3039 4700 eadem
3069 4648 3368 4702 exercenda
3393 4648 3577 4703 reduci

1990 4738 2077 4795 vel
2106 4739 2248 4806 cogi.

2061 4833 2140 4887 De
2176 4834 2667 4887 manumissionibus
2696 4833 2751 4885 in
2799 4833 3014 4887 ecclesia
3062 4831 3405 4901 celebrandis,
3435 4835 3500 4887 ab

2446 4906 2753 4974 imperatore
2778 4903 3110 4974 poscendum.

2059 4996 2238 5054 LXIV.
2270 4996 2345 5051 De
2389 4997 2898 5052 manumissionibus
2926 5012 3057 5050 sane
3105 4996 3158 5049 in
3215 4996 3442 5059 ecclesia
3488 4996 3572 5051 di-

1989 5089 2171 5145 cendis
2196 5129 2212 5155 ,
2244 5090 2288 5144 si
2318 5089 2371 5143 id
2399 5091 2567 5143 nostri
2593 5088 3008 5143 consacerdotes
3034 5102 3128 5155 per
3157 5084 3362 5147 Italiam
3394 5086 3573 5143 facere

1989 5180 2347 5248 reperiuntur,
2372 5186 2567 5231 nostra:
2598 5179 2759 5231 etiam
2789 5176 2892 5230 erit
2922 5176 3123 5229 fiducia:
3169 5175 3393 5231 istorum
3422 5178 3569 5234 ordi-

1989 5284 2111 5323 nem
2143 5268 2399 5336 consequi
2433 5286 2446 5320 :
2478 5267 2600 5321 data
2631 5268 2790 5336 plane
2842 5266 3055 5325 licentia
3084 5266 3247 5321 misso
3277 5268 3476 5337 legato,
3512 5281 3571 5327 ut

1990 5374 2320 5429 quaecunque
2346 5358 2502 5426 digna
2531 5357 2633 5412 ﬁde
2673 5374 2768 5427 pro
2810 5366 2953 5412 statu
3002 5356 3270 5425 Ecclesia},
3302 5370 3356 5416 et
3396 5362 3571 5418 salute

1989 5455 2288 5507 animarum
2343 5466 2502 5520 agere
2556 5451 2810 5521 potuerit,
2848 5466 2944 5505 nos
2974 5452 3311 5508 laudabiliter
3352 5454 3405 5508 in
3436 5472 3568 5509 con-

1986 5553 2170 5613 spectu
2194 5543 2404 5597 Domini
2435 5553 2774 5611 accepturos.
2818 5541 2947 5609 Qua:
2985 5546 3184 5608 omnia,
3219 5547 3263 5603 si
3292 5548 3567 5607 sanctitati

1984 5642 2176 5688 vestra:
2197 5635 2429 5703 placent,
2455 5634 2648 5688 elicite
2678 5651 2691 5686 :
2726 5642 2850 5688 utet
2870 5651 3040 5690 meam
3058 5638 3452 5705 suggestionem
3471 5655 3563 5695 ra-

1987 5735 2094 5779 tam
2119 5741 2237 5782 esse
2264 5726 2412 5781 vobis
2440 5725 2749 5793 advertant,
2780 5734 2832 5781 et
2873 5736 3113 5784 nostram
3146 5731 3381 5784 omnium
3424 5746 3560 5794 οοῐις

1984 5839 2135 5900 Enl'r.

3037 5939 3074 5995 7
