3982 6196
442 373 545 426 205

1703 341 2057 425 DIONYSIUS
2093 365 2413 423 EXIGUUS.

3595 377 3696 436 2οι

441 487 744 542 sensionem
774 484 1051 541 sinceritas
1091 497 1276 537 eorutn
1335 481 1558 535 libenter
1615 479 1866 549 accipiat.
1927 482 2008 536 Ab
2049 487 2091 542 Α
2120 478 2256 549 palis
2282 475 2575 532 auctoritas
2603 475 2924 532 communiri
2951 477 3006 533 in
3053 478 3359 538 civitatibus
3404 493 3618 554 potest,
3645 483 3701 540 id

445 577 704 634 universis
759 574 1020 644 episcOpis
1066 573 1265 626 dictmn
1314 577 1397 625 est
1434 589 1445 622 :
1491 568 1750 624 Omnibus
1779 571 2014 640 'placent

444 668 577 732 hmo,
616 679 736 734 quze
766 663 998 731 lnjuncta
1045 667 1172 714 sunt
1221 658 1542 730 peragenda,
1567 666 1622 712 et
1669 659 2011 726 prudentera

444 765 532 810 tua
564 755 849 810 sanctitate
877 760 1148 806 enarrata.

798 840 876 897 De
898 840 1105 912 Equitio
1127 840 1375 895 damnato
1402 840 1659 910 episcopo.

518 935 673 990 LXV.
718 934 965 989 Aurelius
1012 933 1295 1002 cpiscopus
1349 931 1484 986 dixit
1525 948 1537 983 :
1573 929 1770 999 Equitii
1821 929 2017 993 etiam,

447 1028 573 1082 olim
618 1025 812 1080 merito
836 1040 956 1079 suo
982 1023 1268 1093 episcopali
1305 1021 1568 1076 sententia
1617 1019 1872 1084 damnati,
1899 1033 2014 1074 non

447 1118 678 1171 arbitror
700 1113 1124 1184 prtetereundam
1153 1126 1270 1167 esse
1292 1111 1570 1178 legationis
1593 1123 1814 1165 causam
1846 1127 1860 1162 :
1889 1116 1948 1162 ut
1967 1109 2018 1164 si

449 1206 586 1260 forte
614 1219 736 1260 eum
763 1204 819 1258 in
849 1203 952 1257 illis
973 1200 1212 1271 partibus
1252 1199 1532 1269 repererit,
1563 1197 1634 1253 sit
1672 1197 1848 1252 eidem
1872 1195 2025 1252 fratri

453 1291 638 1350 uestro
667 1309 807 1376 cura:
832 1308 932 1362 pro
958 1290 1211 1346 Ecclesia:
1232 1298 1376 1346 statu
1397 1289 1540 1359 quod
1569 1288 1906 1358 oportuerit,
1936 1287 2023 1342 vel

453 1386 543 1440 ubi
598 1385 831 1448 licuerit,
861 1383 1114 1437 adversus
1165 1393 1288 1436 eum
1319 1391 1597 1451 peragere.
1641 1379 1720 1433 Ab
1763 1378 2026 1434 universis

455 1474 723 1545 episcopis
749 1473 947 1527 dictum
975 1479 1058 1527 est
1087 1488 1100 1524 :
1134 1469 1356 1525 Multum
1406 1470 1584 1540 placet
1629 1477 1684 1524 ct
1713 1469 1814 1523 ista
1844 1483 2032 1539 prose-

460 1567 604 1621 cutio
633 1584 645 1618 :
675 1566 912 1619 maxime
940 1579 1061 1622 cum
1087 1564 1217 1619 olim
1263 1563 1546 1617 damnatus
1575 1562 1644 1615 sit
1680 1559 1944 1632 Equitius,
1977 1570 2034 1615 et

457 1657 574 1726 ejus
603 1656 883 1729 impudens
905 1655 1217 1724 inquietudo
1243 1669 1340 1724 pro
1365 1660 1507 1708 statu
1549 1661 1604 1707 et
1631 1653 1803 1708 salute
1847 1650 2035 1706 Eecle~

459 1747 550 1804 size
579 1748 750 1816 magis
778 1747 1053 1818 magisque
1088 1746 1286 1814 ubique
1332 1743 1660 1815 repellenda.
1701 1742 1768 1797 Et
1798 1743 2034 1798 subseri.

2121 576 2289 625 estut
2327 566 2612 635 judiciaria
2644 575 2914 637 potestate
2969 577 3130 639 atque
3179 570 3452 640 diligentia
3499 587 3568 630 ex
3596 573 3698 631 lida

2121 658 2443 726 Christiana,
2472 657 2599 727 quid
2628 666 2836 728 gestum
2867 660 2938 715 sit
2964 662 3018 715 in
3049 662 3298 718 omnibus
3322 664 3474 731 locis,
3500 666 3554 720 in
3582 665 3702 734 qui-

2123 751 2222 806 bus
2250 749 2657 803 Maximianisue
2702 749 2955 805 basilicas
3008 751 3376 818 obtinuerunt,
3404 757 3494 824 qui
3525 755 3594 810 ab
3619 757 3702 812 eis

2123 840 2357 895 schisma
2397 837 2641 895 fecerunt
2669 839 2960 909 inquirant,
2985 847 3042 896 et
3065 842 3234 910 gestis
3257 844 3503 913 publicis,
3532 859 3696 915 prop-

2126 941 2208 986 ter
2259 930 2465 984 lirmam
2512 931 2758 987 notitiam
2788 933 3036 988 omnibus
3079 937 3459 1002 necessariam,
3503 940 3703 994 faciant

2125 1020 2406 1076 inhaerere.

2236 1109 2304 1164 Ut
2332 1110 2503 1164 clerici
2540 1108 2936 1166 Donatistarum
2963 1113 3018 1169 in
3060 1112 3296 1169 Ecclesia
3338 1115 3596 1169 catholica

2601 1182 2946 1250 suscipiantur
2974 1184 3028 1238 in
3059 1185 3215 1239 clero.

2200 1268 2425 1328 LXVIII.
2458 1269 2660 1326 Deinde
2711 1272 2930 1348 placuit,
2969 1282 3029 1328 ut
3070 1274 3266 1329 littera:
3318 1275 3596 1329 mittantur
3639 1275 3706 1328 ad

2130 1361 2324 1418 fratres
2351 1372 2406 1416 et
2438 1363 2794 1434 coepiscopos
2841 1373 3054 1420 nostros
3081 1374 3136 1420 et
3160 1366 3390 1420 maxime
3420 1367 3486 1420 ad
3522 1365 3706 1422 sedem

2132 1452 2501 1524 apostolicam,
2542 1453 2595 1508 in
2625 1471 2727 1524 qua
2759 1457 3007 1526 prtusidet
3033 1468 3364 1514 memoratus
3389 1458 3710 1514 ventrabilis

2134 1541 2299 1597 frater
2339 1551 2394 1598 et
2421 1544 2627 1612 collega
2657 1553 2847 1600 uoster
2873 1545 3208 1613 Anastasius,
3237 1562 3344 1616 quo
3368 1549 3580 1604 noverit
3609 1549 3707 1604 ha-

2136 1633 2264 1688 bere
2287 1633 2519 1688 Afridam
2549 1649 2797 1704 magnam
2845 1638 3253 1705 necessitatem,
3277 1648 3494 1709 propter
3522 1638 3709 1694 Eccle~

2136 1726 2227 1782 sia:
2247 1741 2457 1796 pacem,
2489 1736 2543 1781 et
2573 1727 2858 1782 utilitatem
2884 1745 2896 1781 :
2931 1736 2990 1782 ut
3017 1744 3085 1784 ex
3123 1729 3252 1799 ipsis
3271 1727 3565 1784 Donatistis
3592 1729 3710 1798 qui-

456 1815 698 1908 pscrunt.
727 1815 974 1892 Aurelius
1003 1836 1284 1906 episcopus
1301 1834 1554 1890 Ecclesiae
1577 1833 2030 1901 Carthag‘inensis,

2142 1830 2350 1884 cunque
2379 1815 2560 1872 clerici
2591 1827 2836 1871 corrccto
2876 1817 3101 1874 consilio
3129 1819 3194 1870 ad
3235 1818 3555 1874 catholicam
3591 1819 3711 1872 uni-1

462 1929 585 1981 huic
611 1927 830 1982 decreto
855 1925 1122 1991 consensi,
1153 1933 1207 1978 et
1233 1923 1480 1993 przelecto
1526 1922 1814 1991 subscripsi
1843 1925 1856 1974 ἐ
1886 1922 2035 1977 simi-

465 2020 585 2073 liter
608 2027 663 2072 et
690 2017 868 2072 caeteri
897 2016 1134 2084 episcopi
1165 2013 1610 2080 subscripserunt.

466 2111 531 2168 In
585 2112 680 2162 hoc
733 2107 949 2162 concilio
998 2107 1186 2159 littera:
1234 2104 1471 2174 leguntur
1508 2103 1775 2156 Anastasii
1805 2102 2029 2156 Romani

534 2179 826 2248 Pontiﬁcis,
853 2179 915 2231 de
943 2176 1234 2231 Donatistis
1263 2173 1542 2228 catholicos
1575 2175 1842 2245 ερὶδεοροδ
1863 2173 2036 2226 admo-

537 2254 726 2303 uentis.

536 2340 818 2396 Vincentio
854 2346 909 2393 et
937 2337 1153 2392 Fravito
1191 2352 1276 2390 vv.
1321 2350 1404 2391 cc.
1430 2350 1606 2390 conss.
1655 2333 1773 2390 idus
1795 2332 2043 2402 Septem—

466 2434 593 2497 bris,
608 2429 930 2497 Carthagine
956 2429 1008 2481 in
1037 2426 1326 2482 secretario
1355 2425 1586 2480 basilicae
1613 2422 1896 2490 restituta},
1919 2437 2043 2476 cum

467 2526 520 2579 in
549 2523 780 2579 concilio
803 2521 1112 2589 congregati
1135 2520 1189 2573 in
1215 2517 1457 2574 Ecclesia
1483 2516 1892 2586 Carthaginensi
1921 2532 2045 2571 con-

467 2614 794 2669 sedissemus
816 2627 882 2667 ex
905 2609 1168 2666 Africanis
1193 2610 1443 2665 omnibus
1468 2609 1762 2680 provinciis
1781 2609 2039 2678 episcopi,

469 2707 521 2764 id
543 2713 626 2760 est
653 2704 900 2758 Aurelius
927 2703 1166 2770 ejusdem
1192 2700 1337 2757 sedis
1362 2701 1646 2771 episcopus
1667 2715 1788 2756 cum
1827 2701 2047 2768 collegis

468 2797 769 2865 suis,quos
811 2807 1001 2849 eorum
1056 2791 1380 2861 subscriptio
1433 2791 1778 2847 manifestat:
1808 2789 2045 2846 recitatis

468 2888 711 2956 epistolis
751 2882 1044 2940 beatissimi
1096 2883 1276 2940 fratris
1321 2891 1378 2938 et
1426 2881 1828 2938 consacerdotis
1874 2883 2046 2938 nostri

471 2976 755 3042 Anastasii,
784 2974 1033 3030 Ecclesia:
1056 2973 1309 3028 Romana:
1335 2974 1594 3044 episcopi,
1618 2973 1808 3042 quibus
1827 2989 1927 3030 nos
1951 2990 2046 3044 pa-

477 3078 642 3124 terna:
683 3075 736 3121 et
761 3065 1011 3122 fraterna:
1059 3065 1334 3119 charitatis
1380 3064 1737 3120 sollicitudine
1771 3079 1834 3119 ac
1859 3065 2044 3121 since-

471 3162 631 3217 ritate
679 3159 994 3213 adhortatus
1039 3164 1124 3212 cst
1173 3165 1230 3212 ut
1255 3159 1321 3211 de
1367 3155 1737 3210 haereticorum
1768 3166 1822 3210 ct
1871 3157 2045 3212 schis-

473 3253 787 3305 maticorum
811 3248 1209 3303 Donatistarum
1252 3246 1475 3313 insidiis,
1503 3256 1558 3301 et
1587 3247 2040 3322 improbitatibus,

470 3342 664 3410 quibus
723 3339 1024 3394 Africanam
1079 3335 1372 3393 Ecclesiam
1428 3337 1745 3392 catholicam
1810 3338 2046 3405 graviter

470 3440 693 3497 vexant,
726 3431 873 3485 nullo
921 3429 1082 3486 modo
1129 3428 1555 3495 dissimulctnus;
1595 3429 1794 3496 gratias
1837 3429 2044 3495 agimus

471 3522 700 3583 Domino
730 3528 936 3587 nostro,
967 3519 1109 3590 quod
1139 3509 1214 3573 illi
1255 3519 1461 3587 optimo
1491 3533 1555 3573 ac
1583 3527 1772 3573 sancto
1814 3520 2042 3574 antistiti

470 3629 568 3668 suo
598 3619 706 3666 tam
735 3612 876 3682 piam
916 3625 1097 3665 curam
1144 3624 1242 3679 pro
1269 3609 1526 3666 membris
1553 3608 1768 3674 Christi,
1801 3611 2046 3679 quamvis

469 3703 526 3760 in
550 3703 861 3758 diversitate
882 3712 1176 3768 terrarum,
1203 3704 1297 3758 sed
1327 3704 1382 3760 in
1411 3718 1515 3758 una
1561 3717 1818 3774 compage
1847 3717 2044 3773 corpo-

471 3795 543 3854 ris
570 3794 893 3861 constitutis,
927 3794 1185 3864 inspirare
1217 3793 1466 3863 dignatus
1488 3807 1588 3850 cst.

759 3886 825 3941 Ut
853 3905 969 3944 cum
1012 3886 1301 3941 Donatistis
1353 3888 1514 3941 lenius
1554 3897 1760 3957 agatur.

539 3976 719 4032 LXVI.
753 3978 954 4034 Deinde
982 3981 1322 4049 pertractatis
1375 3990 1429 4034 et
1475 3981 1827 4035 consideratis
1875 3981 2048 4035 omni—

469 4073 586 4136 bus,
617 4085 734 4138 quin
758 4071 972 4128 utilitati
995 4070 1244 4127 Ecclesiae
1267 4073 1556 4128 convenire
1582 4073 1922 4134 videbantur,
1952 4090 2048 4128 an-

469 4173 668 4219 nuente
695 4175 856 4232 atque
883 4164 1206 4220 admonente
1261 4166 1449 4240 spiritu
1482 4167 1602 4234 Dei,
1650 4169 1894 4235 eligimus
1924 4185 2046 4224 cum

467 4256 778 4313 memoratis
803 4256 1128 4324 hominibus,
1155 4258 1399 4325 quamvis
1424 4258 1490 4312 de
1527 4258 1780 4313 dominici
1806 4262 2048 4329 corporis

469 4350 671 4403 unitate
699 4348 938 4416 inquieta
967 4347 1302 4405 dissensione
1346 4349 1602 4419 praecisis,
1632 4351 1824 4406 leniter
1868 4361 1924 4408 et
1953 4369 2049 4423 pa-

468 4438 624 4492 ciliee
652 4451 812 4506 agere
843 4456 856 4491 :
890 4447 948 4493 ut
972 4449 1230 4507 quantum
1258 4441 1310 4495 in
1341 4441 1497 4498 nobis
1527 4450 1628 4508 est,
1675 4443 1920 4498 omnibus
1951 4445 2044 4513 qui

467 4543 656 4584 eorum
685 4531 1062 4586 communione
1113 4540 1168 4585 et
1215 4531 1475 4587 societate
1523 4534 1717 4588 irretiti
1762 4543 1903 4599 sunt,
1948 4551 2044 4605 per

467 4625 742 4677 universas
771 4622 1078 4691 provincias
1127 4621 1405 4678 Africanas
1450 4625 1662 4693 penitus
1717 4626 2038 4692 innotescat,

464 4729 624 4783 quam
655 4713 942 4768 miserabili
990 4729 1174 4769 errore
1221 4715 1454 4771 devincti
1485 4727 1608 4772 sunt
1641 4736 1652 4770 :
1687 4733 1754 4772 ne
1783 4719 1941 4786 forte,
1974 4721 2046 4774 si-

464 4816 554 4862 cut
575 4807 705 4862 dicit
728 4809 1034 4877 Apostolus,
1058 4808 1288 4863 nobisin
1317 4810 1721 4866 mansuetudine
1745 4813 2045 4881 corripien-

465 4902 606 4955 tibus
659 4898 871 4955 diversa
917 4899 1249 4964 sentientes,
1302 4899 1395 4954 det
1434 4900 1536 4956 illis
1583 4901 1723 4956 Deus
1778 4902 2044 4970 poeniten-

462 4993 592 5047 tiam
649 4992 716 5048 ad
769 4990 1198 5060 cognoscendam
1251 4992 1568 5057 veritatem,
1618 5001 1672 5045 et
1723 4991 2046 5059 resipiscam

463 5081 529 5135 de
567 5081 762 5136 diaboli
794 5081 1016 5150 laqueis,
1051 5080 1302 5150 captivati
1332 5081 1398 5135 ab
1420 5081 1536 5150 ipso
1563 5082 1612 5134 in
1645 5081 1811 5149 ipsius
1836 5082 2034 5137 volun-

464 5182 649 5225 tatem.

463 5261 542 5315 De
563 5263 746 5336 litteris
772 5267 1029 5336 mittendis
1052 5265 1331 5335 jndicibua,
1361 5275 1415 5317 ut
1443 5281 1504 5318 ea
1551 5283 1668 5336 qua:
1695 5268 1828 5321 inter
1855 5266 2036 5322 Dona-

571 5333 716 5384 tistae
740 5343 787 5384 et
818 5333 1235 5390 Maximianittas
1265 5345 1382 5388 acta
1410 5348 1549 5401 sunt,
1568 5333 1926 5392 innotescunt.

534 5420 735 5476 LXVII.
766 5421 950 5492 itaque
976 5425 1212 5494 placuit,
1246 5435 1302 5480 ut
1347 5442 1416 5480 ex
1463 5428 1695 5482 concilio
1723 5437 1910 5484 nostro
1943 5430 2031 5483 lit-

464 5519 595 5566 terae
623 5512 880 5567 darentur
923 5513 992 5569 ad
1041 5517 1252 5584 judices
1301 5517 1598 5582 Africanos,
1631 5535 1661 5572 a
1691 5522 1883 5588 quibus
1932 5521 2034 5574 hoc

463 5603 570 5672 peti
597 5616 891 5671 congruum
924 5605 1207 5673 videretur,
1233 5617 1291 5661 ut
1313 5609 1363 5661 in
1394 5610 1498 5663 hoc
1518 5610 1770 5676 adjuvent
1797 5626 2039 5665 commu-

463 5709 586 5748 ncm
617 5703 842 5748 matrem
874 5693 1169 5750 Ecclesiam
1213 5699 1566 5763 catholicam,
1598 5700 1652 5752 in
1698 5714 1806 5767 quo
1833 5704 2046 5770 episco-

2141 1913 2306 1958 tatcm
2358 1905 2585 1960 transire
2641 1905 2926 1971 voluerint,
2952 1907 3246 1965 secundum
3295 1906 3712 1976 uniuscujusque

2141 1995 2381 2065 episcopi
2428 1995 2683 2051 catholici
2722 1997 3054 2052 voluntatem
3097 2005 3256 2070 atque
3285 1997 3591 2065 consilium,
3620 2002 3713 2066 qui

2135 2086 2194 2152 in
2227 2085 2414 2140 eodem
2438 2085 2561 2140 loco
2591 2086 2849 2153 gubernat
2869 2085 3190 2151 Ecclesiam,
3211 2088 3254 2142 si
3286 2088 3388 2142 hoc
3420 2089 3538 2160 paci
3561 2089 3715 2143 Chri.

2139 2176 2331 2234 St‘inte
2360 2177 2615 2246 prodesse
2645 2177 2818 2230 visum
2843 2175 3021 2243 fuerit,
3056 2178 3107 2232 in
3137 2179 3247 2234 suis
3269 2177 3564 2232 honoribus
3598 2195 3713 2232 sus-

2144 2267 2433 2336 cipiantur,
2464 2266 2603 2321 sicut
2643 2267 2910 2336 prioribus
2938 2266 3176 2336 ejusdem
3202 2267 3476 2323 divisionis
3505 2278 3706 2338 tempo-

2144 2361 2291 2416 ribus
2319 2360 2520 2414 factum
2562 2375 2683 2415 esse
2713 2357 3052 2415 manifestum
3078 2368 3176 2415 est.
3225 2359 3377 2426 Quod
3403 2360 3712 2422 multarum,

2146 2459 2200 2506 et
2239 2464 2376 2519 pene
2427 2450 2666 2504 omnium
2711 2448 3081 2504 Africanarum
3111 2447 3493 2516 Ecclesiarum,
3521 2449 3718 2519 quibus

2148 2539 2268 2594 talis
2305 2555 2456 2594 error
2503 2547 2723 2594 exortus
2752 2547 2854 2604 est,
2886 2541 3132 2617 exempla
3179 2548 3443 2595 testantur
3475 2557 3488 2592 :
3519 2556 3626 2595 non
3660 2550 3718 2600 ut

2146 2629 2454 2696 concilium,
2486 2629 2630 2697 quod
2659 2630 2714 2683 in
2744 2631 3114 2689 transmarinis
3151 2630 3390 2699 partibus
3435 2629 3501 2683 de
3529 2629 3630 2682 hac
3657 2646 3718 2688 re

2146 2721 2344 2777 factum
2375 2729 2476 2787 est,
2509 2720 2850 2787 dissolvatur,
2885 2719 2980 2776 sed
3038 2729 3096 2774 ut
3151 2719 3276 2774 illud
3307 2728 3521 2774 maneat
3572 2719 3718 2774 circa

2147 2827 2262 2877 eos,
2285 2811 2374 2882 qui
2405 2811 2484 2867 sic
2521 2811 2749 2866 transire
2791 2810 2856 2864 ad
2888 2810 3208 2866 catholicam
3241 2809 3456 2871 volunt,
3487 2819 3545 2862 ut
3572 2809 3716 2864 nulla

2148 2919 2245 2975 per
2269 2919 2363 2959 eos
2402 2903 2619 2958 unitatis
2669 2901 3040 2973 compensatio
3085 2910 3419 2972 procuretur.
3455 2898 3557 2955 Pcr
3583 2915 3718 2968 quos

2151 3005 2331 3050 autem
2363 2995 2446 3050 vel
2477 2993 2622 3049 omni
2649 2993 2810 3047 modo
2853 2989 3060 3062 perlici,
3092 2991 3175 3045 vel
3223 2990 3462 3058 adjuvari
3491 2989 3716 3043 manili)...

2152 3088 2248 3142 stis
2273 3086 2630 3142 fraternarum
2661 3085 2958 3143 animarum
2985 3083 3148 3138 lucris
3176 3082 3437 3138 catholica
3459 3084 3635 3136 unitas
3665 3081 3720 3142 iu

2073 3217 2118 3278 Ο
2152 3181 2285 3235 locis
2331 3180 2382 3234 in
2427 3179 2619 3250 quibus
2669 3177 2889 3246 degunt,
2922 3176 3032 3230 visa
3081 3173 3258 3236 fuerit,
3317 3189 3423 3228 non
3473 3173 3549 3227 eis
3579 3173 3722 3227 obsit

2149 3270 2293 3341 quod
2325 3279 2511 3325 contra
2541 3269 2774 3323 honores
2805 3280 3012 3332 eorum,
3044 3266 3286 3334 quamvis
3309 3263 3451 3317 salus
3482 3263 3610 3317 nulli
3634 3263 3718 3315 in-
3807 3312 3820 3319 -

2151 3361 2379 3418 tcrclusa
2410 3361 2502 3424 sit,
2524 3359 2573 3412 in
2599 3357 2953 3412 transmarino
2980 3355 3208 3410 concilio
3243 3362 3496 3408 statutum
3527 3362 3636 3420 est;
3666 3352 3720 3407 id

2147 3464 2228 3510 est
2261 3463 2318 3509 ut
2363 3451 2591 3507 ordinati
2631 3452 2682 3504 in
2731 3459 2881 3524 parte
2929 3447 3150 3512 Donati,
3195 3447 3238 3500 si
3285 3446 3350 3500 ad
3400 3444 3720 3500 catholicam

2147 3543 2374 3599 correcti
2423 3541 2648 3596 transire
2691 3539 2978 3604 voluerint,
3011 3554 3115 3591 non
3159 3538 3510 3606 suscipiantur
3539 3536 3589 3588 in
3623 3535 3724 3589 lto.

2147 3635 2369 3689 nuribus
2389 3633 2500 3688 suis
2522 3631 2813 3688 secundum
2840 3631 3247 3684 transmarinum
3273 3629 3557 3684 concilium
3583 3647 3595 3682 ε
3625 3629 3724 3690 sed

2147 3723 2388 3793 exceptis
2411 3723 2512 3785 his,
2535 3738 2630 3792 per
2658 3737 2790 3790 quos
2829 3721 3106 3776 catholica:
3129 3719 3318 3774 unitati
3346 3719 3660 3774 consulitur.

2151 3813 2218 3871 Ut
2269 3813 2455 3883 legatio
2501 3811 2570 3864 ad
2616 3809 2918 3932 Donutidsitas
2957 3812 3320 3879 componenda:
3365 3811 3505 3879 pacis
3547 3809 3721 3881 gratia

2832 3891 3065 3932 tt'llmlttt'.

2832 3891 3065 3950 trtgatnr.

2219 3973 2400 4029 LXIX.
2429 3973 2632 4029 Deinde
2661 3972 2878 4043 placuit,
2907 3981 2963 4025 ut
2990 3972 3071 4026 his
3099 3973 3328 4040 peractis
3356 3971 3515 4041 legati
3555 3974 3724 4028 etiam

2147 4065 2493 4137 praedicanda:
2507 4065 2655 4134 pacis
2685 4073 2844 4132 atque
2863 4061 3078 4117 unitatis
3093 4064 3130 4125 ‘,
3145 4063 3259 4116 sine
3279 4076 3380 4133 qua
3399 4062 3542 4119 salus
3566 4061 3724 4116 Chri-

2146 4159 2316 4213 stiana
2343 4172 2448 4210 non
2479 4163 2656 4225 potest
2683 4153 2933 4220 obtineri,
2960 4167 2990 4207 e
3020 4167 3242 4206 numero
3267 4161 3450 4211 nostro
3474 4151 3542 4210 ad
3571 4151 3712 4221 ipso-

2147 4264 2264 4302 rum
2294 4245 2709 4308 Donatistarum,
2739 4243 2852 4298 sive
2903 4258 3039 4315 quos
3065 4243 3264 4296 habent
3287 4243 3584 4312 episcopos,
3606 4243 3724 4297 sive

2147 4339 2214 4392 ad
2260 4337 2444 4406 plebes
2485 4336 2784 4401 mittantur,
2819 4348 2914 4403 per
2941 4348 3074 4402 quos
3103 4335 3350 4387 omnibus
3396 4332 3447 4386 in
3474 4333 3725 4388 notitiam

2147 4427 2465 4500 perferatur,
2497 4442 2658 4497 quam
2709 4425 2840 4479 nihil
2871 4425 3100 4478 habeant
3151 4423 3293 4494 quod
3332 4423 3584 4478 adversus
3616 4423 3720 4485 Ec-

2149 4521 2366 4576 clesiam
2404 4519 2719 4575 catholicam
2745 4519 2887 4587 juste
2915 4517 3118 4587 possint
3148 4516 3354 4574 dicere:
3381 4517 3629 4582 maxime,
3665 4526 3726 4577 ut

2072 4580 2124 4638 D
2151 4611 2490 4666 manifestum
2521 4610 2612 4663 liat
2640 4609 2903 4674 omnibus,
2936 4624 3032 4678 per
3056 4617 3205 4677 gesta
3227 4609 3387 4662 etiam
3418 4609 3721 4678 municipa.

2148 4704 2238 4768 lia,
2269 4712 2488 4772 pmptcr
2513 4701 2952 4756 documentorum
2986 4699 3314 4767 firn‘titatem,
3347 4700 3474 4770 quid
3520 4700 3621 4768 ipsi
3653 4701 3723 4754 de

2152 4791 2550 4847 Maximianistis
2586 4790 2936 4845 schismaticis
2965 4789 3073 4844 suis
3102 4791 3308 4858 egerint
3331 4808 3343 4841 :
3369 4789 3456 4843 ubi
3485 4789 3562 4844 cis
3586 4789 3724 4842 divi-

2150 4886 2295 4942 nitus
2335 4884 2754 4947 demonstratur,
2788 4883 2832 4939 si
2877 4880 3152 4935 attendere
3181 4881 3365 4946 velint,
3401 4889 3508 4934 tam
3539 4880 3724 4951 inique

2152 4988 2276 5032 tunc
2308 4975 2426 5030 illos
2448 4973 2790 5033 ab‘ECclcsize
2819 4974 3017 5028 unitate
3045 4973 3315 5043 prtucisos,
3348 4988 3506 5041 quam
3539 4973 3726 5041 inique

2150 5083 2290 5122 nunc
2315 5067 2548 5122 clamant
2574 5082 2603 5119 a
2629 5081 2687 5120 sc
2718 5065 3132 5119 Maximianistas
3163 5065 3392 5118 schisma
3422 5063 3630 5129 fecisse,
3651 5078 3724 5118 ex

2147 5174 2374 5227 quantm
2405 5167 2582 5210 tamen
2607 5171 2829 5210 numero
2856 5170 2990 5224 quos
3015 5154 3123 5223 jam
3157 5154 3378 5223 plcnarii
3400 5154 3609 5208 concilii
3638 5157 3724 5210 sui

2151 5251 2469 5305 auctoritate
2489 5249 2895 5313 damnaverant,
2919 5249 2970 5301 in
2995 5247 3104 5301 suis
3127 5242 3416 5305 honoribus
3437 5246 3612 5300 denuo
3645 5263 3726 5302 re-

2144 5349 2421 5410 ceperunt,
2454 5339 2775 5408 baptismum
2822 5354 2980 5408 quem
3033 5339 3267 5392 damnati
3299 5348 3353 5392 et
3392 5338 3592 5393 exclusi
3623 5338 3722 5393 de-

2145 5435 2356 5500 derant,
2379 5440 2794 5500 acceptavcrunt
2817 5450 2829 5484 :
2859 5440 2914 5484 ut
2933 5432 3162 5495 videant,
3189 5446 3349 5500 quam
3370 5431 3534 5485 stulto
3558 5430 3724 5484 corde

2144 5527 2396 5579 resistant
2426 5526 2544 5594 paci
2573 5525 2823 5578 Ecclesia:
2870 5533 2981 5580 toto
3011 5525 3141 5578 orbe
3175 5505 3376 5577 dilfusa:
3399 5562 3414 5588 ,
3463 5537 3584 5577 cum
3613 5522 3720 5576 ista

2145 5616 2337 5671 faciant
2390 5633 2486 5686 pro
2529 5625 2680 5686 parte
2727 5617 2938 5682 Donati,
2989 5631 3164 5684 neque
3219 5630 3278 5669 sc
3306 5616 3550 5676 istorum,
3581 5627 3720 5682 quos

2144 5708 2216 5760 ita
2247 5716 2584 5776 rcceperttnt,
2617 5709 3016 5776 communione,
3048 5716 3270 5778 propter
3324 5705 3573 5759 intuitum
3626 5720 3722 5774 pa—

539 5836 556 5855 '
592 5831 901 5889 Addendum
933 5831 1140 5886 videtur
1163 5834 1333 5902 gratia
1364 5833 1447 5889 vel
1476 5849 1652 5899 causa,
1687 5832 1740 5888 in
1769 5833 2002 5892 ablativo
2031 5850 2179 5892 casu.
2213 5833 2370 5892 Eutr.
