3982 6196
339 375 447 429 sar.

1320 375 1545 432 CODEX
1580 376 1904 433 CANONUM
1943 378 2639 439 ECCLESIASTICORUM.

3498 396 3603 458 396

336 489 436 550 cis,
482 486 834 546 contaminari
894 487 1091 555 dicant,
1139 497 1195 542 et
1220 503 1318 543 nos
1346 489 1723 555 condemnent,
1751 489 1804 544 id
1830 498 1919 545 est
1947 500 2000 558 Α
2023 495 2191 550 versis
2218 496 2483 566 episcopis
2511 497 2596 552 vel
2625 496 2769 563 dum,
2795 499 2879 554 vel
2908 508 3018 556 tres
3044 509 3234 558 turmae
3263 499 3412 569 fiant,
3444 519 3511 559 ac
3538 509 3608 564 de

339 577 636 633 Ecclesiam
680 579 1025 648 catholicam,
1071 580 1232 635 etiam
1292 581 1344 634 in
1361 582 1628 636 extremis
1655 590 1917 638 terrarum

337 667 584 737 partibus
611 668 982 738 constitutam,
1041 686 1137 740 per
1160 685 1346 725 eorum
1374 670 1803 727 communionem
1822 674 1918 733 in-

334 758 635 827 quinatam,
664 773 803 828 quos
850 770 978 816 tunc
1030 771 1343 817 accusantes
1383 763 1704 825 convincere
1731 765 1919 834 nequi-

334 862 419 902 νει
435 857 553 903 unt.

519 936 621 1004 Qui
645 940 819 994 clerici
846 938 912 998 ab
938 939 1182 1005 uxoribus
1203 940 1421 1005 debeant
1457 939 1737 1001 abstinere.

405 1026 565 1092 LXX.
598 1027 891 1095 Praeterea,
941 1045 1063 1087 cum
1108 1030 1174 1085 de
1201 1032 1552 1100 quorumdam
1580 1032 1922 1099 clericorum,

332 1117 584 1193 quamvis
614 1130 740 1185 erga
771 1132 967 1173 uxores
988 1120 1252 1188 pr0prias,
1279 1120 1661 1175 incontinentia
1692 1120 1920 1186 referre-

334 1216 423 1271 tur
456 1224 468 1257 :
520 1206 741 1275 placuit,
770 1206 1074 1283 episcopos,
1106 1215 1157 1262 ct
1202 1208 1562 1279 presbyteros,
1586 1216 1641 1263 et
1663 1209 1923 1266 diaconos

332 1297 636 1353 secundum
676 1298 856 1368 priora
904 1306 1104 1363 statuta
1133 1299 1294 1353 etiam
1343 1300 1412 1354 ab
1459 1300 1715 1355 uxoribus
1742 1300 1923 1355 conti-

333 1403 469 1441 nere
494 1406 507 1451 ;
540 1388 686 1459 quod
716 1389 819 1447 nisi
846 1388 1090 1456 fecerint,
1119 1392 1186 1445 ab
1207 1391 1573 1447 ecclesiastico
1604 1407 1921 1448 removean-

332 1484 423 1541 tur
451 1477 654 1532 oflicio.
683 1478 921 1535 Cteteros
941 1489 1122 1536 autem
1167 1482 1393 1537 clericos
1419 1482 1486 1537 ad
1509 1485 1614 1539 hoc
1642 1500 1749 1539 non
1780 1488 1919 1555 cogi,

330 1571 426 1623 sel
450 1572 751 1627 secundum
776 1576 1189 1645 uniuscujusque
1206 1576 1459 1634 Ecclesia:
1480 1580 1920 1636 consuetudinem

330 1662 615 1715 obsonari
641 1662 858 1717 debere.

553 1751 631 1804 Ue
649 1736 729 1805 his
754 1755 841 1824 qui
866 1755 1038 1823 plebes
1062 1759 1300 1827 proprias
1328 1758 1708 1831 derelinquunt.

402 1839 589 1895 LXXI.
626 1842 856 1897 Rursum
912 1846 1145 1917 placuit,
1196 1857 1254 1903 ut
1307 1850 1507 1903 nemini
1557 1850 1629 1904 sit
1676 1850 1916 1918 facultas,
1955 1868 2000 1926 Β

330 1935 523 1995 relicta
557 1936 838 2007 principali
868 1938 1149 2004 cathedra,
1176 1940 1242 1993 ad
1275 1940 1509 2009 aliquam
1541 1939 1836 1997 Eccitasiam
1864 1944 1919 1998 in

331 2024 557 2078 dimcesi
615 2028 964 2083 constitutam
1008 2043 1067 2085 se
1094 2024 1361 2096 conferre,
1391 2030 1473 2084 vel
1500 2031 1552 2084 in
1594 2047 1654 2087 re
1702 2034 1920 2103 propria

329 2118 551 2183 diutius,
580 2134 738 2188 quam
786 2129 1019 2190 oportet,
1053 2122 1428 2187 constitutum,
1471 2137 1674 2187 curam,
1696 2125 1779 2180 vel
1808 2125 1919 2181 fre-

327 2208 746 2278 quentationem
777 2212 1009 2281 propria:
1034 2212 1303 2269 cathedra:
1327 2214 1616 2283 negligere.

392 2316 473 2369 De
502 2320 789 2389 infantibus
812 2321 1157 2464 baptizandi?
1191 2324 1386 2406 quoties
1416 2324 1678 2379 dubitatur
1704 2335 1875 2390 utrum

911 2403 1081 2446 uermt
1144 2404 1384 2462 apttzati.

911 2403 1081 2446 ueriut
1110 2403 1384 2462 Daptizati.

405 2476 614 2532 LXXII.
643 2478 775 2535 Item
800 2482 1003 2551 placuit
1022 2483 1428 2551 de'iufantibus,
1455 2487 1666 2555 quoties
1689 2502 1797 2541 non
1834 2487 1921 2542 in-

330 2570 627 2625 Yeniuutur
671 2574 958 2628 certissimi
1007 2585 1171 2631 testes
1200 2578 1293 2649 qui
1336 2592 1431 2633 eos
1474 2579 1777 2648 baptizatos
1802 2595 1924 2635 esse

329 2662 452 2714 sine
480 2661 817 2719 dubitatione
849 2673 1133 2733 testentur,
1167 2682 1341 2737 neque
1369 2669 1470 2739 ipsi
1499 2678 1625 2727 sunt
1670 2686 1768 2740 per
1792 2679 1924 2725 teta-

332 2762 443 2805 tem
476 2751 543 2807 de
575 2754 782 2809 traditis
808 2756 910 2811 sibi
939 2759 1288 2815 sacramentis
1339 2758 1517 2815 idonei
1568 2761 1918 2830 respondere,

329 2845 540 2914 absque
588 2846 697 2901 ullo
722 2848 977 2917 scrupulo
1022 2864 1116 2904 eos
1144 2864 1266 2904 esse
1316 2848 1691 2920 baptizandos,
1722 2866 1790 2905 ne
1817 2850 1921 2906 ista

330 2937 621 3007 trepidatio
650 2953 747 2993 eos
778 2937 938 2995 faciat
965 2952 1427 3003 sacramentorum
1466 2943 1783 3013 purgatione
1813 2943 1923 3015 pri-

328 3036 471 3091 vari.
513 3033 651 3089 Hinc
692 3036 835 3090 enim
886 3036 1049 3104 legati
1093 3036 1433 3103 Maurorum,
1482 3036 1682 3092 fratres
1730 3036 1920 3104 nostri,

328 3125 721 3181 consuluerunt
754 3168 770 3200 ,
808 3127 936 3198 quia
987 3128 1188 3191 multos
1230 3127 1367 3190 tales
1412 3142 1444 3183 a
1487 3127 1731 3183 barbaris
1779 3126 1924 3187 redi-

330 3230 510 3281 munt.

546 3308 701 3365 Diem
724 3308 963 3378 Pace/ue,
994 3312 1077 3365 die
1105 3312 1310 3373 concilii
1338 3312 1700 3374 nuntiandum.

402 3398 631 3455 LXXIII.
663 3398 799 3456 Item
851 3402 1070 3471 placuit,
1104 3410 1160 3455 ut
1208 3402 1322 3456 dies
1350 3402 1670 3456 venerabilis
1699 3401 1919 3459 Pascha

329 3491 686 3548 fonnatarum
731 3494 1122 3564 subscriptione
1150 3493 1400 3548 omnibus
1452 3493 1746 3559 intimetur,
1804 3493 1921 3557 dies

331 3599 461 3643 vero
476 3585 695 3639 concilii
721 3586 861 3640 idem
884 3593 1145 3653 servetur,
1172 3586 1261 3664 qui
1288 3585 1340 3638 in
1365 3583 1697 3665 Hipponensi
1726 3587 1916 3642 conci-

327 3674 402 3729 lio
428 3677 753 3731 constitutus
778 3686 876 3741 est,
913 3675 963 3730 id
990 3685 1074 3735 est
1102 3692 1134 3730 ι
1164 3661 1268 3730 cal.
1301 3661 1650 3746 Septembris.
1682 3674 1748 3729 Et
1779 3677 1916 3741 scri-

325 3766 568 3821 bendum
621 3767 690 3822 ad
736 3768 1065 3837 singularum
1120 3780 1457 3837 quarumque
1513 3766 1915 3837 provinciarum

324 3858 610 3931 primates,
642 3867 701 3913 ut
725 3859 941 3929 quando
981 3857 1122 3928 apud
1151 3871 1211 3918 se
1239 3858 1524 3913 concilium
1555 3866 1909 3927 congregant,

326 3950 488 4005 iStum
511 3949 658 4003 diem
686 3965 792 4006 non
822 3950 1139 4020 impediant.

326 4037 415 4103 Ne
442 4042 760 4095 interventor
779 4043 1044 4112 episcopus
1082 4040 1382 4165 caéhedram
1415 4041 1455 4111 ',
1484 4042 1569 4094 ubi
1598 4041 1914 4103 intervequ

950 4122 1050 4165 est.
1079 4128 1132 4164 se
1170 4120 1272 4165 eat.

950 4122 1050 4179 est,
1079 4120 1272 4175 sedeat.

399 4198 636 4253 LXXIV.
664 4199 796 4257 Item
826 4202 1175 4258 constitutum
1201 4209 1306 4267 est,
1337 4207 1396 4254 ut
1421 4200 1551 4254 nulli
1576 4200 1916 4258 intercessori

328 4291 532 4345 licitum
560 4293 632 4346 sit
652 4292 961 4351 cathedram
1007 4293 1095 4347 cui
1126 4292 1453 4347 intercessor
1481 4291 1639 4348 datus
1666 4300 1766 4355 est,
1798 4292 1916 4361 qui-

327 4382 561 4439 buslibet
583 4382 906 4452 populorum
928 4382 1117 4437 studiis
1165 4382 1251 4436 vel
1279 4381 1630 4437 seditionibus
1650 4382 1910 4439 retinere:

324 4472 421 4526 sed
440 4472 575 4528 dare
602 4488 849 4544 operam,
882 4483 940 4528 ut
966 4475 1104 4529 intra
1147 4488 1345 4529 annum
1377 4473 1578 4529 eisdem
1599 4474 1913 4545 episeopum

328 4566 613 4632 provideat
641 4586 654 4616 ι
685 4571 829 4634 quod
855 4566 898 4620 si
929 4564 1260 4633 neglexerit,
1292 4579 1435 4619 anno
1460 4572 1711 4633 exempto
1742 4564 1911 4619 inter-

332 4668 521 4708 renor
540 4655 685 4709 alios
707 4654 992 4709 tribuatur.

328 4742 408 4803 De
431 4744 798 4815 defensoribus
825 4743 1176 4807 Ecclesiarunt
1201 4744 1266 4799 ab
1284 4746 1596 4813 imperatore
1623 4743 1913 4810 pascendis.

393 4832 603 4889 LXXV.
641 4836 721 4890 Ab
767 4836 1181 4906 imperatoribus
1212 4875 1229 4901 ,
1284 4835 1547 4890 universis
1589 4836 1761 4893 visum
1808 4842 1912 4903 est,

324 4926 709 4994 postulandum
730 4938 949 4999 propter
972 4928 1320 4984 afﬂictiouem
1348 4942 1663 4999 pauperum,
1684 4942 1911 4996 quorum

322 5016 584 5073 molestiis
608 5019 726 5073 sine
749 5018 1146 5075 intermissione
1168 5020 1422 5088 fatigatur
1451 5019 1711 5084 Ecclesia,
1744 5030 1803 5073 ut
1828 5020 1917 5073 de-

321 5110 567 5162 fensores
592 5108 673 5164 eis
700 5109 953 5164 adversus
999 5112 1271 5179 potentias
1299 5109 1521 5164 divitum
1552 5126 1673 5165 cum
1702 5111 1911 5179 episco-

318 5210 511 5263 porum
542 5198 849 5266 provisione
880 5198 1212 5268 delegentur.

472 5287 550 5340 De
574 5290 847 5356 episropis,
877 5290 961 5361 qui
993 5290 1060 5341 ad
1089 5291 1306 5343 concilia
1338 5307 1438 5343 non
1466 5298 1761 5345 occurrunt.

398 5374 630 5431 LXXVI.
663 5377 795 5433 Item
827 5381 1042 5449 placuit,
1079 5390 1136 5432 ut
1166 5382 1588 5450 quotiescunque
1617 5380 1905 5434 concilium

318 5472 757 5538 congregamlum
789 5483 888 5539 est,
913 5474 1151 5542 episcopi
1182 5473 1269 5541 qui
1325 5488 1496 5542 neque
1518 5480 1697 5537 (etate,
1735 5487 1908 5540 neque

315 5560 667 5626 :cgrituiline,
702 5578 875 5631 neque
916 5563 1087 5631 aliqua
1121 5562 1351 5630 graviori
1384 5560 1704 5615 necessitate
1735 5562 1904 5629 impe-

315 5652 555 5713 diuntur,
591 5663 959 5723 competenter
1008 5663 1311 5716 occurrant,
1342 5662 1395 5706 et
1435 5652 1753 5721 primatibus
1781 5665 1903 5703 sua—

314 5756 438 5795 rum
477 5758 812 5811 quarumque
842 5743 1233 5813 provinciarum
1265 5742 1555 5809 intimatur,
1589 5752 1644 5797 ut
1676 5741 1742 5796 de
1774 5740 1889 5796 uni-

400 5872 415 5890 ⁶
454 5869 617 5925 Forte
646 5872 924 5940 legendum
954 5876 1006 5928 in
1038 5874 1298 5929 cathedra.
1335 5873 1486 5929 Eon.

2026 583 2246 652 singulis
2287 587 2475 641 turmis
2512 586 2772 657 vicissim,
2804 598 3072 661 quotquot
3116 593 3270 648 electi
3297 593 3513 661 fuerint,
3537 596 3606 649 ad

2026 671 2169 726 diem
2212 674 2423 737 concilii
2463 674 2846 733 instantissime
2875 690 3180 738 occurrant.
3209 683 3362 749 Quod
3408 685 3454 740 si
3493 700 3604 741 non

2027 764 2300 833 potuerint
2323 781 2628 832 occurrere,
2661 771 3036 829 excusationes
3053 788 3181 828 suas
3208 774 3260 828 in
3291 785 3605 835 tractatorta

2027 855 2386 919 conscribant,
2414 858 2499 912 vel
2555 860 2597 914 si
2647 870 2769 929 post
2796 861 3083 921 adventum
3142 868 3466 921 tractatoria:
3509 870 3608 924 ali-

2029 957 2144 1019 qua:
2165 948 2510 1007 necessitates
2534 959 2756 1027 repente
2787 950 3010 1008 forsitan
3053 964 3186 1018 orta:
3234 958 3470 1027 fuerint,
3502 961 3606 1016 nisi

2025 1035 2287 1090 rationem
2316 1037 2679 1113 impedimenti
2706 1042 2788 1101 sui
2817 1045 2961 1113 apud
2987 1061 3143 1107 suum
3172 1048 3455 1119 primatem
3481 1051 3607 1106 red-

2025 1126 2276 1193 diderint,
2303 1128 2556 1186 Ecclesia:
2580 1149 2689 1188 sua:
2710 1139 3093 1201 communione
3120 1138 3319 1197 debere
3338 1157 3459 1198 esse
3480 1159 3607 1200 con-

2028 1224 2115 1272 ten
2123 1225 2203 1272 ιοό
2212 1258 2224 1272 .

2622 1292 2701 1347 De
2730 1294 3020 1352 Cresconio.

2095 1376 2344 1439 LXXVII.
2375 1380 2450 1436 De
2477 1382 2766 1440 Cresconio
2798 1386 3193 1457 Villa-Regensi
3222 1392 3325 1447 hoc
3353 1395 3601 1450 omnibus

2025 1465 2196 1521 visum
2226 1479 2325 1534 est,
2360 1478 2419 1524 ut
2447 1471 2572 1527 hinc
2604 1488 2819 1543 quoque
2845 1476 3059 1545 primati
3100 1478 3358 1535 Numidim
3388 1483 3604 1539 intime-

2027 1565 2129 1625 tur,
2163 1574 2270 1629 quo
2318 1574 2608 1630 cognoscat
2636 1577 2989 1622 memoratum
3019 1568 3364 1627 Cresconium
3391 1575 3607 1644 scriptis

2026 1652 2136 1707 suis
2165 1656 2589 1711 conveniendum
2615 1672 2755 1729 esse,
2787 1668 2844 1713 ut
2872 1662 3119 1729 proximo
3149 1664 3438 1719 universali
3466 1664 3607 1721 Afri-

2028 1759 2163 1799 cano
2192 1747 2420 1802 concilio
2449 1764 2599 1803 suam
2621 1752 2961 1819 prmscntiam
2991 1769 3098 1811 non
3120 1753 3336 1810 dili‘erat
3385 1758 3607 1813 exhibe-

2026 1848 2123 1888 re:
2167 1836 2309 1910 quod
2358 1838 2403 1892 si
2449 1840 2632 1893 venire
2680 1843 3084 1913 contempserit,
3131 1844 3184 1899 in
3212 1859 3272 1900 se
3313 1857 3610 1916 cognoscat

2027 1931 2347 1985 sententiam
2373 1934 2836 2003 promulgandam.

2238 2021 2317 2075 De
2339 2022 2570 2078 Ecclesia
2599 2024 3011 2095 Hipponensium
3036 2029 3386 2087 Diaretorum.

2098 2109 2371 2169 LXXVIII.
2415 2113 2645 2169 Rursum
2691 2116 2913 2187 placuit,
2940 2127 2999 2172 ut
3020 2112 3271 2188 quoniam
3295 2122 3609 2194 Hipponen-

2024 2204 2160 2259 sium
2191 2206 2526 2263 Diarctorum
2574 2207 2827 2268 Ecclesiae
2854 2212 3131 2268 destitutio
3162 2230 3267 2269 non
3297 2224 3381 2271 est
3407 2218 3605 2273 diutius

2026 2300 2358 2368 negligenda,
2417 2308 2471 2364 ct
2501 2300 2750 2357 Ecclesia:
2794 2303 2866 2358 ibi
2915 2304 2982 2357 ab
3012 2304 3095 2360 bis
3146 2306 3461 2375 retinentur,
3511 2309 3611 2380 qui

2025 2388 2223 2460 Equitii
2276 2390 2634 2446 facinorosam
2683 2393 3116 2447 communionem
3164 2394 3588 2469 declinaverunt,

2026 2481 2199 2535 missis
2227 2496 2292 2535 ex
2324 2483 2571 2551 praesenti
2626 2484 2857 2541 concilio
2887 2485 3173 2555 episcopis,
3224 2486 3449 2556 Regino,
3478 2488 3608 2562 Aly-

2024 2571 2137 2643 pio,
2163 2571 2478 2641 Augustino,
2511 2571 2774 2636 Matcrno,
2803 2573 3051 2642 Tlieasio,
3077 2574 3296 2643 Evodio,
3329 2576 3608 2648 Placiano,

2027 2660 2266 2728 Urbano,
2332 2663 2566 2730 Valerio,
2623 2663 2890 2731 Ambivio,
2936 2664 3253 2729 Fortunato,
3304 2666 3607 2734 Quodvult-

2025 2755 2147 2816 deo.
2182 2754 2479 2821 Honorato,
2513 2755 2786 2822 Januario,
2815 2756 2975 2827 Apto,
3000 2755 3298 2825 Honorato,
3331 2760 3604 2830 Ampelio,

2025 2845 2356 2911 Victoriano,
2404 2845 2706 2916 Evangelo,
2736 2856 2792 2901 et
2828 2846 3171 2919 Rogatiano;
3227 2852 3505 2907 conventis
3550 2862 3607 2908 et

2024 2937 2283 2992 correctis
2311 2937 2410 3002 his,
2436 2937 2527 3007 qui
2554 2937 2809 3008 culpabili
2838 2939 3131 3009 pertinacia
3158 2940 3336 3010 fugam
3361 2940 3602 3012 ejusdem

2022 3027 2219 3098 Equitii
2254 3027 2673 3101 exspectandam
2722 3030 3003 3099 putabant,
3036 3046 3158 3087 cum
3203 3033 3442 3088 omnium
3470 3045 3600 3092 voto

2026 3119 2105 3174 eis
2131 3118 2416 3189 episcopus
2439 3119 2736 3181 ordinetur.
2773 3119 2830 3174 Si
2858 3130 3035 3176 autem
3059 3122 3133 3177 illi
3154 3137 3341 3192 pacem
3366 3125 3605 3182 conside-

1951 3252 1996 3313 Β
2027 3224 2149 3264 rare
2174 3210 2464 3276 noluerint,
2500 3225 2606 3265 non
2654 3210 2949 3280 impediant
2976 3212 3030 3268 in
3080 3213 3326 3284 eligendo
3361 3214 3433 3271 ad
3459 3216 3606 3277 ordi-

2028 3299 2261 3365 nandum
2292 3302 2580 3373 praeposito
2594 3302 2879 3363 utilitatem
2905 3310 3056 3364 tanto
3083 3313 3327 3376 tempore
3348 3304 3604 3367 Ecclesia:

2024 3391 2314 3447 destitutas.

2058 3482 2137 3539 De
2153 3486 2351 3544 clericis
2379 3487 2465 3558 qui
2486 3486 2623 3539 intra
2669 3502 2861 3543 annum
2889 3503 3098 3562 causam
3111 3504 3258 3553 suam
3285 3506 3440 3562 agerc
3465 3506 3569 3547 non

2601 3560 3005 3627 procuraverint.

2091 3641 2320 3706 LXXIX.
2353 3644 2559 3704 Rursus
2579 3647 2925 3707 constitutum
2948 3657 3050 3710 est,
3075 3657 3135 3704 ut
3157 3650 3370 3723 quoties
3389 3650 3602 3718 οἱα-ἰώ

2019 3733 2282 3793 convictis
2326 3741 2383 3788 et
2427 3735 2685 3793 confessis
2711 3733 2765 3798 in
2790 3736 2973 3805 aliquo
2990 3737 3234 3803 crimine,
3271 3739 3356 3793 vel
3380 3748 3604 3810 propter

2020 3843 2227 3894 eorum,
2252 3845 2479 3898 quorum
2501 3830 2835 3885 verecundiae
2862 3828 3120 3899 parcitur,
3150 3831 3233 3885 vel
3256 3842 3477 3901 propter
3496 3829 3599 3887 Ec?

2019 3920 2197 3981 clesia:
2224 3915 3024 3992 opprobrium,antinsolentem
3054 3918 3454 3977 inwltationem
3482 3920 3595 3976 hae-.-

2019 4009 2308 4069 reticorum
2339 4017 2502 4076 atque
2525 4007 2822 4075 gentilium,
2847 4007 2892 4061 si
2916 4007 3056 4067 forte
3073 4022 3250 4069 causa:
3271 4023 3384 4064 sua:
3408 4009 3601 4068 adesse

2023 4090 2307 4166 venierint,
2336 4105 2392 4153 et
2417 4096 2778 4152 innocentiam
2816 4112 2968 4156 suam
3019 4111 3285 4167 asserere,
3328 4099 3470 4155 intra
3495 4115 3597 4167 an.-

2019 4204 2148 4244 num
2187 4187 2756 4249 excommunicationis
2804 4188 2910 4242 hoc
2961 4186 3161 4248 faciant
3189 4205 3203 4240 :
3234 4190 3279 4244 si
3306 4204 3433 4246 vero
3457 4192 3597 4246 intra

2019 4295 2218 4336 annum
2259 4293 2477 4335 causam
2505 4293 2656 4333 suam
2703 4291 2933 4349 purgare
2962 4280 3403 4351 contempserint,
3452 4281 3596 4337 nulla

2018 4385 2206 4426 eorum
2228 4385 2332 4424 vox
2360 4378 2547 4439 postea
2570 4369 2782 4438 penitus
2810 4368 3076 4423 audiatur.

2024 4483 2092 4540 Ut
2111 4484 2174 4537 de
2198 4484 2367 4536 alieno
2394 4483 2707 4536 monasterio
2736 4490 3017 4553 susceptos,
3043 4497 3134 4536 nec
3163 4486 3466 4553 prapositos
3488 4502 3601 4542 mo-

2275 4553 2510 4618 nasterii,
2538 4569 2631 4605 nec
2659 4552 2871 4615 clericos
2899 4552 3049 4607 liceat
3078 4556 3342 4608 ordinare.

2092 4642 2248 4699 XXC.
2265 4644 2395 4698 Item
2417 4643 2641 4713 placuit,
2656 4651 2713 4696 ut
2736 4643 2780 4696 si
2802 4642 2920 4711 quis
2939 4642 3005 4697 de
3028 4643 3247 4699 alterius
3265 4648 3598 4701 monasterio

2022 4746 2295 4809 repertum
2325 4737 2410 4791 vel
2435 4736 2502 4791 ad
2527 4736 2838 4795 clericatum
2884 4751 3202 4804 promovere
3230 4738 3475 4801 voluerit,
3512 4740 3597 4792 vel

2024 4832 2077 4886 in
2103 4847 2203 4886 suo
2228 4829 2559 4887 monasterio
2587 4830 2845 4899 majorem
2874 4828 3185 4883 monasterii
3214 4830 3550 4891 constituerit
3579 4847 3593 4882 :

2020 4922 2338 4993 episcopus,
2370 4920 2461 4991 qui
2501 4918 2608 4981 hoc
2649 4918 2873 4985 fecerit,
2922 4934 2951 4972 a
3002 4928 3316 4973 cteterorum
3352 4933 3597 4972 commu-

2020 5015 2182 5075 nione
2201 5012 2476 5081 sejunctus
2493 5025 2600 5069 suae
2630 5018 2834 5064 tantum
2861 5008 3029 5078 plebis
3058 5006 3435 5062 communione
3462 5022 3596 5063 con-

2024 5113 2200 5161 tentus
2245 5106 2333 5171 sit,
2366 5110 2421 5157 et
2450 5102 2540 5158 ille
2568 5115 2743 5171 neque
2779 5098 3026 5169 clericus,
3057 5110 3229 5163 neque
3277 5097 3595 5164 pncpositus

2022 5204 2349 5267 perseveret.

2066 5285 2147 5340 De
2178 5286 2428 5357 episcapis
2467 5283 2553 5354 qui
2590 5281 2886 5359 ltmrcticos,
2928 5278 3003 5331 rel
3044 5295 3273 5347 paganos
3315 5278 3540 5335 liwi'cdes

2662 5356 2951 5403 instituunt.

2086 5446 2264 5502 XXCI.
2305 5445 2436 5500 Item
2475 5442 2817 5498 constitutum
2863 5449 2964 5503 cst,
2997 5448 3055 5493 ut
3087 5440 3128 5494 si
3174 5439 3291 5510 quis
3315 5439 3595 5509 episcopus

2016 5539 2253 5595 hmrcdes
2280 5546 2564 5594 extraneos
2604 5549 2633 5586 a
2663 5534 3125 5601 consangubtitate
3151 5548 3265 5597 sua,
3296 5532 3379 5585 vel
3424 5540 3596 5586 inere-

2012 5633 2144 5688 ticos
2182 5632 2345 5686 etiam
2400 5626 2852 5694 consanguineos,
2909 5634 3002 5681 ant
3053 5639 3290 5696 paganos
3334 5624 3589 5680 Ecclesia!

2011 5726 2325 5803 prmtulerit,
2347 5722 2537 5779 saltem
2584 5728 2704 5789 post
2730 5730 2956 5775 mortem
2987 5717 3275 5772 anathema
3302 5715 3349 5770 ci
3383 5716 3589 5775 dicatur
