3982 6196
460 333 566 390 9.07

1733 331 2086 406 mosvstus
2121 330 2436 389 exrcuus.

3618 332 3716 387 903

463 455 624 515 atque
660 443 776 514 eius
799 459 1012 502 nomen
1060 444 1202 500 inter
1229 444 1324 500 Dei
1353 442 1660 498 sacerdotes
1689 443 1835 500 nullo
1877 443 2036 498 modo
2066 452 2112 506 Α
2142 445 2282 517 apud
2309 445 2686 514 Carthaginem
2723 445 2941 502 delinita
2966 486 2981 513 ,
3021 462 3164 505 nunc
3195 461 3412 520 quoque
3454 447 3611 504 nobis
3653 463 3716 502 ex

464 535 746 600 recitetur;
789 549 889 589 nec
930 535 1174 589 excusari
1226 535 1434 605 possit,
1492 533 1535 586 si
1592 533 1878 589 intestatus
1936 534 2035 590 de-

461 625 704 691 cesserit,
732 623 858 693 quia
885 622 1279 691 utiquedebuit
1307 621 1478 680 factus
1506 622 1792 692 episcopus
1820 624 1898 677 rei
1927 638 2038 678 sua:

461 715 853 772 ordinationem
887 728 1176 783 congruam
1205 730 1312 769 sua:
1330 712 1658 785 professioni
1699 729 2038 784 nequaquam

459 806 693 862 diﬂ‘erre.

938 919 1017 974 De
1049 920 1555 975 manumissionis“.

528 1028 728 1085 XXClI.
761 1029 893 1084 ltem
925 1030 1144 1099 placuit,
1174 1039 1232 1083 ut
1258 1029 1324 1084 de
1347 1029 1855 1084 manumissionibus
1879 1030 1929 1083 in
1954 1045 2038 1086 ec-

456 1121 618 1175 clesia
649 1120 982 1174 celebrandis
1006 1120 1073 1174 ab
1101 1120 1428 1190 imperatore
1456 1128 1691 1190 petatur.

807 1229 886 1283 De
914 1230 1062 1302 falsis
1090 1232 1348 1286 memoriis
1380 1239 1682 1300 martyrum.

527 1321 751 1376 XXClll.
783 1321 916 1376 item
945 1322 1169 1391 placuit,
1210 1330 1266 1376 ut
1313 1323 1502 1376 altaria
1550 1338 1670 1392 qua:
1697 1322 1896 1392 passim
1937 1337 2037 1396 per

454 1429 632 1483 agros,
649 1423 703 1469 et
729 1430 828 1484 per
853 1414 984 1479 vias,
1014 1422 1267 1484 tanquam
1293 1414 1570 1470 memoria:
1597 1424 1893 1486 martyrum
1915 1429 2039 1470 con-

454 1505 766 1573 stituuntur,
815 1503 1095 1573 inquibus
1133 1503 1336 1559 nullum
1386 1519 1612 1574 corpus,
1658 1516 1752 1559 aut
1797 1504 2037 1575 reliquid:

454 1604 752 1667 martyrum
779 1595 1014 1650 conditae
1041 1595 1358 1665 probantur,
1380 1595 1447 1650 ab
1473 1596 1742 1666 episcopis
1782 1596 1874 1666 qui
1903 1596 2036 1652 locis

453 1686 655 1740 eisdem
678 1695 937 1756 prtesunt,
967 1685 1014 1740 si
1040 1683 1152 1740 ﬁeri
1177 1692 1370 1756 potest,
1396 1694 1708 1740 evertantur
1738 1704 1752 1739 :
1787 1687 1831 1740 si
1853 1693 2036 1740 autem

452 1776 556 1830 hoc
585 1790 682 1846 per
727 1774 984 1828 tumultus
1012 1774 1300 1844 populares
1343 1789 1450 1828 non
1476 1775 1686 1841 sinitur,
1718 1775 1903 1845 plebes
1926 1832 1928 1834 ,
1950 1782 2034 1845 ta-

454 1883 576 1922 men
600 1866 1014 1932 admoneantur,
1045 1881 1114 1921 ne
1143 1865 1231 1922 illa
1278 1866 1401 1922 loca
1441 1865 1803 1937 frequentent,
1834 1875 1895 1921 ut
1940 1867 2032 1935 qui

451 1966 599 2012 recte
628 1957 862 2027 sapiunt,
892 1955 1034 2010 nulla
1063 1956 1135 2012 ibi
1149 1957 1528 2027 superstitione
1556 1957 1789 2014 devincti
1819 1965 2036 2012 tenean-

453 2061 539 2106 tur
558 2090 575 2116 ,
603 2059 658 2104 et
707 2051 928 2109 omnino
958 2049 1104 2106 nulla
1131 2047 1388 2104 memoria
1412 2057 1712 2120 martyrum
1739 2035 2033 2118 probabili-

449 2150 533 2194 ter
553 2145 882 2208 acceptetur,
916 2137 1018 2192 nisi
1064 2137 1155 2196 ubi
1183 2151 1379 2208 corpus
1418 2146 1510 2192 aut
1562 2137 1752 2206 aliqua:
1794 2136 2030 2207 reliquiae

448 2239 596 2302 sunt,
645 2237 738 2284 aut
766 2228 918 2297 origo
947 2228 1174 2296 alicujus
1208 2228 1575 2295 habitationis,
1614 2229 1701 2302 yel
1731 2229 2028 2299 possessio-

447 2317 550 2387 nis,
585 2320 670 2375 vel
712 2317 977 2389 passionis
1021 2317 1330 2374 fidelissima
1369 2319 1576 2385 origine
1620 2318 1877 2377 traditur.
1895 2317 2028 2372 Nam

447 2403 567 2479 qua:
607 2424 705 2476 per
756 2407 965 2461 somnia
1010 2415 1066 2460 et
1109 2421 1205 2476 per
1254 2406 1441 2460 inanes
1471 2406 1623 2475 quasi
1671 2406 2030 2464 revelationes

446 2497 811 2567 quorumlibet
834 2497 1112 2552 hominum
1135 2495 1440 2564 ubicunque
1467 2495 1872 2554 constituuntur
1892 2496 2030 2552 alla-

445 2592 544 2657 ria,
570 2588 882 2652 omnimodo
904 2588 1279 2659 reprobentur.

733 2698 812 2760 De
829 2697 1086 2758 idolorum
1106 2699 1336 2768 reliquiis
1362 2699 1730 2768 exstirpandis.

515 2785 742 2852 XXCIV.
773 2789 907 2845 Item
934 2789 1133 2860 placuit
1159 2790 1226 2849 ab
1265 2790 1677 2859 imperatoribus
1715 2789 2029 2858 gloriosissi-

443 2882 545 2940 mis
555 2880 994 2951 peti,utreliqui:e
1009 2879 1323 2939 idololatria:
1335 2894 1442 2935 non
1453 2879 1534 2938 sol
1545 2895 1625 2934 im
1641 2880 1694 2934 in
1704 2879 2024 2950 simulacris,

441 2975 542 3032 sed
569 2975 620 3028 iu
646 2975 1053 3044 quibuscunque
1089 2974 1261 3042 locis,
1304 2973 1390 3029 vel
1417 2973 1585 3039 lucis,
1629 2975 1714 3029 vel
1743 2975 2025 3032 arboribus

441 3064 758 3126 omnimodo
782 3065 1089 3124 deleantur.

2140 535 2329 592 ordine
2371 537 2680 590 recitentur.
2729 535 2878 592 Tunc
2902 535 3113 592 demum
3145 536 3496 596 fraternitatis
3525 545 3717 594 vestra:

2139 626 2421 680 concordia
2452 627 2570 682 luce
2597 627 2791 682 clarior
2818 630 3117 699 apparebit,
3141 630 3185 683 si
3231 631 3344 684 haec
3368 646 3486 700 qua:
3509 646 3540 686 a
3562 632 3715 687 nobis

2139 717 2502 786 superioribus
2518 719 2758 773 conciliis
2778 719 3021 788 legaliter
3035 718 3248 774 definita
3275 729 3589 788 noscuntur,
3607 740 3715 779 non

2138 807 2311 861 solum
2340 823 2606 864 consensu
2634 818 2813 865 vestro
2860 809 2944 865 bis
2972 811 3104 865 actis
3123 852 3138 876 ,
3171 800 3365 865 verum
3396 820 3449 866 et
3478 812 3713 869 subscri-

2137 898 2410 967 ptionibns
2455 899 2824 954 manifestetis.
2871 899 3170 971 Xantippus
3213 903 3496 972 episcopus
3525 903 3708 974 prima:

2138 988 2281 1043 sedis
2321 989 2580 1044 Numidia:
2624 989 2759 1044 dixit
2790 1008 2802 1043 :
2835 988 3009 1045 Credo
3037 987 3176 1068 quod
3217 993 3361 1048 omni
3394 991 3712 1051 fraternitati

2138 1078 2336 1147 placuit
2365 1087 2422 1133 et
2442 1087 2639 1134 statuta
2667 1095 2762 1135 sua
2792 1095 2951 1134 manu
2974 1080 3446 1150 confirmaverunt,
3477 1085 3714 1140 subscri—

2138 1171 2314 1243 bendo
2341 1172 2504 1226 etiam
2533 1173 2689 1228 nobis
2718 1173 2930 1243 placere
2966 1189 3164 1252 posse,
3187 1183 3242 1229 et
3270 1185 3451 1229 nostra
3483 1176 3714 1231 subscri-

2137 1262 2321 1331 ptione
2366 1262 2656 1318 ﬁrmamus.
2717 1262 2952 1318 Nicetius
2996 1265 3280 1334 episcopus
3332 1266 3520 1335 prima:
3571 1264 3714 1322 sedis

2139 1352 2470 1408 Mauritania:
2485 1354 2752 1410 Sitifensis
2763 1354 2924 1409 dixit:
2946 1354 3072 1420 Qua:
3089 1341 3310 1411 recitata
3331 1365 3456 1412 sunt
3472 1355 3711 1424 decreta,

2137 1442 2393 1517 quoniam
2423 1447 2634 1503 ratione
2664 1463 2770 1503 non
2800 1455 3003 1512 carent,
3027 1456 3080 1502 et
3109 1457 3232 1502 sunt
3257 1451 3550 1522 approbata
3581 1465 3713 1508 cun-

2137 1537 2254 1603 ctis,
2279 1538 2438 1609 etiam
2459 1549 2516 1595 et
2540 1553 2669 1594 mea:
2692 1538 2940 1608 parvitati
2968 1539 3082 1594 haec
3103 1538 3334 1608 placent,
3359 1555 3476 1611 qum
3500 1539 3715 1610 quidem

2137 1628 2353 1698 propria
2375 1629 2766 1698 subscriptione
2794 1629 3036 1684 tirmabo.

2138 1739 2217 1795 De
2237 1741 2824 1813 episcoporuntordine,
2852 1751 2908 1794 ut
2933 1742 3020 1813 qui
3049 1742 3300 1812 posterius
3320 1743 3546 1796 ordinati
3570 1749 3716 1812 sunt,

2425 1811 2685 1880 prioribus
2707 1828 2762 1865 se
2783 1827 2885 1867 non
2907 1811 3130 1866 audeant
3152 1815 3430 1884 anteferre.

2205 1920 2434 1976 XXCVI.
2468 1922 2783 1977 Valentinus
2820 1921 3104 1992 episcopus
3130 1920 3266 1980 dixit
3300 1941 3313 1976 :
3359 1922 3415 1983 Si
3453 1924 3715 1995 permittit

2133 2013 2332 2067 bonum
2374 2013 2648 2082 patientia:
2673 2020 2896 2080 vestrm,
2926 2028 3223 2082 prosequor
3273 2029 3337 2068 ea
3372 2029 3493 2084 qua:
3522 2024 3715 2085 prtete-

2123 2104 2238 2159 trito
2267 2111 2510 2174 tempore
2531 2104 2582 2158 in
2613 2103 2850 2159 Ecclesia
2878 2102 3284 2172 Carthaginensi
3307 2113 3457 2174 gesta
3486 2114 3629 2172 sunt,
3662 2117 3715 2162 et

2131 2196 2615 2266 subscriptionibus
2644 2194 2868 2250 fratrum
2913 2195 3122 2249 firmata
3165 2194 3504 2260 claruerunt,
3551 2197 3714 2251 etiam

2131 2304 2232 2356 nos
2270 2289 2376 2354 hoc
2413 2295 2719 2344 servaturos
2741 2303 2862 2343 esse
2888 2284 3146 2358 profiteor
3172 2304 3184 2339 :
3212 2287 3307 2342 sed
3337 2287 3466 2341 illud
3494 2288 3710 2351 scimus,

2130 2378 2385 2433 inviolate
2405 2393 2618 2447 semper
2638 2379 2901 2436 mansisse
2927 2377 3340 2433 ecclesiasticam
3358 2377 3708 2447 disciplinam,

2129 2471 2200 2524 ita
2232 2476 2290 2524 ut
2314 2469 2494 2523 nullus
2514 2470 2738 2524 fratrum
2765 2467 3036 2537 prioribus
3071 2467 3182 2524 suis
3207 2481 3268 2521 se
3301 2467 3588 2536 aliquando
3615 2483 3712 2522 au-

2127 2561 2284 2616 deret
2327 2569 2691 2630 anteponere;
2740 2559 2837 2616 sed
2883 2557 3072 2614 otIiciis
3113 2559 3388 2618 charitatis
3414 2559 3468 2614 id
3498 2574 3712 2630 semper

2127 2652 2421 2708 exhibitum
2449 2659 2534 2708 est
2561 2637 2856 2721 prioribus,
2878 2648 3018 2720 quod
3041 2649 3094 2703 in
3121 2649 3469 2718 sequentibus
3496 2658 3710 2718 gratan-

2109 2749 2212 2797 ter
2231 2755 2449 2814 semper
2476 2741 2829 2810 acciperetur.
2855 2737 3008 2794 Hunc
3036 2737 3280 2794 ordinem
3302 2738 3491 2808 jubeat
3509 2740 3707 2794 sancti-

2125 2838 2211 2886 tas
2247 2840 2429 2886 vestra
2463 2829 2656 2888 melius
2694 2830 2888 2890 vestris
2917 2829 3416 2892 interlocutionibus
3438 2831 3700 2886 roborari.

2130 2920 2380 2977 Aurelius
2408 2921 2694 2998 cpiscopus
2722 2920 2857 2978 dixit
2885 2937 2898 2972 :
2929 2919 3047 2978 Non
3076 2919 3331 2980 decuerat
3378 2919 3598 2990 quidem
3646 2931 3705 2974 ut

2125 3014 2244 3070 lucc
2265 3021 2652 3084 repeteremus,
2681 3013 2783 3068 nisi
2813 3011 2951 3072 forte
2971 3013 3271 3088 existerent
3298 3011 3702 3088 inconsiderate

2125 3112 2336 3164 mentes
2363 3101 2750 3172 quorumdam,
2779 3118 2900 3172 qua:
2937 3101 3008 3157 ad
3038 3102 3154 3158 haec
3182 3103 3463 3158 statuenda
3489 3113 3700 3160 nostros

444 3179 516 3234 Ut
536 3179 600 3263 ait
622 3181 858 3251 episcopo
878 3175 1295 3265 Cartltagineusi,
1319 3193 1436 3265 eum
1446 3194 1581 3265 opus
1608 3177 1780 3265 fuerat,
1794 3178 2021 3265 omnium

2131 3203 2384 3252 acuerent
2410 3210 2628 3262 sensus;
2657 3194 2751 3249 sed
2771 3194 3070 3249 communis
3094 3194 3207 3249 haec
3231 3208 3387 3249 causa
3404 3203 3505 3259 est,
3536 3209 3698 3265 quam

507 3245 866 3374 episcoporum
893 3245 1103 3308 nomine
1144 3248 1400 3301 dictentur
1425 3245 1888 3302 et‘subscribantur
1912 3250 2023 3320 epi-

507 3332 587 3374 sto
611 3338 674 3374 ω.

507 3332 674 3376 ειοιω.

507 3412 716 3476 XXCV.
766 3412 849 3474 Ab
878 3411 1139 3467 universis
1167 3411 1330 3466 etiam
1366 3410 1631 3480 episcopis
1669 3410 1868 3465 dictum
1914 3420 2018 3480 est,

440 3513 498 3558 ut
543 3504 588 3558 si
628 3518 746 3571 qua:
794 3503 989 3557 littera:
1035 3500 1298 3556 dictanda:
1337 3501 1391 3555 in
1443 3501 1670 3556 concilio
1699 3500 2018 3570 placuerint,

441 3591 772 3648 venerandus
794 3591 1079 3661 episcopus
1106 3589 1198 3661 qui
1219 3591 1343 3646 huic
1362 3589 1478 3647 sedi
1493 3589 1762 3660 pnnsidet,
1781 3591 2019 3644 omnium

419 3685 654 3754 .notuine
679 3684 890 3748 dictare.
923 3690 980 3740 et
1021 3683 1361 3742 subscribere
1400 3681 1681 3750 dignetur,
1727 3681 1782 3736 in
1828 3683 2020 3751 quibus

437 3777 596 3832 etiam
623 3776 691 3832 ad
715 3777 999 3847 episcopos
1039 3776 1265 3844 legatos,
1298 3775 1388 3846 qui
1417 3789 1515 3845 per
1544 3774 1849 3842 provincias
1880 3774 2020 3828 Afri-

437 3884 599 3925 canas
627 3869 681 3922 in
709 3883 872 3924 causa
916 3867 1318 3929 Donatistarum
1347 3867 1592 3928 mittendi
1620 3876 1776 3934 sunt,
1821 3868 2020 3938 placuit

434 3962 641 4018 litteras
661 3961 778 4015 dari
807 3969 1049 4016 tenorem
1073 3959 1319 4020 mandati
1345 3960 1704 4026 continentes,
1725 3974 1888 4032 quem
1910 3976 2016 4014 non

435 4051 794 4120 egrediantur.
843 4051 915 4105 Et
941 4052 1416 4121 subscripserunt:
1460 4049 1708 4116 Aurelius
1736 4051 2019 4122 episcopus

435 4139 688 4196 Ecclesia:
733 4140 1169 4208 Carthaginensis
1209 4141 1336 4194 huic
1373 4139 1595 4196 decreto
1644 4141 1912 4209 consensi,
1963 4148 2018 4196 et

433 4233 685 4302 praelecto
713 4229 1025 4300 subscripsi.
1051 4228 1306 4285 Similiter
1335 4237 1391 4285 et
1413 4229 1592 4284 cieteri
1617 4230 1854 4302 episc0pi
1886 4229 2016 4286 sub-

433 4324 784 4393 scripserunt.
920 4369 924 4373 .
1244 4376 1246 4378 ,

575 4435 643 4489 In
668 4436 763 4489 hoc
790 4437 1008 4490 concilio
1038 4437 1303 4504 prwterita
1325 4435 1532 4490 decreta
1560 4435 1859 4504 ﬁrmantur.

502 4524 915 4578 Gloriosissimis
957 4524 1374 4594 imperatoribus
1424 4524 1654 4580 Arcadio
1693 4533 1748 4580 et
1774 4524 2016 4581 llonorio
2043 4555 2092 4614 ι)
2119 4569 2223 4614 um

433 4616 687 4686 Augustis
712 4631 746 4670 v
767 4631 969 4681 conss.,
1001 4624 1156 4671 sexto
1185 4615 1287 4671 cal.
1321 4614 1676 4685 Septembris,
1704 4616 1758 4669 in
1799 4617 2016 4671 civitate

431 4709 757 4774 Milevitana,
790 4709 842 4762 in
872 4709 1167 4764 secretario
1195 4707 1448 4771 basilicae,
1479 4722 1601 4763 cum
1623 4707 1874 4763 Aurelius
1901 4708 2017 4778 epi-

429 4831 628 4888 scopus
648 4809 903 4870 Ecclesia:
931 4804 1370 4875 Carthaginensis
1397 4805 1453 4858 in
1475 4802 1707 4859 concilio
1727 4804 2016 4860 universali

429 4909 794 4974 consedisset,
828 4903 1129 4958 astantibus
1151 4897 1422 4963 diaconis,
1454 4896 1704 4951 Aurelius
1730 4895 2016 4967 episcopus

345 4995 348 4998 ⁴
429 5002 564 5056 dixit
608 5019 620 5053 :
665 4996 930 5065 Quoniam
960 4991 1217 5048 Ecclesia:
1242 4996 1442 5044 sancta:
1470 5003 1634 5042 unum
1663 4993 1752 5042 est
1795 5002 2010 5058 corpus,

430 5093 779 5160 omniumque
800 5088 1165 5144 membrorum
1188 5089 1351 5152 caput
1371 5089 1454 5136 est
1473 5095 1664 5144 unum.
1693 5079 1888 5135 factum
1910 5087 2012 5145 est,

428 5182 648 5236 volente
677 5181 808 5245 Deo,
841 5188 896 5235 et
925 5184 1164 5232 nostram
1196 5172 1560 5227 infirmitatem
1585 5171 1840 5240 juvante,
1873 5181 1929 5225 ut
1949 5171 2015 5225 ad

432 5272 573 5325 hanc
594 5269 888 5324 Eeclesiam
912 5269 1237 5331 veniremus,
1264 5263 1566 5319 dilectionis
1587 5271 1643 5317 et
1666 5261 2016 5318 fraternitatis

431 5361 604 5431 gratia
634 5359 840 5413 invitati
863 5377 874 5410 :
900 5359 1039 5413 unde
1063 5372 1246 5428 qua:so
1269 5355 1585 5411 cbaritatem
1614 5362 1866 5417 vestram,
1890 5354 2013 5424 quia

430 5455 503 5508 ita
545 5448 871 5506 credendum
902 5457 1002 5511 est,
1035 5451 1157 5517 quia
1188 5456 1372 5502 noster
1413 5459 1659 5499 accessus
1690 5444 1752 5498 ad
1783 5459 1880 5497 vos
1919 5458 2016 5497 nec

427 5541 761 5614 superﬂuus,
810 5555 909 5594 nec
939 5538 1172 5592 insuavis
1202 5545 1285 5592 est
1326 5535 1569 5598 cunctis,
1622 5541 1681 5586 ut
1725 5547 2018 5587 consensus

429 5638 666 5690 omnium
699 5641 935 5686 vestrum
966 5628 1337 5682 manifestetur
1357 5623 1691 5680 concordare
1720 5624 2015 5691 complaci-

431 5729 500 5782 tis
565 5725 907 5779 decretorum
948 5736 1065 5790 qua:
1100 5718 1412 5788 jamdudum
1460 5715 1546 5769 vel
1586 5715 1640 5768 in
1682 5712 2016 5784 Hipponensi

427 5816 634 5891 synodo
660 5815 864 5869 lirmata
886 5821 1028 5878 sunt,
1053 5811 1136 5866 vel
1157 5807 1502 5878 postmodum
1532 5804 1756 5862 meliore
1785 5806 2014 5862 concilio

2126 3287 2418 3342 insinuavit
2438 3284 2606 3342 frater
2639 3291 2695 3339 et
2717 3283 3076 3340 consacerdos
3098 3291 3304 3352 noster,
3337 3291 3394 3343 ut
3423 3288 3701 3356 unusquis-

2119 3391 2228 3445 que
2249 3383 2492 3434 nostrum
2513 3373 2756 3438 ordinem
2777 3374 2878 3428 sibi
2897 3374 3172 3448 decretum
3196 3389 3226 3431 a
3248 3374 3359 3431 Deo
3385 3387 3694 3447 cognoscat,

2119 3475 2178 3525 et
2205 3466 2531 3538 posteriores
2561 3465 2919 3524 anterioribus
2947 3461 3220 3543 deferant,
3263 3481 3369 3526 nec.
3406 3467 3483 3537 eis
3510 3467 3697 3528 incon-

2121 3557 2274 3614 sultis
2295 3556 2496 3626 aliquid
2518 3570 2676 3626 agere
2691 3563 3045 3627 praesumant.
3061 3554 3174 3622 Qua
3191 3556 3258 3610 de
3279 3571 3338 3611 re
3363 3555 3508 3626 dico,
3534 3568 3697 3632 prout

2121 3655 2316 3718 captus
2337 3647 2502 3704 animi
2531 3647 2639 3702 mei
2683 3647 2899 3712 retinet,
2930 3660 3025 3700 eos
3049 3647 3139 3716 qui
3167 3647 3472 3720 putaverint
3499 3650 3695 3718 spretis

2118 3739 2415 3809 majoribus
2439 3738 2640 3807 aliquid
2667 3736 3124 3808 prtesumeudum,
3172 3747 3542 3807 competenter
3575 3755 3696 3796 esse

2120 3834 2188 3889 ab
2214 3834 2359 3890 omni
2398 3833 2626 3888 concilio
2669 3829 3019 3890 coercendos.
3068 3827 3368 3906 Xantippus
3414 3832 3698 3903 episcopus

2120 3924 2304 3994 prima:
2326 3922 2467 3978 sedis
2485 3921 2742 3976 Numidia:
2770 3920 2903 3996 dixit
2929 3939 2942 3972 :
2971 3920 3186 3975 Audivit
3206 3922 3439 3976 omnium
3469 3921 3694 3978 fratrum

2119 4014 2400 4084 pra:sentia
2457 4013 2892 4085 prosecutionem
2955 4009 3134 4068 fratris
3187 4021 3242 4082 et
3289 4011 3698 4069 consacerdotis

2121 4110 2290 4164 nostri
2338 4108 2540 4162 Aurelii
2573 4124 2585 4159 :
2623 4105 2754 4176 quid
2780 4105 2846 4159 ad
2873 4105 2989 4160 btee
3017 4104 3390 4176 respondent?
3437 4103 3698 4161 Datianus

2120 4200 2406 4269 episcopus
2446 4198 2583 4252 dixit
2615 4215 2628 4249 :
2661 4198 2789 4263 Qua:
2817 4197 3084 4265 majorum
3121 4195 3360 4256 decrevit
3404 4198 3697 4266 sententia,

2119 4297 2306 4344 nostro
2330 4288 2570 4343 assensui
2594 4287 3060 4356 mancipabuntur,
3086 4297 3143 4342 ut
3161 4302 3282 4356 qua:
3303 4288 3698 4361 praeteritorum

2119 4377 2471 4433 conciliorum
2493 4378 2657 4446 gestis
2683 4385 2934 4432 tenentur
2953 4376 3392 4446 Carthaginensis
3419 4377 3696 4448 Ecclesizr,

2119 4461 2303 4524 nostra
2335 4469 2650 4524 assensione
2676 4468 2832 4538 plene
2855 4467 2997 4538 apud
3025 4483 3212 4529 omnes
3240 4467 3447 4527 ﬁrmata
3475 4477 3702 4526 tenean-

2262 4558 2502 4615 Universi
2533 4560 2772 4630 episcopi
2800 4557 3052 4620 dixerunt
3081 4577 3094 4612 :
3122 4559 3221 4619 llic
3246 4561 3382 4620 ordo
3407 4568 3465 4616 et
3485 4576 3516 4616 a
3535 4564 3702 4632 patri-

2122 4653 2222 4707 bus
2251 4660 2306 4707 et
2334 4669 2362 4706 a
2394 4652 2686 4721 majoribus
2714 4659 2957 4707 servatus
2985 4661 3086 4717 est,
3111 4661 3166 4708 et
3207 4668 3238 4708 a
3267 4653 3422 4714 nobis
3449 4653 3561 4709 Deo
3581 4671 3704 4726 pro-

2121 4744 2256 4812 pitio
2275 4743 2604 4809 servabitur,
2649 4744 2798 4798 salvo
2825 4743 2988 4797 etiam
3011 4743 3132 4813 jure
3159 4745 3418 4814 primatus
3441 4744 3702 4804 Numidia-

2123 4843 2178 4887 et
2204 4833 2549 4887 Mauritanim.
3567 4861 3570 4864 ·

2411 4945 2485 5001 De
2512 4948 2719 5000 archiva
2747 4957 2796 5001 et
2817 4949 3091 5002 matricula
3129 4946 3413 5003 Numidiae.

2194 5039 2394 5094 Deinde
2424 5040 2626 5108 placuit
2646 5039 2898 5094 omnibus
2925 5039 3192 5108 episcopis
3215 5040 3305 5107 qui
3351 5041 3407 5103 in,
3435 5040 3536 5093 hoc
3563 5049 3702 5093 ροη-

2123 5130 2247 5185 cilio
2273 5129 2724 5200 subscripserunt,
2751 5137 2812 5183 ut
2839 5128 3118 5183 matrieula
3165 5135 3221 5182 et
3243 5128 3489 5183 areliivus
3508 5127 3701 5183 Numi-

2121 5222 2242 5290 dia:,
2274 5230 2327 5276 et
2365 5221 2504 5294 apud
2546 5223 2771 5291 primam
2801 5219 2983 5277 sedero
3023 5221 3120 5285 sit,
3152 5229 3207 5276 et
3236 5222 3286 5277 in
3316 5222 3620 5292 metropoli,
3648 5223 3704 5279 id

2120 5323 2203 5370 est
2230 5313 2600 5370 Constantina.
3327 5319 3370 5352 ut

2528 5425 2603 5480 De
2643 5424 2995 5490 Quodvultdeo
3022 5429 3277 5498 episc0po.

2192 5518 2438 5576 XXCV’ll.
2471 5518 2545 5574 De
2577 5517 2950 5586 Quodvultdeo
2986 5521 3145 5575 etiam
3173 5519 3532 5587 Centuriensi,
3562 5535 3706 5590 quo-

2120 5612 2261 5664 niam
2284 5611 2620 5666 adversarius
2641 5611 2825 5680 ipsius,
2850 5626 2969 5666 cum
2996 5626 3054 5666 se
3077 5612 3318 5682 petiisse:
3344 5613 3605 5667 introduci
3630 5612 3699 5664 ad

2119 5701 2406 5758 concilium
2435 5714 2696 5770 nostrmn,
2727 5703 3103 5772 interrogatus,
3136 5712 3312 5758 utrum
3345 5719 3464 5758 cum
3495 5719 3562 5756 eo
3595 5704 3704 5757 vel-

2119 5799 2192 5855 let
2215 5794 2354 5867 apud
2377 5796 2657 5865 episcopos
2682 5796 2931 5866 esperiri,
2957 5797 3127 5868 primo
3150 5798 3486 5868 promiserat,
3513 5804 3568 5850 et
3591 5796 3701 5848 alia
