3982 6196
327 196 440 252 239

325 392 535 462 placuit
557 402 808 457 omnibus
831 403 1129 473 episcopis,
1161 413 1218 458 ιιι
1247 406 1425 461 nullus
1457 408 1598 462 idem
1627 410 1925 476 Quodvult-

323 492 434 546 deo
464 493 845 560 communicet,
863 493 1052 549 donec
1079 510 1238 550 causa
1260 499 1395 566 ejus,
1426 499 1637 569 qualem
1662 503 1918 570 potuerit,

330 581 623 635 terminum
652 591 850 638 sumat.
907 583 1038 638 Nam
1069 585 1229 639 adimi
1257 588 1307 643 ei
1337 589 1725 660 episcopatum,
1773 601 1923 647 ante-

324 685 490 740 quam
532 687 712 727 eausa:
739 673 857 743 ejus
887 676 1062 730 exitus
1098 685 1417 746 appareret,
1463 680 1592 734 nulli
1619 679 1922 738 Christiano

327 762 496 817 videri
513 760 641 831 jure
673 765 959 834 potuisset.

767 875 850 930 De
873 877 1202 933 Maximiano
1222 880 1482 950 episcopo.

395 962 681 1020 XXCVlIl.
710 964 788 1022 De
818 966 1143 1022 Maximiano
1183 977 1364 1025 autem
1393 971 1702 1041 Bagaiensi,
1756 984 1812 1030 et
1849 977 1919 1032 ad

325 1070 446 1111 eum
466 1096 482 1121 ,
518 1064 575 1110 et
602 1057 667 1110 ad
699 1057 870 1126 ipsam
901 1058 1110 1127 plebem
1135 1060 1336 1129 placuit
1365 1061 1433 1118 de
1455 1065 1687 1119 concilio
1712 1065 1918 1121 litteras

318 1145 468 1211 dari,
505 1157 562 1201 ιιι
591 1156 649 1202 et
687 1149 804 1218 ipse
845 1149 914 1203 ab
943 1151 1258 1221 episcopatu
1287 1153 1562 1221 discedat,
1606 1165 1660 1212 et
1709 1157 1785 1211 illi
1815 1158 1916 1214 sibi

319 1243 489 1296 a!ium
517 1244 818 1312 requirant.

322 1345 395 1402 Ut
421 1350 672 1434 episcopi.
697 1353 783 1432 qui
809 1351 1139 1434 ordinantur,
1167 1355 1231 1408 ab
1261 1357 1646 1434 ordinatoribus
1675 1363 1782 1416 suis
1801 1365 1912 1434 epi-

360 1419 530 1472 stolas
559 1419 838 1490 accipiant,
892 1439 1006 1493 quia
1034 1419 1167 1477 diem
1195 1434 1243 1479 et
1269 1428 1531 1482 consulem
1556 1419 1864 1502 prwferani.

389 1527 626 1583 IXCIX.
655 1529 858 1586 Deinde
887 1532 1109 1602 placuit,
1143 1543 1201 1589 ut
1229 1538 1544 1606 quicunque
1561 1540 1815 1611 deinceps
1845 1543 1912 1599 ab

315 1619 592 1689 episcopis
621 1620 940 1677 ordinantur
967 1637 1064 1703 per
1096 1627 1403 1695 provincias
1443 1627 1737 1699 Africanas,
1771 1634 1912 1690 litte-

315 1724 405 1765 ras
429 1710 706 1781 accipiant
733 1713 801 1767 ab
822 1714 1224 1772 ordinatoribus
1249 1719 1362 1774 suis
1383 1735 1546 1775 manu
1573 1737 1760 1778 eorum
1789 1727 1908 1780 sub-

313 1799 546 1876 scriptas
569 1841 585 1867 ,
642 1793 984 1862 continentes
1009 1811 1287 1866 consulem
1325 1822 1380 1867 et
1411 1814 1554 1869 diem
1597 1833 1611 1869 :
1663 1825 1721 1872 ut
1755 1819 1908 1876 nulla

315 1865 605 1949 altercatio
663 1892 735 1950 de
771 1896 1164 1966 posterioribus
1211 1889 1306 1957 vel
1345 1904 1704 1965 anterioribus
1751 1909 1900 1964 oria«

315 1986 424 2037 tur.
1899 1999 1902 2004 ’

319 2091 394 2146 De
417 2094 499 2148 Iris
527 2097 618 2165 qui
648 2097 727 2152 re!
747 2101 905 2154 semel
932 2102 985 2155 in
1014 2101 1261 2160 Ecclesia’
1283 2107 1526 2177 legerint,
1561 2109 1624 2164 ab
1653 2111 1772 2169 aliis
1803 2091 1907 2170 non

877 2189 1026 2239 posse
1052 2177 1358 2244 promoveri.

387 2254 497 2310 XC.
526 2257 660 2313 Item
693 2260 912 2329 placuit,
941 2272 998 2318 ut
1033 2266 1335 2337 quicunque
1365 2269 1417 2324 in
1443 2269 1682 2328 Ecclesia
1706 2274 1789 2331 vel
1816 2290 1908 2332 se-

313 2350 421 2403 mel
451 2349 664 2418 legerit,
719 2353 785 2406 ab
815 2353 918 2407 alia
950 2353 1191 2411 Ecclesia
1234 2359 1300 2413 ad
1330 2360 1644 2418 clericatum
1688 2381 1794 2419 non
1823 2375 1906 2422 te-

314 2451 532 2494 neatur.
561 2438 629 2495 Et
653 2443 1127 2514 subscripserunt:
1153 2446 1402 2505 Aurelius
1426 2453 1709 2524 episcopus
1728 2453 1910 2512 Eccle-
1935 2501 1950 2516 .

312 2527 408 2585 site
437 2531 877 2602 Carthaginensis
917 2536 1041 2592 huic
1067 2538 1285 2597 decreto
1329 2545 1614 2610 consensi,
1665 2553 1721 2602 et
1762 2563 1903 2619 prte-

313 2617 462 2678 lecto
511 2624 824 2696 subscripsi.
879 2626 1138 2687 Similiter
1174 2639 1230 2688 et
1275 2638 1456 2693 caeteri
1505 2640 1744 2711 episcopi
1764 2617 1907 2699 sub-

312 2715 673 2783 scripserunt.
1205 2731 1211 2736 ‘
1441 2725 1448 2732 ’

314 2823 380 2880 In
412 2826 511 2881 hoc
533 2831 752 2912 concilio
765 2834 913 2913 .qttiti
929 2837 1128 2913 egerint
1175 2841 1402 2913 episcopi
1429 2845 1515 2913 qui
1545 2847 1620 2900 ad
1643 2857 1903 2913 transuta:

612 2902 728 2954 νίκα
757 2894 913 2974 ίέθαιὶ
942 2894 1127 2962 directi
1154 2894 1299 2977 su'nt,
1325 2894 1612 2971 intimatur.
1664 2894 1898 2922 I-"mm‘

384 2984 789 3044 Gloriosissimo
831 2992 1158 3064 imperatore
1200 2995 1506 3059 Theodosio
1563 3007 1804 3077 Augusto
1850 3018 1907 3066 et

313 3074 618 3135 Rumorido
639 3098 692 3135 v.
705 3097 752 3137 c.
771 3099 973 3151 conss.,
991 3102 1045 3142 ιιι
1062 3089 1165 3144 cal.
1189 3089 1540 3164 Septembris,
1558 3097 1902 3172 Carthagine,

310 3166 366 3221 in
388 3167 613 3225 basilica
639 3174 877 3241 regionis
905 3179 1321 3248 secundae,cum
1344 3184 1592 3244 Aurelius
1621 3166 1908 3265 episcopus

311 3257 366 3312 in
397 3260 693 3318 universali
733 3267 963 3322 concilio
990 3271 1342 3338 consedisset,
1396 3257 1697 3336 astantibus
1724 3257 1908 3339 diaco-

312 3349 416 3412 nis,
452 3349 701 3407 Aurelius
739 3355 1026 3427 episcopus
1054 3359 1187 3416 dixit
1220 3380 1233 3415 :
1266 3361 1529 3434 Exigente
1559 3371 1769 3427 ratione
1796 3372 1905 3428 fra-

314 3440 542 3495 ternitas
567 3451 744 3498 vestra
774 3460 803 3499 a
825 3462 946 3502 mea
968 3451 1229 3507 tenuitate
1249 3453 1315 3507 ad
1339 3455 1443 3511 hoc
1470 3459 1756 3514 concilium
1777 3477 1908 3517 cou-

313 3541 532 3600 gregata
563 3544 678 3601 est;
703 3535 1018 3605 jamdudum
1048 3542 1220 3609 enim,
1273 3545 1412 3600 sicut
1439 3557 1618 3603 vestra
1647 3553 1907 3609 sanctitas

312 3623 666 3693 recordatur,
689 3625 873 3683 habito
903 3631 1136 3687 concilio
1163 3633 1550 3692 destinavimus
1580 3640 1774 3698 fratres
1803 3659 1905 3699 no-

309 3721 456 3768 stros
483 3714 552 3769 ad
581 3719 942 3773 transmarina
974 3720 1198 3790 legatos,
1241 3739 1379 3794 quos
1407 3732 1648 3798 oportuit
1677 3732 1730 3786 in
1760 3743 1906 3792 cmtu
1937 3780 1942 3787 .

309 3807 615 3860 sanctitatis
646 3817 837 3864 vestra:
867 3811 1160 3881 perfunctze
1199 3817 1482 3886 legationis
1521 3838 1738 3878 cursum
1778 3842 1903 3881 nar-

309 3910 459 3961 rare;
489 3907 548 3952 et
590 3898 718 3954 licet
745 3900 998 3958 hesterno
1022 3903 1108 3959 die
1145 3906 1213 3962 de
1244 3906 1348 3964 hac
1393 3925 1455 3965 re
1502 3914 1904 3972 considentibus

311 3986 470 4042 nobis
499 3997 700 4058 prater
726 3999 875 4060 gesta
907 3995 1270 4052 ecclesiastica
1294 3998 1598 4072 diligentius
1623 4021 1743 4074 qua:
1785 4020 1904 4074 ges-

310 4078 501 4145 serint,
531 4089 891 4139 tractaremus
911 4127 924 4152 ,
967 4084 1129 4142 hodie
1164 4096 1344 4144 tamen
1375 4102 1591 4162 oportet
1615 4103 1902 4152 tractatum

309 4168 552 4225 hesterni
581 4171 693 4226 diei
719 4174 856 4229 actis
883 4176 1264 4234 ecclesiasticis
1289 4181 1614 4238 confirmari.

311 4278 391 4334 De
418 4283 677 4352 episcopis
711 4286 1094 4368 provinciarum
1117 4289 1338 4368 Africve,
1368 4294 1456 4362 qui
1480 4310 1585 4350 non
1624 4295 1901 4368 adfuerunt

845 4360 1092 4424 prwsenti
1123 4361 1364 4416 concilio.

379 4464 527 4524 Ordo
559 4468 744 4538 itaque
772 4485 951 4528 rerum
976 4471 1238 4542 deposcit,
1271 4483 1329 4530 nt
1352 4477 1597 4546 primitus
1617 4477 1686 4534 de
1723 4479 1903 4536 fratri-

309 4556 412 4612 bus
439 4559 644 4614 nostris
673 4567 730 4614 et
756 4562 1250 4632 consacerdotibus,
1279 4566 1370 4636 qui
1393 4566 1458 4620 ad
1480 4567 1585 4623 hoc
1613 4570 1899 4626 concilium

311 4649 394 4704 vel
417 4648 484 4704 de
514 4649 760 4720 Byzatio,
790 4652 876 4706 vel
898 4662 1045 4708 certe
1073 4654 1141 4710 de
1170 4655 1486 4712 Mauritania
1508 4671 1896 4728 convenerunt,

306 4751 639 4808 qua-ramus,
669 4743 1125 4810 quemadmodum
1154 4744 1279 4800 huic
1309 4747 1541 4803 concilio
1565 4749 1901 4807 decreverint

305 4830 593 4886 interesse.
608 4829 678 4884 Et
699 4829 1048 4888 oll'erentibus
1070 4833 1391 4906 Philulogio,
1412 4836 1604 4907 Gesta,
1620 4839 1902 4896 Venustia-

305 4938 400 4986 no.
429 4933 484 4978 et
510 4922 791 4979 Feliciano
821 4926 1090 4996 episcOpis
1115 4929 1406 4997 provinciae
1429 4930 1742 5002 Byzaccnm,
1764 4933 1903 5002 lega-

305 5015 472 5068 tionis
498 5015 731 5077 litteras.
755 5023 810 5070 et
838 5018 1110 5084 recitatis,
1137 5018 1486 5076 offerentibus
1513 5021 1676 5076 etiam
1708 5022 1900 5079 Lucia—

303 5119 404 5165 no,
425 5114 482 5158 et
509 5103 751 5176 Sylvano
779 5105 970 5175 legatis
993 5109 1284 5178 provincia:
1312 5109 1643 5168 Mauritania:
1681 5113 1900 5169 Sitifen-

299 5193 382 5247 sis
402 5193 689 5261 legationis
717 5195 956 5264 litteras,
976 5207 1031 5253 et
1051 5198 1310 5264 recitatis,
1334 5202 1582 5258 Aurelius
1609 5205 1897 5276 episcopus

300 5283 481 5372 dixit:
513 5283 721 5341 llorum
749 5287 1074 5357 scriptorum
1099 5297 1277 5345 textus
1297 5291 1588 5348 sociabitur
1614 5295 1801 5362 gestis.

751 5396 831 5452 De
858 5401 1108 5469 episcopis
1141 5399 1441 5471 Byzacenis.

377 5483 661 5539 Numidius
680 5486 970 5557 episcopus
987 5489 1151 5543 dixit:
1171 5489 1681 5556 Animadvertimus,
1703 5492 1896 5549 fratres

298 5589 362 5631 et
395 5577 749 5647 coepiscopos
777 5586 991 5634 nostros
1018 5579 1307 5650 Byzacena:
1332 5583 1640 5652 provinciae,
1664 5594 1720 5639 et
1745 5584 1891 5639 Mau-

297 5669 516 5726 ritania:
559 5668 825 5728 Sitifensis
870 5670 936 5728 ad
982 5673 1270 5746 concilium
1310 5675 1606 5734 destinasse
1639 5678 1886 5748 legatos:

1303 205 1523 262 CODEX
1563 208 1891 268 CANONUM
1929 212 2632 272 ECCLESlASTlCORUM.

217 321 240 344 ι
323 307 417 362 die
445 308 725 378 respondit
751 309 855 365 hoc
883 311 983 368 sibi
1011 329 1122 367 non
1153 314 1384 384 placere,
1434 327 1596 389 atque
1627 320 1875 376 discessit
1901 339 1914 375 :
1947 329 1995 384 Α
2021 338 2163 379 nunc
2188 339 2522 394 qumramus,
2569 336 2746 381 utrum
2776 328 2936 397 legati
2970 331 3228 390 Numidia:
3274 336 3606 404 advenerint,

3511 223 3609 283 210

2026 414 2110 468 vel
2139 423 2287 470 certe
2315 417 2606 486 provinciae
2636 416 3002 490 Tripolitanae,
3031 425 3110 478 vel
3141 424 3474 483 Mauritania:
3495 428 3601 484 Ca:-

2025 504 2299 560 sariensis.

2305 595 2382 651 De
2401 600 2650 670 episcopis
2666 599 3004 659 Mauritania:
3025 603 3310 676 Sitifensis.

2096 684 2364 744 Lucianus
2405 700 2460 743 et
2486 690 2751 761 Sylvanus
2803 695 3084 766 episcopi,
3127 697 3286 767 legati
3319 701 3609 769 provincite

2022 775 2353 833 Mauritania:
2376 781 2643 838 Sitifensis
2667 784 2919 840 dixerunt
2946 805 2958 841 :
2992 787 3126 843 Sero
3152 790 3218 843 ad
3247 790 3608 849 Cmsarienscs

2020 867 2215 924 fratres
2241 881 2458 928 nostros
2486 877 2741 931 tractoria
2769 879 2937 945 venit,
2989 896 3112 936 nam
3136 881 3246 950 jam
3271 893 3325 938 et
3355 885 3428 939 illi
3459 891 3606 943 veni-

2020 971 2179 1028 rent;
2232 975 2407 1019 tamen
2452 982 2675 1023 necesse
2724 977 2808 1025 est
2835 971 3075 1038 veniant,
3105 980 3166 1028 et
3190 972 3510 1032 confidimus
3538 979 3606 1034 de

2020 1055 2215 1110 animis
2243 1057 2453 1112 illorum
2476 1101 2494 1125 ,
2540 1059 2664 1128 quia
2690 1061 2734 1115 si
2763 1062 2888 1131 quid
2911 1063 2962 1118 in
2992 1065 3096 1118 hoc
3126 1065 3358 1121 concilio
3395 1078 3604 1136 gestum

2020 1142 2197 1211 fuerit,
2230 1155 2285 1200 et
2312 1145 2410 1217 ipsi
2439 1149 2554 1203 sine
2583 1149 2746 1204 dubio
2768 1167 2895 1207 suos
2927 1168 3221 1210 consensus
3251 1156 3598 1214 adbibebunt.

2478 1260 2558 1315 De
2578 1263 2830 1334 episcopis
2854 1262 3140 1319 Numidiae.

2088 1354 2318 1426 Alypius
2337 1355 2624 1427 episcopus
2644 1355 2904 1412 Ecclesiae
2927 1357 3269 1426 Tagastensis
3287 1360 3422 1415 dixit
3447 1381 3460 1414 :
3494 1362 3601 1418 Nos

2016 1443 2231 1514 quidem
2259 1443 2327 1499 de
2355 1444 2601 1500 Numidia
2639 1447 2909 1510 venimus,
2971 1461 3070 1516 ego
3115 1456 3170 1502 et
3203 1449 3375 1503 sancti
3404 1448 3601 1506 fratres

2015 1535 2343 1603 Augustinus
2371 1543 2425 1589 et
2443 1534 2738 1600 Possidius;
2756 1536 2850 1591 sed
2879 1536 3205 1592 deNuinidia
3228 1538 3425 1607 legatio
3457 1541 3599 1595 mitti

2015 1640 2120 1694 non
2153 1625 2347 1694 potuit,
2397 1625 2541 1693 quod
2569 1625 2746 1680 adhuc
2777 1626 3008 1682 tumultu
3038 1628 3269 1682 tironum
3294 1669 3308 1692 ,
3357 1630 3598 1701 episcopi

1939 1691 1987 1750 Β
2014 1691 2242 1785 propriis
2271 1691 2684 1770 necessitatibus
2713 1714 2767 1768 in
2815 1715 3121 1788 civitatibus
3156 1717 3266 1772 suis
3297 1727 3388 1771 aut
3430 1719 3601 1790 impe-

2011 1804 2128 1871 diti,
2161 1814 2254 1860 aut
2279 1806 2530 1878 occupati
2553 1815 2699 1862 sunt.
2722 1805 2856 1860 Nam
2878 1808 3039 1862 etiam
3066 1810 3376 1886 tractoriam
3399 1813 3598 1866 sancti—

2011 1896 2267 1956 tatistua:
2304 1912 2428 1952 cum
2459 1897 2528 1951 ad
2563 1905 2811 1954 sanctum
2853 1915 3040 1955 senem
3068 1899 3391 1973 Xantippnm
3421 1903 3598 1958 defer.

2009 2001 2144 2053 rem,
2195 1986 2247 2041 in
2272 1987 2524 2056 praesenti
2555 1997 2785 2043 tractatu
2809 1990 2914 2045 hoc
2944 1992 3115 2046 visum
3143 1991 3334 2056 fuerat,
3369 2002 3428 2048 ut
3463 2011 3596 2048 con-

2009 2079 2200 2139 cilium.
2233 2080 2586 2148 indiceretur,
2615 2081 2762 2151 quod
2788 2081 3055 2138 instructa
3091 2084 3290 2154 legatio
3321 2095 3502 2156 posset
3526 2088 3592 2154 ad

2007 2173 2116 2232 hoc
2143 2173 2428 2230 concilium
2457 2173 2740 2240 destinari;
2782 2173 2878 2231 sed
2904 2191 3027 2230 enm
3054 2191 3176 2231 eum
3202 2177 3592 2245 posterioribus

2009 2268 2201 2324 litteris
2227 2269 2575 2335 admonerem
2601 2269 2670 2325 de
2694 2269 3074 2341 impedimento
3106 2271 3336 2334 tironum
3351 2308 3384 2337 ,.~
3411 2280 3470 2326 ut
3496 2288 3592 2328 su.-

2007 2360 2189 2431 perius
2215 2359 2358 2425 dixi,
2403 2361 2684 2432 rescriptis
2722 2361 2951 2432 prepriis
2994 2362 3291 2419 excusavit.
3342 2361 3592 2418 Aurelius

2007 2452 2293 2523 episcopus
2317 2452 2454 2507 dixit
2485 2471 2508 2506 εν
2527 2452 2657 2508 Νοιιι
2675 2453 2894 2510 dubium
2920 2463 3024 2522 est,
3045 2453 3188 2522 quod
3217 2455 3456 2523 praedicti
3484 2452 3592 2508 fra-

2009 2548 2118 2596 tres
2137 2549 2191 2597 et
2221 2543 2525 2614 coepiscopi
2556 2543 2726 2599 nostri
2754 2543 3032 2609 Numidim,
3058 2559 3179 2600 cum
3207 2552 3356 2612 gesta
3379 2545 3594 2600 concilii

2007 2634 2336 2703 acceperint,
2366 2641 2422 2691 et
2447 2649 2578 2691 suos
2597 2633 2927 2690 adhibebunt
2953 2649 3266 2700 consensus,
3295 2642 3352 2690 et
3381 2637 3434 2688 in
3463 2634 3594 2690 ell‘e-

2008 2732 2157 2781 ctum
2181 2724 2448 2781 deducere
2475 2725 2842 2791 maturabunt,
2883 2739 3222 2794 qumounque
3249 2724 3302 2778 in
3330 2723 3588 2794 placitum

2008 2818 2289 2874 venerint:
2323 2835 2452 2874 cura
2479 2833 2608 2888 ergo
2638 2821 2790 2876 istius
2811 2820 2954 2876 sedis
2981 2820 3085 2876 hoc
3115 2821 3288 2890 ipsum
3320 2821 3484 2878 utcis
3508 2821 3590 2876 in,

2011 2906 2230 2963 timetur
2260 2923 2481 2964 necesse
2511 2918 2597 2965 est
2622 2910 2910 2980 provideri.

2417 3021 2496 3076 De
2523 3024 2775 3094 episcopis
2807 3023 3166 3095 Tripolitanis.

2080 3113 2156 3169 De
2187 3114 2535 3184 Tripolitanis
2574 3129 2703 3170 vero
2751 3115 3006 3170 fratribus
3052 3116 3251 3171 nostris
3300 3117 3405 3172 hoc
3441 3119 3590 3186 potui

2006 3203 2351 3271 condiscere,
2376 3205 2518 3274 quod
2542 3205 2824 3260 Dulcitium
2847 3206 3067 3262 fratrem
3088 3214 3330 3261 nostrum
3357 3207 3564 3262 destina
3580 3237 3594 3250 ο

2006 3295 2182 3349 verint
2209 3295 2472 3363 legatum;
2504 3295 2600 3350 sed
2626 3296 2751 3365 quia
2781 3311 2889 3351 non
2917 3297 3094 3367 potuit
3121 3311 3434 3364 occurrere,
3485 3299 3590 3354 hoc

2005 3394 2450 3440 asseveraverunt
2469 3383 2688 3454 quidam
2712 3384 2806 3439 filii
2829 3387 3000 3440 nostri
3019 3385 3296 3441 venientes
3321 3386 3387 3441 de
3406 3403 3594 3457 supra-

2004 3473 2148 3528 dicta
2173 3474 2473 3545 provincia,
2489 3475 2634 3546 quod
2660 3485 2990 3532 memoratus
3012 3477 3135 3532 navi
3159 3492 3218 3532 se
3238 3479 3592 3546 commiserit,

2005 3571 2061 3618 et
2085 3563 2412 3620 credendum
2441 3573 2524 3620 est
2550 3566 2816 3623 accidisse
2846 3568 3158 3624 nonnullam
3187 3568 3255 3623 de
3300 3577 3593 3640 tempesta-

2006 3655 2148 3710 tibus
2175 3670 2402 3722 moram,
2426 3671 2548 3724 qua:
2574 3657 2880 3712 retardaret
2907 3659 3025 3728 ejus
3054 3659 3342 3713 adventum
3372 3679 3383 3712 :
3410 3669 3592 3716 tamen

2005 3746 2170 3800 etiam
2197 3747 2344 3801 circa
2373 3747 2550 3817 ipsos,
2601 3748 2646 3804 si
2689 3749 2940 3804 charitati
2977 3759 3170 3804 vestrae
3217 3750 3433 3819 placet,
3477 3751 3592 3806 lucc

2003 3837 2175 3891 forma
2194 3839 2516 3906 servabitur,
2548 3847 2607 3893 ut
2628 3839 2824 3908 placita
2845 3839 2912 3894 ad
2937 3841 3156 3895 eosdem
3179 3842 3395 3895 concilii
3419 3850 3585 3898 trans-

2003 3924 2305 3982 mittantur.
2339 3925 2420 3980 Ab
2445 3927 2706 3982 universis
2744 3928 3015 3997 episcopis
3043 3930 3248 3984 dictum
3279 3939 3362 3986 est
3396 3948 3409 3985 :
3443 3931 3591 3997 Harc,

2003 4031 2124 4087 qua:
2145 4018 2334 4072 statuit
2361 4018 2624 4073 sanctitas
2644 4025 2760 4087 tua,
2790 4019 3040 4074 omnibus
3068 4021 3302 4090 placent.

2402 4130 2475 4184 De
2503 4131 2866 4186 conveniendis
2892 4130 3200 4188 Donatistis.

2076 4217 2207 4274 XCI.
2239 4219 2486 4275 Aurelius
2515 4220 2803 4292 episcopus
2829 4222 2994 4276 dixit:
3021 4223 3178 4289 Quod
3215 4223 3266 4278 in
3299 4233 3585 4282 tractaturi:

2007 4310 2155 4365 venit
2179 4310 2460 4366 cbaritatis
2490 4319 2704 4380 vestrae,
2737 4321 2868 4382 puto
2889 4313 2996 4368 hoc
3022 4314 3402 4372 ecclesiasticis
3425 4320 3590 4387 gestis

1929 4404 1981 4466 ι)
2005 4415 2123 4456 esse
2149 4399 2485 4455 ﬁrmandum.
2518 4399 2788 4458 Professio
2817 4403 2959 4458 enim
2999 4413 3177 4460 vestra
3215 4407 3451 4463 omnium
3482 4409 3590 4464 hoc

2004 4493 2357 4564 deprompsit,
2407 4492 2607 4550 debere
2633 4511 3068 4567 unumquemque
3096 4507 3338 4553 nostrum
3370 4502 3422 4555 in
3454 4502 3588 4556 eivi-
3675 4528 3682 4534 -

2006 4593 2115 4640 tate
2143 4600 2238 4639 sua
2281 4599 2379 4654 per
2417 4601 2476 4641 se
2504 4587 2794 4641 convenire
2823 4587 3217 4644 Donatistarum
3246 4593 3585 4662 prchositos,

2004 4685 2100 4732 aut
2126 4676 2418 4746 adjungere
2445 4679 2548 4732 sibi
2577 4679 2814 4734 vicinum
2841 4681 3122 4750 collegam,
3178 4692 3235 4736 ut
3264 4685 3465 4754 pariter
3492 4701 3588 4740 eos

2005 4770 2060 4823 in
2088 4767 2312 4836 singulis
2357 4769 2658 4838 quibusque
2683 4770 2995 4827 civitatibus
3021 4773 3106 4828 vel
3133 4773 3270 4830 locis
3294 4790 3392 4844 per
3413 4775 3584 4841 magi-

2001 4868 2203 4915 stratus
2229 4860 2312 4914 vel
2354 4861 2597 4917 seniores
2618 4862 2862 4918 locorum
2884 4867 3227 4920 conveniant.
3257 4865 3372 4920 lloc
3395 4867 3440 4920 si
3463 4882 3584 4921 om-

2001 4951 2156 5006 nibus
2175 4951 2375 5021 placet,
2400 4952 2662 5007 edicatur.
2687 4953 2769 5008 Ab
2800 4955 3060 5010 universis
3081 4957 3352 5026 episcopis
3376 4957 3580 5014 dictum

2001 5050 2086 5100 est
2128 5060 2140 5096 :
2183 5041 2441 5098 Omnibus
2471 5043 2674 5114 placet,
2723 5055 2779 5100 et
2815 5063 3003 5102 omnes
3046 5047 3148 5102 bac
3186 5048 3582 5119 subscriptione

2000 5142 2184 5189 nostra
2206 5132 2551 5190 ﬁrmavimus.
2581 5135 2817 5190 Petimus
2843 5138 3024 5202 etiam,
3057 5147 3114 5191 ut
3139 5138 3380 5208 epistolis
3405 5143 3471 5197 ad
3496 5143 3585 5213 iu.-

1999 5223 2152 5280 dices
2181 5223 2250 5278 de
2276 5225 2508 5280 concilio
2538 5225 2845 5289 mittendis,
2876 5242 2974 5295 pro
3002 5228 3251 5285 omnibus
3279 5231 3587 5290 subscribat

1999 5314 2260 5370 sanctitas
2297 5321 2408 5368 tua.
2459 5313 2708 5370 Aurelius
2752 5315 3041 5387 episCOpus
3068 5319 3246 5374 dixit:
3288 5321 3345 5377 Si
3377 5324 3587 5380 videtur

2001 5405 2251 5461 cbaritati
2275 5414 2486 5470 vestrse,
2513 5404 2679 5460 forma
2703 5409 3079 5466 conventionis
3097 5427 3282 5468 eorum
3305 5416 3586 5481 recitetur,

2002 5507 2062 5551 ut
2088 5497 2232 5551 hunc
2275 5506 2516 5551 tenerent
2550 5499 2947 5565 prosecutionis
2974 5519 3191 5568 omnes,
3218 5505 3262 5560 si
3294 5505 3583 5576 placuerit,

2001 5594 2300 5644 teneamus.
2335 5584 2413 5637 Ab
2443 5585 2710 5640 universis
2736 5589 3002 5662 episcopis
3029 5594 3227 5650 dictum
3257 5607 3339 5652 est
3369 5616 3382 5650 :
3420 5600 3580 5663 lteei-

1996 5685 2155 5734 tctur.
2193 5674 2369 5732 chtns
2403 5675 2644 5734 notarius
2672 5681 2939 5739 recitavit.
