3982 6196
705 410 898 468 Farina
926 412 1271 468 conventionis
1302 409 1731 466 Donatistarum.

509 514 663 580 XCII.
697 523 790 578 Ille
819 523 1102 593 episcopus
1126 520 1381 576 Esclesirc
1411 519 1554 575 illius
1584 519 1719 573 dixit
1749 538 1760 572 :
1794 517 1931 585 Quid
1952 518 2021 573 de

440 617 763 672 auctoritate
793 613 931 666 illius
973 612 1315 681 amplissima:
1345 609 1486 666 sedis
1532 610 2018 679 impetraverimus,

440 705 672 776 petimus
686 704 1003 773 gravitatem
1023 709 1260 756 vestram
1280 701 1601 765 recitare,~ct
1616 700 1780 770 gestis
1800 699 2020 767 innecti,

439 804 604 864 atque
631 802 690 848 ut
716 795 768 847 in
798 791 1049 847 eﬁ‘e‘ctum
1072 788 1267 847 deduci
1293 791 1545 860 jubeatis.
1572 790 1816 845 Recitata
1843 796 2023 844 autem

436 883 696 955 jussione,
729 893 893 953 atque
915 883 1053 937 actis
1082 882 1308 948 innexa,
1340 882 1429 936 ille
1454 880 1740 952 episcopus
1768 878 2023 935 Ecclesia:

440 978 585 1033 illius
611 978 745 1033 dixit
788 996 800 1031 :
845 976 986 1043 Quid
1025 989 1155 1044 ergo
1202 976 1358 1031 nobis
1403 975 1471 1031 de
1511 975 1739 1030 concilio
1769 973 2024 1030 Ecclesia:

439 1068 721 1124 catholica:
767 1066 1076 1121 mandatum
1119 1066 1189 1121 sit
1214 1065 1284 1120 ad
1325 1065 1631 1121 Donatistas
1668 1079 1766 1136 per
1790 1074 2025 1119 veStram

439 1162 759 1230 gravitatem
792 1160 1191 1231 perferendum,
1245 1157 1431 1214 audire
1452 1201 1467 1227 ,
1516 1165 1571 1214 et
1601 1158 1737 1213 actis
1766 1157 2023 1223 inserere,

440 1260 499 1309 et
524 1252 591 1308 ad
618 1267 714 1308 eos
757 1251 997 1323 perferre
1024 1251 1340 1320 dignemini,
1389 1263 1687 1321 eorumque
1708 1250 2025 1319 respOnsio-

444 1356 571 1399 nem
597 1359 783 1400 rursus
811 1343 952 1435 δι)υρ
990 1350 1114 1399 acta
1140 1349 1318 1398 vestra
1360 1343 1514 1398 nobis
1544 1342 1835 1396 insinuare.
1884 1338 2028 1395 Con-

441 1435 690 1491 venimus
710 1448 809 1490 vos
859 1431 933 1489 ex
967 1432 1183 1489 concilii
1212 1433 1383 1489 nostri
1413 1432 1679 1488 catholica
1707 1431 2031 1487 auctoritate

444 1527 615 1593 missi,
644 1527 710 1582 de
734 1535 915 1582 vestra
936 1526 1281 1596 correptione
1309 1524 1544 1595 gaudere
1573 1518 1870 1593 cupientes,
1901 1535 2032 1577 com

443 1618 745 1675 siderantes
770 1617 983 1673 Domini
1004 1618 1344 1684 charitatem,
1373 1615 1465 1686 qui
1489 1616 1660 1671 dixit:
1693 1612 1845 1669 Beati
1875 1614 2030 1684 paci-

444 1694 557 1775 ﬁci,-
603 1709 730 1780 quia
772 1709 874 1779 ipsi
903 1708 997 1763 ﬁlii
1027 1706 1119 1764 Dei
1148 1708 1509 1775 vocabuntur,
1539 1714 1595 1762 et
1623 1706 1907 1763 admonuit
1932 1719 2032 1777 per

443 1802 775 1874 Prophetam
796 1802 1034 1859 etiamin
1064 1800 1168 1866 his,
1196 1800 1287 1872 qui
1311 1802 1500 1857 dicunt
1516 1815 1575 1857 se
1601 1797 1796 1857 fratres
1814 1808 2031 1856 nostros

444 1908 556 1972 non
588 1908 709 1950 esse
733 1932 749 1957 ,
798 1891 982 1949 dicere
1030 1908 1129 1949 nos
1172 1891 1406 1956 debere,
1457 1889 1650 1946 fratres
1678 1892 1850 1947 nostri
1878 1890 2025 1947 estis.

444 1970 601 2039 Hanc
628 1996 757 2053 ergo
783 1982 1063 2053 paciﬁcam
1083 1998 1151 2038 ex
1179 1982 1441 2039 charitate
1460 1980 1767 2038 venientem
1790 1992 2033 2038 commo-

444 2074 708 2130 nitionem
749 2080 991 2129 nostram
1017 2077 1367 2127 contemnere
1414 2084 1523 2127 non
1567 2069 1779 2129 debetis
1823 2086 1838 2125 :
1887 2080 1947 2127 ut
1984 2070 2031 2129 si

445 2165 576 2235 quid
604 2164 1072 2219 veritatis‘habere
1100 2179 1197 2219 vos
1225 2163 1582 2231 arbitramini,
1628 2178 1739 2220 non
1777 2161 2033 2219 dubitetis

445 2264 713 2321 asserere,
744 2254 799 2309 id
827 2262 939 2323 est,
973 2258 1034 2309 ιιι
1060 2261 1390 2324 congregato
1415 2260 1597 2309 vestro
1624 2252 1858 2309 concilio
1895 2252 2031 2308 deli-

446 2346 590 2416 gatis
612 2361 683 2401 ex
718 2346 870 2400 vobis
893 2387 908 2412 ,
962 2345 1159 2415 quibus
1210 2358 1430 2399 causam
1475 2341 1794 2399 assertionis
1840 2351 2033 2398 vestrm

447 2437 804 2492 committatis
828 2452 841 2488 :
866 2442 926 2489 ut
951 2442 1007 2490 et
1027 2450 1127 2490 nos
1142 2434 1410 2504 possimus
1431 2435 1534 2490 hoc
1554 2434 1754 2499 facere,
1786 2442 1848 2488 ut
1866 2433 2032 2488 etiam

446 2528 524 2583 de
546 2535 734 2583 nostro
762 2526 998 2581 concilio
1039 2526 1346 2595 deligantur
1382 2526 1475 2594 qui
1505 2536 1626 2581 cum
1655 2524 1734 2581 eis
1772 2536 1909 2594 quos
1937 2523 2031 2579 de-
2094 2568 2099 2573 .

447 2620 706 2689 legentis,
730 2620 1048 2674 constituto
1077 2618 1197 2673 loco
1241 2627 1296 2673 et
1328 2625 1571 2688 tempore
1598 2617 1856 2688 quidquid
1884 2628 2033 2688 quieo

448 2711 641 2767 stionis
668 2717 753 2765 est
775 2713 919 2781 quod
940 2718 1175 2764 vestram
1199 2722 1230 2764 a
1258 2710 1414 2765 nobis
1453 2715 1669 2780 separat
1695 2710 2032 2765 communio-

451 2808 598 2865 nem,
629 2816 751 2856 cum
777 2812 908 2871 pace
936 2800 1242 2867 discutiant,
1268 2808 1325 2857 et
1353 2800 1568 2856 tandem
1599 2799 1907 2870 aliquando,
1936 2799 2033 2855 ade

444 2892 671 2961 iuvante
691 2891 919 2948 Domino
941 2890 1053 2945 Deo
1082 2900 1289 2955 nostro,
1338 2890 1499 2945 ﬁnem
1537 2899 1855 2946 veternosus
1879 2901 2033 2945 error

448 2981 708 3052 accipiat,
741 2995 809 3035 ne
830 2991 1053 3051 propter
1071 2975 1470 3035 animositatem
1499 2979 1777 3035 hominum
1807 2981 2033 3035 inﬁrmat

449 3074 675 3137 animae,
716 3082 770 3128 et
791 3074 962 3143 ignari
988 3073 1172 3144 populi
1200 3072 1460 3142 sacrilega
1490 3073 1823 3129 dissensione
1847 3074 2029 3143 dispe-

448 3175 626 3222 reant.
650 3165 707 3221 Si
726 3166 869 3220 enim
887 3166 990 3221 hoc
1019 3163 1254 3220 fraterne
1280 3165 1616 3234 acceperitis,
1648 3165 1847 3219 veritas
1878 3164 2031 3219 facile
2059 3137 2105 3201 Ο
2134 3128 2169 3189 1³

448 3259 773 3321 dilucescet;
800 3259 845 3313 si
867 3268 1045 3312 autem
1076 3259 1179 3313 hoc
1207 3256 1385 3312 facere
1407 3256 1708 3317 nolueritis.
1737 3254 2032 3309 diflidentia

448 3352 634 3405 vestra
661 3349 823 3405 facile
844 3350 1164 3405 innotescet.
1206 3349 1451 3418 Cumque
1488 3349 1715 3403 recitata
1741 3354 1913 3412 esset,
1965 3347 2033 3401 ab

455 3440 718 3494 universis
746 3439 1009 3509 episc0pis
1038 3439 1236 3494 dictum
1260 3440 1343 3492 est
1372 3457 1385 3491 :
1418 3430 1769 3508 Satis’placet,
1796 3438 1897 3492 hoc
1921 3437 2031 3491 liat.

456 3526 526 3584 Et
552 3530 1005 3599 subscripserunt.
1038 3530 1285 3584 Aurelius
1310 3530 1598 3598 epi5copus
1628 3527 1880 3583 Ecclesia:
1905 3526 2037 3581 Car-

456 3622 794 3689 thaginensis
822 3622 946 3677 huic
972 3622 1191 3677 decreto
1219 3623 1499 3685 consensi,
1539 3629 1595 3676 et
1622 3620 1876 3690 pnelecto
1905 3620 2033 3674 sub-

454 3715 677 3785 scripsi-
709 3714 967 3770 Similiter
996 3723 1052 3770 et
1089 3715 1267 3771 ceteri
1296 3715 1533 3785 episcopi
1580 3713 2031 3782 subscripserunt.

455 3826 509 3882 11
514 3840 587 3883 an:
613 3828 842 3899 synodus
872 3828 1116 3882 adversus
1140 3826 1445 3882 Donatistas
1469 3828 1778 3897 legationem
1802 3825 1870 3878 ad
1891 3826 2038 3895 prin-
2089 3839 2102 3851 '

1077 3901 1211 3969 cipe:
1239 3899 1435 3968 dirigit.

515 4010 918 4066 Gloriosissimo
938 4010 1262 4079 imperatore
1274 4006 1515 4062 Honorio
1530 4007 1768 4076 Augusto
1788 4022 1842 4061 vi
1856 4020 1997 4061 cons.
2017 4034 2035 4072 ο
2056 4030 2070 4049 ι

455 4119 529 4157 xn
551 4103 651 4157 cal.
670 4100 836 4155 Julius
856 4100 1193 4166 Carthagine,
1211 4100 1262 4152 in
1278 4098 1496 4153 basilica
1510 4097 1745 4167 regionis
1765 4096 2037 4152 secundat.

458 4196 516 4248 In
548 4195 652 4249 hoc
680 4193 912 4248 concilio
941 4191 1265 4259 IegatiOnem
1304 4199 1658 4258 susceperum
1693 4189 1955 4243 Theasius
1985 4196 2040 4243 et

459 4284 697 4340 Evodius
718 4290 906 4337 contra
931 4280 1260 4342 Denatistas,
1305 4279 1358 4332 in
1388 4294 1495 4348 quo
1524 4277 1755 4333 concilio
1778 4277 2036 4332 insertum

458 4382 544 4428 cst
563 4371 1034 4429 commonitorium
1056 4368 1200 4437 quod
1229 4369 1301 4422 ita
1330 4383 1391 4424 se
1416 4367 1679 4423 continet.

1731 288 2085 353 DIONYSIUS
2111 286 2424 353 EXIGUUSa

2048 416 2095 469 Α
2125 424 2230 479 que
2272 426 2370 481 per
2425 411 2745 482 imperitiam
2796 410 2880 466 vel
2929 411 3283 481 pertinaciam
3329 410 3707 466 resistentibus
3804 408 3805 413 “

3604 290 3709 354 ‘Zli

2122 500 2483 555 innotesceret
2509 519 2521 554 :
2550 500 2644 557 sed
2667 501 2789 569 quia
2812 498 3109 554 difﬁdentia
3137 500 3544 569 premebantur.
3560 500 3706 553 nihil

2123 605 2263 659 pene
2292 592 2406 646 ausi
2436 600 2562 646 sunt
2586 591 2933 661 respondere.
2972 589 3123 645 Unde
3150 590 3275 658 quia
3310 589 3587 658 impletum
3629 599 3707 643 est

2124 690 2247 748 erga
2280 697 2374 737 eos
2396 678 2702 750 episcopale
2732 694 2795 734 ac
2838 678 3126 749 paciﬁcum
3149 674 3405 743 ofﬁcium,
3434 686 3489 732 ct
3519 677 3592 730 illi
3616 678 3705 745 qui

2123 771 2340 826 veritati
2369 771 2697 842 respondere
2725 769 3104 840 nequiverunt,
3130 768 3197 822 ad
3220 768 3478 821 immanes
3505 766 3707 821 violcné

2123 861 2229 915 tias
2257 869 2383 915 sunt
2406 861 2653 915 conversi
2678 877 2692 925 ;
2718 860 2791 914 ita
2823 866 2881 913 ut
2910 859 3109 913 multos
3154 858 3437 927 episcopos
3477 855 3704 911 multos-

2123 967 2231 1021 que
2251 952 2476 1007 clericos
2504 952 2585 1021 (ut
2604 951 2672 1025 de
2694 950 2849 1005 laicis
2870 949 3165 1018 taceamus)
3197 947 3403 1004 insidiis
3425 956 3707 1017 oppresse-

2124 1046 2253 1112 rint,
2298 1044 2567 1101 Ecclesias
2596 1044 2758 1099 etiam
2790 1043 2994 1111 aliquas
3021 1040 3342 1103 invaserint,
3375 1039 3583 1109 aliquas
3621 1036 3706 1093 in-

2128 1137 2324 1191 vadere
2351 1137 2778 1207 pertentaverint
2821 1153 2833 1188 :
2885 1136 3119 1204 ipsorum
3145 1133 3256 1203 jam
3287 1132 3587 1186 clementiae
3625 1128 3710 1186 est

2128 1228 2430 1295 consulere,
2463 1237 2522 1282 ut
2549 1226 2789 1282 Ecclesia
2830 1226 3130 1293 catholica,
3171 1238 3293 1292 qua:
3322 1237 3418 1277 eos
3456 1220 3711 1291 religioso

2128 1329 2287 1375 utero
2328 1319 2382 1373 in
2424 1315 2645 1373 Christo
2690 1317 2912 1386 genuit,
2949 1322 3006 1370 et
3032 1314 3155 1369 ﬁdei
3184 1313 3436 1368 ﬁrmitate
3464 1311 3711 1376 nutrivit,

2129 1422 2319 1464 eorum
2358 1407 2521 1463 etiam
2549 1406 2931 1477 prospectione
2971 1403 3276 1467 muniatur,
3326 1411 3397 1456 ne
3436 1399 3713 1454 temerarii

2130 1497 2402 1563 homines,
2418 1496 2681 1565 religiosis
2706 1495 3060 1566 temporibus,
3085 1493 3329 1548 inﬁrmos
3355 1489 3585 1562 populos
3610 1492 3715 1544 tet-‘-

2130 1588 2300 1646 rendo
2342 1588 2672 1660 praevaleant
2714 1605 2729 1641 :
2768 1586 3026 1659 quoniam
3068 1582 3375 1640 seducendo
3419 1581 3716 1652 depravare

2134 1696 2243 1736 non
2264 1688 2523 1752 possunt.
2538 1679 2677 1735 Nota
2705 1687 2789 1735 est
2810 1678 2984 1744 enim,
3011 1684 3069 1732 et
3094 1678 3238 1744 saepe
3265 1672 3472 1742 legibus
3498 1670 3717 1727 concias

2060 1764 2107 1827 Β
2134 1782 2280 1829 mata
2309 1772 2815 1840 Circumcellionum
2845 1784 2953 1840 qua
2989 1768 3173 1823 furunt
3216 1762 3549 1820 detestabilis
3594 1776 3719 1816 ma-

2132 1868 2234 1918 nus
2276 1879 2291 1915 :
2335 1874 2455 1934 quae.
2502 1860 2666 1916 etiam
2713 1860 2956 1929 ipsorum
2996 1855 3520 1925 religiosissimorum
3549 1865 3719 1921 supra

2132 1950 2435 2021 principum
2454 1947 2827 2019 frequentibus
2845 1943 3213 2001 sanctiOnibus
3231 1940 3590 1999 condemnata
3610 1947 3718 2004 est,

2133 2039 2390 2095 adversus
2416 2044 2646 2108 quorum
2671 2034 2906 2091 furorem
2926 2034 3195 2105 possimus
3217 2045 3324 2086 non
3348 2027 3584 2091 insolita,
3617 2040 3721 2081 nec

2134 2145 2165 2186 a
2179 2128 2469 2200 Scripturis
2487 2126 2690 2183 sanctis
2708 2126 2885 2181 aliena
2905 2124 3196 2195 impetrare
3214 2119 3482 2192 praesidia,
3500 2115 3720 2196 quando

2133 2217 2411 2287 apostolus
2428 2212 2645 2283 Paulus,
2674 2214 2811 2271 sicut
2840 2212 2893 2268 in
2931 2210 3296 2282 apostolorum
3328 2206 3552 2263 Actibus
3582 2202 3714 2259 ﬁde-'-

2134 2306 2275 2362 libus
2302 2313 2487 2361 notum
2513 2312 2615 2368 est,
2638 2302 2985 2359 factiosorum
3010 2297 3467 2369 conspirationem
3496 2293 3721 2349 militari

2134 2398 2297 2453 etiam
2327 2397 2597 2454 submovit
2625 2394 2847 2450 auxilio.
2898 2390 3007 2447 Sed
3034 2405 3133 2446 nos
3160 2389 3291 2444 illud
3321 2386 3624 2457 poscimus,
3659 2390 3723 2437 ut

2133 2486 2416 2542 catholicis
2452 2483 2711 2540 Eccleslis
2750 2481 3002 2538 ordinum
3038 2494 3138 2549 per
3178 2478 3423 2534 civitates
3456 2472 3719 2541 singulas,

2134 2584 2191 2633 et
2233 2576 2534 2631 vicinorum
2564 2586 2900 2644 quorumque
2940 2583 3311 2641 possessorum
3360 2580 3458 2636 per
3502 2563 3722 2619 diversa

2134 2668 2252 2724 loca
2280 2668 2397 2723 sine
2424 2667 2534 2721 ulla
2554 2663 2981 2721 dissimulatione
3012 2660 3170 2715 tuitio
3197 2658 3519 2729 praebeatur.
3542 2644 3722 2708 Simul

2135 2762 2300 2818 etiam
2343 2758 2636 2831 petendum
2689 2765 2751 2811 ut
2795 2756 2941 2810 illam
2987 2754 3158 2821 legem
3212 2764 3332 2819 quae
3377 2764 3409 2802 a
3449 2745 3721 2814 religiosas

2134 2853 2409 2909 memoriae
2438 2866 2625 2906 eorum
2654 2856 2809 2919 patre
2846 2843 3155 2901 Theodosio
3185 2840 3253 2896 de
3282 2838 3395 2894 auri
3426 2837 3576 2892 libris
3619 2834 3722 2889 de-

2135 2956 2255 3000 cem
2301 2943 2355 2997 in
2397 2939 2738 2998 ordinatores
2780 2936 2870 2992 vel
2918 2934 3196 2991 ordinatos
3255 2930 3573 2994 haereticos,
3615 2938 3721 2983 seu

2137 3034 2299 3089 etiam
2344 3033 2396 3087 in
2426 3044 2784 3102 possessores,
2818 3026 2908 3082 ubi
2933 3040 3120 3081 eorum
3148 3021 3494 3091 congregatio
3515 3018 3720 3088 depre-

2176 3125 2390 3182 enditur
2412 3163 2429 3189 ,
2477 3121 2812 3194 promulgata
2841 3126 2961 3182 est,
3006 3118 3078 3171 ita
3117 3115 3372 3182 deinceps
3409 3109 3723 3167 confirmari

2137 3215 2449 3289 prmeipiant
2481 3232 2494 3267 :
2527 3222 2585 3267 ut
2622 3213 2674 3266 in
2705 3226 2799 3266 eos
2827 3209 3038 3275 valeat,
3085 3213 3273 3262 contra
3320 3218 3456 3274 quos
3495 3208 3725 3271 propter

2135 3316 2321 3363 eorum
2366 3303 2582 3360 insidias
2629 3300 2879 3358 catholici
2936 3297 3215 3368 provocati
3264 3294 3725 3351 contestationem

2134 3396 2500 3469 deposuerint,
2535 3402 2593 3449 ut
2618 3395 2720 3448 hoc
2755 3392 2946 3445 saltem
2977 3398 3185 3443 terrore
3212 3402 3241 3439 a
3268 3384 3608 3440 schismatica
3631 3380 3725 3437 vel

2136 3489 2389 3545 haeretica
2442 3484 2706 3556 pravitate
2762 3481 3064 3545 desistant,
3130 3478 3219 3545 qui
3284 3472 3725 3529 consideratione

2136 3580 2322 3636 aeterni
2373 3575 2620 3646 supplicii
2678 3570 2949 3628 emendari
3004 3567 3307 3636 corrigique
3358 3563 3721 3618 dissimulant.

2138 3669 2437 3727 Petendum
2465 3668 2626 3722 etiam
2657 3672 2715 3719 ut
2751 3664 2842 3719 lex
2871 3676 2989 3731 quia
3028 3658 3295 3714 haereticis
3336 3657 3424 3712 vel
3448 3671 3515 3710 ex
3543 3655 3720 3709 dona-

2138 3762 2377 3817 tionibus
2415 3760 2500 3813 vel
2541 3773 2610 3813 ex
2658 3752 2993 3810 testamentis
3014 3751 3215 3821 aliquid
3241 3747 3488 3820 capiendi
3515 3746 3603 3800 vel
3632 3760 3725 3799 res

2136 3851 2411 3924 linquendi
2439 3851 2668 3918 denegat
2696 3846 3025 3911 facultatem,
3062 3844 3129 3898 ab
3152 3857 3336 3898 eorum
3360 3854 3575 3910 quoque
3602 3839 3727 3908 pie-

2142 3955 2253 4000 tate
2283 3947 2542 3999 hactenus
2588 3947 2899 4010 repetatur,
2931 3946 2990 3992 ut
3019 3938 3096 3993 eis
3124 3933 3458 4004 relinquendi
3497 3932 3581 3987 vel
3624 3947 3729 3987 su—

2140 4036 2323 4091 mendi
2346 4035 2435 4104 jus
2463 4033 2696 4097 adimat,
2726 4030 2817 4099 qui
2846 4027 3158 4098 pertinaciae
3200 4025 3383 4080 furore
3431 4022 3617 4079 caecati
3670 4023 3728 4076 in

2141 4129 2540 4184 Donatistarum
2561 4141 2745 4181 errore
2766 4137 3114 4194 perseverare
3136 4121 3423 4175 voluerint.
3450 4117 3729 4173 Caeterum

2141 4217 2245 4273 illis
2282 4218 2375 4288 qui
2423 4214 2857 4272 consideratione
2902 4212 3122 4266 unitatis
3157 4218 3213 4264 et
3265 4210 3414 4279 pacis
3454 4222 3514 4262 se
3548 4207 3730 4262 corri-

2142 4321 2268 4376 gere
2287 4305 2572 4369 voluerint,
2588 4304 2788 4372 absque
2814 4302 3098 4356 interdicto
3118 4299 3275 4368 hujus
3296 4299 3428 4367 legis
3448 4296 3732 4367 capiendae

2143 4396 2469 4451 hacreditatis
2497 4394 2673 4448 aditus
2711 4396 2924 4462 pateat,
2976 4390 3187 4446 etiamsi
3228 4389 3403 4443 adhuc
3443 4389 3496 4442 in
3537 4402 3733 4443 errore

462 4484 629 4551 Quale
654 4485 1094 4540 Commonimrfum
1124 4489 1427 4567 acceperunt
1467 4480 1624 4552 legati
1652 4490 1832 4535 contra
1856 4478 2036 4536 Dona-
2068 4500 2124 4567 Β
2148 4489 2399 4544 Ιιωιιειίθο
2427 4484 2731 4542 constitutis
2760 4482 2961 4553 aliquid
2987 4490 3112 4536 ante
3160 4478 3470 4535 donationis
3497 4478 3584 4532 vel
3612 4478 3734 4533 ba:-

1161 4555 1331 4606 tistas.

530 4662 711 4723 XCIII.
759 4664 1242 4720 Communitorium
1271 4661 1525 4716 fratribus
1554 4658 1788 4714 Theasio
1818 4668 1873 4714 et
1901 4658 2043 4713 Evo-

458 4762 574 4829 dio,
604 4759 792 4827 legatis
814 4772 880 4812 ex
908 4752 1318 4823 Carthaginensi
1345 4750 1577 4807 concilio
1617 4748 1685 4804 ad
1712 4749 2039 4819 gloriosissi-

460 4866 579 4908 mos
601 4848 1140 4919 religiosissimosque
1167 4844 1437 4915 principes
1460 4841 1655 4906 missis,
1682 4856 1805 4896 cum
1827 4840 2039 4895 Domini

459 4945 663 5002 auxilio
697 4940 966 5013 piissimos
995 4940 1353 5009 imperatores
1381 4934 1611 4989 adierint
1632 4971 1648 4998 ,
1697 4939 1759 4986 ut
1800 4931 1881 4987 eis
1902 4931 2036 4987 insi-

461 5048 647 5095 uuent.

533 5122 995 5193 Quemadmodum
1022 5122 1181 5191 plena
1208 5114 1403 5171 ﬁducia
1424 5113 1715 5170 secundum
1751 5112 2045 5182 superioris

464 5217 590 5271 nnni
612 5217 900 5270 concilium
930 5212 1327 5269 Donatistarum
1356 5204 1631 5277 praepositi
1660 5202 1795 5259 actis
1816 5203 2044 5258 munici-

466 5305 676 5377 palibus
702 5314 833 5358 sunt
852 5302 1125 5367 conventi,
1159 5309 1219 5355 ut
1246 5299 1288 5355 si
1318 5296 1639 5353 eonﬁderint
1686 5294 1754 5349 de
1783 5294 2040 5351 assertio-

466 5398 623 5454 nibus
650 5395 792 5461 suis,
821 5394 1007 5449 eiectis
1029 5408 1098 5448 ex
1126 5407 1226 5447 suo
1268 5401 1493 5445 numero
1520 5385 1787 5455 aliquibus
1815 5384 2042 5451 idoneis,

470 5487 745 5543 nobiscum
776 5485 1001 5556 pacillce
1029 5482 1357 5550 conferrent,
1378 5486 1434 5534 et
1454 5476 1865 5533 mansuetudine
1890 5476 2047 5531 Chri-

466 5583 670 5641 stiana.
712 5580 757 5634 si
796 5577 923 5647 quid
964 5576 1205 5631 veritatis
1235 5578 1514 5635 tenerent,
1565 5584 1673 5624 non
1714 5569 2048 5637 ambigerem

468 5675 870 5735 demonstrare,
902 5684 1010 5739 quo
1040 5670 1116 5725 ita
1139 5666 1422 5722 sinceritas
1446 5659 1735 5723 catholica,
1779 5674 1900 5728 qute
1935 5661 2046 5730 jam

471 5769 676 5839 pridem
706 5766 1075 5839 superioribus
1113 5760 1441 5834 temporibus
1472 5757 1698 5823 claruit,
1729 5771 1871 5812 nunc
1908 5774 2045 5829 quo-

2147 4579 2389 4635 reditatis
2417 4574 2634 4632 obvenit
2664 4592 2677 4627 :
2708 4574 2793 4627 his
2822 4588 2952 4628 sane
2980 4572 3249 4642 exceptis,
3281 4570 3373 4640 qui
3404 4570 3498 4624 lite
3527 4568 3736 4638 pulsati

2149 4668 2453 4739 putaverint
2480 4666 2546 4719 ad
2584 4664 2903 4720 catholicam
2936 4662 3337 4725 transeundum,
3370 4662 3495 4729 quia
3517 4659 3583 4714 de
3606 4658 3739 4711 tali-

2146 4760 2248 4815 bus
2281 4756 2533 4812 credibile
2562 4762 2675 4817 est,
2719 4769 2824 4807 non
2856 4761 3002 4807 metu
3033 4751 3266 4807 ccclesiis
3307 4749 3495 4817 judicii
3550 4748 3739 4818 potius

2146 4862 2309 4921 quam
2357 4844 2557 4901 terreni
2594 4843 2861 4899 commodi
2905 4842 3159 4896 aviditate
3188 4842 3447 4895 unitatem
3498 4836 3737 4893 catholi-

2146 4956 2264 4997 cam
2294 4945 2640 5010 praeoptasse.
2674 4935 2754 4989 Ad
2783 4935 2898 4989 haec
2925 4942 3103 4988 autem
3124 4934 3304 4987 omnia
3325 4928 3571 5001 prresidio
3594 4944 3740 4998 opus

2145 5039 2227 5086 est
2273 5034 2604 5100 potestatum
2654 5036 2870 5080 suarum
2919 5034 3255 5092 quarumque
3307 5017 3740 5090 provinciarum,

2144 5138 2277 5178 sane
2305 5132 2403 5192 pro
2432 5116 2747 5172 utilitatibus
2774 5112 3052 5180 Ecclesiae,
3084 5110 3343 5182 quidquid
3370 5106 3744 5163 intellexerint

2144 5214 2435 5286 prodesse,
2475 5207 2667 5278 agendi
2706 5213 2761 5261 et
2802 5201 3102 5273 imperandi
3132 5194 3356 5256 liberam
3394 5196 3743 5253 decernimus

2142 5305 2488 5375 legationem.
2528 5297 2661 5353 Illud
2704 5302 2964 5368 praeterea
3006 5292 3215 5349 cunctis
3238 5290 3395 5346 nobis
3428 5286 3651 5359 placuit,
3677 5293 3747 5341 ut

2144 5398 2338 5452 littera:
2362 5391 2429 5448 de
2460 5399 2602 5447 ccetu
2631 5395 2818 5443 nostro
2857 5385 2923 5440 ad
2947 5383 3362 5453 gloriosissimos
3382 5382 3748 5449 imperatores

2145 5496 2203 5543 et
2230 5482 2680 5541 eminentissimas
2706 5482 3007 5548 potestates
3032 5474 3334 5544 dirigantur
3372 5488 3385 5523 :
3417 5469 3613 5539 quibus
3652 5466 3748 5520 in-

2144 5582 2421 5632 struantur
2454 5571 2691 5627 omnium
2720 5580 2987 5622 consensu
3016 5563 3084 5618 ad
3110 5562 3484 5619 beatissimum
3511 5557 3749 5614 comitas

2149 5676 2263 5721 tum
2292 5665 2501 5731 legatos
2528 5677 2558 5714 a
2594 5658 2748 5714 nobis
2774 5670 2896 5710 esse
2925 5655 3180 5710 directos.
3228 5653 3337 5709 Sed
3381 5652 3508 5723 quia
3548 5648 3749 5705 iisdem

2152 5759 2344 5817 litteris
2374 5757 2438 5811 ab
2481 5752 2728 5813 omnibus
2770 5749 3033 5807 subscribi
3066 5747 3429 5805 tardissimum
3472 5754 3550 5801 est
3574 5783 3589 5809 ,
3636 5742 3747 5797 nisi
