3982 6196
303 235 423 292 9.ιὸ

1280 234 1502 297 ΟΟῡΕΧ
1540 242 1865 300 CANUNUM
1905 245 2598 307 ECCLESIASTICORUM.

3480 260 3583 318 2M

299 347 653 416 singulorum
682 348 1161 419 subscriptionibus
1180 352 1380 406 eaedem
1404 353 1642 421 epistolae
1671 370 1900 409 oneren—
1935 363 1974 418 Α
2004 360 2368 417 anniversaria
2399 367 2712 427 necessitas,
2767 367 2861 421 sed
2908 372 3121 441 quoties
3159 375 3393 444 exegerit
3423 391 3579 430 causa

302 445 435 501 tur,
465 439 709 507 petimus,
760 436 926 493 frater
964 438 1180 507 Aureli,
1224 449 1281 494 ut
1319 441 1508 497 iisdem
1552 453 1640 497 tua
1672 445 1905 499 Charitas

303 538 513 599 nostro
541 529 777 582 omnium
800 530 1017 584 nomine
1040 531 1374 586 Sttbscribere
1404 533 1669 603 dignetur,
1702 545 1757 590 et
1786 538 1907 591 sub-

305 620 671 689 scripserunt.
722 618 971 673 Aurelius
1012 621 1295 690 episcopus
1333 620 1583 677 Ecclesiae
1623 622 1904 692 Carthagi~

308 711 533 778 neusis,
565 710 685 765 huic
709 710 929 765 decreto
958 710 1235 774 consensi,
1267 719 1323 766 et
1349 712 1642 781 subscripsi
1676 731 1688 766 :
1720 714 1905 768 simili-

311 813 414 857 ter
443 812 496 857 et
530 801 707 856 caeteri
736 800 975 869 episc0pi
1002 799 1450 870 subscripserunt.
1497 801 1712 856 Litterae
1740 804 1900 871 etiam

310 893 392 947 ad
423 891 628 961 judices
652 890 925 945 mittenda:
953 898 1097 955 sunt,
1139 898 1196 944 ut
1220 889 1393 946 donec
1419 889 1673 947 Dominus
1701 892 1906 960 legatos

310 984 392 1039 ad
439 998 542 1039 nos
567 982 740 1038 redire
766 982 1064 1051 permittat,
1091 982 1370 1038 tuitionem
1399 998 1496 1053 per
1522 985 1740 1041 ordines
1778 986 1905 1042 civi-

310 1088 525 1145 tatum,
556 1084 609 1133 et
645 1090 983 1146 possessores
1012 1075 1331 1146 praediorum
1361 1075 1610 1132 Ecclesiae
1631 1079 1909 1134 catholicae

312 1168 660 1237 impertiant.
691 1165 1097 1235 Adjungendum
1126 1166 1289 1221 etiam
1329 1166 1397 1222 de
1435 1166 1671 1236 Equitio,
1716 1164 1909 1225 utim-

312 1259 576 1328 probitas
602 1257 735 1326 ejus,
767 1273 872 1326 qua
901 1256 1001 1311 sibi
1034 1255 1121 1325 jus
1148 1257 1488 1314 sacerdotum
1515 1260 1908 1331 improbissime

312 1350 600 1413 vindicat,
637 1349 703 1403 ab
730 1348 1059 1419 Hipponensi
1101 1348 1434 1404 Diaretorum
1458 1350 1672 1407 dimcesi
1720 1370 1910 1408 secun-

314 1440 466 1499 dum
492 1445 687 1493 statuta
712 1436 1055 1506 imperatoria
1080 1438 1390 1507 repellatur.
1416 1437 1631 1495 Litterae
1660 1443 1819 1498 etiam
1843 1443 1911 1497 ad

314 1520 648 1600 episcopum
688 1525 943 1582 Romamn
984 1526 1236 1583 Ecclesiae
1263 1530 1728 1585 commendatione
1767 1532 1910 1601 lega-

318 1628 518 1675 torum
542 1617 810 1674 mittendae
836 1626 992 1685 sunt,
1024 1618 1108 1674 vel
1145 1620 1212 1673 ad
1242 1621 1393 1687 alios,
1427 1623 1517 1677 ubi
1547 1620 1706 1678 fuerit
1744 1625 1911 1695 impe-

315 1715 529 1772 rator,
571 1717 627 1764 et
664 1706 1112 1777 subscripserunt.
1160 1707 1294 1765 Item
1343 1710 1590 1767 Aurelius
1631 1713 1911 1785 episcopus
1945 1734 1985 1791 Β

320 1796 594 1852 Ecclesiae
620 1795 1055 1866 Carthaginensis
1094 1797 1219 1853 huic
1263 1798 1483 1854 decreto
1531 1803 1806 1869 consensi,
1859 1813 1913 1858 et

318 1888 595 1959 praelecto
620 1886 927 1958 subscripsi.
952 1886 1213 1943 Similiter
1237 1896 1291 1944 et
1313 1890 1493 1944 caeteri
1521 1890 1758 1961 episcopi
1795 1882 1914 1947 sub-

320 1977 687 2047 scripserunt.

323 2085 404 2144 In
429 2089 534 2141 hac
559 2087 752 2158 synodo
786 2102 899 2158 qua:
945 2093 1137 2140 statuta
1181 2098 1300 2141 sunt
1340 2087 1503 2143 brevis
1544 2090 1775 2145 declarat
1813 2092 1910 2145 ad-

1036 2172 1216 2211 nexus.

402 2268 669 2323 Stilicone
691 2268 882 2321 iterum
923 2276 979 2321 et
1004 2266 1285 2323 Arthemio
1312 2284 1398 2325 vv.
1426 2283 1509 2325 cc.
1535 2286 1715 2328 conss.
1746 2289 1782 2327 ι
1811 2272 1910 2329 cal.

322 2360 672 2431 Septembris
691 2360 1013 2429 Carthagine
1037 2362 1091 2417 in
1129 2363 1350 2420 basilica
1380 2368 1615 2441 regionis
1642 2369 1908 2425 secundae.

326 2452 510 2521 Hujus
534 2454 743 2508 concilii
768 2463 918 2523 gesta
961 2455 1085 2513 ideo
1113 2474 1221 2514 non
1253 2474 1322 2515 ex
1356 2460 1567 2531 integro
1613 2461 1911 2533 descripsi,

320 2542 594 2611 quoniam
642 2542 807 2612 magis
831 2558 894 2599 ea
923 2559 1043 2614 quae
1080 2546 1134 2603 in
1181 2554 1424 2620 tempore
1471 2552 1771 2606 necessaria
1800 2551 1915 2611 fue-

322 2640 485 2699 runt,
515 2647 671 2703 quam
700 2634 874 2703 aliqua
916 2637 1205 2705 generalia,
1237 2639 1528 2694 constituta
1556 2650 1699 2707 sunt,
1731 2641 1824 2697 sed
1847 2642 1916 2696 ad

322 2722 745 2779 instructionem
772 2724 1136 2783 studiosorum
1166 2728 1407 2800 ejusdem
1437 2732 1650 2804 concilii
1698 2732 1914 2789 brevem

321 2812 558 2884 digessi.
891 2853 919 2874 .

506 2946 513 2947 ί
760 2948 773 2959 ο
881 2925 1053 2981 Brevis
1076 2945 1367 2985 causarum.

396 3029 593 3091 XCIV.
626 3033 694 3089 Ut
721 3035 888 3091 libera
928 3037 1123 3106 legatio
1164 3040 1233 3096 ab
1258 3042 1506 3098 omnibus
1534 3045 1819 3114 provinciis
1846 3044 1915 3105 ad

320 3125 628 3182 concilium
654 3126 933 3197 dirigatur,
986 3129 1053 3184 ad
1078 3129 1365 3187 Mizonium
1392 3132 1571 3201 legati,
1620 3142 1676 3190 et
1702 3136 1914 3203 litterae,

322 3222 561 3286 propter
618 3214 840 3271 liberam
886 3216 1215 3286 dirigendam
1264 3221 1585 3291 legationem
1647 3225 1915 3285 destinare

324 3312 621 3373 praeceptae
666 3314 911 3361 suntzut
940 3308 1062 3377 quia
1107 3310 1247 3379 apud
1289 3312 1667 3382 Carthaginem
1709 3324 1913 3375 tantum

323 3398 515 3451 unitas
539 3395 681 3450 facta
710 3405 810 3462 est,
842 3398 1035 3452 dentur
1064 3401 1225 3455 etiam
1270 3403 1464 3458 littera:
1492 3405 1556 3458 ad
1579 3405 1822 3473 judices:
1858 3416 1916 3469 ut

324 3496 385 3541 et
435 3485 561 3540 aliis
610 3487 896 3555 provinciis
944 3498 999 3542 et
1047 3490 1352 3547 civitatibus
1414 3508 1633 3563 operam
1682 3495 1915 3563 impendi

323 3574 555 3643 jubeant
582 3576 792 3641 unitati,
841 3586 897 3631 et
936 3580 1223 3647 gratiarum
1262 3583 1504 3638 actiones
1544 3584 1610 3637 de
1639 3584 1915 3655 Carthagi-

324 3664 487 3718 neusi
511 3662 750 3725 Ecclesia
775 3680 873 3734 pro
896 3667 1141 3723 universa
1172 3668 1347 3725 Africa
1377 3670 1443 3725 de
1472 3673 1781 3728 exclusione
1809 3673 1914 3752 Do:

326 3753 652 3807 natistarum
687 3768 809 3809 cum
846 3756 1219 3828 episcoporum
1269 3761 1461 3816 litteris
1506 3762 1573 3817 ad
1601 3764 1911 3821 comitatum

327 3845 633 3897 mittantur.
669 3843 923 3902 Recitata:
962 3848 1149 3903 litterae
1172 3867 1323 3920 papae
1360 3851 1681 3922 Innocentii,
1715 3866 1773 3909 ut
1801 3858 1914 3928 epi-

324 3933 481 4001 scOpi
524 3934 595 3987 ad
639 3938 995 3991 transmarina
1042 3954 1265 4010 pergere
1304 3942 1459 3997 facile
1504 3961 1612 3999 non
1660 3946 1908 4011 debeant,

325 4024 477 4093 quod
505 4025 613 4079 hoc
641 4025 813 4095 ipsum
835 4028 1208 4098 episcoporum
1234 4033 1514 4087 sententiis
1534 4036 1907 4091 confirmatur:

330 4119 390 4166 ut
414 4122 641 4183 propter
667 4115 959 4183 gratiarum
1005 4120 1269 4175 actionem
1311 4130 1369 4176 et
1415 4125 1774 4179 exclusionem
1802 4126 1910 4182 Do-

328 4204 653 4257 natistarum
696 4204 801 4259 duo
847 4206 1029 4264 clerici
1070 4208 1324 4267 Ecclesia:
1369 4211 1803 4285 Carthaginensis
1844 4218 1921 4272 ad

327 4293 645 4347 comitatum
676 4294 976 4357 mittantur.

326 4398 397 4455 In
416 4402 513 4456 hoc
532 4404 754 4459 concilio
772 4406 1006 4476 quaedam
1027 4408 1091 4490 tle
1109 4412 1400 4490 constitutis
1427 4416 1777 4485 superioribus
1800 4436 1908 4475 cor-

364 4524 377 4533 .
512 4526 517 4529 .
994 4488 1251 4550 rigantur.

392 4561 811 4620 Gloriosissimis
836 4565 1249 4635 imperatoribus
1273 4553 1513 4629 Ilonorio
1539 4590 1608 4629 vn
1649 4586 1705 4630 et
1726 4576 1903 4635 Theo-

326 4651 482 4707 dosio
506 4669 547 4708 ιι
578 4654 769 4708 iterum
801 4654 1055 4723 Augustis
1094 4672 1273 4713 conss.
1316 4660 1431 4715 idus
1457 4660 1641 4719 Junias
1675 4664 1903 4721 Cartha-

326 4740 483 4808 gine,‘
517 4741 574 4794 in
621 4740 842 4796 basilica
883 4744 1119 4812 regionis
1167 4747 1431 4801 secundae.
1483 4750 1615 4804 Cum
1656 4752 1906 4810 Aurelius

325 4832 615 4903 episcopus
638 4847 744 4886 una
771 4848 892 4888 cum
920 4835 1188 4905 episcopis
1214 4838 1325 4892 suis
1353 4842 1703 4911 consedisset,
1732 4853 1907 4900 astan-

324 4924 467 4977 tibus
490 4922 756 4987 diaconis,
806 4926 1060 4992 quoniam
1102 4928 1453 4984 constitutum
1485 4930 1658 4987 fuerat
1692 4935 1745 4989 in
1774 4951 1901 4991 con-

321 5014 452 5068 cilio
498 5012 861 5083 Hipponensi,
920 5024 980 5071 ut
1027 5017 1249 5087 singulis
1300 5021 1451 5076 annis
1497 5026 1905 5083 contraheretur

320 5104 613 5159 concilium
642 5105 835 5161 Africae
875 5108 1172 5176 plenarium
1199 5129 1212 5163 :
1239 5126 1343 5167 non
1388 5120 1593 5169 tantum
1634 5117 1721 5171 hic
1760 5120 1903 5188 apud

318 5196 726 5266 Carthaginem,
778 5212 961 5253 verum
992 5200 1154 5255 etiam
1186 5216 1283 5271 per
1325 5204 1561 5260 diversas
1599 5209 1901 5276 provincias

316 5302 420 5343 suo
449 5288 665 5355 ordine,
699 5298 757 5344 et
796 5290 899 5346 hoc
925 5301 1261 5349 reservatum
1288 5304 1391 5361 est,
1440 5304 1499 5350 ut
1544 5298 1899 5355 indiceremus

315 5382 613 5449 aliquando
656 5382 710 5437 in
738 5382 1009 5451 Numidia,
1052 5386 1341 5458 aliquando
1390 5389 1441 5443 in
1472 5388 1710 5461 Byzatio,
1742 5400 1901 5462 atque

318 5472 425 5527 hoc
445 5471 774 5528 laboriosum
796 5475 1043 5529 omnibus
1072 5476 1324 5532 fratribus
1348 5479 1514 5533 visum
1537 5490 1637 5535 est.

314 5579 612 5636 Concilium
647 5584 933 5640 universale
973 5602 1075 5642 non
1122 5588 1224 5644 nisi
1252 5593 1554 5646 necessitate
1582 5594 1893 5664 faciendum.

392 5691 553 5747 XCV.
588 5692 795 5749 Placuit
823 5704 880 5750 ut
910 5712 1015 5753 non
1061 5699 1130 5754 sit
1160 5700 1297 5755 ultra
1330 5702 1611 5771 fatigandis
1648 5704 1898 5761 fratribus

2008 452 2323 515 communis,
2351 452 2403 506 id
2434 461 2515 509 est
2542 456 2703 510 totius
2728 456 2934 522 Africae,
2980 465 3330 532 undecunque
3352 465 3417 519 ad
3446 466 3582 521 hanc

2008 538 2187 594 sedem
2217 540 2282 596 de
2316 543 2415 598 hac
2445 561 2503 600 re
2533 546 2668 600 datae
2700 547 2889 602 littera:
2912 549 3126 619 fuerint,
3157 556 3582 624 congregandam

2011 645 2129 686 esse
2158 634 2416 703 synodum
2446 638 2498 691 in
2525 654 2587 692 ea
2613 641 2884 708 provincia
2927 643 3015 696 ubi
3048 648 3421 714 opportunitas
3462 664 3585 717 per-

2010 724 2272 777 suaserit:
2298 741 2471 781 causae
2501 738 2676 783 autem
2708 746 2825 798 quae
2856 748 3166 789 communes
3210 751 3314 789 non
3357 744 3501 801 sunt,
3530 737 3582 791 in

2008 815 2117 871 suis
2145 818 2434 886 provinciis
2453 820 2773 889 judicentur.

2155 926 2222 980 Ut
2251 929 2313 979 ab
2353 928 2523 983 electis
2545 931 2804 1001 judicibus
2833 950 3109 1002 prorocare
3135 952 3235 988 non
3267 936 3438 991 liceat.
3569 999 3573 1005 ν

2080 1017 2259 1074 XCVI.
2290 1021 2344 1075 Si
2375 1030 2553 1077 autem
2585 1025 2741 1077 fuerit
2764 1035 3132 1093 provocatum,
3165 1027 3327 1105 eligat
3353 1026 3445 1095 qui
3467 1040 3587 1096 pro-

2009 1112 2281 1165 vocaverit
2323 1110 2554 1181 judices,
2605 1123 2660 1168 et
2713 1129 2831 1168 cum
2876 1130 2942 1171 eo
2989 1125 3044 1171 et
3074 1117 3163 1169 ille
3208 1127 3392 1171 contra
3422 1130 3582 1185 quem

2010 1204 2381 1272 provocaverit
2414 1222 2426 1256 :
2461 1213 2519 1259 ut
2558 1205 2624 1259 ab
2664 1205 2790 1275 ipsis
2818 1206 3070 1277 deinceps
3100 1208 3227 1261 nulli
3274 1208 3431 1263 liccat
3459 1222 3581 1276 pro-

2012 1308 2223 1347 vocare.

2205 1402 2282 1457 De
2310 1405 2646 1474 legationibus
2668 1407 2982 1460 diversarum
3010 1408 3406 1475 prorinciarum.

2083 1490 2213 1544 Cum
2258 1492 2519 1546 universae
2568 1493 2861 1561 legationes
2909 1494 3238 1553 diversarum
3277 1494 3582 1565 provincia-

2014 1600 2129 1637 rum
2161 1584 2546 1651 allegarentur,
2594 1587 2893 1653 gratissime
2939 1596 3173 1657 accepta:
3219 1594 3361 1651 sunt,
3408 1585 3459 1639 id
3504 1591 3585 1637 est

2014 1673 2379 1740 Numidarum,
2427 1675 2848 1746 Byzacenorum,
2896 1677 3200 1732 Maurorum
3238 1675 3585 1741 Sitifensium,

2016 1762 2249 1831 itemque
2276 1762 2702 1833 Caesariensium,
2734 1766 2827 1821 sed
2856 1775 2911 1820 et
2937 1766 3403 1835 Tripolitanorum.
3498 1764 3501 1769 ’

2405 1877 2483 1931 De
2510 1879 2888 1934 exsecutorib‘us
2917 1877 3182 1933 Ecclesiw.

2085 1963 2287 2020 Placuit
2308 1975 2568 2036 praeterea
2598 1978 2655 2023 ut
2685 1976 3031 2023 exsecutores
3053 1970 3107 2022 in
3124 1967 3370 2024 omnibus
3384 1965 3590 2021 deside-

2012 2055 2109 2109 riis
2136 2070 2253 2124 qua:
2281 2056 2443 2110 habet
2471 2055 2709 2111 Ecclesia
2751 2059 2985 2126 quinque
3010 2057 3367 2126 postulentur,
3397 2054 3489 2126 qui
3534 2056 3589 2109 in

2014 2143 2238 2198 diversis
2266 2144 2552 2213 provinciis
2580 2144 2972 2214 impertiantur.
3422 2136 3423 2139 “

2019 2253 2087 2310 Ut
2118 2258 2179 2311 ab
2208 2257 2602 2327 imperatoribus
2640 2259 2921 2330 postuletur
2959 2261 3320 2316 advocatorum
3361 2261 3591 2330 defensio

2510 2345 2601 2397 pro
2631 2330 2799 2383 causis
2824 2328 3090 2384 Ecclesiaz.

2089 2412 2292 2469 XCVII.
2326 2414 2532 2470 Placuit
2578 2416 2739 2470 etiam
2790 2425 2847 2470 ut
2895 2427 3079 2487 petant
3127 2434 3194 2473 ex
3224 2419 3437 2472 nomine
3466 2432 3591 2486 pro-

2016 2508 2311 2563 vinciarum
2340 2508 2578 2562 omnium
2620 2507 2779 2575 legati
2817 2509 3141 2576 perrecturi,
3190 2507 3499 2561 Vincentius
3538 2515 3593 2559 et

2017 2597 2430 2653 Fortunatianus
2450 2614 2480 2651 a
2505 2598 2900 2667 gloriosissimis
2925 2599 3337 2669 imperatoribus
3357 2617 3367 2650 :
3388 2606 3447 2651 ut
3466 2597 3594 2652 dent

2018 2686 2325 2742 facultatem
2356 2686 2665 2743 defensores
2692 2688 3051 2743 constituendi
3078 2688 3451 2755 scholasticos,
3500 2686 3594 2755 qui

2018 2777 2072 2831 in
2102 2785 2223 2831 actu
2250 2788 2391 2840 sunt,
2437 2777 2523 2832 vel
2552 2777 2606 2831 in
2646 2793 2868 2832 munere
2916 2777 3241 2833 defensionis
3287 2792 3589 2839 causarum,

2018 2875 2076 2921 ut
2100 2881 2251 2921 more
2277 2865 2614 2921 sacerdotum
2638 2867 2948 2936 provincim,
2977 2867 3137 2922 iidem
3168 2866 3267 2937 ipsi
3297 2867 3385 2935 qui
3416 2863 3593 2920 defen-

2019 2958 2225 3013 sionem
2256 2957 2615 3012 Ecclesiarum
2640 2959 2991 3029 susceperint,
3024 2959 3257 3015 habeant
3287 2959 3592 3013 facultatem

1941 3096 1989 3159 c
2020 3064 2119 3120 pro
2148 3050 2374 3117 negotiis
2404 3048 2783 3112 Ecclesiarum,
2816 3050 3027 3119 quoties
3067 3050 3358 3104 necessitas
3386 3047 3592 3118 ﬂagita-

2019 3140 2178 3202 verit,
2210 3139 2294 3194 vel
2322 3138 2387 3193 ad
2420 3138 2781 3194 obsistendum
2819 3140 3222 3209 obrepentibus,
3257 3140 3340 3193 vel
3384 3138 3450 3192 ad
3492 3153 3589 3193 ne-

2016 3230 2247 3285 cessaria
2276 3229 2631 3298 suggerenda,
2663 3227 2869 3297 ingredi
2895 3228 3130 3298 judicum
3159 3228 3469 3284 secretaria.

2518 3339 2587 3394 Ut
2607 3341 2674 3393 sit
2702 3339 2887 3411 legatio
2915 3338 3097 3394 libera.

2091 3431 2297 3486 Placuit
2320 3439 2379 3485 ut
2406 3430 2729 3500 legationem
2763 3431 2983 3486 liberam
3013 3430 3245 3486 habeant
3273 3430 3339 3484 ad
3367 3431 3591 3486 comita«

2018 3526 2129 3574 tum
2158 3519 2305 3574 missi
2331 3518 2523 3573 delecti
2550 3518 2729 3588 legati.

2127 3630 2437 3685 Protestatio
2466 3628 2768 3691 Maurorum
2803 3632 3104 3702 pontiﬁcum
3133 3632 3196 3687 de
3224 3630 3483 3687 Primoso.

2090 3718 2421 3775 Protestatos
2477 3734 2596 3774 esse
2660 3728 2921 3789 pncterea
2968 3719 3181 3777 Mauros
3234 3720 3591 3777 Caesarienscs

2016 3819 2243 3876 constat,
2292 3809 2589 3867 Primosum
2635 3827 2732 3881 per
2770 3812 3091 3885 principales
3131 3812 3362 3868 civitatis
3390 3811 3588 3885 Thiga-

2016 3906 2195 3963 neusis
2224 3914 2545 3960 conventum
2580 3905 2769 3960 litteris
2797 3922 2981 3961 eorum
3004 3905 3187 3973 fuisse,
3210 3914 3268 3959 ut
3291 3905 3585 3960 secundum

2014 3995 2328 4067 principalia
2375 3995 2532 4058 scita,
2581 3996 2821 4064 plenario
2851 3982 3201 4050 concilioisui
3249 3998 3585 4065 praesentiain

2013 4083 2233 4149 faceret,
2275 4090 2329 4136 et
2372 4092 2430 4136 ut
2458 4082 2696 4152 oportuit
2734 4083 3020 4153 rcquisitus
3042 4081 3317 4143 Primosus
3346 4096 3586 4159 repertus

2014 4189 2120 4229 non
2148 4182 2249 4237 est,
2293 4173 2448 4228 sicuti
2475 4173 2685 4227 diaconi
2716 4176 3159 4229 renuntiaverunt
3185 4193 3195 4229 :
3220 4175 3316 4231 sed
3341 4178 3463 4245 quia
3487 4194 3581 4249 po-

2010 4272 2303 4334 poscerunt
2330 4263 2487 4318 iidem
2530 4262 2699 4317 Mauri
2722 4264 2787 4319 de
2815 4263 3055 4333 plenario
3083 4266 3311 4322 concilio
3333 4276 3585 4337 oportere

2012 4354 2220 4410 litteras
2249 4353 2504 4409 destinari
2545 4354 2615 4407 ad
2642 4353 3004 4408 venerabilem
3044 4354 3264 4408 fratrem
3293 4372 3474 4411 senem
3498 4357 3583 4412 ln-

1931 4449 2341 4548 Dnocentium,
2390 4450 2489 4503 has
2534 4448 2733 4518 placuit
2761 4449 2920 4511 mitti,
2972 4456 3029 4503 ut
3057 4458 3315 4517 agnoscat
3354 4452 3580 4522 requisi-

2010 4548 2123 4594 tum
2154 4539 2454 4596 Primosum
2483 4542 2537 4596 in
2573 4541 2823 4609 concilio,
2870 4550 2923 4597 ct
2960 4544 3177 4599 minime
3211 4543 3374 4600 fuisse
3400 4563 3581 4617 reper-

2010 4637 2141 4685 tum.

2092 4740 2172 4794 De
2201 4742 2429 4810 plebibus
2459 4759 2573 4814 qua!
2601 4760 2858 4813 nunquam
2881 4746 3144 4815 episcOpos
3185 4745 3487 4801 habuerunt.

2080 4846 2304 4904 XCVIII.
2336 4848 2542 4906 Placuit
2567 4859 2623 4906 et
2649 4853 2802 4919 illud,
2846 4865 2905 4907 ut
2952 4844 3282 4923 plebes-qum
3308 4872 3576 4925 nunquam

2007 4937 2310 4995 habuerunt
2348 4944 2595 5012 proprios
2621 4945 2922 5014 episcopos,
2956 4945 3057 5001 nisi
3085 4960 3152 5000 ex
3191 4947 3423 5001 concilio
3464 4949 3577 5017 ple-

2006 5029 2158 5084 nario
2208 5031 2627 5103 uniuscujusquc
2674 5036 2961 5105 provinciae
3002 5046 3056 5090 et
3103 5037 3366 5106 primatis,
3418 5050 3577 5111 atque

2005 5135 2269 5179 consensu
2317 5125 2433 5194 ejus
2478 5126 2545 5180 ad
2592 5127 2746 5195 cujus
2792 5128 3065 5183 ditecesim
3110 5128 3295 5182 eadem
3334 5128 3575 5188 Ecclesia

2005 5214 2325 5283 pertinebat,
2353 5215 2625 5277 decretum
2654 5216 2831 5282 fuerit,
2863 5217 3083 5271 minime
3110 5217 3397 5289 accipiant.

2042 5324 2119 5378 De
2158 5324 2387 5394 plebibus
2417 5326 2495 5382 vel
2520 5326 2816 5380 diwcesibus
2845 5342 2908 5380 ea:
2938 5325 3228 5382 Donatistis
3257 5335 3535 5388 conversis.

2076 5435 2259 5492 XCIX.
2291 5437 2433 5493 Sane
2462 5446 2519 5492 ut
2549 5438 2651 5495 illac
2680 5439 2863 5507 plebes
2908 5454 3026 5509 quae
3069 5456 3342 5496 conversa:
3380 5453 3506 5497 sunt
3545 5461 3573 5495 a

2004 5529 2316 5597 Donatistis,
2361 5539 2416 5583 et
2446 5530 2745 5584 habuerunt
2772 5531 3053 5602 episc0pos
3098 5534 3214 5586 sine
3260 5535 3447 5603 dubio,
3495 5537 3575 5590 in-

2002 5618 2249 5673 consulto
2292 5619 2518 5675 concilio
2568 5618 2765 5674 habere
2811 5631 3122 5677 mereantur
3166 5640 3177 5674 :
3229 5640 3347 5694 quae
3397 5635 3573 5682 autem

2004 5709 2185 5779 plebes
2212 5710 2509 5766 habuerunt
2540 5711 2867 5783 episcopum,
2915 5721 2969 5769 ct
2995 5728 3060 5771 co
3089 5712 3339 5779 defuncto
3383 5717 3567 5774 volue-
