3976 6196
381 277 484 329 2ἶὸ

1646 260 2003 320 DIONYSIUS
2040 263 2356 319 EXIGUUS.

3543 249 3652 309 2i6

380 400 486 453 rint
510 411 616 451 non
646 395 953 465 episcopum
980 392 1250 464 proprium
1279 391 1499 456 habere,
1520 387 1615 456 sed
1637 387 1702 442 ad
1727 386 1953 456 alicujus
1984 394 2029 448 Α
2058 383 2397 453 tempserint,
2428 379 2495 436 ad
2521 357 2891 452 pmnitentiam
2918 376 3245 447 redigantur,
3274 374 3329 430 in
3358 388 3464 446 qua
3488 386 3653 429 causa

379 488 619 562 episcOpi
656 486 929 543 dioecesim
959 485 1251 555 pertinere,
1308 497 1411 535 non
1443 480 1521 535 eis
1549 493 1667 535 esse
1687 478 1957 547 denegan-

381 580 531 635 dum.
564 579 803 635 Necnon
841 583 896 632 et
921 575 1048 631 illud
1092 582 1403 644 suggestum
1454 580 1556 641 est,
1602 570 1747 642 quod
1774 570 1960 642 plebes

382 674 506 725 ante
534 670 707 738 legem
753 667 1092 739 imperatoris
1119 666 1188 721 de
1219 665 1422 720 unitate
1464 658 1627 719 latam
1657 663 1960 732 quicunque

381 766 827 819 converterentur
857 758 1097 829 episcopi
1134 756 1202 812 ad
1228 756 1569 818 catholicam,
1603 754 1703 824 ipsi
1731 767 1822 807 eas
1859 752 1950 807 ob-

382 855 553 909 tinere
592 851 859 907 debeant:
892 866 1080 905 verum
1119 864 1151 904 a
1193 849 1311 918 lege
1336 848 1572 913 unitatis,
1604 854 1661 901 et
1688 847 1958 913 deinceps,

380 949 631 1014 oporteat
654 940 933 997 universas
956 935 1223 996 Ecclesias
1251 940 1525 995 vindicare
1552 938 1651 993 sibi
1681 938 1964 1007 episcopos

381 1035 677 1093 catholicos
714 1046 904 1090 eorum
934 1034 1199 1097 locorum,
1234 1033 1300 1087 ad
1326 1047 1446 1103 qua:
1476 1032 1593 1087 loca
1621 1030 1720 1086 sub
1746 1028 1965 1083 haereti-

381 1127 459 1183 cis
497 1126 839 1197 pertinebant
867 1124 950 1178 vel
995 1130 1378 1178 conversurum
1416 1121 1483 1175 ad
1512 1118 1855 1183 catholicam,
1877 1114 1965 1169 vel

382 1225 493 1273 non
535 1230 922 1271 conversurum
954 1213 1350 1279 haereticorum,
1397 1219 1453 1265 et
1496 1210 1774 1273 dimeeses,
1826 1214 1881 1262 et
1918 1205 1963 1260 si

384 1323 491 1377 qua
518 1308 656 1363 forte
691 1314 815 1362 sunt
839 1306 1195 1359 instrumenta
1224 1302 1499 1368 Ecclesiae,
1532 1300 1620 1355 vel
1645 1300 1709 1356 ad
1743 1298 1859 1367 ejus
1878 1296 1966 1366 jus

384 1397 729 1467 pertinentia.
781 1396 885 1462 Qui
928 1408 1059 1450 vero
1085 1395 1264 1465 aliqua
1293 1400 1707 1463 usurpaverant,
1734 1398 1859 1461 post
1883 1389 1964 1444 le-

386 1509 505 1566 gem
534 1500 791 1565 usurpata
818 1492 1070 1548 conventi
1099 1491 1407 1546 restituant.

675 1606 749 1662 De
768 1608 1093 1678 suggestione
1121 1604 1406 1659 Maurentii
1435 1605 1683 1675 episc0pi.

457 1722 518 1779 (Ζ.
561 1722 641 1777 Ad
688 1723 1087 1790 suggestionem
1134 1721 1220 1775 vel
1264 1719 1687 1791 postulationem
1727 1717 1966 1787 episcopi

390 1811 692 1879 Haurentii,
735 1830 856 1870 cum
900 1814 1039 1869 lecta
1087 1812 1274 1869 fuisset
1317 1812 1516 1868 scheda
1564 1826 1725 1880 quam
1771 1808 1969 1865 obtulit

390 1906 677 1976 episc0pus
705 1903 1081 1971 Placentinus,
1122 1899 1213 1973 qui
1262 1913 1548 1974 personam
1595 1901 1757 1971 legati
1785 1899 1973 1956 Numi-

391 2003 596 2058 diarum
625 2010 817 2071 gestat,
849 2000 1114 2055 sententia
1142 1998 1382 2068 ejusdem
1424 1988 1722 2052 Placentini
1750 1993 1976 2050 recitata

391 2091 549 2146 estin
578 2097 871 2160 conspectu
918 2088 1315 2159 episcoporum,
1366 2094 1420 2141 et
1459 2101 1583 2142 cum
1611 2091 1978 2156 qumrercntur

392 2184 447 2238 hi
478 2197 614 2252 quos
652 2182 841 2237 adesse
886 2181 1057 2236 voluit
1086 2196 1115 2234 a
1140 2180 1382 2236 diaconis
1410 2196 1509 2251 pro
1538 2174 1763 2245 foribus,
1795 2181 1844 2236 id
1872 2188 1977 2248 est,

390 2274 629 2329 seniores
655 2288 684 2327 a
714 2287 851 2328 nova
881 2272 1187 2337 Germania,
1237 2287 1301 2328 ac
1334 2272 1554 2327 minime
1582 2271 1976 2335 invenirentur,

392 2363 629 2421 secundo
656 2362 741 2417 vel
771 2362 932 2417 tertio
972 2361 1214 2433 requisiti
1248 2380 1259 2414 :
1291 2369 1579 2433 propterea
1612 2361 1825 2417 censuit
1850 2375 1978 2415 san-

393 2464 540 2509 ctum
569 2453 856 2511 concilium
901 2460 960 2506 ut
984 2452 1176 2509 litterae
1205 2452 1271 2505 ad
1297 2451 1544 2506 eumdem
1567 2466 1750 2507 senem
1763 2449 1982 2521 Xantip-

394 2558 524 2615 pum
553 2550 945 2615 praerogentur,
976 2557 1085 2613 quo
1118 2541 1330 2597 noverit
1356 2542 1619 2597 voluntati
1659 2540 1829 2610 plebis
1869 2553 1982 2594 me-

396 2643 617 2692 moratae
662 2631 809 2688 nullo
859 2633 1019 2688 modo
1066 2632 1315 2702 injuriam
1343 2632 1583 2703 episcopi
1626 2633 1985 2687 succumben-

398 2729 544 2784 dum.
580 2725 904 2781 Maurentius
927 2724 1214 2795 episc0pus
1242 2714 1377 2779 dixit
1403 2741 1415 2775 :
1449 2722 1712 2789 Quoniam
1740 2722 1985 2792 requisiti

399 2826 526 2873 sunt
549 2818 790 2872 seniores
818 2831 848 2869 a
870 2831 1011 2869 nova
1058 2813 1341 2869 Germania
1372 2814 1610 2870 secundo
1637 2828 1701 2868 ac
1722 2812 1902 2878 tertio,
1931 2820 1986 2867 et

403 2922 511 2962 non
545 2913 671 2961 sunt
695 2905 918 2971 inventi,
967 2904 1157 2973 quibus
1212 2915 1537 2975 praeceptum
1569 2909 1737 2959 erata
1759 2904 1989 2973 primate

402 3012 464 3061 ut
491 3010 841 3059 occurrerent
869 3002 934 3056 ad
964 3000 1272 3055 venerabile
1302 3000 1613 3065 concilium,
1661 2998 1806 3068 quod
1847 3008 1988 3053 nunc
2022 3036 2023 3039 η

404 3092 579 3162 agitur
607 3092 780 3148 idibus
819 3089 1011 3155 Iuniis,
1061 3106 1210 3146 suam
1253 3090 1549 3145 absentiam
1587 3095 1980 3159 procurarunt:

404 3177 611 3238 idcirco
639 3181 897 3238 decernat
935 3197 1002 3237 ex
1031 3183 1133 3237 hac
1172 3196 1232 3235 re
1258 3180 1459 3249 aliquid
1484 3178 1744 3235 sanctitas
1788 3186 1986 3241 vestra,

406 3290 475 3332 ne
501 3276 602 3331 sub
628 3273 875 3330 molestia
897 3274 1177 3329 calumniae
1220 3273 1457 3343 ipsorum
1508 3272 1766 3325 innocens
1805 3268 1993 3323 videar

407 3370 694 3430 laborare:
726 3365 1019 3423 concilium
1048 3372 1295 3441 sanctum
1325 3362 1537 3429 statuit,
1584 3361 1833 3416 debuisse
1874 3360 1995 3429 qui-

408 3456 533 3518 dem
560 3458 857 3516 secundum
886 3469 1171 3512 censuram
1214 3450 1611 3509 sacerdotalem
1636 3464 1705 3505 ex
1733 3450 1837 3505 hoc
1864 3463 1998 3505 con-

408 3552 535 3609 cilio
562 3551 821 3607 adversus
842 3557 1193 3605 contumaces
1221 3543 1350 3601 ferri
1374 3541 1696 3601 sententiam
1719 3559 1733 3595 :
1757 3540 1851 3597 sed
1870 3539 1997 3610 quia

411 3641 770 3700 mansuetudo
816 3638 1189 3697 ecclesiastica
1234 3632 1494 3693 servanda
1535 3642 1620 3691 est
1667 3634 1722 3689 in
1750 3631 1999 3689 omnibus

412 3733 609 3799 causis,
636 3731 915 3804 promissa:
945 3737 1071 3785 sunt
1098 3728 1293 3784 litterae
1322 3725 1391 3781 ad
1434 3740 1619 3781 senem
1645 3722 1998 3792 Xantippum,

412 3836 472 3881 ut
498 3826 750 3881 noverint
770 3823 978 3894 judices
998 3822 1065 3878 de
1094 3821 1328 3878 concilio
1369 3820 1575 3875 electos
1602 3817 1719 3873 sine
1742 3814 2002 3871 dilatione

415 3916 763 3973 considerare
790 3915 988 3971 debere
1016 3915 1070 3970 in
1098 3914 1316 3969 civitate
1344 3908 1782 3973 Thuhursicensi,
1822 3914 1882 3962 ut
1905 3920 2003 3961 ne-

414 4006 563 4076 gotio
592 4020 886 4075 congruum
916 4005 1236 4060 adhibeatur
1261 4016 1509 4059 examen.
1540 3998 1870 4055 Maurentius
1891 3996 2005 4069 epi-

416 4108 616 4171 sc0pus
635 4094 806 4152 dixit:
835 4094 1054 4150 Iudices
1099 4104 1227 4164 peto
1274 4102 1519 4148 sanctum
1566 4104 1751 4146 senem
1778 4087 2007 4159 Xantip-

420 4198 567 4254 pum,
613 4193 861 4239 sanctum
891 4183 1265 4253 Augustinum,
1299 4179 1649 4243 Florentium,
1696 4176 2000 4240 Theasium,

419 4274 758 4339 Sansucium,
809 4272 1136 4337 Secundum,
1186 4279 1241 4325 ct
1292 4269 1585 4333 Posidium,
1638 4268 1739 4322 hos
1774 4266 2005 4321 decerni

421 4367 550 4420 mihi
590 4364 841 4434 jubeatis.
885 4364 1141 4423 Sanctum
1183 4362 1472 4419 concilium
1504 4360 1773 4416 con'cessit
1796 4359 2006 4428 judices

422 4455 740 4525 postulatos,
785 4455 1024 4524 reliquos
1067 4462 1248 4508 autem
1292 4452 1507 4521 judices
1535 4450 1603 4505 ad
1628 4448 2004 4520 complendum

424 4559 707 4599 numerum
747 4545 1116 4611 necessarios,
1162 4541 1485 4611 eligentibus
1527 4543 1659 4612 ipsis
1705 4539 2007 4596 senioribus

424 4652 453 4689 τι
485 4651 622 4689 nova
671 4636 955 4691 Germania
976 4672 991 4699 ,
1021 4649 1183 4690 senex
1213 4633 1516 4703 Xantippus
1557 4632 1766 4688 curavit
1812 4630 2006 4686 decer-

422 4740 574 4782 uere.

458 4836 540 4892 De
593 4837 931 4907 paciﬁcandis
963 4830 1208 4888 Ecclesiis
1242 4831 1478 4887 Romana
1516 4843 1564 4886 et
1594 4831 1966 4888 Alexandrina.

496 4951 583 5007 Cl.
617 4948 824 5005 Placuit
873 4949 1033 5003 etiam
1079 4957 1137 5001 ut
1183 4947 1249 5003 de
1280 4948 1610 5003 dissensione
1642 4948 1896 5004 Romanae
1926 4958 2007 5003 at-

423 5057 527 5111 que
553 5041 925 5097 Alexandrina:
952 5038 1203 5093 Ecclesia:
1254 5038 1317 5091 ad
1358 5047 1601 5091 sanctum
1630 5054 1820 5109 papam
1851 5039 2010 5095 lnno-

424 5133 662 5186 centium
686 5133 976 5194 scribatur,
1006 5146 1113 5199 quo
1137 5137 1361 5197 utraque
1390 5128 1633 5184 Ecclesia
1658 5130 1795 5185 intra
1823 5147 1881 5188 se
1914 5147 2010 5202 pa-

424 5236 568 5286 cem,
596 5236 753 5289 quam
784 5222 1040 5292 prmcepit
1070 5219 1343 5282 Dominus,
1377 5226 1577 5272 teneat.

428 5337 505 5390 De
534 5335 611 5388 his
641 5336 728 5404 qui
752 5350 957 5399 uxores,
982 5345 1070 5389 aut
1098 5346 1211 5407 qua:
1236 5336 1368 5387 viros
1401 5332 1686 5402 dimittam,
1713 5343 1767 5387 ut
1795 5335 1869 5388 sic
1893 5351 2006 5388 ma~
2080 5392 2085 5393 ί

1127 5414 1301 5459 neunt.

499 5495 607 5551 Cll.
640 5495 846 5550 Placuit
894 5503 971 5557 ut,
1031 5494 1324 5550 secundum
1376 5482 1740 5563 evangelicum
1789 5504 1844 5550 ct
1875 5510 2009 5565 apo-

426 5588 670 5644 stolicam
701 5585 1059 5655 disciplinam,
1111 5602 1284 5653 neque
1312 5587 1560 5641 dimissus
1598 5586 1665 5639 ah
1695 5601 1883 5649 uxore,
1919 5601 2012 5639 ne-

426 5695 533 5747 que
573 5676 790 5731 dimissa
838 5690 867 5729 a
911 5675 1124 5741 marito,
1169 5675 1322 5728 alteri
1367 5675 1748 5745 conjuugatur,
1795 5676 1887 5730 sed
1937 5676 2009 5729 ita

429 5778 697 5837 tumeant,
746 5777 833 5823 aut
884 5768 1098 5825 sibimet
1144 5768 1592 5822 reconcilientur:
1625 5767 1765 5838 quod
1807 5768 1847 5821 si
1885 5784 2013 5823 cnn—

2060 477 2232 546 legem
2257 476 2586 547 imperialem
2616 472 2902 545 petendam
2932 470 3282 542 promulgari.

2404 588 2485 643 De
2506 587 2741 653 precibus
2762 587 2831 639 ad
2859 585 3027 639 altare
3054 583 3309 637 dicendis.

2132 703 2261 759 Clll.
2294 703 2499 757 Placuit
2540 703 2701 757 etiam
2731 702 2857 765 hoc,
2905 709 2965 753 ut
3007 712 3198 769 preces
3235 711 3356 765 quze
3410 694 3652 765 probata:

2061 796 2261 851 fuerint
2288 796 2341 850 in
2372 794 2625 860 concilio,
2669 793 2785 847 sive
2829 788 3195 861 prmfationes,
3224 788 3342 844 sive
3368 799 3649 840 commen-

2063 885 2329 951 dationes,
2359 899 2454 940 seu
2496 897 2688 937 manus
2712 880 3103 951 impositiones,
3136 878 3203 932 ab
3229 876 3477 932 omnibus
3502 876 3654 930 cele-

2064 974 2310 1042 brentur,
2341 988 2441 1029 nec
2471 973 2587 1027 alia:
2615 972 2837 1027 omnino
2872 979 3061 1025 contra
3090 967 3246 1022 fidem
3276 966 3654 1037 praeferantur,

2064 1067 2159 1123 sed
2205 1079 2536 1137 quaecunque
2576 1079 2608 1118 a
2674 1060 3110 1134 prudentioribus
3171 1058 3369 1113 fuerint
3409 1056 3653 1113 collecta:

2065 1159 2329 1216 dicantur.

2068 1274 2147 1328 De
2174 1274 2251 1328 his
2286 1264 2373 1345 qui
2400 1268 2719 1339 publicorum
2742 1263 3058 1341 judiciorum
3075 1266 3431 1350 cognitionem
3458 1263 3522 1317 ab
3552 1263 3657 1317 im-

2555 1359 2677 1412 pera
2686 1351 2792 1395 tore
2819 1347 3165 1411 ροροεεετίηι.

2140 1456 2272 1513 CIV.
2307 1455 2535 1522 Placuit,
2576 1462 2635 1508 ut
2682 1453 2985 1523 quicunque
3012 1449 3080 1503 ab
3111 1449 3436 1518 imperatore
3463 1444 3657 1514 cogni—

2050 1526 2272 1605 .tionem
2298 1546 2622 1617 judiciorum
2658 1543 2998 1614 publicorum
3028 1540 3259 1610 petierit,
3292 1539 3499 1592 honore
3528 1550 3658 1605 pro-

2070 1640 2190 1711 prio
2217 1639 2456 1709 privetur
2481 1654 2493 1690 :
2519 1636 2565 1690 si
2587 1643 2767 1690 autem
2786 1631 3092 1711 episcopale
3116 1629 3375 1699 judicium
3403 1628 3469 1682 ab
3492 1628 3660 1697 impe-

2071 1706 2251 1784 ratore
2273 1726 2580 1799 postularit,
2609 1723 2742 1778 nihil
2769 1723 2820 1778 ei
2848 1706 3008 1778 obsit.

2080 1839 2160 1895 De
2184 1840 2262 1893 Itis
2291 1839 2398 1910 qui,
2429 1853 2544 1891 cum
2569 1836 2625 1889 in
2645 1835 2826 1906 Africa
2844 1831 3374 1910 non‘communicant,
3401 1828 3660 1883 voluerint

2548 1900 2702 1959 trans
2718 1919 2859 1958 mare
2882 1900 3171 1971 subrepere.

2147 2018 2256 2075 CV.
2289 2018 2603 2088 Quicunque
2623 2023 2803 2071 autem
2824 2028 2931 2069 non
2957 2011 3360 2068 communicans
3386 2012 3437 2065 in
3456 2010 3663 2076 Africa,

2077 2109 2123 2166 si
2162 2110 2214 2165 in
2256 2103 2626 2165 transmarinis
2666 2105 2733 2159 ad
2784 2103 3292 2161 communicandum
3338 2102 3663 2172 obrepserit,

2073 2200 2340 2272 iacturam
2368 2198 2656 2255 clericatus
2684 2195 2935 2265 excipiat.

2085 2314 2154 2371 Ut
2186 2322 2462 2386 pergentes
2477 2312 2546 2386 a_d
2568 2313 3109 2386 comitatumcausunt
3134 2324 3302 2374 suam,
3331 2310 3410 2361 vel
3439 2305 3666 2362 Cartha—

2136 2380 2356 2457 gi'nen'si,
2387 2385 2464 2438 vel
2490 2382 2724 2437 Romano
2746 2380 2979 2452 pontiﬁci
3008 2380 3276 2432 insinuare
3298 2387 3592 2447 procurent.

2151 2474 2281 2529 CVI.
2318 2473 2546 2540 Placuit,
2578 2481 2636 2527 ut
2664 2470 2971 2543 quicunque
3001 2468 3064 2523 ad
3113 2468 3423 2523 comitatum
3456 2468 3532 2522 ire
3561 2483 3667 2522 vo-

2083 2567 2263 2632 luerit,
2317 2567 2371 2621 in
2418 2565 2669 2632 formata,
2717 2579 2823 2633 qua
2869 2562 2935 2617 ad
2985 2561 3130 2615 urbis
3164 2559 3343 2615 Romae
3372 2552 3671 2614 Ecclesium

2085 2656 2336 2721 mittitur,
2389 2656 2666 2710 intimetur
2705 2672 2716 2707 :
2750 2662 2809 2708 ut
2858 2651 2981 2707 inde
3027 2652 3192 2706 etiam
3241 2649 3307 2704 ad
3354 2645 3674 2704 comitatum

2048 2760 2051 2763 ‘
2086 2748 2372 2805 formatam
2402 2748 2648 2817 accipiat.
2674 2745 2827 2812 Quod
2852 2744 2897 2799 si
2924 2743 3190 2814 accipiens
3220 2741 3286 2795 ad
3310 2739 3535 2795 Romam
3561 2750 3680 2794 tan-

2090 2841 2367 2897 tummodo
2394 2840 2701 2906 formatam,
2730 2847 2786 2893 et
2814 2846 2998 2892 tacens
3025 2836 3423 2899 necessitatem,
3454 2848 3573 2902 qum
3603 2834 3677 2887 ad

2090 2936 2403 3003 comitatum
2430 2935 2503 2988 illi
2531 2931 2861 3003 pergendum
2890 2937 2991 2994 est,
3036 2928 3269 2983 voluerit
3296 2927 3455 2981 etiam
3485 2925 3550 2979 ad
3577 2941 3678 2980 co-

2094 3030 2341 3084 mitatum
2370 3041 2616 3098 pergere,
2646 3040 2677 3079 a
2709 3022 3090 3080 communione
3128 3029 3489 3075 removeatur.
3521 3016 3679 3084 Quod

2019 3132 2065 3193 ρ
2096 3122 2141 3173 si
2180 3119 2252 3173 ibi
2282 3118 2466 3172 Romae
2515 3116 2564 3171 ei
2593 3114 2871 3184 repentina
2922 3111 3214 3167 necessitas
3256 3117 3374 3164 orta
3412 3107 3574 3162 fuerit
3609 3106 3684 3160 ad

2095 3213 2411 3268 comitatum
2440 3205 2717 3279 pergendi,
2760 3206 2958 3273 alleget
3004 3202 3144 3273 apud
3194 3202 3502 3272 episcopum
3532 3198 3686 3253 urbis

2096 3304 2281 3359 Roma:
2311 3304 2480 3373 ipsam
2509 3299 2909 3360 necessitatem,
2962 3304 3015 3351 et
3045 3296 3111 3350 de
3153 3294 3260 3349 hoc
3307 3292 3506 3362 scripta
3537 3291 3689 3360 ejus-

2095 3397 2217 3452 dem
2250 3393 2475 3448 Romani
2496 3390 2735 3462 episcopi
2760 3388 3013 3458 perferat.
3044 3384 3310 3440 Formatae
3338 3391 3515 3436 autem
3563 3396 3689 3450 qua:

2098 3498 2129 3538 a
2155 3482 2472 3554 primatibus
2508 3479 2655 3535 vela
2706 3477 3111 3549 quibuscunque
3159 3472 3425 3543 epiSCOpis
3472 3470 3693 3526 clericis

2099 3576 2332 3648 propriis
2358 3574 2574 3639 dantur,
2613 3571 2847 3626 habeant
2885 3568 3027 3623 diem
3057 3560 3276 3620 Pascha:
3303 3582 3316 3617 :
3347 3561 3488 3634 quod
3514 3563 3560 3617 si
3589 3561 3692 3615 ad-

2066 3713 2075 3721 .
2099 3668 2206 3723 huc
2230 3664 2471 3735 ejusdem
2502 3663 2628 3717 anui
2650 3659 2874 3716 Paschce
2902 3658 3018 3713 dies
3043 3657 3282 3711 incertus
3305 3661 3407 3720 est,
3440 3652 3529 3706 ille
3555 3666 3695 3721 pne-

2103 3758 2303 3815 cedens
2331 3756 2669 3826 adiungatur,
2719 3751 2991 3823 quomodo
3019 3749 3157 3806 solet
3202 3756 3325 3819 post
3352 3746 3693 3803 consulatum

2102 3850 2158 3905 in
2186 3849 2412 3920 publicis
2440 3848 2604 3917 gestis
2626 3845 2840 3902 ascribi.
2870 3844 3075 3898 Placuit
3099 3850 3151 3897 et
3175 3840 3321 3907 illud,
3342 3848 3404 3894 ut
3432 3839 3695 3893 adversus

2104 3940 2412 3996 Donatistas
2459 3947 2516 3994 et
2561 3950 2819 4008 paganos,
2892 3934 2978 3988 vel
3025 3948 3213 3988 eorum
3252 3930 3691 4001 superstitiones,

2104 4030 2269 4099 legati
2298 4029 2446 4086 missi
2474 4028 2542 4083 de
2590 4027 2695 4081 hoc
2723 4025 2960 4094 glorioso
2991 4021 3239 4085 concilio,
3272 4017 3527 4089 quidquid
3559 4016 3696 4071 utile

2105 4121 2455 4192 perviderint,
2488 4118 2556 4173 de
2583 4113 2982 4185 gloriosissimis
3014 4110 3345 4181 principibus
3374 4109 3691 4177 impetrent.

2110 4213 2318 4268 Placuit
2345 4212 2505 4266 etiam
2555 4207 2747 4278 petitu
2772 4204 3011 4259 omnium
3042 4203 3439 4271 episc0porum,
3485 4203 3544 4250 ut
3571 4196 3695 4266 epio

2105 4309 2261 4365 stolis
2280 4303 2530 4360 omnibus
2565 4300 2635 4354 de
2662 4296 2894 4353 concilio
2924 4295 3113 4350 dandis
3158 4292 3417 4348 sanctitas
3445 4297 3529 4342 tua
3575 4289 3695 4342 sola

2106 4394 2426 4455 subscribat.
2486 4391 2556 4445 Et
2601 4388 3056 4456 subscripserunt.
3108 4383 3355 4437 Aurelius
3405 4380 3698 4450 episcopus

2110 4482 2547 4552 Cartliaginensis
2594 4478 2719 4532 huic
2766 4476 2984 4529 decreto
3014 4472 3287 4538 consensi,
3337 4478 3391 4524 et
3438 4468 3697 4538 praelecto

2110 4573 2425 4644 subscripsi.
2458 4569 2716 4625 Similiter
2753 4574 2808 4620 et
2846 4563 3026 4620 caeteri
3074 4560 3316 4632 episcopi
3363 4558 3699 4626 subscripse-

2110 4677 2253 4724 runt.

2332 4776 2617 4831 Concilium
2648 4776 2826 4823 contra
2852 4781 3083 4838 paganos
3109 4774 3159 4819 et
3188 4763 3473 4833 haereticos.

2181 4895 2351 4948 Basso
2400 4899 2457 4943 et
2510 4885 2755 4954 Philippo
2783 4899 2870 4935 vv.
2904 4896 2985 4936 cc.
3035 4893 3212 4933 conss.
3255 4892 3342 4930 xvi
3382 4874 3484 4929 cal.
3527 4871 3701 4927 Julias

2115 4982 2457 5050 Carthagine,
2490 4978 2541 5031 in
2571 4972 2864 5031 secretario
2912 4969 3149 5025 basilica:
3178 4967 3457 5021 restitutae.
3502 4963 3560 5016 ln
3589 4962 3701 5017 hoc

2117 5074 2350 5133 concilio
2399 5069 2725 5138 legationem
2768 5064 2961 5117 iterum
3007 5058 3244 5127 suscepit
3282 5053 3703 5111 Fortunatianus

2118 5167 2404 5237 episcopus
2424 5166 2611 5216 contra
2638 5168 2876 5226 paganos
2903 5160 2959 5206 et
2984 5150 3290 5204 hazreticos.

2264 5278 2399 5331 Item
2425 5271 2699 5327 concilium
2727 5276 2907 5321 contra
2926 5279 3159 5335 paganos
3186 5270 3237 5315 et
3264 5259 3549 5315 liaareticos.

2194 5391 2359 5445 Basso
2389 5394 2444 5441 ct
2471 5383 2716 5452 Philippo
2744 5396 2833 5435 vv.
2887 5393 2969 5432 cc.
3018 5390 3199 5430 conss.
3232 5385 3286 5427 ιιι
3314 5372 3428 5425 idus
3450 5370 3703 5427 Octobris

2122 5481 2464 5548 Carthagine.
2509 5477 2563 5530 in
2584 5473 2877 5529 secretario
2904 5469 3138 5525 basilice
3181 5466 3455 5521 restituta).
3487 5464 3543 5518 ln
3592 5466 3704 5521 hoc

2123 5574 2358 5632 concilio
2385 5574 2739 5638 susceperunt
2779 5563 3102 5634 legationem
3153 5559 3451 5614 Restitutus
3488 5564 3542 5611 et
3571 5556 3702 5611 Flo-

2124 5664 2330 5721 rentius
2375 5658 2615 5731 episcopi
2662 5662 2849 5710 contra
2902 5664 3141 5723 paganos
3205 5656 3260 5703 ct
3304 5648 3585 5703 haereticos
3630 5662 3706 5703 eo

2127 5770 2369 5830 tempore
2422 5770 2528 5824 quo
2581 5751 2807 5807 Severus
2859 5756 2912 5802 et
2951 5744 3213 5800 Macarius
3244 5744 3414 5817 occisi
3460 5752 3603 5809 sunt,
3646 5752 3705 5797 ct
