3982 6196
278 302 380 359 117

1259 304 1477 362 CODEX
1514 304 1843 363 CANONUM
1884 303 2591 360 ECCLESIASTICORUM.

3447 310 3552 365 2I8

280 426 507 488 propter
531 427 719 473 eorum
748 431 965 471 causam
1002 413 1259 481 Evodius,
1290 414 1569 481 Theasius,
1599 424 1653 470 ct
1679 413 1863 469 Victor
1893 419 1936 472 Α
2036 429 2279 490 agamus,
2309 413 2400 467 sed
2424 414 2594 490 etiam
2639 413 2965 490 dilectionem
3022 414 3171 471 nobis
3216 419 3455 490 inspirat,
3497 431 3554 475 ut

282 510 528 582 episcopi
557 509 681 565 caesi
702 517 848 563 sunt.

593 618 881 675 Concilium
910 617 973 670 de
1001 608 1293 687 cognitione
1319 608 1564 686 episcopi.

360 732 514 793 CVII.
544 731 958 789 Gloriosissimis
1010 732 1423 801 imperatoribus
1456 730 1694 785 llonorio
1722 746 1791 785 vn
1819 740 1873 785 et

283 824 599 882 Theodosio
617 842 674 881 ιιι
695 825 833 894 Aug.
863 839 1069 886 conss,
1094 840 1201 878 xvn
1221 824 1323 878 cal.
1355 823 1524 879 Julias
1549 822 1873 892 Carthagine

283 915 342 970 in
366 915 589 971 basilica
619 915 857 984 regionis
900 913 1168 968 secundae.
1203 913 1260 967 In
1291 914 1394 967 hoc
1420 915 1649 968 concilio
1677 914 1876 983 placuit

284 1013 348 1060 ut
392 1022 503 1059 non
546 1005 650 1059 sibi
702 1020 839 1058 unus
878 1005 1164 1073 episcopus
1222 1004 1452 1058 vindicet
1490 1004 1869 1071 cognitionem.

284 1094 448 1151 Gesta
478 1096 639 1165 hujus
657 1096 872 1151 concilii
895 1096 1016 1151 ideo
1045 1111 1154 1151 non
1178 1096 1457 1165 descripsi,
1480 1097 1734 1167 quoniam
1758 1112 1876 1168 pro~

285 1187 544 1251 vinciale,
572 1198 684 1242 non
716 1188 1016 1243 universale
1044 1188 1377 1245 celebratum
1404 1199 1504 1245 est.

661 1298 950 1353 Concilium
978 1309 1159 1353 contra
1184 1299 1507 1354 Donatistas.

358 1402 493 1460 Post
540 1406 878 1461 consulatum
932 1408 1440 1477 gloriosiss’lmorum
1492 1406 1874 1482 imperatorum

284 1494 517 1553 Honorii
546 1514 637 1553 vm
668 1506 725 1553 et
750 1498 1038 1555 Theodosii
1068 1510 1123 1555 ιιι
1156 1503 1350 1574 Angg.,
1382 1512 1508 1558 xvtn
1558 1505 1660 1559 cal.
1707 1503 1875 1560 Julias

284 1587 617 1659 Carthagine
640 1590 694 1643 in
723 1591 943 1647 basilica
974 1594 1208 1663 regionis
1236 1595 1505 1649 secundae.
1537 1594 1595 1649 In
1628 1597 1731 1651 hoc
1753 1612 1877 1652 con-

284 1678 414 1734 cilio
443 1680 773 1747 legationem
803 1692 1157 1751 susceperunt
1186 1694 1374 1739 contra
1403 1684 1726 1751 Donatistas,
1748 1686 1874 1742 Flo-

2045 484 2180 552 quod
2205 485 2392 536 scimus
2420 484 2631 553 implere
2653 484 2936 571 valeamus.

2048 590 2204 647 CXII.
2238 590 2367 645 Item
2394 592 2632 661 quisquis
2673 592 2868 648 dixerit
2908 596 3149 651 eamdem
3204 599 3431 667 gratiam
3463 599 3556 654 Dct

1976 692 2075 754 per
2101 681 2283 741 Jesum
2310 680 2579 736 Christum
2608 683 2891 738 Dominum
2918 696 3164 741 nostrum
3204 698 3424 759 propter
3453 691 3558 744 hoc.

1980 781 2184 829 tantum
2229 780 2328 829 nos
2372 773 2625 841 adjuvare
2666 775 2732 829 ad
2782 792 2889 829 non
2916 778 3274 846 peccandum,
3307 780 3431 848 quia
3461 792 3557 851 per

1978 865 2147 934 ipsam
2178 864 2333 917 nobis
2362 864 2649 928 revelatur,
2683 871 2739 918 et
2767 866 3006 934 aperitur
3035 868 3382 935 intelligentia
3406 880 3559 925 man-

1978 953 2250 1022 datorum,
2279 962 2340 1009 ut
2368 954 2599 1009 sciamus
2628 954 2756 1024 quid
2786 964 3066 1025 appetere,
3098 958 3226 1028 quid
3255 960 3427 1015 vitare
3465 960 3560 1016 de-

1976 1040 2245 1099 beamus:
2280 1060 2385 1099 non
2433 1054 2612 1098 autem
2657 1060 2753 1114 per
2798 1045 2942 1100 illam
2990 1047 3150 1102 nobis
3190 1050 3452 1119 praestari,
3501 1058 3560 1106 ιιι

1978 1133 2121 1202 quod
2154 1134 2456 1187 faciendum
2496 1135 2909 1201 cognoverimus
2937 1137 3099 1191 etiam
3146 1137 3327 1194 facere
3366 1139 3556 1208 diligat-

1977 1237 2097 1276 mus
2125 1231 2287 1292 atque
2315 1222 2608 1289 valeamus,
2641 1225 2928 1279 anathema
2962 1228 3053 1281 sit.
3083 1227 3384 1303 Cumenim
3415 1231 3560 1286 dicat

1977 1311 2295 1382 Apostolus,
2331 1312 2567 1368 Scientia
2618 1314 2799 1383 inﬂat,
2848 1316 3081 1373 Charitas
3128 1334 3258 1374 vero
3308 1320 3558 1386 aediﬁcat,

1977 1402 2131 1458 valde
2160 1403 2381 1473 impium
2410 1411 2493 1460 est
2540 1414 2599 1459 ut
2654 1405 2935 1461 credamus
2984 1408 3048 1461 ad
3079 1422 3197 1463 eam
3244 1424 3363 1478 qua:
3411 1410 3561 1463 inﬂat

1978 1508 2078 1549 nos
2107 1494 2307 1548 habere
2351 1494 2577 1564 gratiam
2606 1494 2835 1560 Christi,
2880 1495 2948 1550 ad
2991 1512 3110 1551 eam
3165 1513 3284 1567 qua:
3330 1498 3561 1555 mdilicat

1978 1599 2086 1639 non
2116 1585 2315 1640 habere
2340 1603 2352 1637 :
2388 1601 2509 1640 cum
2528 1586 2619 1657 ,sit
2648 1594 2936 1655 utrumque
2962 1587 3164 1641 donum
3196 1588 3309 1653 Dei,
3344 1594 3399 1643 et
3425 1590 3562 1643 scire

1977 1674 2104 1744 quid
2152 1674 2332 1730 facere
2379 1677 2690 1741 debeamus,
2740 1684 2795 1730 et
2820 1675 3045 1744 diligere
3076 1687 3133 1731 ut
3179 1678 3454 1744 faciamus,
3505 1687 3562 1733 ut

286 1772 517 1838 muns,
551 1770 847 1838 possimus,
878 1772 1182 1845 pmidius,
1205 1784 1259 1831 ει
1288 1775 1590 1833 Benenams
1612 1779 1870 1849 episcopi,
1903 1792 1951 1852 B
1975 1764 2272 1821 :cdiﬂcante
2301 1766 2564 1821 charitatc
2601 1766 2825 1820 scientia
2864 1782 2970 1821 non
3006 1768 3178 1836 possit
3232 1765 3438 1822 inﬂare.
3477 1768 3562 1823 Si-

288 1878 357 1920 eo
401 1872 653 1935 tempore
698 1880 808 1935 quo
852 1865 942 1920 lex
988 1866 1117 1941 data.
1160 1874 1264 1930 est,
1310 1874 1370 1922 ut
1403 1868 1574 1924 libera
1601 1869 1879 1926 voluntate

287 1956 410 2027 quis
436 1956 643 2012 cultum
672 1957 1090 2013 Christianitatis
1120 1959 1418 2030 exciperet.

419 2067 713 2125 Concilium
740 2081 921 2127 contra
943 2070 1178 2125 haeresim
1204 2069 1411 2143 Pelagii
1431 2079 1480 2126 et
1508 2071 1750 2128 Cwlestii.

353 2178 540 2235 CVIII.
567 2179 981 2236 Gloriosissimis
1009 2180 1426 2251 imperatoribus
1462 2182 1702 2239 Honorio
1726 2201 1800 2242 xu
1822 2193 1879 2240 et

283 2268 602 2326 Theodosio
648 2288 705 2327 ιι
752 2272 923 2341 Augg.
964 2288 1169 2337 ροηδε..
1216 2274 1319 2329 cal.
1358 2274 1527 2331 Maias
1553 2276 1879 2346 Carthagine

1979 1864 2071 1911 cut
2096 1865 2275 1911 autem
2316 1856 2382 1911 de
2417 1857 2526 1911 Deo
2548 1857 2805 1926 scriptum
2837 1865 2947 1921 est,
2978 1857 3079 1923 Qui
3101 1858 3263 1912 docet
3289 1857 3563 1912 hominem

1975 1945 2279 2012 scientiam,
2305 1948 2377 2001 ita
2400 1949 2561 2002 etiam
2577 1948 2837 2017 scriptum
2860 1956 2961 2013 est,
2980 1948 3227 2003 Charitas
3244 1965 3309 2005 ex
3324 1948 3437 2005 Deo
3458 1961 3560 2005 est.

2035 2054 2185 2120 Quod
2212 2058 2324 2112 sine
2357 2057 2450 2111 Dei
2480 2059 2649 2127 gratia
2680 2057 2812 2110 nihil
2841 2056 2961 2111 boni
2985 2060 3239 2127 possimus
3270 2060 3503 2129 implere.

2048 2139 2225 2204 CXIII.
2274 2148 2404 2203 Item
2436 2149 2637 2218 placuit
2667 2157 2724 2203 ut
2752 2148 3059 2219 quicunque
3087 2151 3286 2205 dixerit
3316 2152 3438 2207 idco
3471 2170 3563 2210 no-

1975 2242 2059 2299 bis
2087 2242 2313 2311 gratiam
2340 2240 2744 2309 iustiﬁcationis
2774 2240 2911 2309 dari,
2954 2250 3011 2295 ut
3037 2242 3161 2311 quid
3188 2241 3365 2298 facere
3392 2243 3562 2300 libero

281 2361 337 2415 in
364 2363 670 2417 secretario
696 2331 933 2417 basili'é'm
961 2331 1168 2418 Fausti:
1215 2362 1349 2419 Cum
1376 2365 1629 2422 Aurelius
1670 2331 1880 2438 epigcd;
1973 2331 2223 2403 iubemur
2252 2331 2496 2397 arbitrio,
2527 2331 2734 2436 facilius
2760 2333 3029 2438 possimus
3069 2332 3290 2402 implere
3318 2347 3560 2438 pergra-

280 2466 380 2521 pus
411 2452 707 2508 universali
736 2454 967 2509 concilio
992 2456 1343 2522 consedisset,
1361 2458 1659 2515 astantibus
1687 2458 1875 2514 diaco-

278 2542 385 2605 nis,
416 2540 623 2611 placuit
649 2543 896 2599 omnibus
952 2544 1240 2614 episcopis,
1289 2561 1520 2615 quorum
1569 2549 1790 2604 nomina
1820 2558 1876 2604 et

277 2634 710 2703 subscriptiones
737 2635 921 2690 indita:
944 2646 1089 2704 sunt,
1125 2638 1178 2693 in
1204 2649 1391 2695 sancta
1422 2641 1627 2711 synodo
1656 2640 1877 2698 Cartha-

278 2721 531 2791 ginensis
552 2722 807 2779 Ecclesia:
829 2728 1159 2783 constitutis.

451 2833 606 2899 Quod
634 2836 801 2890 Adam
828 2854 932 2892 non
959 2840 1026 2892 sit
1057 2841 1225 2910 {actus
1252 2856 1283 2893 α
1316 2840 1425 2897 Deo
1450 2845 1705 2899 mortalis.

349 2925 491 2981 CIX.
529 2925 600 2981 Ut
627 2929 936 2999 quicunque
981 2929 1111 2984 dicit
1139 2931 1310 2988 Adam
1341 2933 1570 3003 primum
1601 2935 1874 2991 hominem

276 3025 573 3080 mortalem
601 3024 822 3091 factum,
857 3027 930 3080 ita
960 3034 1018 3080 nt
1045 3028 1159 3082 sive
1186 3037 1442 3098 peccaret
1466 3030 1579 3085 sive
1606 3046 1717 3086 non
1744 3046 1873 3101 pec-

275 3125 451 3182 caret,
493 3126 803 3172 moreretur
833 3119 885 3172 in
929 3134 1183 3189 corpore,
1235 3120 1339 3176 hoc
1387 3129 1487 3187 est,
1531 3121 1601 3176 de
1642 3136 1873 3192 corpore

276 3208 475 3275 exiret,
508 3224 619 3263 non
650 3210 858 3279 peccati
886 3211 1101 3278 merito,
1153 3210 1250 3266 sed
1280 3212 1603 3269 necessitate
1642 3223 1869 3282 natum,

275 3299 574 3354 anathema
604 3301 694 3355 sit.

278 3411 436 3481 Quod
456 3418 661 3487 paruuli
700 3420 754 3473 in
783 3428 1106 3489 peccatorum
1135 3422 1492 3477 remissionem
1528 3419 1868 3493 baptizentur.

347 3506 469 3564 CX.
497 3509 633 3564 item
676 3513 899 3582 placuit,
931 3508 988 3567 ut
1015 3513 1319 3584 quicunque
1345 3515 1598 3586 parvulos
1626 3524 1873 3572 recentes

276 3599 346 3653 ab
373 3600 547 3655 uteris
582 3610 813 3656 matrum
839 3602 1188 3674 baptizandos
1216 3615 1397 3674 negat,
1429 3613 1523 3659 aut
1550 3606 1678 3661 dicit
1705 3607 1757 3660 in
1787 3621 1873 3662 re-

276 3689 595 3744 missionem
640 3690 856 3761 quidem
897 3702 1245 3763 peccatorum
1294 3709 1390 3749 eos
1431 3695 1726 3766 baptizari,
1774 3696 1871 3753 sed

282 3779 412 3832 nihil
441 3796 509 3834 ex
542 3779 713 3834 Adam
762 3782 977 3837 trahere
1004 3783 1281 3851 originalis
1328 3788 1558 3855 peccati,
1598 3787 1745 3858 quod
1791 3787 1870 3843 la-

273 3878 439 3925 vacro
468 3872 903 3937 regenerationis
956 3875 1222 3944 capietur,
1264 3875 1408 3931 unde
1435 3876 1505 3931 sit
1533 3892 1870 3948 consequens

274 3962 414 4015 utin
443 3960 527 4016 eis
574 3961 745 4015 forma
793 3961 1131 4032 baptismatis
1174 3961 1230 4019 in
1271 3965 1644 4022 remissionem
1676 3984 1871 4039 pecca-

274 4060 452 4108 torum
475 4068 588 4108 non
615 4070 770 4123 vera,
798 4054 896 4135 sed
925 4054 1056 4111 falsa
1086 4056 1436 4127 intelligatur,
1462 4060 1751 4115 anathema
1773 4055 1864 4117 sit.

274 4142 541 4211 Quoniam
574 4160 682 4198 non
712 4145 869 4199 aliter
916 4145 1321 4216 intelligendum
1351 4158 1434 4204 est
1457 4150 1601 4220 quod
1630 4151 1707 4205 ait
1732 4152 1869 4222 Apo-

273 4236 443 4289 stolus
474 4254 487 4288 :
522 4234 631 4289 Per
682 4250 842 4290 unum
896 4236 1169 4292 hominem
1218 4248 1498 4308 peccatum
1548 4241 1766 4297 intravit
1812 4243 1867 4298 in

274 4325 556 4390 niundum,
602 4330 659 4379 et
702 4340 799 4394 per
840 4332 1323 4395 peccatum‘mors,
1376 4338 1431 4384 et
1461 4330 1534 4384 ita
1577 4332 1630 4385 in
1676 4347 1865 4388 omnes

272 4416 520 4473 homines
550 4416 879 4485 pertransiit,
906 4413 957 4471 in
987 4432 1096 4486 quo
1126 4433 1314 4473 omnes
1339 4429 1737 4489 peccaverunt;
1765 4422 1865 4477 nisi

270 4507 727 4579 quemadmodum
799 4501 1036 4607 Ecclesia
1093 4504 1361 4607 catholica
1419 4508 1615 4578 ubique
1672 4509 1860 4607 dill‘usa
1890 4548 1939 4607 υ

269 4616 482 4671 semper
527 4598 812 4653 intellexit.
844 4592 1073 4669 Propter
1112 4594 1252 4654 hanc
1297 4599 1439 4654 enim
1469 4600 1707 4667 regulam
1739 4598 1862 4656 fidei

269 4692 429 4744 etiam
459 4686 697 4760 parvuli,
727 4689 816 4758 qui
848 4690 980 4744 nihil
1008 4700 1351 4759 peccatorum
1375 4690 1428 4744 in
1457 4691 1664 4761 seipsos
1690 4692 1862 4747 adhuc

270 4782 614 4836 committere
641 4787 950 4850 potuerunt,
981 4779 1104 4835 ideo
1134 4781 1184 4834 in
1216 4788 1561 4849 peccatorum
1584 4781 1860 4836 remissio—

267 4889 389 4929 nem
421 4868 696 4927 veraciter
722 4866 1085 4941 baptizantur,
1118 4880 1179 4926 ut
1225 4873 1277 4927 in
1319 4873 1397 4927 eis
1450 4874 1859 4942 regeneratione

266 4964 577 5027 mundetur,
604 4962 749 5032 quod
779 4963 1126 5031 generatione
1158 4972 1459 5018 traxerunt.

264 5078 419 5145 Quod
456 5081 637 5151 gratia
662 5078 758 5151 Dei
793 5096 897 5132 non
925 5081 1093 5135 solum
1135 5082 1487 5134 remissionem
1529 5082 1707 5135 tribuit
1733 5098 1854 5151 pec-

332 5148 605 5216 catorum,
644 5148 736 5203 sed
784 5151 937 5205 etiam
982 5160 1193 5223 praestat
1242 5150 1581 5222 adjutorium,
1634 5168 1698 5204 ne
1733 5148 1855 5221 pec-

337 5232 500 5275 retur.

332 5310 470 5367 CX].
506 5311 639 5367 Item
689 5311 889 5380 placuit
936 5319 993 5365 ut
1043 5310 1351 5381 quicunque
1387 5309 1582 5366 dixerit
1625 5310 1850 5379 gratiam

258 5402 378 5468 Dei,
423 5417 530 5473 qua
565 5400 894 5470 justiﬁcatur
920 5401 1081 5455 homo
1113 5416 1208 5471 per
1233 5400 1413 5456 Jesnm
1440 5398 1709 5454 Christum
1741 5400 1848 5456 Do-

257 5496 469 5550 minum
502 5503 768 5560 nostrum,
799 5492 866 5546 ad
895 5492 1065 5546 solam
1103 5492 1477 5547 remissionem
1507 5499 1852 5561 peccatorum

255 5585 466 5650 valere,
496 5598 614 5652 qua:
639 5583 749 5651 jam
783 5582 1068 5638 commissa
1098 5590 1243 5648 sunt,
1278 5598 1384 5637 non
1416 5581 1578 5636 etiam
1606 5583 1675 5637 ad
1702 5582 1852 5653 adju-

256 5677 461 5730 toriutn
490 5684 547 5729 ut
574 5691 679 5731 non
705 5674 1135 5739 committantur,
1168 5672 1457 5727 anathema
1479 5672 1567 5726 sit.

264 5788 419 5854 Quod
458 5790 629 5862 gratia
664 5786 855 5845 Christi
888 5803 986 5845 non
1018 5785 1181 5845 solum
1224 5785 1491 5844 scientiam
1525 5783 1703 5843 tribuit
1735 5784 1853 5853 quid

1979 2426 2127 2491 tiam,
2157 2435 2409 2494 tanquam
2434 2428 2488 2478 et
2514 2424 2559 2478 si
2589 2424 2758 2491 gratia
2788 2440 2893 2479 non
2939 2423 3177 2489 daretur,
3211 2441 3315 2479 non
3346 2425 3560 2495 quidem

1976 2516 2156 2583 facile,
2203 2515 2298 2570 sed
2348 2522 2526 2569 tamen
2572 2516 2838 2585 possimus
2876 2515 3036 2570 etiam
3066 2515 3181 2570 sine
3222 2516 3307 2569 illa
3340 2517 3561 2586 imploro

1976 2605 2154 2660 divina
2186 2604 2458 2669 mandata,
2507 2605 2793 2660 anathema
2841 2604 2928 2659 sit.
2983 2605 3058 2661 De
3110 2605 3369 2660 fructibus
3416 2608 3559 2662 enim

1977 2697 2352 2751 mandatorum
2380 2696 2636 2752 Dominus
2669 2698 3002 2767 loquebatur,
3030 2699 3119 2753 ubi
3164 2716 3265 2752 non
3301 2701 3395 2765 ait,
3426 2694 3559 2756 Sine

1976 2802 2064 2842 me
2093 2785 2360 2841 difﬁcilius
2391 2788 2615 2856 potestis
2648 2787 2857 2842 facere:
2892 2788 2983 2842 sed
3015 2790 3110 2869 ait,
3155 2789 3282 2845 Sine
3314 2808 3399 2845 me
3428 2791 3558 2845 nihil

1977 2876 2203 2947 potestis
2227 2876 2425 2932 facere.

1981 2987 2131 3055 Quod
2152 3007 2253 3044 non
2275 2990 2439 3044 solum
2464 2989 2689 3055 humilis,
2721 2990 2812 3045 sed
2838 3006 2994 3046 verax
3022 3003 3317 3047 sanctorum
3344 3012 3437 3050 rox
3460 2997 3559 3049 ista

2045 3070 2141 3125 est,
2174 3061 2236 3114 Si
2265 3060 2547 3114 dixerimus
2587 3064 2709 3131 quia
2736 3072 2999 3131 peccatum
3029 3080 3131 3117 non
3170 3064 3433 3131 habemus,
3465 3083 3559 3121 nos

2045 3132 2187 3201 ipsos
2210 3131 2520 3185 seducimur.

2046 3219 2227 3275 CXIV.
2275 3221 2410 3275 Item
2454 3220 2700 3290 placuit,
2744 3221 2891 3291 quod
2940 3222 3016 3277 ait
3062 3232 3281 3279 sanctus
3324 3223 3560 3282 Joannes

1974 3313 2252 3385 apostolus
2288 3311 2388 3367 :Si
2421 3313 2719 3369 dixerimus
2756 3315 2880 3383 quia
2929 3324 3209 3386 peccatum
3254 3334 3363 3372 non
3393 3319 3559 3374 hahe-

1974 3416 2113 3469 mus,
2141 3421 2240 3461 nos
2261 3406 2408 3476 ipsos
2426 3405 2743 3475 dwipimus,
2765 3415 2822 3461 et
2842 3408 3039 3463 veritas
3064 3410 3115 3463 in
3139 3409 3294 3464 nobis
3319 3426 3428 3465 non
3454 3422 3558 3476 est,

1973 3494 2218 3563 quisquis
2249 3495 2325 3548 sic
2351 3494 2720 3564 accipiendum
2751 3497 3035 3564 putaverit,
3062 3506 3122 3552 ut
3147 3498 3308 3563 dicat,
3336 3508 3559 3570 propter

1973 3584 2332 3641 humilitatem
2393 3595 2653 3657 oportere
2699 3587 2805 3642 dici
2850 3604 2952 3643 nos
2980 3604 3085 3643 non
3132 3590 3331 3646 habere
3360 3607 3559 3660 pecca-

1972 3683 2107 3743 tum,
2141 3692 2248 3732 non
2296 3675 2422 3747 quia
2452 3691 2579 3731 vere
2608 3677 2683 3732 ita
2711 3685 2814 3743 est,
2846 3679 3133 3733 anathema
3173 3679 3263 3733 sit.
3304 3680 3559 3749 Sequitur

1974 3767 2119 3821 enim
2147 3766 2426 3838 apostolus
2446 3807 2460 3832 ,
2494 3775 2552 3822 et
2576 3766 2817 3836 adjungit
2850 3786 2862 3820 :
2888 3767 2946 3822 Si
2967 3777 3147 3824 autem
3178 3768 3409 3823 confessi
3439 3769 3558 3824 fue-

1969 3859 2137 3913 rimus
2174 3868 2395 3929 peccata
2437 3866 2644 3923 nostra,
2677 3858 2844 3913 lidelis
2896 3867 2981 3913 cst
3026 3868 3081 3913 et
3102 3858 3307 3927 justus,
3343 3860 3434 3927 qui
3464 3873 3553 3915 re-

1970 3949 2151 4002 mittat
2172 3949 2329 4003 nobis
2354 3954 2599 4017 peccata,
2628 3956 2683 4002 et
2710 3946 2933 4002 mundet
2961 3964 3063 4002 nos
3089 3951 3156 4003 ab
3182 3950 3329 4003 omni
3355 3950 3544 4018 iniqui-

1970 4046 2099 4092 tate.
2142 4036 2244 4092 Ubi
2297 4037 2427 4092 satis
2455 4044 2680 4106 apparet
2718 4037 2823 4092 hoc
2865 4053 2973 4092 non
3017 4048 3222 4093 tantum
3252 4039 3549 4107 humiliter,

1968 4128 2062 4186 sed
2092 4129 2255 4185 etiam
2280 4128 2547 4183 veraciter
2571 4128 2694 4184 dici.
2741 4127 2963 4185 Poterat
2990 4132 3130 4185 enim
3155 4131 3447 4201 Apostolus
3474 4134 3557 4188 di-

1967 4236 2093 4278 cere
2135 4238 2149 4274 :
2182 4219 2239 4275 Si
2266 4219 2604 4300 dixerimus,
2637 4236 2745 4276 non
2791 4221 3053 4278 habemus
3093 4232 3412 4292 peccatum,
3453 4240 3556 4280 nos

1969 4314 2115 4382 ipsos
2142 4311 2472 4380 extollimus,
2501 4320 2557 4367 et
2586 4311 2858 4367 humilitas
2888 4312 2941 4367 in
2972 4314 3260 4375 nobisuon
3297 4323 3381 4369 est
3412 4333 3425 4369 :
3457 4316 3555 4372 sed

1966 4419 2088 4458 cum
2115 4402 2209 4468 ait,
2241 4416 2342 4457 nos
2363 4401 2508 4470 ipsos
2533 4399 2855 4470 decipimus,
2879 4410 2935 4456 et
2952 4403 3152 4457 veritas
3183 4403 3234 4458 in
3264 4404 3416 4458 nobis
3447 4420 3553 4460 non

1966 4504 2088 4560 est,
2124 4494 2257 4548 satis
2305 4492 2541 4547 ostendit
2593 4508 2715 4547 cum
2755 4494 2846 4561 qui
2890 4494 3085 4551 dixerit
3115 4512 3174 4551 se
3211 4513 3318 4552 non
3352 4498 3554 4554 habere

1964 4593 2244 4657 peccatum
2274 4598 2381 4638 non
2411 4598 2595 4637 verum
2627 4584 2794 4653 loqui,
2826 4584 2921 4639 sed
2955 4586 3168 4641 falsum.

2034 4694 2185 4761 Quod
2218 4697 2275 4750 in
2325 4698 2559 4751 oratione
2592 4695 2868 4749 Dominica
2895 4698 3064 4751 sancti
3089 4709 3180 4767 pro
3211 4714 3266 4751 sc
3295 4697 3493 4766 dicunt,

2359 4767 2575 4821 Dimitte
2604 4768 2751 4821 nobis
2780 4767 2949 4821 debita
2972 4777 3173 4823 nostra.

2034 4861 2197 4918 CXV.
2227 4863 2358 4918 Item
2399 4862 2601 4932 placuit
2664 4870 2721 4917 ut
2774 4863 3084 4934 quicunque
3111 4864 3397 4918 dixeritin
3429 4874 3544 4917 orso

1963 4955 2113 5011 tione
2142 4958 2413 5013 Dominica
2444 4958 2565 5014 ideo
2595 4957 2775 5014 didere
2820 4967 3037 5013 sanctos
3063 5000 3076 5023 ,
3130 4957 3348 5010 Dimitte
3394 4954 3550 5009 nobis

1964 5047 2146 5102 debila
2178 5059 2380 5113 neStra,
2412 5059 2469 5105 ut
2498 5066 2607 5106 non
2638 5066 2739 5121 pro
2793 5051 2983 5120 seipsis
3029 5050 3132 5103 hoc
3161 5049 3372 5112 dicant,
3422 5047 3547 5115 quia

1967 5148 2178 5194 nonest
2205 5140 2283 5194 eis
2306 5140 2416 5209 jam
2449 5141 2754 5197 necessaria
2785 5139 2882 5193 ista
2908 5139 3118 5208 petitio,
3149 5137 3242 5191 sed
3271 5152 3372 5206 pro
3403 5137 3543 5199 aliis,

1967 5228 2056 5299 qui
2081 5239 2205 5284 sunt
2234 5231 2285 5286 in
2308 5246 2405 5287 suo
2430 5233 2626 5304 popqu
2649 5240 2982 5302 peccatores,
3007 5238 3062 5284 et
3085 5228 3205 5283 ideo
3228 5244 3335 5284 non
3365 5228 3549 5287 dicere

1966 5337 2402 5391 unumquemque
2430 5332 2762 5389 sanctorum,
2789 5319 3005 5375 Dimitte
3038 5320 3166 5374 mihi
3193 5320 3383 5405 debita.
3404 5332 3547 5390 mea,

1959 5412 2077 5476 sed,
2112 5411 2329 5467 Dimitte
2358 5413 2512 5469 nobis
2540 5412 2718 5467 debita
2742 5419 2944 5474 nostra,
2972 5420 3031 5465 ut
3052 5411 3154 5466 hoc
3178 5428 3276 5484 pro
3306 5412 3424 5467 aliis
3457 5427 3548 5483 po-

1961 5506 2066 5561 tius
2092 5521 2252 5575 quam
2276 5521 2373 5577 pro
2395 5522 2453 5562 se
2477 5504 2651 5574 justus
2677 5511 2863 5574 petere
2886 5502 3232 5572 intelligatur,
3258 5503 3543 5559 anathema

1958 5599 2048 5654 sit.
2081 5596 2309 5655 Sanctus
2340 5600 2483 5654 enim
2514 5607 2568 5653 et
2604 5597 2783 5666 justus
2829 5605 2946 5654 erat
2984 5596 3260 5669 apostolus
3287 5596 3543 5663 Jacohus,

1964 5704 2087 5744 cum
2135 5688 2397 5744 dicebat:
2447 5688 2505 5744 In
2547 5689 2729 5745 multis
2781 5692 2923 5745 enim
2964 5686 3283 5745 oﬂ‘cndimus
3330 5704 3547 5744 omnes.

1964 5783 2097 5843 Nam
2129 5797 2297 5853 Quare
2343 5780 2581 5841 additum
2610 5788 2709 5850 cst,
2744 5796 2951 5881 omnes,
2986 5780 3085 5839 nisi
3111 5774 3167 5837 ul
3196 5778 3295 5836 ista
3326 5787 3537 5835 sentea‘
