3976 6196
1668 260 2026 327 DIONYSIUS
2059 262 2375 319 EXIGUUS.

3582 265 3686 319 £20

428 387 502 442 tia
524 378 836 442 conveniret
862 391 918 440 et
947 378 1188 455 psalmo,
1233 382 1321 439 ubi
1352 381 1545 450 legitur
1569 398 1591 434 .:
1622 378 1699 435 Ne
1742 380 1912 434 intres
1944 378 1997 431 in
2032 381 2081 439 Α
2104 392 2271 445 scopo
2285 375 2592 444 deputetur.
2617 372 2676 429 Si
2700 381 2883 429 autem
2911 373 2984 429 ita
3006 368 3232 443 plurima
3260 367 3380 426 loca
3406 364 3687 429 inveniun-

424 476 625 544 judicio
655 490 776 529 cum
804 489 962 529 servo
1011 483 1160 558 ιιιον⁸
1184 472 1439 540 quoniam
1484 486 1593 526 non
1620 468 1997 539 justiticabitur

428 581 484 618 ιιι
530 571 822 631 conspectu
852 572 943 617 tuo
986 561 1160 617 omnis
1190 560 1375 615 vivens
1404 577 1418 617 :
1451 568 1507 614 et
1546 560 1599 612 in
1629 559 1874 613 oratione
1912 572 2001 611 sa-

430 654 750 725 pientissimi
779 652 1078 707 Salomonis
1105 670 1117 704 :
1150 650 1265 705 Non
1312 659 1394 705 est
1424 650 1585 705 homo
1623 650 1716 718 qui
1739 665 1847 703 non
1874 664 2005 717 pec-

429 744 599 809 cavit;
626 752 681 798 et
709 744 763 796 in
788 741 926 796 libro
958 740 1130 795 sancti
1170 739 1307 795 Job:
1341 738 1399 793 In
1424 755 1586 793 manu
1627 739 1802 793 omnis
1826 736 2002 791 homi-

434 836 515 889 nis
543 834 738 903 signat,
770 840 826 888 ut
856 834 992 886 sciat
1025 832 1201 889 omnis
1229 832 1391 885 homo
1432 828 1799 883 inﬁrmitatem
1828 842 2000 882 suam.

436 921 591 979 Unde
625 922 784 976 etiam
830 922 1017 976 Daniel
1058 929 1276 977 sanctus
1316 930 1370 975 et
1405 920 1603 989 justus,
1626 934 1746 973 cum
1788 918 1842 972 in
1882 933 2005 971 ora-

433 1014 581 1066 tione
626 1011 902 1082 pluraliter
946 1010 1192 1065 diceret:
1237 1008 1618 1073 Peccavimus,
1669 1006 2005 1074 iniquitatem

432 1104 676 1169 fecimus,
708 1112 764 1158 et
791 1111 1011 1167 caetera,
1060 1116 1182 1170 quac
1221 1100 1294 1154 ibi
1339 1098 1604 1154 veraciter
1650 1104 1706 1151 et
1734 1095 2007 1149 humiliter

432 1194 718 1252 conﬁtetur
764 1212 776 1248 :
817 1209 886 1249 ne
929 1200 1246 1263 putaretur,
1293 1185 1745 1259 quemadmodum
1790 1184 2005 1255 quidam

433 1284 695 1349 sentiunt,
741 1283 848 1339 hoc
874 1299 978 1337 non
1010 1282 1077 1336 de
1104 1281 1232 1346 suis,
1276 1280 1370 1334 sed
1400 1278 1467 1332 de
1496 1276 1675 1348 populi
1717 1274 1797 1330 sui
1827 1274 2006 1344 potius

435 1372 636 1428 dixisse
665 1373 916 1443 peccatis,
953 1378 1141 1441 postea
1168 1370 1302 1424 dixit
1331 1386 1343 1421 :
1375 1366 1507 1423 Cum
1538 1380 1771 1428 orarem,
1801 1373 1856 1418 et
1876 1378 2007 1421 cene

438 1461 619 1519 titerer
646 1471 867 1532 peccata
899 1476 1040 1527 mea,
1085 1467 1139 1515 et
1168 1467 1387 1529 peccata
1418 1456 1602 1528 populi
1643 1454 1749 1509 mei
1780 1453 2006 1515 Domino

439 1554 552 1609 Deo
583 1570 722 1619 meo,
756 1553 924 1608 noluit
957 1552 1139 1607 dicere
1179 1558 1402 1621 peccata
1431 1556 1635 1611 nostra,
1663 1545 1759 1602 sed
1788 1552 2008 1616 peccata

442 1645 624 1717 pepuli
652 1646 734 1699 sui
764 1645 912 1708 dixit,
945 1653 1002 1698 et
1025 1659 1122 1698 sua
1162 1661 1175 1696 :
1217 1643 1471 1711 quoniam
1497 1638 1703 1695 futuros
1734 1638 1885 1701 istos,
1916 1635 2008 1706 qui

2108 474 2212 529 tur,
2247 466 2297 517 in
2326 464 2517 532 quibus
2549 465 2718 519 ambae
2745 474 2927 532 partes
2966 464 3211 528 fuerunt,
3247 470 3305 517 ut
3347 478 3455 517 non
3476 466 3686 533 possint

2105 556 2383 622 mqualiter
2429 554 2631 616 dividi,
2677 554 2825 608 velut
2871 553 2917 607 si
2948 553 3137 620 impari
3185 567 3410 606 numero
3454 553 3681 619 fuerint,

2106 645 2402 699 distributis
2442 645 2521 698 eis
2576 643 2706 698 locis
2769 642 2859 710 qui
2890 655 3072 710 parem
3118 640 3319 694 habent
3363 658 3681 711 numerum,

2106 736 2411 804 quicunque
2454 735 2603 789 locus
2645 732 3003 797 remanserit,
3050 731 3155 786 hoc
3198 730 3252 785 in
3296 746 3366 786 eo
3406 742 3679 795 servetur,

2105 825 2247 893 Quod
2278 824 2524 893 superius
2568 823 2772 878 dictum
2801 828 2915 887 est,
2964 836 3087 877 cum
3115 820 3185 876 de
3224 836 3335 876 uno
3366 830 3683 878 tractaretur

2109 914 2249 969 loco.

2144 1025 2213 1080 Ut
2252 1026 2297 1078 si
2328 1041 2479 1095 quant
2508 1024 2764 1078 diceeesim
2800 1024 3065 1095 episcopus
3101 1022 3165 1075 ab
3197 1023 3382 1076 haeresi
3411 1022 3640 1079 liberatis

2322 1093 2548 1149 triennio
2576 1093 2878 1164 possederit,
2908 1094 3080 1145 nullus
3106 1108 3222 1145 eam
3253 1102 3471 1160 repetat.

2179 1182 2362 1239 CXIX.
2412 1183 2543 1237 Item
2590 1182 2791 1252 placuit
2847 1189 2929 1245 ut,
2974 1181 3186 1236 etiamsi
3225 1182 3506 1250 quisquam
3564 1190 3686 1254 post

2110 1272 2254 1342 leges
2300 1272 2537 1342 aliquem
2574 1272 2754 1327 locum
2788 1270 2858 1325 ad
2902 1271 3225 1333 catholicam
3270 1272 3528 1327 unitatem
3554 1290 3685 1328 con-

2108 1363 2346 1427 verterit,
2406 1363 2450 1419 si
2474 1377 2596 1417 eum
2625 1377 2721 1432 per
2748 1360 3036 1416 triennium
3062 1361 3278 1416 nemine
3296 1372 3579 1433 repetente
3600 1379 3685 1417 re-

2110 1457 2285 1523 tinuit,
2320 1457 2539 1513 ulterius
2577 1457 2644 1512 ab
2684 1471 2749 1514 eo
2778 1472 2886 1511 non
2934 1464 3233 1526 repetatur.
3283 1456 3339 1512 Si
3370 1467 3551 1515 tannen
3593 1473 3685 1528 per

2111 1546 2283 1618 ipsum
2313 1548 2605 1602 triennium
2631 1547 2731 1601 fuit
2755 1548 3041 1617 episcopus
3069 1548 3160 1616 qui
3213 1557 3399 1618 posset
3440 1559 3687 1619 repetere

2110 1644 2165 1691 et
2195 1637 2395 1703 tacuit,
2430 1637 2794 1708 pnnjudicium
2824 1636 3059 1708 patietur
3090 1655 3102 1690 :
3134 1638 3179 1692 si
3220 1645 3401 1693 autem
3431 1655 3536 1694 non
3564 1640 3684 1708 fuit,

441 1745 553 1790 tam
590 1734 729 1789 male
775 1733 1132 1803 intelligerent
1154 1772 1170 1799 ,
1220 1740 1475 1800 tanquam
1516 1728 1785 1799 Propheta
1808 1767 1824 1794 ,
1867 1741 2006 1796 pne-
2037 1743 2086 1806 Β
2114 1743 2219 1783 non
2250 1727 2636 1798 praajudicetur
2662 1728 2892 1794 matrici,
2937 1727 3030 1783 sed
3061 1727 3245 1796 liceat,
3274 1744 3397 1784 cum
3422 1729 3575 1785 locus
3597 1746 3687 1789 ac.

438 1825 592 1881 vidit.

441 1937 594 2004 Quod
621 1938 871 1993 veraciter
894 1955 930 1991 α
958 1940 1152 1993 sanctis
1179 1937 1402 2000 dicatur,
1425 1935 1637 1991 Dimitte
1665 1934 1810 1989 nobis
1840 1931 2011 1987 debite

1122 2017 1321 2062 nostra.

510 2101 695 2156 CXVI.
725 2100 856 2157 Item
902 2099 1104 2170 placuit
1136 2107 1196 2154 ut
1222 2099 1526 2168 quicunque
1570 2097 1684 2169 ipsa
1725 2095 1887 2151 verba
1906 2096 2015 2150 Do-

440 2191 653 2247 minica:
693 2191 970 2255 orationis,
1005 2190 1095 2245 ubi
1120 2188 1366 2252 dicimus,
1409 2188 1628 2243 Dimitte
1654 2186 1809 2240 nobis
1833 2183 2012 2239 debita

438 2292 648 2349 nostra,
696 2283 769 2337 ita
799 2283 987 2337 volunt
1028 2297 1059 2336 a
1087 2272 1287 2337 sanctis
1315 2280 1443 2347 dici,
1493 2289 1553 2335 ut
1582 2278 1873 2346 humiliter,
1904 2291 2012 2331 non

438 2373 703 2429 Veraciter
725 2373 830 2427 hoc
857 2373 1084 2437 dicatur,
1115 2372 1400 2425 anathema
1427 2370 1515 2424 sit.
1548 2367 1677 2435 Quis
1706 2369 1848 2422 enim
1877 2365 2015 2420 ferat

438 2473 712 2532 Orantem,
747 2474 802 2518 ct
842 2479 950 2518 non
979 2456 1303 2528 hominibus,
1345 2461 1439 2519 sed
1468 2462 1570 2532 ipsi
1609 2460 1836 2516 Domino
1864 2474 2015 2515 meu-

442 2555 689 2621 tientem,
717 2554 808 2624 qui
836 2553 993 2609 labiis
1021 2554 1119 2609 sibi
1159 2552 1292 2609 dicit
1319 2552 1514 2609 dimitti
1544 2551 1684 2608 velle
1708 2593 1724 2619 ,
1768 2558 1822 2606 et
1852 2550 2014 2606 corde

440 2642 594 2710 dicit,
621 2658 741 2714 qua:
768 2644 869 2700 sibi
897 2644 1253 2709 dimittantur,
1283 2641 1463 2697 debita
1491 2656 1598 2696 non
1625 2640 1857 2695 habere?

732 2752 812 2809 De
835 2752 1062 2825 plebibus
1083 2752 1337 2807 conversis
1364 2768 1397 2805 α
1426 2750 1730 2806 Donatistis.

512 2843 714 2900 CXVII.
744 2844 875 2899 Item
920 2843 1155 2914 placuit,
1199 2842 1454 2913 quoniam
1492 2840 1710 2911 quidem
1752 2847 1878 2895 ante
1913 2838 2014 2893 ali-

444 2944 580 3006 quot
607 2951 775 2990 annos
798 2935 851 2989 in
882 2934 1116 2989 Ecclesia
1146 2932 1391 3003 plenario
1414 2931 1643 2987 concilio
1664 2930 2015 2985 constitutum

446 3035 617 3082 estut
658 3040 990 3096 qumcunque
1036 3023 1290 3079 Ecclesiae
1330 3022 1383 3077 in
1427 3021 1647 3077 dioecesi
1684 3019 2013 3085 constituue,

2113 1821 2315 1890 ceperit
2343 1820 2655 1890 episcopum
2674 1819 2767 1889 qui
2795 1834 2903 1874 non
2925 1818 3176 1884 habebat,
3204 1834 3272 1876 ex
3294 1820 3412 1890 ipso
3439 1819 3527 1877 die
3547 1822 3688 1879 intra

2112 1909 2399 1964 triennium
2445 1917 2711 1977 repetere.
2744 1906 2984 1977 Itemque
3010 1906 3055 1963 si
3097 1905 3261 1962 fuerit
3293 1909 3582 1979 cpiscopus
3620 1910 3690 1966 ad

2112 1998 2434 2053 catholicam
2465 2013 2535 2052 ex
2574 1996 2768 2052 Donati
2798 2005 2950 2065 parte
2978 2010 3290 2063 conversus,
3340 2013 3448 2052 non
3479 1996 3528 2052 ei
3556 2012 3691 2068 prae-

2106 2090 2311 2159 judicet
2355 2088 2676 2162 pncIinitum
2726 2098 2973 2158 tempus;
3028 2087 3123 2143 sed
3169 2102 3235 2143 ex
3280 2102 3387 2158 quo
3415 2089 3502 2144 die
3553 2104 3689 2144 con-

2111 2196 2299 2240 versus
2326 2193 2409 2238 est
2432 2222 2447 2250 ,
2497 2183 2694 2238 habeat
2743 2197 2838 2252 per
2869 2180 3157 2236 triennium
3182 2191 3505 2251 potestatem
3542 2182 3693 2255 repe-

2112 2273 2257 2328 tendi
2286 2273 2406 2329 loca
2433 2288 2556 2343 quas
2603 2273 2671 2328 ad
2699 2272 2869 2343 ipsam
2907 2273 3251 2343 pertinebant
3278 2275 3616 2330 cathedram.

2113 2385 2191 2440 De
2215 2385 2293 2439 liis
2321 2385 2409 2456 qui
2444 2387 2495 2438 in
2520 2386 2711 2455 plebes,
2741 2401 2869 2455 quas
2908 2386 2978 2438 ad
3006 2403 3061 2440 se
3090 2394 3272 2455 putant
3296 2388 3570 2455 pertinere,
3602 2390 3682 2442 in-

2290 2455 2550 2511 conventis
2581 2457 2656 2508 his
2694 2472 2726 2508 α
2752 2455 2934 2526 quibus
2967 2464 3228 2520 tenentur,
3265 2456 3530 2510 irruerint.

2181 2544 2340 2600 CXX.
2364 2546 2498 2600 Item
2528 2546 2750 2616 placuit,
2781 2552 2840 2599 ut
2883 2545 3189 2614 quicunque
3217 2546 3477 2616 episcopi,
3504 2545 3692 2616 plebes

2113 2650 2247 2705 quas
2273 2634 2343 2689 ad
2367 2649 2519 2689 suam
2548 2633 2851 2690 cathedram
2873 2634 3138 2689 aestimant
3157 2636 3443 2704 pertinere,
3473 2649 3583 2689 non
3616 2635 3693 2694 ita

2113 2734 2364 2797 repetunt
2383 2733 2441 2780 ut
2462 2739 2653 2781 causas
2672 2739 2796 2782 suas
2820 2723 3088 2795 episcopis
3114 2723 3477 2792 judicantibus
3508 2734 3689 2792 agant,

2114 2816 2208 2871 sed
2237 2816 2343 2871 alio
2369 2815 2639 2871 retinente
2667 2815 2937 2881 irruerint,
2970 2815 3084 2871 sive
3111 2802 3433 2880 volentibus,
3459 2816 3571 2871 sive
3592 2832 3694 2871 no-

2115 2908 2347 2965 lentibus
2372 2909 2633 2978 plebibus,
2666 2923 2840 2965 causa:
2859 2922 2969 2964 suae
2996 2907 3373 2963 detrimentum
3400 2908 3695 2977 patiantur.

2118 2991 2185 3053 Et
2212 2998 2517 3069 quicunque
2540 3000 2652 3069 jam
2682 3000 2787 3055 hoc
2810 2997 3073 3065 fecerunt,
3106 2998 3150 3055 si
3181 2999 3418 3056 nondum
3445 3007 3529 3055 est
3554 2999 3697 3055 inter

447 3127 572 3175 ante
603 3120 746 3188 leges
775 3119 840 3176 de
870 3120 1159 3176 Donatistis
1186 3121 1353 3184 latas,
1394 3117 1673 3173 catholicae
1703 3114 1840 3170 facta
1869 3120 2017 3181 sunt,

2127 3089 2410 3160 episcopos
2448 3088 2595 3144 ﬁnita
2633 3089 2931 3155 contentio,
2977 3088 3069 3144 sed
3098 3088 3277 3143 adhuc
3306 3088 3429 3145 inde
3468 3097 3700 3147 contem

446 3212 515 3263 ad
543 3226 639 3266 eas
662 3211 943 3266 cathedras
970 3212 1294 3281 pertineant,
1325 3224 1423 3279 per
1458 3223 1693 3277 quarum
1735 3206 2020 3275 episcopos

447 3301 650 3357 factum
698 3310 783 3356 est
825 3310 885 3356 ut
930 3301 1209 3357 catholicae
1257 3298 1451 3354 unitati
1495 3296 1955 3353 communicarent
2003 3312 2017 3348 :

448 3402 577 3463 post
622 3394 767 3463 leges
812 3402 991 3448 autem
1014 3433 1032 3457 ,
1082 3406 1418 3461 quaecunque
1443 3388 1979 3444 communicaverunt
2002 3423 2019 3450 ,

451 3485 581 3541 illuc
622 3486 927 3555 pertineant
970 3500 1080 3555 quo
1144 3483 1525 3555 pertinebant,
1579 3495 1701 3536 cum
1746 3487 1928 3535 essent
1966 3479 2022 3534 in

451 3587 606 3653 parte
646 3578 863 3633 Donati.
911 3577 1017 3633 Sed
1046 3578 1170 3647 quia
1200 3576 1382 3630 multa:
1420 3572 1800 3629 controversia:
1834 3579 2023 3641 postea

451 3672 595 3727 inter
615 3673 899 3742 episcopos
926 3670 997 3726 de
1036 3669 1356 3725 dioecesibus
1385 3676 1517 3722 orta:
1560 3674 1722 3729 sunt,
1758 3671 1815 3718 et
1843 3663 2025 3717 oriun-

448 3766 564 3829 itur,
613 3763 803 3834 quibus
831 3771 960 3817 tunc
1002 3761 1178 3816 minus
1220 3758 1428 3814 videtur
1472 3771 1593 3813 esse
1641 3762 1983 3825 prospectum
2006 3792 2023 3819 ,

450 3871 600 3912 nunc
628 3857 736 3911 isto
773 3856 1004 3910 concilio
1037 3861 1223 3909 sancto
1270 3850 1468 3921 placuit
1521 3858 1580 3903 ut
1628 3847 1931 3913 ubicunque
1974 3852 2031 3899 et

447 3947 720 4003 catholica
749 3947 873 4013 fuit,
905 3954 958 4001 et
997 3960 1122 4016 pars
1150 3944 1364 4008 Donati,
1398 3949 1452 3996 et
1476 3941 1542 3995 ad
1573 3939 1812 3994 diversas
1839 3937 2027 3992 cathe-

447 4036 582 4092 dras
629 4036 1000 4106 pertinebant,
1046 4047 1371 4103 quocunque
1419 4039 1660 4096 tempore
1708 4025 1816 4079 illic
1852 4024 2029 4078 unitas

453 4124 600 4179 facta
630 4132 712 4178 est
740 4124 827 4178 vel
867 4123 1006 4176 facta
1051 4121 1231 4186 fuerit,
1265 4120 1380 4174 sive
1404 4126 1529 4170 ante
1557 4117 1730 4183 leges,
1761 4113 1874 4167 sive
1909 4120 2031 4179 post

460 4229 625 4284 .eges.
649 4214 715 4269 ad
757 4229 874 4268 eam
900 4211 1211 4267 cathedram
1234 4210 1543 4279 pertineant
1566 4206 1632 4260 ad
1661 4219 1822 4273 quam
1842 4204 2033 4259 catho-

461 4310 565 4365 lica
589 4320 708 4378 qum
734 4307 845 4376 jam
879 4306 952 4361 ibi
982 4305 1157 4359 fuerat
1186 4302 1510 4374 pertinebat.

464 4416 544 4471 De
578 4416 872 4487 dimcesibus
904 4432 920 4469 :
951 4415 1170 4487 qualiter
1191 4431 1277 4468 eas
1305 4412 1535 4487 dividant
1562 4412 1696 4487 inter
1725 4426 1779 4464 se
1806 4409 2032 4487 episcopi

532 4497 637 4539 tam
676 4486 914 4541 catholici
963 4474 1123 4556 quam
1168 4487 1252 4556 qui
1291 4500 1356 4537 ea:
1385 4482 1579 4537 Donati
1617 4490 1765 4549 parte
1799 4474 2032 4533 semiersi
2061 4474 2107 4530 υ

532 4571 627 4609 sun
636 4566 671 4609 ε.

538 4639 768 4701 CXVIII.
795 4646 873 4701 Ita
902 4660 1052 4711 sane,
1085 4652 1143 4700 ut
1170 4644 1215 4699 si
1245 4643 1529 4714 episcopus
1553 4655 1621 4694 ex
1650 4640 1940 4695 Donatistis
1956 4638 2032 4695 ad

458 4739 787 4794 catholicam
818 4738 1076 4793 unitatem
1105 4750 1398 4794 conversus
1432 4740 1515 4788 est
1534 4769 1553 4797 ,
1593 4731 1871 4800 aequaliter
1896 4731 2036 4786 inter

459 4844 528 4885 se
580 4828 819 4885 dividant
844 4843 939 4884 eas
978 4842 1100 4898 qua:
1128 4828 1207 4882 sic
1234 4825 1431 4882 fuerint
1458 4825 1706 4891 inventa),
1750 4822 1839 4877 ubi
1866 4822 2036 4877 ambae

460 4928 651 4993 partes
663 4921 896 4985 fuerunt,
915 4918 968 4974 id
980 4926 1086 4986 est,
1108 4926 1165 4972 ut
1177 4917 1279 4970 alia
1291 4916 1405 4972 loca
1419 4916 1488 4971 ad
1502 4915 1669 4980 illum,
1686 4912 1787 4968 alia
1803 4912 1871 4967 ad
1887 4912 2035 4968 illum

465 5013 793 5082 pertineant,
828 5013 901 5066 ita
939 5019 1002 5066 ut
1030 5009 1120 5065 ille
1148 5007 1375 5073 dividat,
1398 5006 1490 5077 qui
1518 5005 1748 5076 amplius
1778 5003 2035 5074 temporis

466 5104 525 5158 in
548 5103 861 5173 episcopatu
903 5101 1066 5159 habet
1088 5142 1102 5167 ,
1138 5108 1197 5156 et
1226 5099 1404 5157 minor
1431 5097 1613 5169 eligat.
1644 5093 1796 5162 Quod
1824 5094 1870 5149 si
1899 5092 2038 5148 forte

466 5208 606 5247 unus
634 5191 795 5250 fuerit
818 5194 987 5259 locus,
1022 5191 1091 5247 ad
1121 5206 1245 5247 eum
1275 5189 1545 5261 pertineat
1575 5186 1661 5243 cui
1689 5185 1919 5241 vicinior
1958 5183 2039 5239 in-

467 5283 703 5339 venitur.
743 5282 897 5350 Quod
922 5284 969 5341 si
993 5284 1255 5340 ambabus
1282 5280 1559 5338 cathedris
1586 5276 1866 5346 mqualiter
1904 5273 2039 5329 vici—

466 5368 720 5441 nus‘est,
760 5374 828 5429 ad
869 5390 991 5430 eum
1036 5374 1341 5446 pertineat,
1390 5386 1550 5443 quem
1596 5369 1749 5439 plebs
1795 5364 2039 5433 elegerit.

469 5463 627 5531 Quod
652 5464 700 5521 si
727 5463 867 5519 forte
904 5464 1109 5535 antiqui
1148 5462 1400 5519 catholici
1427 5473 1583 5514 suum
1612 5456 1920 5527 episcopum
1942 5468 2042 5507 vo-

472 5552 670 5609 luerint
691 5592 706 5618 ,
747 5560 803 5608 et
831 5551 907 5606 illi
960 5566 1114 5607 suum
1141 5551 1236 5620 qui
1266 5566 1333 5606 ex
1382 5544 1574 5603 Donati
1603 5552 1754 5616 parte
1799 5540 2043 5597 conversi

473 5652 617 5710 sunt,
649 5643 880 5714 plurium
931 5640 1179 5697 voluntas
1226 5639 1568 5710 paucioribus
1614 5632 1943 5705 pncfcratur.
1987 5627 2044 5682 Si

472 5747 653 5796 autem
685 5745 863 5809 partes
904 5734 1134 5808 mqualcs
1164 5741 1303 5803 sunt,
1354 5729 1573 5801 majoris
1624 5725 1879 5794 temporis
1929 5720 2043 5792 cpi-

2121 3180 2293 3249 dunt,
2324 3181 2416 3238 ille
2466 3180 2590 3235 inde
2632 3178 2907 3246 discedat,
2957 3192 3115 3247 quem
3147 3177 3448 3233 constiterit
3475 3184 3701 3246 praeter-

2125 3271 2302 3327 missis
2326 3269 2544 3340 judiciis
2581 3268 2960 3325 ecclesiasticis
3000 3268 3238 3323 irruisse.
3273 3267 3382 3323 Nec
3422 3267 3523 3322 sibi
3548 3267 3704 3337 quis-

2121 3377 2226 3433 que
2252 3361 2576 3425 blandiatur,
2602 3361 2646 3416 si
2675 3376 2706 3415 a
2727 3360 2973 3432 primate,
3008 3367 3066 3414 ut
3094 3360 3343 3424 retineat,
3371 3359 3576 3413 litteras
3607 3359 3705 3413 iut-

2124 3455 2348 3527 petrarit
2372 3496 2387 3521 ,
2438 3453 2532 3509 sed
2560 3454 2672 3509 sive
2698 3454 2894 3508 habeat
2922 3452 3150 3517 litteras,
3199 3452 3313 3507 sive
3341 3468 3449 3507 non
3477 3452 3705 3516 habeat,

2124 3543 2410 3599 conveniat
2438 3556 2560 3598 eum
2593 3541 2681 3611 qui
2722 3550 2888 3607 tenet,
2920 3551 2975 3595 et
3001 3539 3116 3610 ejus
3144 3542 3349 3595 litteras
3372 3540 3621 3611 accipiat,
3646 3549 3709 3597 ut

2126 3650 2247 3690 eum
2277 3644 2537 3705 appareat
2565 3632 2789 3703 paciﬁcc
2822 3633 3053 3688 tenuisse
3078 3629 3374 3686 Ecclesium
3404 3630 3469 3684 ad
3495 3646 3553 3685 se
3578 3646 3706 3700 pcr-

2129 3725 2406 3781 tinentem.
2450 3722 2505 3779 Si
2541 3733 2719 3778 autem
2750 3723 2981 3794 aliquam
3024 3723 3373 3791 quaestionem
3419 3722 3706 3788 retulerit,

2128 3829 2226 3884 per
2255 3813 2540 3884 episcopos
2564 3813 2769 3882 judices
2815 3827 2974 3867 causa
3028 3810 3241 3866 Iiniatur
3273 3829 3284 3863 :
3327 3812 3438 3865 sive
3467 3825 3603 3879 quos
3628 3811 3710 3865 eis

2130 3907 2384 3977 primates
2429 3904 2675 3960 dederint
2705 3942 2721 3969 ,
2769 3903 2881 3958 sive
2921 3917 3057 3972 quos
3101 3902 3201 3972 ipsi
3231 3901 3437 3955 vicinos
3477 3916 3544 3956 ex
3573 3916 3708 3956 con—

2129 4012 2293 4053 sensu
2319 3996 2597 4065 elegerint.

2273 4087 2351 4141 De
2380 4088 2457 4141 Itis
2478 4088 2563 4159 qui
2587 4086 2754 4156 plebes
2776 4086 2844 4139 ad
2872 4103 2925 4139 se
2950 4088 3259 4156 pertinentes
3282 4085 3562 4155 negligant.

2201 4177 2387 4233 CXXI.
2419 4179 2554 4233 Item
2604 4176 2805 4248 placuit
2845 4186 2903 4231 ut
2953 4176 3257 4247 quicunque
3287 4175 3559 4243 negligant
3590 4172 3711 4228 loca

2133 4268 2204 4323 ad
2228 4284 2378 4324 suam
2408 4267 2722 4324 cathedram
2754 4266 3099 4337 pertinentia,
3132 4266 3182 4319 in
3225 4264 3548 4319 catholicam
3588 4264 3711 4317 uni-

2135 4368 2300 4415 tatem
2348 4359 2585 4424 lucrari,
2630 4357 3019 4412 conveniantur
3055 4371 3085 4410 a
3132 4353 3472 4424 diligentibus
3517 4352 3714 4408 vicinis

2135 4450 2423 4523 episcopis,
2456 4458 2516 4503 ut
2558 4447 2611 4502 id
2641 4460 2799 4515 agere
2829 4461 2936 4500 non
2965 4453 3264 4499 morentur.
3302 4440 3456 4508 Quod
3498 4442 3540 4497 si
3572 4441 3714 4494 intra

2137 4554 2234 4594 sex
2261 4552 2473 4593 menses
2514 4552 2545 4590 a
2590 4535 2676 4590 die
2706 4533 3077 4590 conventionis
3121 4547 3228 4586 non
3260 4530 3573 4595 effecerint,
3621 4530 3717 4598 qui

2136 4633 2373 4707 potuerit
2401 4644 2465 4685 ea
2505 4629 2741 4694 lucrari,
2789 4626 2854 4680 ad
2885 4626 3059 4696 ipsum
3088 4624 3411 4695 pertineant.
3454 4622 3530 4675 Ita
3559 4635 3713 4681 sane,

2140 4734 2199 4779 ut
2226 4723 2269 4779 si
2299 4723 2389 4778 ille
2436 4720 2504 4775 ad
2533 4734 2696 4789 quem
2745 4717 3068 4789 pertinuisse
3094 4714 3433 4775 videbantur,
3484 4711 3719 4782 probare

2140 4812 2377 4884 potuerit
2403 4809 2572 4878 magis
2598 4807 2737 4862 illius
2781 4806 3007 4860 electam
3055 4802 3432 4873 negligentiam
3463 4799 3720 4855 obhaere-

2143 4906 2284 4969 ticis,
2315 4911 2375 4958 ut
2418 4902 2636 4971 impune
2677 4898 2749 4953 ibi
2777 4897 2907 4964 sint,
2938 4903 2993 4951 et
3016 4910 3165 4949 suam
3196 4891 3523 4961 diligentiam
3553 4887 3720 4945 fuisse

2143 5002 2469 5067 praeventam
2502 5010 2515 5045 :
2548 5000 2607 5046 ut
2645 5005 2712 5045 eo
2741 4988 2902 5043 modo
2929 4985 3046 5055 ejus
3090 4999 3220 5039 cura
3259 4981 3540 5037 sollicitior
3566 4988 3721 5034 vcta-

2143 5093 2291 5141 retur
2320 5102 2333 5138 :
2362 5098 2483 5138 cum
2510 5083 2616 5137 hoc
2646 5079 2857 5149 judices
2884 5074 3123 5146 episcopi
3173 5070 3525 5140 cognoverint
3545 5106 3562 5134 ,
3608 5082 3721 5124 sum

2145 5173 2413 5231 cathedrae
2435 5172 2554 5227 loca
2579 5167 2883 5224 restituant.
2907 5166 3051 5221 Sane
3073 5164 3117 5218 si
3139 5161 3381 5233 episcopi
3426 5162 3564 5215 inter
3583 5173 3724 5228 quos

2147 5280 2309 5322 causa
2337 5272 2598 5326 versatur,
2630 5260 2963 5314 diversarum
2991 5263 3116 5310 sunt
3157 5252 3584 5325 provinciarum,
3631 5248 3724 5303 ille

2144 5356 2348 5425 primas
2366 5353 2464 5408 det
2482 5349 2715 5420 judices,
2740 5347 2792 5400 in
2823 5345 2976 5415 cujus
3015 5343 3291 5415 provincia
3335 5349 3418 5395 est
3448 5339 3598 5394 locus
3650 5336 3722 5393 de

2145 5461 2253 5515 quo
2290 5440 2651 5499 contenditur.
2683 5436 2740 5491 Si
2772 5445 2949 5491 autem
2980 5450 3045 5490 ex
3076 5430 3344 5490 communi
3373 5429 3572 5501 placito
3596 5426 3724 5481 vici~

2146 5550 2243 5591 nos
2266 5532 2473 5601 judiccs
2512 5527 2790 5598 elegerint,
2830 5535 2922 5580 aut
2965 5540 3101 5580 unus
3162 5524 3391 5592 eligatur
3441 5528 3533 5574 aut
3592 5526 3720 5582 tres,

2146 5634 2205 5681 ut
2233 5625 2278 5681 si
2308 5632 2415 5679 tres
2440 5621 2718 5690 elegerint,
2751 5629 2842 5677 aut
2871 5618 3109 5678 omnium
3137 5614 3461 5673 sententiam
3490 5626 3722 5683 sequan-

2149 5726 2255 5782 tur,
2288 5722 2377 5771 aut
2407 5713 2652 5769 duorum.
