3982 6196
590 118 617 131 α’

504 272 613 326 $25

1738 258 2090 317 DIONYSIUS
2126 254 2447 311 EXIGUUS.

3672 252 3780 305 iiii

508 384 656 452 ipsis,
688 384 755 439 de
780 399 885 453 quo
929 384 1079 455 prius
1113 380 1340 451 egerint,
1379 377 1610 448 probare
1648 388 1757 428 non
1796 370 2081 431 valuerint,
2112 373 2157 429 Α
2259 363 2496 455 Niucllus
2540 360 3013 455 [lusurrianeusis,
3052 360 3261 429 legatus
3290 362 3577 430 provincia:
3599 363 3781 418 (Σωεο-

508 476 576 528 ad
606 484 797 530 cmtera
821 475 933 545 jam
961 490 1067 528 non
1096 471 1466 531 admittantur,

767 611 865 677 Qui
894 614 962 666 ad
992 610 1335 666 testimonium
1363 604 1665 661 admitteudi
1692 610 1828 656 sunt.

581 710 814 782 CXXXI.
856 723 1044 779 Testes
1070 732 1250 777 autem
1278 719 1345 775 ad
1370 715 1729 773 testimonium
1758 728 1867 767 non
1894 709 2091 764 admit-

511 815 722 879 tendos,
763 814 854 884 qui
896 829 995 868 nec
1038 812 1108 883 ad
1146 810 1545 866 accusationem
1588 804 1793 860 admitti
1835 798 2090 872 prtecepti

509 915 653 971 sunt,
686 906 770 960 vel
798 905 959 959 etiam
1008 918 1144 973 quos
1189 903 1303 971 ipse
1351 906 1637 955 accusator
1673 895 1740 950 de
1785 909 1881 948 sua
1927 892 2088 946 domo

509 995 848 1068 produxerit.
889 994 969 1048 Ad
1012 992 1378 1049 testimoniutn
1420 997 1600 1044 autem
1629 987 1768 1041 intra
1821 998 1991 1038 annos
2023 981 2090 1033 M

508 1088 684 1141 multis
711 1101 821 1142 sua:
846 1102 954 1141 non
981 1083 1355 1139 admittuntur.

513 1226 592 1281 De
654 1228 891 1298 episcopo
936 1226 1022 1298 qui
1059 1222 1469 1298 excommunicat
1513 1232 1639 1298 cum
1703 1216 1789 1286 qui
1844 1212 1940 1268 sibi
1992 1210 2092 1267 soli

889 1291 1084 1349 crimen
1112 1293 1237 1346 dicit
1265 1307 1377 1346 esse
1403 1291 1711 1360 confessum.

580 1402 838 1457 CXXXII.
879 1403 1010 1459 Item
1036 1402 1236 1472 placuit
1265 1409 1342 1465 ut,
1375 1400 1420 1455 si
1450 1397 1665 1467 quando
1695 1397 1981 1465 episcopus
2012 1392 2096 1446 (li-

512 1495 586 1549 cit
614 1495 847 1564 aliquem
892 1494 994 1548 sibi
1023 1493 1125 1547 soli
1156 1493 1435 1561 pr0prium
1464 1489 1666 1543 crimen
1694 1488 1858 1542 fuisse
1885 1483 2095 1539 confes-

513 1598 654 1652 sum,
685 1592 845 1653 atque
873 1584 964 1638 ille
1002 1590 1200 1651 neget,
1232 1597 1339 1635 non
1382 1587 1537 1648 putet
1568 1578 1635 1631 ad
1666 1575 1913 1645 injuriam
1942 1586 2096 1627 suam

514 1673 801 1744 episcopus
832 1673 1109 1742 pertinere
1137 1669 1282 1741 quod
1335 1669 1411 1723 illi
1440 1668 1540 1722 soli
1571 1682 1676 1721 non
1707 1665 1965 1727 creditur,
1996 1661 2097 1716 etsi

2191 454 2399 516 riensis,
2429 453 2510 507 his
2537 453 2702 521 gestis
2728 452 3037 521 subscripsi.

2263 543 2576 597 Laurentius
2627 542 2955 607 lcositanus,
3007 543 3215 612 legatus
3260 545 3551 614 provincia:
3597 545 3799 607 Cmsa-.

2190 633 2398 698 riensis,
2426 633 2506 688 his
2533 633 2699 701 gestis
2718 633 3027 701 subscripsi.

2260 722 2613 778 Numerianus
2658 722 3057 791 Rusguriensis,
3089 722 3300 795 legatus
3340 728 3630 797 provincia:
3660 729 3782 784 Ca:-

2189 813 2463 876 sariensis,
2494 813 2573 868 his
2594 813 2760 881 gestis
2788 813 3096 884 subscripsi.

2264 903 2373 959 Leo
2410 904 2715 969 Moctensis,
2748 904 2956 973 legatus
2983 905 3273 975 provincia:
3299 907 3661 979 Caesariensis,
3691 912 3781 969 bis

2189 998 2355 1067 gestis
2376 996 2685 1067 subscripsi.
3596 1018 3601 1021 >
3742 1040 3747 1043 ,

2264 1091 2412 1145 Alius
2441 1090 2571 1159 Leo,
2607 1092 2812 1161 legatus
2848 1097 3137 1169 provincia:
3182 1090 3467 1163 Sitifensis,
3500 1096 3584 1153 bis
3611 1100 3781 1169 gestis

2192 1184 2501 1254 subscripsi.

2264 1273 2332 1327 Et
2358 1276 2537 1329 caueri
2576 1277 2813 1349 episc0pi
2840 1278 2947 1332 227
2973 1280 3222 1335 similiter
3246 1282 3700 1353 subscripserunt.

2264 1367 2540 1439 Philippus
2564 1370 2863 1442 presbyter,
2886 1372 3094 1440 legatus
3116 1371 3367 1428 Ecclesia:
3396 1374 3669 1439 Romamn,
3693 1375 3781 1429 his

2193 1458 2361 1529 gestis
2385 1474 2416 1512 a
2445 1460 2600 1515 nobis
2626 1461 2928 1517 recollectis
2952 1462 3264 1533 subscripsi.

2266 1572 2475 1627 Asellus
2515 1574 2814 1645 presbyter,
2846 1574 3053 1644 legatus
3098 1558 3353 1630 Ecclesia:
3382 1574 3657 1641 Romanae,
3692 1575 3779 1631 his

2197 1661 2362 1729 gestis
2382 1662 2691 1735 subscripsi,
2716 1678 2834 1733 qua:
2863 1678 2958 1733 per
2988 1680 3085 1719 nos
3114 1664 3317 1719 directa
3347 1672 3490 1718 sunt.

512 1728 769 1832 scrupulo
798 1728 1030 1832 propria:
1072 1728 1418 1816 conscientia:
1444 1773 1502 1813 se
1530 1757 1660 1812 dicit
1695 1754 1911 1823 neganti
1950 1752 2095 1807 nolle

2224 1771 2392 1857 'ucipit
2419 1776 2640 1857 epistola
2662 1775 2724 1828 ab
2752 1778 2891 1857 omni
2926 1777 3145 1831 concilio
3174 1775 3427 1857 Africano
3450 1775 3518 1827 ad
3557 1775 3778 1857 Bonifa-

513 1851 932 1907 communicare.

518 1990 588 2047 Ut
605 2008 705 2046 uon
724 2001 909 2045 (emere
924 2006 1223 2063 quemquam
1248 1990 1603 2045 communione
1621 1987 1782 2055 privet
1802 1985 2090 2054 episcopus.

588 2102 870 2158 CXXXIII.
913 2101 1158 2169 Quaudiu
1206 2100 1673 2156 excommunicato
1704 2111 1813 2152 non
1854 2109 2098 2150 commu-

514 2192 774 2248 nicaverit
792 2207 920 2248 suus
948 2192 1254 2262 episcopus,
1277 2190 1452 2245 eidem
1474 2190 1730 2259 episcopo
1757 2186 1825 2241 ab
1846 2184 1964 2238 aliis
1988 2198 2097 2237 non

512 2284 941 2338 communicetur
965 2283 1234 2353 episcopis
1259 2299 1271 2335 :
1297 2290 1355 2335 ut
1382 2282 1553 2349 magis
1598 2286 1786 2334 cavent
1814 2276 2099 2347 episcopus

515 2389 586 2429 ne
614 2374 758 2429 dicat
812 2375 864 2429 in
894 2388 1217 2444 quemquam
1257 2372 1403 2441 quod
1446 2372 1567 2427 aliis
1608 2367 1942 2425 documentis
1967 2382 2099 2421 con-

516 2465 733 2519 vincere
762 2480 870 2518 non
900 2463 1117 2533 poterit.

590 2555 839 2611 Aurelius
869 2555 1154 2625 episcopus
1182 2553 1352 2608 dixit:
1375 2551 1535 2608 Juxta
1558 2557 1760 2605 statuta
1781 2548 1945 2603 totius
1970 2560 2101 2602 con-

519 2646 629 2703 cilii
678 2645 1009 2715 congregati,
1055 2653 1111 2700 et
1154 2659 1287 2699 mea:
1321 2640 1711 2699 mediocritatis
1756 2637 2097 2704 sententiam,

520 2737 697 2809 placet
721 2736 898 2791 facere
927 2751 1107 2791 rerum
1136 2736 1372 2790 omnium
1394 2733 1797 2810 conclusionem
1825 2749 1838 2789 ξ
1866 2727 2101 2784 universi

520 2829 659 2883 tituli
701 2826 984 2896 designati,
1015 2837 1070 2884 et
1100 2826 1291 2896 digesti
1319 2825 1478 2895 hujus
1506 2824 1614 2879 diei
1644 2830 1893 2885 tractatu,
1925 2819 2101 2875 eccle-

519 2920 731 2976 siastica
773 2929 925 2988 gesta
969 2920 1293 2991 suscipiant;
1324 2934 1444 2989 qua:
1472 2932 1601 2973 vero
1630 2915 1806 2970 adhuc
1844 2926 2099 2983 expressa

521 3026 628 3067 non
649 3019 799 3080 sunt,
817 3012 909 3067 die
936 3012 1184 3080 sequenti
1212 3026 1308 3083 per
1331 3010 1522 3065 fratres
1546 3016 1759 3063 nostros
1786 3004 2097 3059 Faustinum

2270 1846 2402 1898 cium
2424 1844 2563 1917 urbis
2596 1845 2776 1900 Roma:
2794 1848 3104 1917 episcopum,
3134 1862 3222 1915 per
3243 1846 3553 1917 Faustinum
3576 1844 3780 1917 episco-

2270 1932 2409 1987 pum,
2458 1913 2774 1987 Philippum,
2817 1913 2881 1987 et
2910 1913 3142 1969 Asellum
3182 1915 3527 1987 presbyteros,
3575 1913 3779 1987 legatos

2268 1983 2518 2038 Ecclesia:
2547 1983 2818 2053 Romanae,
2848 1986 3066 2041 directa.

2269 2073 2545 2129 CXXXIV.
2578 2073 2805 2130 Domino
2837 2076 3147 2132 beatissimo
3184 2085 3242 2131 et
3291 2077 3596 2134 honorabili
3625 2078 3781 2134 fratri

2199 2166 2765 2233 Bonifacio.Aurelius,
2816 2166 3129 2223 Valentinus
3175 2169 3361 2239 prima:
3388 2170 3531 2225 sedis
3560 2170 3783 2239 provin-

2199 2259 2296 2315 cia:
2322 2257 2601 2325 Numidiae,
2632 2268 2688 2313 et
2713 2259 2913 2323 ueteri,
2944 2259 3035 2327 qui
3058 2267 3348 2329 praesentes
3367 2260 3649 2328 adfuimus,
3678 2278 3786 2317 nu-

2198 2365 2349 2404 mero
2376 2364 2551 2404 ccxvu
2579 2363 2647 2402 ex
2674 2348 2819 2403 omni
2847 2348 3075 2403 concilio
3096 2347 3306 2403 Afriae.

2272 2442 2536 2508 Quoniam
2560 2441 2784 2495 Domino
2807 2440 3009 2510 placuit
3054 2448 3111 2495 ut
3137 2440 3206 2496 de
3249 2440 3332 2496 bis
3352 2456 3477 2510 qua:
3498 2442 3784 2498 nobiscum

2199 2541 2424 2602 egerunt
2452 2532 2621 2586 sancti
2651 2530 2842 2587 fratres
2868 2528 3057 2597 nost'ri,
3083 2532 3438 2602 coepiscopus
3467 2532 3784 2601 Faustinus,

2200 2634 2254 2679 et
2281 2624 2702 2694 compresbyteri
2743 2624 3034 2692 Philippus,
3088 2631 3144 2678 et
3170 2624 3399 2689 Asellus,
3455 2640 3559 2679 non
3606 2626 3787 2679 beata:

2201 2716 2474 2771 memoria:
2501 2716 2751 2786 episcopo
2780 2714 3015 2778 Zosimo,
3042 2728 3073 2767 a
3095 2728 3204 2783 quo
3232 2714 3302 2768 ad
3328 2730 3429 2770 nos
3454 2715 3699 2769 mandata
3720 2722 3789 2769 et

2200 2800 2407 2861 litteras
2437 2806 2752 2873 attulerunt,
2795 2805 2890 2860 sed
2924 2812 3026 2859 tua:
3052 2805 3408 2870 venerationi,
3457 2806 3549 2874 qui
3578 2806 3631 2859 in
3661 2805 3787 2874 ejus

2202 2897 2377 2953 locum
2404 2913 2463 2952 es
2486 2898 2739 2953 divinitus
2783 2898 3132 2965 constitutus,
3163 2898 3433 2952 humilitas
3460 2907 3643 2953 nostra
3682 2912 3786 2953 re-

2201 2989 2483 3056 scriberet,
2514 3002 2577 3042 ea
2604 2988 2838 3042 breviter
2866 2988 3138 3043 insinuare
3167 2987 3449 3056 debemus,
3477 3004 3597 3057 qua:
3625 2998 3785 3044 utro-

520 3078 854 3173 episcopum,
885 3078 1292 3172 Philippum,“
1312 3099 1550 3157 Asellum
1574 3097 1917 3167 presbyteros
1936 3107 2100 3148 vene—
2128 3090 2173 3151 Ο
2203 3092 2429 3173 fulmine
2459 3078 2745 3173 concordi?
2774 3079 3060 3173 ῑθιξῐηίῐιθιίι
3087 3087 3234 3173 sum,
3283 3093 3384 3133 nec
3424 3093 3488 3173 Gil
3515 3094 3791 3173 ‘1“?er

524 3195 681 3250 rabili
708 3194 861 3250 fratri
891 3204 946 3250 et
973 3195 1298 3265 coepiscopo
1323 3202 1511 3248 nostro
1540 3187 1814 3245 Bonifacio
1839 3186 2105 3242 rescribe-

524 3300 644 3341 mns
663 3327 680 3355 ,
708 3295 764 3342 et
791 3286 1244 3356 subscripserunt.

598 3377 846 3433 Aurelius
873 3378 1177 3446 episcopus,
1209 3375 1291 3430 his
1312 3372 1476 3443 gestis
1504 3381 1825 3427 statutorum
1849 3368 1988 3439 apud
2010 3381 2109 3423 nos

529 3467 726 3522 habitis
755 3467 1065 3537 subscripsi.

606 3557 919 3612 Valentinus
949 3556 1133 3627 primae
1162 3554 1305 3610 sedis
1334 3554 1618 3623 episcopus
1664 3547 1951 3620 provincia:
1997 3546 2111 3602 Nu-

529 3648 726 3713 midite,
762 3648 845 3703 his
870 3648 1034 3717 gestis
1062 3645 1375 3714 subscripsi.

602 3739 885 3796 Faustinus
914 3740 1194 3810 episcopus
1222 3736 1474 3793 Ecclesia:
1504 3733 1803 3790 Potentina:
1823 3730 2114 3802 provincia:

530 3829 750 3898 Piceni,
796 3832 1003 3902 legatus
1044 3829 1301 3887 Ecclesia:
1344 3828 1627 3893 Romanae,
1662 3825 1745 3880 bis
1785 3823 1947 3894 gestis
1987 3821 2115 3877 sub-

529 3922 742 3993 scripsi.

542 4058 545 4061 .
604 4013 928 4082 Augustinus
975 4011 1263 4083 episcopus
1308 4005 1709 4078 Hipponiensis,
1738 4002 1944 4074 legatus
1989 4016 2114 4073 pro-

534 4104 723 4159 vincia:
753 4103 1027 4167 Numidiae,
1058 4101 1141 4155 his
1161 4100 1324 4168 gestis
1352 4096 1663 4166 subscripsi.

610 4192 881 4247 Possidius
908 4191 1193 4260 episcopus
1215 4186 1567 4248 Calamensis,
1592 4184 1799 4254 legatus
1826 4181 2117 4253 provincia:

535 4280 818 4349 Numidiae,
849 4280 932 4334 his
960 4279 1123 4349 gestis
1149 4275 1457 4345 subscripsi.

608 4372 920 4426 Vincentius
942 4368 1300 4433 Culusitauus,
1332 4366 1415 4420 his
1430 4365 1602 4436 gestis
1628 4362 1934 4433 subscripsi.

2205 3170 2328 3225 lixis
2355 3179 2628 3239 gestorum
2656 3171 3015 3227 voluminibus
3061 3172 3425 3239 continentur,
3476 3171 3530 3226 in
3558 3172 3791 3243 quibus,

2206 3261 2353 3315 salva
2382 3260 2598 3329 quidem
2625 3261 2908 3328 charitate,
2938 3277 3045 3317 non
3077 3271 3255 3316 tamen
3275 3262 3393 3316 sine
3420 3276 3587 3332 parvo
3615 3262 3791 3317 alter-

2206 3352 2435 3406 cationis
2460 3350 2644 3405 labore
2670 3351 2933 3406 demorati
2960 3366 3164 3419 sumus,
3195 3366 3258 3406 ea
3287 3353 3455 3420 gestis
3478 3352 3797 3407 deliberan-

2208 3448 2290 3495 tes
2334 3455 2454 3509 qua:
2502 3456 2647 3520 nunc
2676 3439 2741 3493 ad
2769 3455 2987 3495 causam
3033 3441 3326 3511 pertinent.
3368 3441 3686 3509 Quanquam
3726 3450 3801 3496 et

2208 3531 2319 3596 ille,
2349 3532 2393 3585 si
2417 3531 2592 3586 adhuc
2618 3539 2763 3586 esset
2788 3532 2841 3584 in
2862 3545 3109 3601 corpore,
3141 3532 3243 3585 hoc
3271 3532 3544 3601 acciperet
3561 3532 3799 3599 gratius,

2210 3619 2356 3689 quod
2394 3620 2601 3675 videret
2645 3622 2886 3691 pacatius
2928 3621 3306 3686 terminatum,
3339 3620 3557 3676 domine
3601 3620 3799 3675 frater.

2212 3710 2460 3781 Apiarius
2496 3710 2798 3783 presbyter,
2829 3711 2895 3767 de
2922 3712 3075 3782 cujus
3099 3720 3155 3767 et
3196 3713 3553 3779 ordinatione,
3598 3721 3654 3767 et
3695 3728 3805 3768 ex-

2212 3804 2701 3859 communicatione
2725 3846 2740 3871 ,
2802 3814 2859 3860 et
2899 3806 3286 3875 provocatione
3323 3805 3499 3862 fuerat
3543 3815 3807 3861 exortum

2214 3911 2324 3951 non
2370 3895 2545 3951 solum
2585 3895 2855 3962 Siccensi,
2901 3913 3087 3952 verum
3123 3900 3286 3953 etiam
3317 3898 3483 3954 totius
3530 3898 3806 3955 Africanae

2214 3984 2469 4042 Ecclesia:
2517 4002 2625 4043 non
2672 3987 2792 4043 leve
2838 3988 3167 4055 scandalum,
3217 3989 3286 4043 de
3328 3990 3574 4044 omnibus
3603 3992 3807 4047 erratis

2215 4077 2327 4133 suis
2353 4078 2561 4132 veniam
2590 4086 2780 4148 petens
2808 4080 3174 4135 communioni
3198 4087 3280 4135 est
3308 4081 3604 4135 restitutus.
3640 4078 3809 4137 Prior

2217 4175 2397 4223 autem
2426 4167 2778 4237 coepiscopus
2806 4176 2992 4223 noster
3032 4169 3300 4226 Siccensis
3331 4170 3607 4235 Urbanus,
3653 4172 3808 4240 quod

2216 4259 2272 4313 In
2301 4272 2369 4313 eo
2409 4257 2787 4326 corrigendum
2813 4259 2984 4313 visum
3027 4268 3130 4328 est,
3178 4260 3294 4314 sine
3325 4260 3433 4314 ulla
3463 4261 3809 4317 dubitatione

2218 4347 2475 4403 correxit.
2500 4347 2636 4414 Quia
2667 4363 2795 4403 vero
2824 4349 2942 4419 paci
2976 4356 3033 4403 et
3060 4350 3228 4419 quieti
3256 4348 3511 4405 Ecclesia:
3539 4367 3646 4405 non
3677 4359 3809 4404 tan-

608 4461 1024 4516 Fortunatianus
1053 4458 1457 4527 Neapolitanus,
1491 4456 1573 4509 his
1602 4454 1766 4523 gestis
1802 4450 2115 4521 subscripsi.
2144 4452 2193 4525 ι)
2221 4450 2335 4496 tum
2363 4441 2431 4495 ad
2460 4456 2717 4511 91335605.
2764 4440 2859 4497 Sed
2890 4442 3051 4497 etiam
3082 4443 3134 4496 in
3162 4450 3435 4512 posterum
3462 4441 3811 4512 prospicien-

612 4552 903 4608 Pentadius
930 4551 1325 4621 Carpentanus,
1359 4549 1441 4604 bis
1469 4549 1634 4619 gestis
1661 4545 1968 4616 subscripsi.

613 4645 870 4701 Ruﬁanus
898 4642 1188 4710 Maxen’sis,
1220 4643 1301 4696 his
1329 4642 1495 4711 gestis
1523 4639 1832 4708 subscripsi.

611 4736 967 4791 Prtetcxtatus
992 4734 1344 4799 Sicilibensis,
1375 4732 1457 4787 bis
1485 4731 1645 4800 gestis
1666 4727 1976 4797 subscripsi.

608 4827 1012 4897 Quodvultdeus
1037 4824 1303 4889 Verensis,
1335 4824 1419 4877 his
1446 4822 1608 4893 gestis
1631 4819 1941 4888 subscripsi.

612 4919 881 4975 Candidus
907 4915 1230 4980 Germania,
1258 4914 1345 4969 his
1372 4912 1537 4982 gestis
1563 4910 1869 4980 subscripsi.

611 5011 962 5065 Maximianus
990 5005 1273 5075 Aquensis,
1297 5004 1381 5059 bis
1408 5004 1573 5073 gestis
1598 4999 1907 5070 subscripsi.

610 5102 886 5158 Jucuudus
908 5097 1302 5162 Sull‘etulensis,
1332 5096 1538 5165 legatus
1578 5091 1862 5164 provincia:
1895 5089 2126 5160 Byzacc—

543 5211 648 5259 me,
677 5195 759 5247 bis
785 5193 951 5260 gestis
977 5186 1291 5257 subscripsi.

616 5286 953 5350 Maximinus,
985 5283 1192 5351 legatus
1214 5276 1502 5351 provincia:
1522 5275 1835 5347 Byzacenm,
1858 5271 1939 5328 his
1965 5271 2130 5340 gestis

541 5375 857 5444 subscripsi.

618 5468 919 5521 Hilarianus
941 5461 1416 5527 Horreocellcnsis,
1432 5461 1638 5531 legatus
1658 5457 1943 5530 provincia
1967 5455 2129 5526 Byza-

547 5574 713 5621 θυμω,
738 5556 820 5611 his
838 5556 1004 5625 gestis
1032 5552 1341 5623 subscripsi.

621 5649 858 5702 Novatus
883 5645 1170 5711 Sitifensis,
1202 5645 1407 5729 legatus
1436 5642 1724 5725 provincia:
1754 5638 2013 5729 ejusdem,
2046 5638 2128 5693 his

547 5742 710 5813 gestis
740 5739 1049 5814 subscripsi.
1337 5726 1342 5728 Ἴ
1394 5726 1400 5729 ’
1554 5726 1581 5731 Η

1808 5850 1960 5859 «κε’-ιμ’·

2170 4520 2177 4525 ’
2220 4534 2349 4589 dum
2376 4533 2498 4601 fuit,
2550 4535 2805 4604 quoniam
2835 4534 2961 4587 talia
2988 4533 3153 4588 multa
3184 4541 3591 4604 prarcesserant,
3632 4540 3693 4586 ut
3717 4533 3812 4589 vel

2220 4625 2432 4689 similia,
2463 4626 2549 4679 vel
2576 4625 2737 4679 etiam
2765 4625 3010 4693 graviora
3038 4624 3291 4694 deinceps
3320 4623 3607 4694 pnecaveri
3641 4638 3812 4693 opor-

2230 4724 2400 4770 teret:
2436 4715 2638 4786 placuit
2686 4716 2839 4771 nobis
2869 4724 2925 4769 ut
2955 4715 3021 4770 de
3052 4714 3289 4771 Siccensi
3320 4713 3556 4770 Ecclesia
3576 4756 3590 4777 ,
3623 4723 3812 4768 reten-

2226 4820 2283 4864 to
2311 4809 2520 4864 scilicet
2546 4809 2751 4863 honore
2774 4808 2968 4877 gradus
2991 4809 3092 4874 sui,
3125 4809 3409 4879 presbyter
3436 4814 3814 4861 removeretur

2228 4900 2494 4969 Apiarius,
2527 4907 2581 4954 et
2608 4909 2831 4969 accepto
2859 4899 3105 4969 epistolio
3132 4898 3433 4967 ubicunque
3488 4898 3613 4951 alibi
3644 4897 3815 4951 vellet

2228 4998 2283 5043 et
2309 4996 2512 5058 posset,
2559 4988 2877 5058 presbyterii
2906 5003 3127 5042 munere
3166 4987 3493 5056 fungeretur.
3542 4987 3699 5053 Quod
3729 4988 3817 5040 ci-

2230 5078 2353 5133 dem
2385 5078 2483 5149 ipsi
2532 5092 2629 5147 per
2679 5078 2885 5133 litteras
2926 5079 3171 5148 proprias
3200 5078 3489 5148 postulanti
3520 5078 3637 5131 sine
3667 5077 3817 5131 diﬂie

2232 5171 2439 5226 cultate
2484 5170 2867 5225 concessimus.
2931 5169 3074 5224 Sane
3128 5171 3438 5239 priusquam
3489 5170 3600 5223 hmc
3644 5186 3819 5224 causa

2233 5264 2337 5319 isto
2391 5264 2622 5317 termino
2648 5261 3011 5328 clauderetur,
3060 5262 3201 5316 inter
3248 5262 3350 5315 alia
3397 5276 3513 5332 qure
3546 5261 3821 5317 diuturnis

2230 5354 2712 5425 disceptationibus
2737 5354 3103 5417 versabamus,
3142 5353 3264 5422 quia
3311 5353 3447 5406 ratio
3479 5353 3592 5420 ipsa
3624 5368 3821 5422 posce~

2230 5447 2325 5501 bat
2360 5453 2419 5501 ut
2461 5444 2601 5515 apud
2642 5451 2761 5498 aeta
2816 5443 3213 5507 ecclesiastica,
3262 5458 3291 5496 a
3337 5441 3589 5495 fratribus
3616 5442 3823 5496 nostris

2232 5536 2488 5591 Faustino
2523 5537 2866 5605 coepiscopo,
2899 5544 2953 5590 et
2981 5534 3246 5605 Philippo,
3278 5544 3330 5589 et
3360 5534 3539 5589 Asello
3571 5547 3816 5601 compre-

2232 5627 2463 5697 sbyteris
2527 5640 2891 5696 quaereremus
2947 5635 3006 5680 ut
3069 5634 3380 5698 promerent
3425 5623 3683 5692 quidquid
3740 5622 3836 5677 eis

2234 5719 2512 5779 nobiscum
2538 5721 2801 5790 agendum
2834 5718 3019 5779 fuisset
3049 5719 3365 5790 injunctum.
3410 5716 3670 5777 Nonnulla
3701 5716 3829 5786 qui'
