1991 3098
109 156 167 173 4'93:

603 154 715 185 CODEX
734 156 897 187 CANONUM
913 156 1263 191 ECCLESIASTICORUM.

1709 164 1761 192 226

107 212 178 239 dem
196 211 257 239 siue
271 211 324 238 ullo
337 211 437 245 scripto
449 211 583 245 prosecuti
599 215 661 238 sum
676 212 777 245 verbis,
791 212 838 239 sed
853 221 913 241 cum
929 218 952 248 Α
966 214 1109 242 sanctitate
1125 214 1251 242 Romamn
1263 214 1390 243 Ecclesia:
1404 216 1579 253 prmsideute,
1597 226 1652 246 non
1667 226 1761 247 sumus

109 259 136 284 il
153 258 249 292 potius
265 258 454 292 ﬂagitaremus,
471 257 544 290 quod
559 257 585 283 in
601 256 699 284 litteris
715 257 826 290 ferrem,
841 266 915 285 com-

109 303 295 330 monitorium
323 303 503 338 protulerunt.
543 301 620 335 Quod
651 303 792 329 recitatum
821 293 915 337 nobis,

109 350 204 375 etiam
222 349 303 383 gestis
318 356 375 382 qua-
400 356 491 375 secmn
507 347 539 375 ad
553 356 600 375 vos
614 348 746 381 deferunt,
763 353 804 376 est
818 350 917 384 allega-

112 400 189 421 tum.
218 395 245 422 lu
259 403 311 430 quo
326 396 365 422 eis
380 400 497 430 quatuor
509 395 632 430 qumdam
659 395 796 423 nobiscum
813 395 917 430 agenda

115 450 184 468 man
197 442 249 467 lata
264 446 335 473 sunt,
353 449 434 468 unum
446 441 481 467 do
493 441 717 476 appellationibus
728 441 917 476 episcoporum

115 487 148 513 ad
168 486 299 513 Romanas-
315 486 441 513 Ecclesim
468 486 655 522 sacerdotem;
679 486 803 519 alterum,
829 494 862 514 ne
885 486 918 514 ad

114 533 282 559 comitatum
297 532 415 567 episcopi
433 532 586 565 importune
600 532 726 566 navigem
740 540 747 564 ;
764 532 872 558 tertium
885 531 919 558 de

116 577 271 605 tractandis
286 577 503 612 presbyterorum
521 580 548 604 et
563 576 738 604 diaconorum
749 576 838 603 causis
849 576 920 611 apud

117 624 254 650 ﬁnitimos
269 623 419 657 episcopos,
437 623 457 649 si
480 630 495 648 a
508 622 564 649 suis
583 621 808 649 excommunicati
823 629 920 656 perpe-

115 676 176 695 ram
195 667 297 694 fuerint
311 676 317 699 ;
341 671 467 701 quartum
491 666 524 694 de
540 666 650 694 Urbano
667 666 793 705 episcopo
808 674 919 694 excom-

115 712 297 744 munieando,
312 712 354 739 vel
369 712 449 739 etiam
466 711 579 738 Romam
595 711 726 745 vocando,
745 712 797 739 nisi
817 719 848 739 ea
861 719 920 750 quae

115 758 285 785 videbantur
300 758 458 792 corrigenda
475 758 632 792 corrigeret.
652 757 772 792 Quorum
800 758 919 785 omnium

115 805 150 832 de
166 805 258 839 primo
273 809 300 832 et
316 805 406 837 tertio,
424 804 449 830 id
476 808 528 838 est,
543 808 574 831 ut
588 803 702 831 Romam
719 803 801 831 liceat
814 803 920 840 episco-

117 854 160 888 pis
177 860 340 888 provocare,
363 857 389 879 et
405 856 432 879 ut
450 852 610 879 clericorum
625 859 713 879 causa:
727 850 798 886 apud
813 858 920 880 suarum

965 259 1020 302 jam
1036 260 1115 287 istum
1131 261 1240 297 typhum
1253 262 1367 296 passuri.
1383 261 1415 289 Et
1429 263 1608 294 servabuntur
1621 271 1684 300 erga
1698 272 1760 298 nos,

968 314 1027 340 quae
1043 307 1119 334 nobis
1131 307 1212 335 etiam
1225 315 1278 335 non
1291 307 1484 336 disserentibus
1495 309 1623 339 custodiri
1634 310 1761 340 debeant.

968 351 1034 379 Cum
1060 351 1176 379 fraterna
1196 353 1339 386 charitate,
1360 361 1419 388 quin
1436 354 1585 384 secundum
1600 354 1760 389 sapientiam

969 402 1049 431 atque
1059 397 1189 431 justitiam
1205 405 1284 435 quam
1300 398 1346 425 tibi
1371 398 1481 428 donavit
1500 400 1663 432 Ani-simus,
1679 400 1760 427 etiam

969 441 1026 476 ipse
1042 442 1170 479 perspicis
1185 450 1244 473 cs~e
1258 443 1397 476 servanda,
1414 443 1435 469 si
1452 442 1520 470 forte
1534 443 1612 470 aliter
1622 450 1652 470 se
1663 443 1761 471 habent

970 495 1088 513 canones
1102 487 1208 517 concilii
1233 487 1344 514 Nicaeni.
1368 487 1495 520 Quamvis
1509 488 1637 522 plurimos
1653 488 1761 516 codices

970 531 1130 565 legeremus,
1150 531 1197 558 sed
1210 539 1341 567 nusquam
1357 531 1382 558 in
1398 532 1507 559 Niemno
1521 532 1647 565 concilio,
1664 532 1691 559 in
1708 532 1761 560 La-

971 577 1034 604 tinis
1048 577 1185 605 codicibus
1197 577 1319 612 legimus,
1333 576 1556 611 Quemadmodum
1568 577 1594 604 in
1606 578 1762 613 supradicto

969 623 1190 657 commonitorio,
1218 623 1280 651 inde
1295 624 1396 650 directa
1416 627 1489 650 sunt.
1514 623 1581 650 Tum
1597 624 1660 659 quia
1675 623 1719 651 hic
1734 624 1762 652 in

972 669 1045 696 nullo
1061 669 1154 696 codice
1166 669 1261 696 Graeco
1276 676 1307 696 ea
1322 669 1458 703 potuimus
1472 668 1602 700 invenire,
1620 676 1653 696 ex
1669 667 1763 696 Orien-

972 714 1069 742 talibus
1092 714 1236 746 Ecclesiis,
1265 714 1309 741 ubi
1333 714 1508 749 perhibentur
1531 713 1627 741 eadem
1653 714 1763 742 decreta

971 767 1054 795 posse
1068 760 1149 787 etiam
1165 759 1319 786 authentica
1332 759 1455 793 reperiri,
1471 757 1558 792 magis
1570 757 1648 785 nobis
1660 757 1764 784 deside<

972 812 1065 833 ramus
1080 804 1179 831 alferri.
1194 803 1247 831 Pro
1257 811 1309 838 qua
1320 811 1350 831 re
1362 806 1433 830 luam
1443 810 1551 838 quoque
1562 803 1764 830 venerationem

973 851 1156 883 obsecramus,
1179 854 1209 877 ut
1224 849 1342 877 scribere
1357 849 1437 876 etiam
1453 849 1511 884 ipse
1524 847 1643 882 digneris
1655 847 1689 874 ad
1703 847 1764 874 illa-

119 899 325 934 provinciarum
349 899 491 933 episcopos
506 897 634 925 liniantur
645 918 652 931 ,
676 896 731 932 jam
746 897 837 932 priore
850 904 921 924 anno
937 906 960 935 Β
973 904 1033 923 rum
1046 896 1163 931 partium
1176 895 1343 928 sacerdotes,
1358 894 1410 922 hoc
1424 897 1466 921 est
1480 892 1607 921 Ecclesia:
1620 892 1764 920 Antioche-

119 944 203 971 etiam
219 944 317 971 litteris
340 944 438 970 nostris
453 943 486 970 ad
502 943 625 970 eumdem
638 942 801 976 venerabilis
815 949 921 970 memo-

120 992 169 1017 rtc
183 990 322 1017 Zosimnm
338 989 495 1024 episcopum
506 988 587 1023 datis,
606 987 743 1015 insinuare
758 987 919 1019 curavimus,

87 1072 91 1074 Ἴ
120 1042 150 1064 ut
166 1045 198 1064 ea
214 1043 326 1064 servare
342 1036 401 1063 sine
415 1035 468 1062 ulla
485 1034 543 1069 ejus
552 1032 651 1069 injuria
666 1033 802 1069 paulisper
815 1033 921 1060 sinere-

122 1092 192 1114 mus,
211 1090 299 1117 usque
314 1081 346 1108 ad
363 1081 564 1116 inquisitionem
578 1074 741 1109 statutorum
754 1078 861 1106 concilii
876 1078 922 1106 Ni-

122 1130 200 1157 c.cni.
218 1128 251 1155 Et
266 1136 339 1156 nunc
353 1128 386 1154 de
401 1132 445 1153 tua
461 1127 595 1161 poscimus
612 1126 756 1160 sanctitate
770 1129 809 1158 ut,
825 1133 920 1161 quem-

124 1174 272 1202 admodum
299 1180 329 1199 ea
363 1172 434 1207 apud
463 1172 579 1199 l\'ic:nam
603 1178 618 1197 a
643 1170 767 1198 Patribus
793 1174 851 1197 acta
880 1170 921 1198 vcl

122 1219 273 1246 constituta
288 1222 361 1250 sunt,
387 1218 427 1244 sic
452 1225 483 1244 ea
503 1224 518 1244 a
533 1217 610 1244 nobis
633 1217 703 1243 facta
728 1216 867 1250 custodiri,
895 1221 922 1244 et

121 1266 159 1293 ibi
174 1265 248 1300 apud
264 1274 313 1292 vos
335 1265 385 1292 ista
405 1273 463 1301 qu:c
479 1265 505 1291 in
530 1264 740 1294 commonitorio
763 1264 921 1295 attulerunt,

120 1311 208 1338 facias
223 1311 346 1338 excreeri
361 1320 366 1337 :
384 1310 409 1337 id
425 1314 476 1342 est,
492 1310 514 1339 si
524 1310 668 1345 episcopus
679 1314 820 1338 accusatus
831 1309 919 1342 fuerit,

121 1361 149 1382 et
163 1355 350 1389 iudicaverint
373 1355 530 1388 congregati
549 1355 668 1390 episcopi
693 1355 811 1390 regionis
826 1355 920 1389 ipsius,

121 1406 149 1428 et
164 1401 199 1428 de
214 1400 303 1435 gradu
315 1408 364 1427 suo
379 1400 527 1434 dejecerint
541 1407 613 1432 eum,
626 1404 653 1435 et
667 1398 817 1434 appellasse
831 1392 922 1426 videa-

122 1450 221 1479 turLet
238 1444 391 1479 eontugerit
405 1445 436 1471 ad
452 1444 635 1484 beatissimum
649 1434 778 1484 Ecclesia:
794 1441 922 1471 Romanu:

120 1491 294 1526 episcopum,
319 1495 347 1518 et
361 1491 475 1518 voluerit
502 1481 597 1523 audiri,
621 1484 648 1517 et
663 1481 766 1524 justum
789 1490 923 1525 putaverit

121 1542 150 1565 ut
163 1541 314 1565 renovetur
325 1544 449 1569 examen,
461 1537 579 1564 scribere
599 1536 641 1563 his
651 1531 784 1572 episeopis
800 1536 923 1570 dignetur

121 1583 165 1617 qui
182 1583 212 1610 in
229 1581 343 1610 ﬁnitima
359 1587 386 1610 et
401 1583 550 1618 propinqua
570 1576 707 1619 provincia
722 1586 795 1617 sunt,
820 1587 849 1610 ut
872 1583 921 1619 ipsi

121 1631 269 1665 diligenter
281 1631 371 1660 omnia
384 1631 532 1664 requirant,
559 1635 586 1658 et
605 1631 683 1665 juxta
705 1630 786 1658 ﬁdem
802 1632 923 1659 veritatis

121 1677 266 1705 deliniant.
280 1676 358 1711 Quod
369 1677 390 1704 si
411 1677 433 1704 is
450 1677 494 1712 qui
515 1681 591 1711 rogat
604 1685 712 1706 causam
728 1686 804 1708 suam
826 1679 923 1706 iterum

122 1723 227 1755 audiri,
243 1723 441 1758 deprecatione
457 1731 503 1750 sua
519 1723 634 1750 moverit
648 1723 805 1759 episcopum
821 1723 923 1751 Roma-

123 1775 202 1802 num,
227 1773 258 1795 ut
276 1776 293 1795 e
307 1768 391 1795 latere
413 1776 461 1794 suo
484 1768 672 1804 presbyterum
696 1768 795 1801 mittat,
823 1768 875 1796 erit
897 1769 924 1796 in

125 1818 266 1848 potestate
280 1813 353 1848 quod
380 1813 445 1842 velit
471 1818 497 1840 ct
511 1813 582 1848 quod
596 1813 720 1840 :cstimet.
746 1812 780 1840 Et
794 1813 815 1841 si
831 1813 926 1842 decre-

126 1860 194 1886 verit
209 1858 361 1888 ιιιίιιωιιιοε
385 1866 445 1885 esse
467 1858 512 1893 qui
538 1862 684 1893 praesentes
706 1866 767 1886 cum
791 1859 926 1894 episcopis

123 1904 259 1940 judicent.
276 1904 407 1931 habentes
422 1904 611 1931 auctoritatem
626 1902 684 1938 ejus
699 1910 714 1930 a
729 1911 783 1937 quo
798 1903 925 1931 destinati

125 1954 199 1982 sunt,
215 1950 270 1976 erit
281 1950 307 1976 in
322 1957 372 1976 suo
383 1949 505 1975 arbitrio.
518 1947 547 1975 Si
562 1956 627 1976 vero
642 1948 787 1981 crediderit
801 1947 925 1977 sufﬁcere

126 1995 275 2030 episcopos
301 1999 330 2022 ut
365 1995 472 2028 negotio
496 1994 638 2022 terminum
663 1994 820 2029 imponant,
845 1994 926 2022 faciet

124 2041 199 2076 quod
213 2041 418 2077 sapientissimo
433 2049 481 2068 suo
496 2041 610 2068 consilio
621 2040 793 2075 judicaverit.
811 2040 877 2067 ltem
893 2040 926 2068 de

126 2087 296 2123 presbyteris
309 2091 338 2114 et
351 2087 482 2114 diaconis.
499 2086 527 2114 Si
550 2087 693 2122 episcopus
707 2087 767 2122 quis
781 2086 926 2114 iracundus

126 2133 211 2168 (quod
225 2140 288 2161 esse
303 2141 357 2159 non
372 2132 463 2167 debet)
479 2125 545 2165 cito,
561 2136 608 2160 aut
618 2140 715 2168 aspere
724 2137 928 2160 commoveatur

126 2178 255 2206 adversus
281 2177 471 2213 presbyterum
491 2177 549 2204 sive
572 2177 716 2204 diaconum
732 2185 821 2211 suum,
838 2181 864 2204 et
880 2185 927 2204 ex-

126 2223 274 2251 terminare
298 2230 360 2250 eum
385 2222 418 2249 de
433 2222 555 2249 Ecclesia
579 2222 705 2256 voluerit,
730 2221 925 2256 providendum

126 2272 168 2295 est
189 2276 224 2296 ne
239 2268 374 2296 innocens
400 2267 555 2299 damnetur,
581 2272 627 2295 aut
647 2267 744 2302 perdat
758 2267 927 2294 communio—
942 2277 966 2307 ί)

127 2323 208 2342 nem:
223 2314 328 2342 habeat
342 2318 502 2349 potestatem
518 2313 621 2348 ejectus
641 2317 670 2340 ut
687 2312 816 2340 ﬁnitimos
842 2312 927 2340 inter-

126 2362 221 2397 pellet.
235 2365 265 2389 et
277 2368 360 2388 causa
375 2360 434 2395 ejus
456 2360 592 2392 audiatur,
608 2365 636 2387 et
654 2359 809 2394 diligentius
824 2362 926 2385 tracte-’

126 2413 181 2439 ω,
196 2407 259 2442 quiia
275 2414 331 2434 non
347 2410 455 2442 oportet
467 2406 491 2433 ci
504 2406 594 2440 negari
610 2405 746 2432 audientia
767 2405 884 2438 roganti,
900 2408 928 2431 et

127 2455 174 2481 ille
188 2455 337 2489 episcopus
351 2454 395 2488 qui
412 2458 458 2480 aut
476 2454 548 2487 juste
575 2456 622 2479 aut
636 2451 734 2486 injuste
760 2451 863 2485 rejecit,
880 2458 928 2485 pa-

130 2500 232 2527 tienter
256 2498 376 2534 accipiat
409 2502 439 2525 ut
463 2497 601 2532 negotium
627 2495 801 2529 discutiatur,
826 2499 854 2522 ut
883 2498 930 2522 aut

126 2547 260 2581 probetur
271 2545 341 2579 ejus,
358 2549 406 2571 aut
416 2544 577 2581 emendetur
588 2542 732 2570 sententia.
755 2541 818 2569 Ηωε
839 2541 931 2576 utique

127 2599 216 2625 usque
239 2591 273 2617 ad
300 2590 447 2617 adventum
471 2589 676 2618 vcrissimorum
701 2586 933 2621 exemplariorum

128 2636 235 2663 Numani
252 2636 364 2663 concilii
378 2636 479 2662 inserta
494 2634 577 2668 gestis
591 2638 664 2665 sunt,
688 2641 747 2668 qua:
760 2632 821 2665 sibi,
837 2639 930 2666 quem-

126 2681 276 2708 admodum
299 2681 359 2715 ipso
392 2680 464 2715 quod
479 2679 549 2714 apud
570 2686 620 2706 nos
642 2679 740 2708 fratres
767 2684 801 2704 ex
823 2680 933 2711 aposto—

126 2728 184 2755 lica
196 2727 262 2754 sede
275 2726 374 2753 directi
394 2726 589 2760 allegaveruut,
617 2722 824 2752 commonitorio
842 2722 930 2749 conti-

127 2778 241 2801 nentur.
266 2772 360 2808 quue
376 2772 482 2804 ordine,
503 2771 546 2798 vel
561 2770 632 2805 apud
646 2778 694 2798 vos
710 2769 735 2795 in
751 2768 825 2795 llalia
841 2771 932 2794 custo-

126 2821 266 2853 direntur,
280 2820 354 2847 nullo
371 2819 452 2846 modo
464 2826 513 2845 nos
525 2818 589 2845 talia
606 2816 695 2851 qualia
719 2818 931 2842 commemorata

125 2866 186 2901 jam
202 2867 339 2898 nolnmus,
355 2865 398 2892 vel
416 2864 530 2892 tolerare
546 2870 676 2898 cogemur
692 2869 697 2887 :
714 2860 763 2887 sed
785 2859 932 2890 credimus.

127 2909 279 2944 auﬁuvante
295 2908 481 2939 misericordia
497 2907 601 2935 DOllll'tl
618 2906 665 2934 Dei
684 2904 779 2937 nostri,
796 2903 868 2939 quod
889 2907 933 2931 tua

973 949 1024 976 me,
1042 940 1230 968 Alexandriam
1244 944 1272 968 et
1293 939 1608 974 Constantinopolitanm.
1625 937 1692 966 Etsi
1705 937 1764 965 aliis

973 989 1054 1016 etiam
1071 992 1122 1016 tute
1137 988 1268 1024 placuerit
1281 986 1430 1020 sanctitati,
1456 990 1485 1013 ut
1498 985 1561 1012 inde
1574 985 1607 1012 ad
1621 992 1670 1017 nos
1685 984 1764 1013 iidem

972 1042 1090 1063 canones
1101 1034 1171 1069 apud
1185 1033 1300 1060 Nicaeam
1311 1031 1447 1060 civitatem
1460 1038 1475 1057 a
1489 1029 1613 1057 Patribus
1624 1030 1763 1057 constituti

972 1082 1092 1116 veniant,
1109 1086 1135 1109 te
1150 1080 1318 1116 potissimum
1332 1078 1385 1106 hoc
1398 1076 1559 1105 beneﬁcium
1573 1077 1677 1104 cunctis
1687 1075 1764 1103 Occi-

972 1128 1124 1158 dentalibus
1137 1126 1265 1154 Ecclesiis
1278 1126 1304 1153 in
1318 1123 1424 1152 Domini
1441 1122 1574 1157 adjutorio
1594 1121 1763 1149 conferente.

973 1175 1038 1209 Quis
1049 1175 1122 1203 enim
1136 1173 1241 1201 dubitet
1254 1171 1418 1206 exemplaria
1434 1178 1494 1198 esse
1505 1170 1643 1197 verissima
1657 1168 1763 1196 concilii

973 1221 1072 1248 Nicmui
1093 1220 1119 1247 in
1133 1218 1236 1246 Grsccia
1261 1217 1426 1252 congregati,
1451 1223 1511 1251 qua:
1532 1214 1565 1242 de
1580 1218 1635 1241 tam
1650 1213 1763 1241 diversis

973 1267 1040 1295 locis
1052 1270 1080 1294 ct
1094 1266 1127 1293 de
1142 1264 1276 1293 nobilibus
1290 1263 1389 1291 Grmcis
1400 1261 1525 1290 Ecclesiis
1543 1261 1623 1288 allata
1642 1264 1670 1288 et
1688 1267 1765 1287 com-

973 1316 1067 1348 parata
1089 1310 1276 1339 concordant?
1300 1308 1377 1342 Quod
1400 1308 1487 1336 donec
1501 1306 1555 1340 ﬁat,
1576 1306 1633 1334 hinc
1654 1313 1713 1340 qua:
1737 1305 1764 1332 ln

973 1356 1182 1385 commonitorio
1212 1354 1365 1389 supradicto
1394 1352 1472 1380 nobis
1495 1351 1608 1386 allegata
1633 1353 1705 1383 sunt,
1730 1349 1765 1377 de

973 1402 1198 1439 appellationibus
1217 1401 1405 1436 episcoporum
1428 1399 1462 1426 ad
1484 1398 1612 1425 Romana:
1635 1395 1764 1424 Ecclesia:

973 1448 1152 1480 sacerdotem,
1175 1451 1203 1474 et
1226 1446 1260 1474 de
1274 1445 1434 1473 clericorum
1449 1443 1537 1471 causis
1560 1442 1631 1478 apud
1656 1448 1765 1469 suarum

973 1491 1171 1530 provinciarum
1185 1492 1326 1528 episcopos
1344 1489 1530 1523 terminandis,
1551 1496 1602 1516 nos
1624 1494 1708 1522 usque
1731 1487 1765 1514 ad

974 1539 1161 1575 probationem
1183 1541 1336 1566 Servaturos
1350 1543 1410 1564 esse
1424 1532 1591 1570 proﬁtemur,
1608 1538 1635 1561 et
1649 1534 1766 1561 beatitu-

975 1585 1064 1612 dinem
1079 1589 1152 1611 tuam
1167 1583 1200 1610 ad
1215 1583 1267 1610 hoc
1282 1589 1331 1609 nos
1346 1580 1497 1615 adjuturam
1523 1580 1549 1606 in
1564 1579 1612 1606 Dei
1626 1577 1767 1605 voiuntate

975 1629 1142 1657 conﬁdimus.
1158 1628 1262 1656 Castora
1277 1635 1341 1655 vero
1359 1634 1419 1662 qum
1439 1626 1465 1653 in
1492 1629 1583 1653 nostra
1598 1624 1701 1660 synodo
1716 1630 1765 1658 ge-

974 1680 1015 1703 sta
1031 1675 1072 1702 vel
1087 1674 1191 1702 ﬁrmata
1203 1677 1275 1704 sunt,
1291 1672 1419 1708 quoniam
1446 1670 1591 1706 supradicti
1606 1670 1703 1697 fratres
1719 1677 1768 1696 no-

974 1721 1033 1753 stri,
1058 1720 1200 1748 Faustinus
1221 1719 1408 1754 coepiscopus,
1433 1716 1583 1750 Philippus.
1609 1719 1636 1742 et
1656 1714 1763 1742 Asellus

975 1765 1125 1806 presbyteri
1139 1772 1230 1792 secum
1245 1763 1344 1802 ferunt,
1360 1762 1382 1790 si
1397 1762 1523 1803 dignatus
1532 1760 1623 1791 fueris.
1639 1764 1692 1786 tua:
1702 1764 1766 1786 nota

975 1813 1074 1840 facient
1094 1810 1240 1839 sanctitati.
1264 1809 1298 1837 Et
1321 1809 1373 1836 alia
1397 1815 1497 1835 manu:
1523 1806 1651 1833 Dominus
1675 1809 1768 1833 noster

976 1861 1003 1884 te
1016 1857 1095 1892 nobis
1115 1856 1193 1883 annis
1206 1854 1328 1891 plurimis
1338 1852 1480 1884 custodiat,
1500 1851 1655 1882 beatissime
1671 1849 1767 1877 frater.

976 1903 1197 1938 Subscripserunt
1210 1908 1319 1936 quoque
1336 1899 1460 1935 Alypius,
1478 1897 1657 1933 Augustinus,
1673 1894 1767 1923 Possi-

976 1949 1045 1982 dius,
1063 1949 1190 1980 Marinus,
1207 1953 1235 1974 et
1249 1946 1341 1975 caeleri
1356 1944 1487 1980 episcopi.

976 2004 1111 2040 Incipiunt
1127 2003 1259 2040 rescripta
1286 2001 1320 2040 ad
1343 1996 1770 2040 conciliumr‘Africauu'ntutlyrilti

1011 2031 1182 2066 Aiexandrini
1192 2031 1315 2073 episcopi,
1326 2035 1369 2062 ubi
1381 2031 1534 2073 authentico:
1539 2033 1641 2061 concilii
1652 2031 1769 2073 it'wni,

1013 2074 1141 2101 translata
1166 2067 1313 2100 de'Cero'
1333 2079 1377 2106 per
1397 2069 1579 2106 Innocentium
1594 2067 1771 2106 presbyterum

1014 2109 1213 2136 transmiserunt
1225 2116 1232 2139 ;
1250 2115 1306 2143 quin
1320 2102 1398 2133 tiliam
1413 2105 1529 2143 epistola!
1544 2112 1600 2130 cum
1611 2102 1699 2143 eodem
1713 2110 1772 2129 cum

1013 2145 1073 2172 cilia
1090 2143 1113 2170 Ν
1117 2146 1198 2179 ἰσωῃο
1213 2137 1437 2179 per'memorqtuui
1451 2139 1626 2179 presbyterum
1644 2137 1770 2179 Iatrocles!-

1015 2182 1090 2211 tium,
1105 2184 1130 2207 et
1146 2172 1301 2206 Marcellum
1316 2172 1501 2203 subdiacmium
1516 2172 1640 2211 liquente
1659 2172 1772 2211 (ﬁert/ru-

1017 2207 1131 2252 giuensis
1146 2218 1236 2252 sancto
1252 2211 1388 2252 B-onifact'o
1398 2211 1519 2252 episcopo
1531 2208 1655 2252 Ecclesia
1669 2207 1770 2235 Roma-

1015 2244 1063 2282 ἦω,
1076 2250 1121 2276 sub
1140 2249 1182 2275 die
1193 2255 1219 2275 v1
1234 2247 1284 2274 cal.
1301 2244 1447 2273 Decembris
1461 2244 1520 2272 sunt
1535 2244 1648 2271 directa.

1014 2305 1143 2336 CXXXV.
1165 2304 1286 2335 Dominis
1300 2302 1514 2338 honorabilibus,
1529 2301 1629 2331 sanctis
1644 2298 1773 2327 fratribus

979 2352 1158 2389 coepiscopis,
1174 2350 1293 2383 Aurelio,
1309 2349 1464 2381 Valentino,
1480 2347 1527 2375 sed
1545 2352 1573 2375 et
1585 2347 1658 2377 omni
1673 2350 1774 2374 sancta:

979 2396 1184 2433 congregationi
1210 2396 1236 2423 in
1258 2393 1461 2431 Carthaginensi
1475 2391 1578 2429 synodo
1592 2394 1772 2426 congregatae,

980 2444 1096 2481 Cyrillus
1111 2442 1230 2470 salutans
1242 2440 1268 2468 in
1283 2439 1338 2467 Deo
1353 2439 1511 2466 charitatem
1526 2441 1654 2464 vestram.

1017 2488 1123 2523 Scripta
1136 2485 1320 2514 venerationis
1332 2489 1429 2512 vestite
1441 2482 1551 2510 multam
1566 2481 1693 2509 habentia
1708 2487 1774 2515 que-

982 2535 1124 2563 rimoniam
1140 2541 1200 2561 cum
1214 2532 1286 2560 omni
1311 2531 1400 2558 laetitia
1416 2537 1463 2565 per
1486 2527 1567 2554 lilium
1592 2531 1713 2553 nostrum
1728 2524 1773 2552 ln-

982 2581 1135 2609 noeeutium
1151 2578 1335 2617 presbyterum
1351 2574 1465 2609 suscepi,
1481 2573 1577 2608 quibus
1589 2579 1603 2598 a
1617 2571 1694 2599 nobis
1710 2579 1773 2606 spo-

982 2627 1048 2654 ratis
1064 2631 1092 2653 ut
1106 2626 1139 2653 de
1157 2625 1255 2652 scrinio
1269 2627 1368 2650 nostrie
1387 2620 1512 2648 Ecclesia
1530 2618 1669 2645 verissima
1680 2625 1774 2645 exem-

984 2672 1068 2707 plaria
1084 2678 1116 2697 ex
1133 2669 1284 2696 authentica
1300 2666 1403 2702 synodo
1415 2664 1485 2700 apud
1497 2662 1611 2691 Nicmam
1627 2663 1774 2695 civitatem,

983 2716 1153 2751 metropolim
1170 2713 1309 2748 Bithyniae,
1329 2720 1344 2739 a
1364 2711 1465 2739 sanctis
1492 2710 1615 2738 Patribus
1629 2710 1775 2737 constituta

984 2769 1065 2799 atque
1080 2762 1192 2792 ﬁrmata,
1216 2761 1265 2787 sub
1288 2763 1387 2785 nostra:
1411 2756 1470 2784 ﬁlei
1486 2756 1654 2792 professione
1676 2761 1774 2784 vestra:

984 2808 1120 2837 dilectioni
1150 2806 1329 2842 porriganius.
1366 2802 1574 2836 Unde,domiui
1604 2802 1777 2829 honorabiles

985 2855 1090 2885 fratres,
1108 2854 1193 2879 salute
1204 2855 1341 2887 priceuntc
1362 2849 1488 2882 Domino,
1510 2856 1620 2875 necesse
1635 2848 1714 2874 habui
1731 2855 1778 2882 per

986 2901 1080 2929 harum
1096 2898 1209 2926 latorem
1229 2896 1311 2925 (ilium
1323 2897 1449 2924 nostrum
1464 2893 1649 2922 Innocentium
1664 2895 1777 2928 presby-
