3982 6196
538 310 631 365 2‘27

1133 301 1486 359 DlONYSlUS
1523 299 1842 362 EXIGUUS.
1883 297 2106 360 CDDEX
2132 297 2457 356 CANONUM
2497 293 3184 360 ECCLESIASTICUBUM.

3695 297 3820 360 .998

529 417 731 482 ternm,
765 417 1064 474 fidelissima
1096 416 1426 486 exemplaria
1453 430 1519 470 ex
1549 416 1857 470 authentica
1886 413 2116 486 synodo,
2146 421 2194 480 Α
2221 413 2536 478 Servusdei,
2570 412 2872 480 Terentius,
2925 412 3274 478 Fortunatus,
3297 411 3579 481 Martinus,
3608 412 3813 474 Janua-

539 516 591 568 in
620 513 829 567 Nicena
859 511 1074 566 civitate
1107 508 1367 579 Bithynize
1395 507 1600 572 habita,
1641 514 1836 560 vestra:
1861 505 2115 560 ebaritati

539 603 786 671 dirigere.
811 599 962 667 Quod
985 599 1110 654 etin
1144 597 1508 656 ecclesiastica
1532 596 1758 651 historia
1784 597 2118 665 requirentes

541 694 842 748 invenietis.
884 691 959 745 De
989 689 1193 744 Pascha
1252 703 1409 754 vero,
1451 696 1510 742 ut
1548 687 1866 757 scripsistis,
1901 686 2118 743 nuntia.-

542 801 658 839 mus
696 785 844 838 vobis
898 797 1007 836 xvu
1053 782 1154 836 cal.
1210 779 1377 838 Maias
1430 794 1529 840 nos
1586 778 1762 833 futura
1829 778 2119 834 indictione

542 876 837 932 celebrare.
874 873 939 927 Et
968 874 1070 927 alia
1122 888 1320 932 manu;
1372 871 1513 926 Deus
1559 879 1615 926 et
1642 870 1898 929 Dominus
1936 877 2122 924 noster

540 975 781 1021 sanctam
828 974 1060 1019 vestram
1109 961 1582 1034 congregationem
1625 960 1923 1028 custodiat,
1977 958 2122 1029 quod

542 1065 810 1126 Optamus,
843 1051 1140 1109 cbarissimi
1167 1051 1380 1110 fratres.

544 1167 740 1238 Incipit
765 1165 984 1238 epistola
1027 1165 1183 1218 Attici
1211 1164 1436 1238 episcopi
1460 1161 2019 1238 Constantinopolitani
2050 1161 2119 1222 ad

1219 1228 1442 1292 eosdem.
1531 1228 1545 1256 ¹

613 1348 895 1404 CXXXVI.
958 1348 1196 1402 Dominis
1250 1346 1490 1409 sanctis,
1543 1345 1740 1400 merito
1801 1343 2126 1398 beatissimis

543 1438 796 1494 fratribus
823 1437 1178 1507 coepiscopis,
1209 1434 1448 1500 Aurelio,
1481 1433 1782 1497 Valentino,
1809 1433 1894 1487 vel
1919 1432 2128 1488 caneris

544 1529 878 1586 cbarissimis
936 1529 988 1583 in
1040 1527 1250 1598 synodo
1311 1526 1453 1598 apud
1519 1523 1899 1594 Carthaginem
1927 1512 2129 1588 ,babita

542 1621 868 1691 constitutis,
908 1620 1114 1674 Atticus
1142 1620 1449 1690 episcopus.

619 1711 724 1767 Per
770 1712 934 1765 tilium
965 1720 1206 1764 nostrum
1248 1707 1562 1767 Marcellum
1603 1704 1989 1765 subdiaconum
2031 1718 2127 1760 ve-

2219 503 2347 567 rius,
2380 503 2624 574 Optatus,
2660 504 2917 571 Ceticius,
2949 504 3212 573 Donatus,
3245 503 3525 570 Theasius,
3557 502 3806 558 Vincen-

2219 594 2344 659 tius,
2377 593 2814 662 Fortunatianus,
2837 602 2894 650 et
2920 593 3125 660 caeteri,
3156 594 3247 662 qui
3278 592 3565 649 universali
3591 592 3806 647 Africa-

2222 701 2292 739 no
2314 686 2545 744 concilio
2574 685 2910 754 Carthaginis
2938 683 3222 740 adfuimus.

2292 774 2628 847 Optaremns,
2654 777 2696 830 si
2721 775 3168 850 quemadmodum
3196 775 3457 834 sanctitas
3486 783 3578 830 tua
3605 776 3675 832 de
3698 782 3798 836 ad-

2223 876 2384 921 ventu
2419 866 2620 936 Apiarii
2654 866 2861 920 lmtatos
2891 881 2985 920 vos
3015 863 3195 930 fuisse,
3219 866 3399 920 missis
3429 881 3525 935 per
3555 883 3806 936 compre-
3828 925 3850 933 ._

2222 959 2496 1029 sbyterum
2521 966 2760 1014 nostrum
2790 956 3026 1015 Leonem
3055 957 3250 1012 litteris
3274 957 3539 1020 intimavit
3563 976 3576 1010 :
3607 959 3680 1012 ita
3702 972 3807 1012 nos

2224 1063 2440 1127 quoque
2467 1047 2534 1102 de
2561 1049 2676 1116 ejus
2705 1048 3019 1118 purgatione
3058 1046 3172 1111 base
3209 1048 3412 1118 scripta
3459 1063 3583 1102 cum
3615 1044 3806 1103 laetitia

2226 1142 2580 1202 mitteremus.
2614 1140 2770 1200 Esset
2798 1140 3042 1211 profecto
3069 1147 3126 1196 et
3154 1147 3338 1199 nostra
3379 1148 3434 1194 et
3461 1148 3642 1194 vestra
3686 1155 3807 1194 mo-

2227 1231 2297 1283 do
2319 1231 2570 1284 alacritas
2591 1231 2813 1296 certior,
2865 1246 2964 1286 nec
2987 1245 3330 1301 praepropera
3356 1231 3654 1299 videretur,
3683 1247 3812 1302 qua:

2229 1319 2404 1376 adhuc
2452 1321 2520 1377 de
2549 1321 2834 1387 audiendo,
2887 1313 3049 1398 quam
3093 1321 3161 1377 de
3207 1323 3392 1377 audito
3439 1333 3809 1392 prmeesserat.

2230 1412 2562 1467 Adveniente
2587 1428 2718 1468 sane
2746 1413 2814 1467 ad
2844 1429 2942 1468 nos
2970 1423 3159 1468 saneto
3182 1412 3346 1468 fratre
3384 1423 3441 1468 et
3479 1415 3813 1486 coepiscopo

2231 1516 2416 1560 nostro
2444 1505 2722 1572 Faustino,
2765 1505 3054 1562 concilium
3102 1505 3566 1576 congregavimus,
3606 1514 3662 1562 et
3688 1520 3814 1562 ere-

2231 1599 2461 1654 didimus
2508 1599 2630 1660 ideo
2680 1616 2802 1654 cum
2833 1600 2924 1654 illo
2955 1599 3211 1654 missum:
3259 1599 3514 1668 quoniam
3543 1599 3682 1653 sicut
3710 1614 3816 1669 per

2231 1691 2348 1761 ejus
2393 1707 2613 1763 operam
2653 1691 2988 1762 presbyterio
3034 1700 3160 1744 ante
3201 1689 3443 1744 redditus
3490 1687 3685 1756 fuerat,
3734 1689 3852 1746 ita-

545 1813 719 1860 suum
765 1803 966 1872 εει-ίριο
1000 1809 1192 1856 vestrm
1235 1798 1540 1861 αξιεειίοηίε
1582 1813 1704 1852 cum
1733 1793 1880 1852 omni
1923 1795 2124 1864 gratia-
2157 1795 2198 1851 Β
2232 1799 2372 1837 nunc
2402 1783 2669 1853 possetde
2700 1784 2860 1837 tantis
2889 1781 3201 1836 criminibus
3241 1794 3271 1834 a
3314 1777 3679 1833 Thabracenis
3709 1780 3815 1834 ob.

547 1911 665 1950 rum
694 1897 908 1951 actione
949 1893 1181 1962 suscepi,
1230 1891 1458 1946 Domino
1501 1891 1700 1960 gratias
1754 1901 1938 1956 agens,
1984 1885 2131 1955 quod

524 1986 717 2042 .merui
749 1992 1017 2039 tantorum
1040 1982 1262 2036 fratrum
1287 1981 1662 2042 benedictione
1686 1977 1905 2049 perfrui,
1941 1977 2128 2033 Domi.-

547 2076 602 2130 ni
633 2073 928 2129 beatissimi
955 2071 1170 2134 fratres,
1198 2070 1492 2143 scripsistis
1520 2083 1669 2136 sane,
1719 2077 1778 2128 ut
1824 2069 2131 2128 verissimos

546 2179 785 2220 canones
823 2162 962 2232 apud
986 2162 1212 2218 Niaeam
1243 2161 1536 2227 civitatem,
1587 2160 1926 2230 metropolim
1955 2159 2132 2230 Bithy-

545 2255 667 2320 nice,
699 2268 730 2307 a
764 2251 1010 2307 Patribus
1033 2252 1356 2306 constitutos
1375 2251 1473 2306 sub
1497 2249 1622 2305 fidei
1651 2251 2029 2320 astipulatione
2058 2249 2132 2303 di-

546 2347 735 2416 rigam.
763 2344 830 2398 Et
849 2345 969 2414 quis
997 2353 1080 2400 est
1121 2343 1214 2413 qui
1240 2358 1586 2406 communem
1613 2342 1795 2412 fidem,
1825 2342 1909 2396 vel
1932 2350 2130 2396 statuta

547 2452 578 2490 a
610 2435 855 2489 Patribus
886 2435 1092 2488 ﬁrmata
1119 2434 1232 2489 suis
1261 2432 1514 2494 fratribus
1543 2433 1770 2501 deneget
1795 2433 1817 2486 ?
1847 2432 1958 2498 Qua
1981 2433 2046 2490 de
2072 2447 2131 2487 re

547 2543 646 2597 per
666 2526 913 2582 eumdem
945 2525 1108 2578 lilium
1146 2539 1322 2578 meum
1367 2522 1700 2584 Marcellum,
1743 2521 2131 2579 subdiaconum

548 2628 809 2685 vestrum,
852 2618 1073 2672 nimium
1119 2615 1484 2680 festinantem,
1536 2616 1675 2671 sicut
1711 2616 1896 2670 statuti
1926 2623 2047 2669 sunt
2076 2617 2131 2670 in

546 2708 722 2765 Nicaea
757 2709 973 2763 civitate
1023 2722 1054 2761 a
1097 2706 1344 2768 Patribus
1390 2721 1643 2772 canones,
1677 2707 1730 2767 in
1785 2706 2020 2773 integro,
2074 2713 2132 2758 ut

545 2800 798 2870 jussistis,
831 2799 1004 2854 direxi
1033 2816 1046 2852 :
1089 2807 1279 2870 petens
1306 2806 1364 2858 ut
1395 2813 1494 2868 pro
1516 2814 1601 2852 tne
1630 2798 1918 2867 plurimum
1949 2806 2131 2853 vestra

547 2898 734 2946 sancta
763 2890 1108 2957 congregatio
1135 2904 1292 2944 orare
1313 2888 1520 2961 jubeat.
1551 2884 1617 2940 Et
1636 2889 1740 2941 alia
1764 2903 1926 2948 manu
1951 2904 1963 2939 :
1991 2886 2132 2941 Deus

523 3045 526 3048 ,
552 2991 736 3037 uoster
757 2981 1094 3036 sanctitatem
1123 2989 1360 3035 vestram
1382 2978 1666 3047 custodiat,
1690 2977 1836 3050 quod
1861 2985 2128 3050 optamnS,

548 3074 718 3130 sancti
747 3073 960 3130 fratres.

550 3182 814 3252 Incipiunt
837 3182 1157 3252 exemplaria
1185 3183 1395 3241 concilii
1437 3180 1490 3235 Ν
1497 3183 1666 3244 icazni,
1707 3183 1900 3240 directa
1929 3184 2020 3240 sub
2049 3183 2132 3237 die
2159 3169 2205 3231 C

621 3251 675 3308 vt
711 3254 812 3306 cal.
862 3251 1160 3306 Decembris
1188 3294 1204 3319 ,
1225 3263 1353 3322 post
1388 3252 2139 3322 consulatumgloriosissimo-

619 3338 734 3376 rum
789 3324 1156 3385 imperatorum
1208 3321 1444 3375 Honorii
1495 3337 1567 3375 xu
1614 3331 1664 3374 et
1719 3321 1988 3380 Theodosii
2047 3338 2138 3385 vit!

619 3341 734 3376 rum
789 3341 862 3376 tm
897 3341 1156 3375 aratorum
1208 3341 1444 3375 [ιοιιοτιι
1495 3341 1567 3375 XII
1614 3341 1663 3374 ει
1721 3341 1775 3374 II

618 3392 811 3463 Augg.,
843 3341 1117 3462 ἕοηὶῙαι-ἰο
1139 3392 1279 3446 urbis
1307 3391 1492 3450 Romo:
1513 3392 1775 3462 episcopo.

617 3499 919 3556 cxxxvu.
980 3485 1260 3560 Credimus
1309 3502 1366 3556 in
1422 3517 1587 3556 unum
1642 3502 1863 3571 Deum,
1921 3501 2136 3564 Patrem

552 3593 1014 3662 omnipotentem,
1067 3591 1376 3654 visibilium,
1426 3607 1526 3646 nec
1565 3608 1676 3646 non
1709 3601 1766 3646 et
1795 3592 2137 3646 invisibilium

550 3689 877 3736 creatorem.
920 3679 988 3734 Et
1033 3682 1084 3734 in
1123 3674 1289 3736 unum
1341 3681 1629 3736 Dominum
1670 3690 1912 3736 nostrum
1954 3680 2136 3737 Jesum

549 3770 843 3835 Christum,
872 3769 1064 3825 Filium
1095 3770 1214 3839 Dei,
1250 3779 1435 3824 natum
1463 3786 1530 3825 ex
1577 3769 1736 3824 Patre
1779 3771 2133 3838 unigenitum,

551 3865 657 3918 hoc.
686 3873 770 3919 est
797 3879 864 3918 ex
893 3863 1193 3918 substantia
1225 3861 1419 3927 Patris,
1473 3863 1638 3918 Deum
1685 3877 1753 3918 ex
1783 3861 1912 3929 Deo,
1945 3863 2136 3927 lumen

551 3971 620 4010 ex
650 3954 879 4018 lumine,
937 3953 1108 4008 Deum
1137 3968 1325 4009 verum
1353 3969 1421 4009 ex
1461 3953 1575 4010 Deo
1605 3970 1758 4022 vero,
1787 3937 1994 4020 natum,
2028 3970 2134 4015 non

552 4056 815 4112 creatum,
846 4047 1088 4117 ejusdem
1119 4062 1240 4102 cum
1271 4047 1432 4102 Patre
1462 4048 1799 4112 substantia),
1844 4062 1943 4118 per
1971 4062 2134 4116 quem

554 4138 737 4197 omnia
778 4136 918 4192 facta
948 4144 1097 4202 sunt,
1137 4136 1379 4192 coelestia
1409 4147 1463 4190 et
1494 4147 1729 4197 terrena,
1771 4135 1877 4210 Qui.
1916 4148 2136 4206 propter

546 4245 652 4304 nos
674 4227 940 4291 homines,
973 4237 1027 4282 et
1053 4239 1280 4296 propter
1308 4234 1550 4280 nostram
1576 4226 1803 4280 salutem
1837 4225 2130 4289 descendit,

546 4329 608 4388 ρῑ
638 4321 944 4392 incarnatus
969 4326 1068 4382 est,
1102 4325 1156 4372 et
1182 4317 1346 4370 homo
1376 4317 1548 4371 factus
1578 4330 1766 4384 passus
1809 4322 1912 4375 est.
1947 4313 2012 4367 Et
2045 4329 2131 4376 τερ

545 4409 786 4484 surrexit
812 4409 966 4463 tertia
999 4407 1104 4470 die,
1137 4407 1379 4462 ascendit
1419 4408 1470 4460 in
1499 4407 1716 4467 coelum,
1761 4413 2019 4460 venturus
2044 4405 2131 4458 in-

542 4501 619 4566 de
642 4499 882 4569 judicare
906 4501 1058 4554 vivos
1087 4508 1142 4553 et
1165 4506 1410 4556 mortuos
1437 4516 1449 4552 :
1476 4485 1477 4488 “
1504 4505 1562 4551 et
1605 4501 1658 4550 in
1705 4496 1960 4565 Spiritum
2001 4510 2129 4548 san-

545 4599 714 4652 ctum.
765 4588 870 4653 Eos
918 4605 1047 4645 vero
1094 4592 1184 4659 qni
1233 4589 1436 4654 dicunt,
1486 4594 1602 4642 erat
1654 4596 1864 4657 tempus
1917 4586 2130 4656 quando

548 4697 657 4746 non
684 4691 820 4747 erat,
847 4691 901 4736 et
924 4683 1012 4752 qui
1037 4666 1290 4736 cx‘nibilo
1317 4680 1534 4746 factum,
1564 4677 1649 4732 vel
1671 4695 1735 4733 ex
1760 4679 1858 4732 alia
1880 4679 2128 4738 substan—

548 4773 645 4837 tia,
677 4772 759 4826 vel
789 4774 1021 4827 essentia
1048 4788 1186 4836 esse,
1232 4780 1324 4826 aut
1379 4772 1692 4831 mutabilem
1729 4779 1820 4824 aut
1859 4769 2126 4826 converti.-

546 4863 712 4927 bilem
745 4861 934 4918 Filiqu
968 4863 1060 4917 Dei
1088 4862 1293 4930 dicunt,
1337 4864 1755 4924 anathematizat
1781 4862 2043 4929 catholica
2075 4871 2129 4927 et

544 4954 844 5023 apostolica
871 4953 1127 5018 Ecclesia.

621 5042 755 5098 lluic
780 5043 1024 5114 symbolo
1059 5045 1180 5101 fidei
1212 5055 1373 5098 etiam
1429 5043 1758 5112 exemplaria
1808 5052 2132 5109 statutorum

547 5131 792 5197 ejusdem
838 5133 1051 5188 concilii
1093 5133 1292 5188 Nicreni
1342 5150 1371 5187 a
1421 5135 1736 5189 memoratis
1787 5133 2130 5203 pontiﬁcibus

553 5238 762 5277 annexa
788 5234 930 5286 sunt,
963 5228 1100 5281 sicut
1129 5228 1375 5296 superius
1414 5243 1508 5297 per
1537 5227 1714 5280 omnia
1743 5227 2087 5281 continentur
2114 5244 2126 5279 :

552 5330 670 5381 quae
699 5330 798 5369 nos
823 5315 911 5371 hic
952 5319 1143 5374 iterum
1174 5322 1440 5376 conscribi
1471 5321 1830 5375 necessarium
1864 5337 1966 5373 non
2010 5334 2129 5379 esse

552 5405 890 5460 credidimus.

555 5514 744 5586 Incipit
766 5519 984 5587 epistola
1006 5525 1210 5594 concilii
1231 5526 1466 5594 Africani
1486 5524 1554 5577 ad
1578 5540 1767 5594 papam
1794 5521 2122 5577 Ca’lcstiuum

979 5591 1117 5644 urbis
1152 5591 1329 5648 [ionice
1359 5591 1672 5665 episcopum.

623 5695 950 5756 CXXXVIH.
1019 5699 1275 5756 Domino.
1312 5704 1658 5757 dilectissimo
1719 5713 1774 5757 et
1819 5703 2122 5758 honorabili

552 5790 587 5843 ft
606 5789 1006 5846 :ztriCcttiestino
1035 5791 1298 5855 Aurelius,
1331 5791 2120 5867 Paiatinus,Antonizis,'l‘etus,

2225 1873 2388 1944 jectis
2409 1889 2475 1928 eo
2507 1874 2787 1928 laborante
2807 1872 3043 1944 purgari.
3075 1871 3240 1940 Cujus
3290 1877 3438 1924 tanta
3467 1884 3532 1924 ac
3567 1879 3676 1923 tam
3706 1870 3817 1922 im-

2231 1966 2411 2029 mania
2442 1963 2639 2035 llagitia
2669 1963 2955 2020 decursum
2999 1961 3172 2017 nostri
3220 1959 3436 2016 concilii
3477 1973 3701 2014 examen
3735 1959 3817 2014 in-

2230 2055 2417 2124 venit,
2466 2064 2524 2109 ut
2575 2062 2630 2109 et
2683 2047 2964 2106 memorati
3006 2049 3364 2120 patrocinium
3413 2049 3591 2118 potius
3645 2061 3815 2117 quam

2227 2147 2508 2220 judicium,
2537 2161 2601 2199 ac
2630 2142 2927 2198 dCfCtSOl‘iS
2967 2141 3134 2209 magis
3163 2153 3382 2209 operam
3436 2151 3595 2213 quam
3633 2137 3818 2193 disce,

2231 2238 2458 2308 ptatoris
2482 2236 2744 2305 justitiam
2771 2237 3108 2303 superarent.
3156 2230 3288 2284 Nam
3340 2228 3589 2297 primum,
3632 2242 3815 2296 quan-

2234 2337 2344 2384 tum
2376 2327 2666 2392 obstiterit,
2709 2325 2854 2378 omni
2885 2320 3290 2391 congregationi
3319 2319 3558 2374 diversas
3587 2317 3818 2386 injurias

2233 2417 2546 2488 ingerendo,
2577 2416 2728 2487 quasi
2757 2413 3010 2469 Ecclesiae
3040 2412 3292 2466 Romanae
3322 2425 3566 2465 asserens
3603 2409 3819 2478 privile-

2232 2511 2339 2578 gia,
2370 2517 2424 2563 et
2452 2509 2636 2562 volens
2661 2520 2782 2560 eum
2811 2519 2841 2558 a
2865 2503 3019 2558 nobis
3040 2502 3092 2555 in
3119 2499 3552 2556 communionem
3573 2497 3780 2566 suscipi
3804 2517 3816 2558 ;

2232 2613 2390 2668 quem
2421 2606 2507 2652 tua
2538 2597 2795 2652 sanctitas
2823 2592 3048 2648 credens
3069 2591 3391 2672 appellasse,
3416 2588 3559 2658 quod
3579 2588 3821 2658 probare

2234 2708 2342 2748 non
2374 2691 2567 2761 potuit,
2619 2687 2987 2744 communioni
3013 2685 3360 2754 reddiderat;
3408 2683 3553 2754 quod
3589 2681 3822 2747 minime

2236 2794 2416 2840 tamen
2456 2783 2624 2848 licuit,
2672 2781 2816 2852 quod
2845 2780 3007 2846 etiam
3037 2785 3312 2848 gestorum
3337 2776 3527 2832 melius
3578 2775 3820 2841 lectione

2234 2889 2550 2945 cognosces.
2601 2873 2873 2938 Triduano
2923 2881 3098 2936 tamen
3147 2869 3564 2925 laboriosissimo
3609 2868 3820 2936 agitato

2230 2966 2450 3043 judicio,
2483 2981 2605 3021 cum
2635 2964 2844 3023 diversa
2868 2963 3042 3018 eidem
3071 2959 3284 3030 objecta
3310 2958 3643 3026 atllictissimi
3665 2973 3822 3028 quae?

2235 3070 2494 3122 reremus,
2525 3055 2612 3109 vel
2639 3069 2821 3108 moras
2842 3051 3150 3123 coepiscopi
3198 3051 3365 3106 nostri
3417 3049 3679 3117 Faustini,
3727 3049 3821 3112 vel

2238 3148 2706 3220 tergiversationes
2733 3146 2898 3216 ipsius
2920 3145 3144 3214 Apiarii,
3177 3141 3370 3213 quibus
3417 3142 3674 3198 nefandas
3699 3151 3821 3195 tur-

2240 3241 2509 3316 pitudines
2547 3238 2801 3294 occulere
2854 3236 3172 3303 conabatur,
3235 3233 3374 3288 Deus
3411 3232 3577 3300 judex
3612 3230 3818 3301 justus,

2239 3335 2394 3390 fortis
2420 3341 2477 3387 et
2503 3327 2821 3398 longanimis
2849 3341 3042 3396 magno
3066 3325 3386 3395 compendio
3405 3327 3692 3378 resecavit.
3713 3321 3823 3380 Te.

2247 3426 2415 3489 triore
2446 3422 2643 3491 quippe
2672 3435 2735 3474 ac
2782 3418 3051 3489 putidiore
3094 3416 3453 3473 obstinatione
3483 3428 3820 3484 compressa,

2239 3532 2345 3587 qua
2376 3523 2582 3570 tantum
2629 3513 2847 3567 lividum
2891 3525 3104 3566 etenum
3151 3507 3481 3584 impudentia
3513 3507 3823 3576 negationis

2239 3607 2457 3664 volebat
2513 3607 2784 3669 obruere,
2853 3601 2964 3656 Deo
3000 3609 3205 3666 .nostro
3253 3599 3370 3667 ejus
3425 3597 3820 3663 conscientiam

2239 3705 2572 3760 coarctante,
2620 3703 2675 3748 et
2716 3693 2926 3747 occulta
2955 3706 3077 3760 qua:
3117 3691 3170 3754 in
3201 3690 3341 3744 illius
3366 3691 3528 3745 corde
3558 3697 3823 3759 tanquam

2239 3787 2292 3853 in
2320 3787 2601 3842 volutabro
2645 3785 2926 3838 criminum
2952 3783 3062 3852 jam
3111 3781 3398 3838 damnabat
3441 3782 3602 3836 etiam
3649 3782 3825 3836 homi-

2237 3877 2394 3935 nibus
2423 3874 2754 3944 publieante,
2785 3881 3010 3943 repente
3054 3873 3108 3926 in
3155 3870 3551 3928 confessionem
3599 3880 3825 3925 cuncto-

2239 3982 2357 4021 rmn
2381 3966 2716 4034 objectorum
2752 3961 3071 4031 ﬂagitiorum
3102 3961 3320 4025 dolosus
3362 3969 3588 4029 negator
3614 3961 3817 4030 erupit.

2235 4054 2302 4110 Et
2325 4056 2539 4109 tandem
2574 4054 2640 4114 de
2671 4053 2920 4110 omnibus
2960 4051 3360 4116 incredibilibus
3407 4051 3716 4120 opprobriis
3747 4052 3826 4105 ul-

2238 4155 2458 4202 troneus
2499 4161 2558 4200 se
2597 4145 2718 4213 ipse
2766 4142 3022 4212 convicit,
3066 4149 3227 4208 atque
3273 4141 3441 4210 ipsam
3473 4154 3690 4215 quoque
3721 4157 3826 4195 no-

2239 4253 2404 4298 stram
2447 4258 2618 4313 spem,
2667 4257 2769 4308 qua
2812 4255 2933 4293 eum
2961 4247 3015 4293 et
3046 4237 3394 4292 credebamns
3419 4243 3473 4290 et
3495 4235 3822 4304 optabamus

2236 4335 2304 4390 de
2327 4343 2436 4392 tam
2467 4331 2731 4404 pudendis
2751 4331 2978 4384 maculis
2997 4343 3155 4398 posse
3180 4328 3420 4398 purgari,
3462 4327 3736 4380 convertit
3765 4327 3822 4380 in

2236 4425 2485 4494 gemitus,
2517 4423 2616 4476 nisi
2643 4421 2894 4490 quoniam
2925 4421 3083 4473 istam
3110 4428 3347 4472 nostram
3372 4417 3681 4471 mmstitiam
3708 4432 3824 4472 uno

2238 4527 2441 4572 tantum
2473 4516 2667 4570 solatio
2695 4515 2977 4582 mitigavit,
3015 4511 3158 4581 quod
3189 4521 3243 4566 et
3269 4526 3368 4565 nos
3399 4511 3581 4589 labore
3608 4509 3824 4562 diutur-

2237 4611 2404 4668 nioris
2425 4608 2733 4679 qumstionis
2761 4605 3009 4670 absolvit,
3033 4604 3216 4658 etsuis
3238 4602 3543 4657 vulneribus
3571 4601 3823 4669 qualem--

2238 4685 2448 4770 cunque
2477 4697 2762 4763 medelam,
2807 4698 2906 4751 etsi
2935 4697 3101 4759 invita
3130 4711 3193 4750 ac
3231 4710 3340 4759 suae
3361 4694 3709 4749 conscientia:
3740 4709 3824 4748 re-

2237 4793 2470 4848 luctante
2499 4790 2836 4846 confessione
2858 4789 3109 4859 providit,
3131 4787 3346 4843 domine
3373 4787 3552 4841 frater.
3585 4785 3820 4840 Praefato

2237 4888 2415 4953 itaque
2443 4884 2635 4936 debita:
2666 4882 3002 4935 salutationis
3032 4879 3229 4945 ofticio,
3264 4877 3534 4957 impendio
3554 4879 3822 4946 depreca-

2237 4990 2354 5028 mur
2408 4981 2468 5028 ut
2497 4973 2748 5040 deinceps
2804 4970 2871 5024 ad
2909 4979 3116 5025 vestras
3163 4985 3320 5023 aures
3371 4970 3494 5022 hinc
3531 4969 3822 5022 venientes

2236 5083 2342 5119 non
2370 5064 2573 5118 facilius
2599 5059 2911 5129 admittatis,
2946 5067 3043 5116 n‘cc
3075 5077 3102 5113 a
3137 5060 3290 5119 nobis
3320 5059 3823 5115 excommunicatos

2239 5156 2289 5209 in
2331 5153 2768 5211 communionem
2818 5150 2954 5205 ultra
2985 5149 3162 5205 velitis
3205 5149 3493 5216 excipere:
3544 5149 3667 5215 quia
3711 5150 3822 5208 hoc

2234 5248 2393 5302 etiam
2427 5247 2638 5300 Nicatno
2669 5244 2899 5299 concilio
2945 5243 3220 5297 deﬁnitum
3265 5241 3421 5296 facile
3448 5241 3690 5294 advertet
3716 5257 3818 5296 ve-

2235 5337 2545 5391 nerabilitas
2597 5345 2704 5388 tua.
2741 5335 2872 5388 Nam
2914 5343 2967 5388 et
3015 5334 3061 5387 si
3108 5334 3173 5387 de
3215 5333 3554 5388 inferioribus
3598 5333 3821 5388 clericis

2234 5431 2317 5484 vel
2350 5429 2496 5483 laicis
2526 5428 2742 5480 videtur
2780 5427 2851 5480 ibi
2899 5426 3209 5496 prtecaveri,
3250 5433 3453 5493 quanto
3496 5425 3665 5492 magis
3704 5423 3815 5480 hoc

2235 5521 2303 5574 dc
2332 5520 2602 5589 episcopis
2631 5519 2804 5572 voZuit
2849 5517 3123 5571 observari
3150 5558 3164 5582 ,
3214 5531 3280 5570 ne
3325 5516 3376 5570 in
3407 5530 3501 5568 sua
3534 5515 3815 5584 provincia

2234 5629 2262 5666 a
2290 5615 2665 5667 communione
2697 5609 2938 5678 suspensi
2983 5626 3010 5660 a
3037 5617 3122 5661 tua
3153 5624 3264 5661 san.
3286 5608 3439 5661 titate
3469 5621 3820 5675 prtepropere

2232 5702 2315 5757 vel
2347 5701 2579 5756 indebite
2607 5683 2887 5754 vidcantur
2915 5698 3280 5754 communiOni
3304 5696 3542 5750 restitui!
3584 5694 3818 5766 Presby-

2232 5801 2470 5850 terorum
2496 5807 2708 5866 quoque
2748 5799 2802 5845 et
2849 5789 3186 5860 sequentium
3218 5789 3533 5845 clericorum
3567 5789 3820 5860 improba
