3976 6196
482 331 571 394 1⁸51

534 451 784 462 _——_

913 443 1738 469 ,μ

1744 327 2097 388 DIONYSIUS
2138 327 2452 394 EXIGUUS,

3631 330 3741 393 252

1355 535 1803 612 DI'ONYSII
1878 530 2222 608 EXIGUI
2300 531 2842 609 PREFATIO.

548 741 772 794 Domino
794 735 1081 789 venerabili
1125 733 1253 787 mihi
1293 731 1507 787 Juliano
1553 732 1867 803 presbytero
1908 731 2045 785 tituli
2073 731 2131 792 Δ
2155 730 2297 784 niam
2319 716 2578 787 doctrinm
2605 729 2811 786 meritis
2830 731 3131 800 ampliaret.
3158 730 3398 801 Denique
3418 747 3582 789 omne
3601 749 3739 806 opus

475 830 682 885 Sancta:
714 826 1037 888 Anastasizc,
1088 824 1373 893 Dionysius
1421 822 1673 891 Exiguus.
1745 822 2055 878 Sanctitatis

473 930 665 975 vestrae
708 919 809 987 piis
849 916 1116 970 excitatus
1170 913 1381 979 studiis,
1431 913 1626 982 quibus
1657 912 1787 966 nihil
1833 927 2056 983 prorsus

471 1027 660 1068 eorum
688 1026 805 1079 qum
834 1009 898 1062 ad
936 1007 1357 1063 ecclesiasticam
1395 1005 1733 1075 disciplinam
1762 1004 2054 1074 pertinent,

473 1098 981 1167 emittitinquirere,
1007 1096 1399 1165 prmteritorum
1420 1096 1563 1149 sedis
1589 1094 1896 1165 apostolica:
1921 1109 2058 1165 pra:-
2098 1110 2105 1117 ‘

471 1192 645 1245 aulum
673 1186 1257 1255 constituta,quavalui
1285 1200 1412 1240 cura
1440 1185 1822 1253 diligentiaque
1843 1184 2055 1253 collegi,

473 1292 530 1337 et
558 1283 609 1335 in
634 1280 918 1349 quemdam
949 1279 1196 1347 redigens
1218 1278 1459 1333 ordinem
1486 1279 1651 1333 titulis
1672 1278 1887 1333 distinxi
1909 1293 2057 1333 como

472 1372 661 1442 positis
710 1388 729 1437 ε,
774 1370 846 1424 ita
894 1370 1157 1423 duntaxat
1208 1376 1266 1425 ut
1311 1368 1643 1436 singulorum
1698 1367 2051 1438 pontiﬁcum,

472 1471 739 1532 quotquot
770 1476 799 1514 a
833 1476 917 1514 me
947 1468 1211 1529 prmeepta
1250 1469 1464 1529 reperta
1494 1469 1637 1525 sunt,
1686 1461 1784 1514 sub
1815 1474 1918 1513 una
1959 1475 2058 1513 nu-

472 1566 743 1607 merorum
791 1551 933 1605 serie
973 1551 1347 1616 terminarem,
1379 1563 1672 1617 omnesque
1700 1548 1882 1603 titulos
1932 1549 2056 1604 huic

473 1642 773 1713 praefationi
822 1641 1216 1708 subnecterem,
1262 1656 1330 1695 eo
1369 1640 1531 1694 modo
1559 1654 1667 1710 quo
1708 1638 1932 1702 dudum,
1987 1639 2057 1695 de

470 1733 658 1789 Ganeo
688 1748 937 1788 sermone
962 1732 1179 1786 Patrum
1204 1732 1535 1788 transferens
1553 1745 1814 1798 canones,
1838 1731 2057 1786 ordina-

469 1842 606 1889 ram,
640 1825 782 1895 quod
805 1826 957 1879 vobis
988 1825 1207 1879 nimium
1238 1824 1501 1893 placuisse
1529 1837 1908 1897 cognoveram.
1954 1822 2055 1889 Qui

472 1938 607 1977 vero
640 1921 1005 1977 sincerissimo
1051 1918 1245 1973 allectu
1278 1918 1446 1972 Deum
1476 1917 1712 1985 diligitis,
1752 1923 1809 1971 et
1858 1916 2056 1971 idcirco

469 2012 697 2067 famulos
725 2013 841 2078 ejus
881 2010 1145 2065 laudanda
1184 2007 1553 2064 sollicitudine
1591 2006 1899 2062 continetis.
1925 2004 2055 2072 Quis

2154 820 2272 888 ej-us
2298 828 2389 875 aut
2417 820 2591 875 oratio
2638 820 2799 876 fuisse
2828 829 3177 887 memoratur,
3224 831 3319 877 aut
3344 824 3529 880 lectio.
3559 825 3735 881 Inter-

2156 911 2282 966 dum
2309 925 2524 980 quoque
2550 911 2817 966 scribendi
2855 927 3039 966 curam
3070 914 3332 979 sumebat,
3384 924 3543 983 prout
3571 932 3735 973 causa

2155 1001 2243 1056 vel
2270 1002 2408 1056 ratio
2436 1001 2791 1070 poposcisset,
2822 1016 3207 1071 servorumque
3239 1004 3335 1059 Dei
3356 1005 3577 1059 maximi
3606 1022 3739 1062 con-

2155 1092 2325 1147 sortio
2378 1099 2542 1160 atque
2585 1091 2847 1146 societate
2900 1093 3186 1160 gaudebat.
3217 1093 3454 1160 Quorum
3509 1094 3731 1165 spiritali

2155 1185 2449 1240 collatione
2472 1193 2621 1241 tanto
2649 1185 2811 1241 divini
2841 1187 3039 1241 amoris
3067 1188 3263 1254 studio,
3295 1198 3441 1243 tanta
3464 1192 3611 1246 verbi
3639 1190 3737 1247 Dei

2155 1277 2501 1331 meditatione
2548 1277 2848 1341 fovebatur,
2912 1287 2969 1334 ut
3016 1279 3142 1338 huic
3192 1281 3359 1337 etiam
3411 1281 3540 1337 illud
3589 1283 3738 1352 quod

2154 1367 2437 1429 Psalmista
2466 1370 2681 1433 cecinit,
2711 1380 2986 1440 aptaretur
3020 1389 3032 1422 :
3064 1371 3259 1437 Beatus
3288 1373 3454 1429 homo
3486 1389 3647 1442 quem
3678 1384 3739 1430 tu

2156 1458 2436 1523 erudieris,
2485 1454 2730 1525 Domine,
2764 1469 2820 1515 et
2841 1460 2907 1514 de
2952 1462 3070 1530 lege
3099 1470 3188 1516 tua
3216 1461 3469 1518 docueris
3490 1479 3634 1533 eum,
3681 1473 3740 1525 ut

2155 1551 2367 1619 mitiges
2392 1568 2515 1606 eum
2541 1567 2572 1606 a
2598 1552 2784 1608 diebus
2806 1554 2979 1608 malis.
3008 1553 3176 1623 Hujus
3195 1557 3337 1611 enim
3359 1559 3541 1614 saeculi
3566 1561 3739 1617 malos

2155 1641 2270 1697 dies
2298 1642 2369 1696 ita
2409 1643 2639 1698 Domino
2678 1643 2960 1712 mitigante
2988 1653 3150 1715 atque
3190 1647 3525 1714 gubernante
3554 1659 3739 1706 trans.-

2155 1734 2284 1802 egit,
2315 1742 2374 1788 ut
2400 1733 2679 1790 universas
2708 1736 3031 1791 tentationes
3055 1737 3190 1791 mira
3220 1738 3506 1807 prodeuntia
3534 1751 3591 1795 et
3613 1741 3736 1797 lon-

2155 1824 2468 1891 ganimitate
2506 1825 2771 1891 suil‘erret,
2805 1826 3026 1881 delicias
3056 1826 3274 1895 jejuniis
3320 1839 3620 1900 sperneret,
3648 1848 3742 1888 su-

2152 1913 2395 1983 perbiam
2416 1914 2717 1969 humilitate
2736 1914 2993 1982 calcaret,
3010 1924 3158 1971 tanta
3179 1918 3546 1973 misericordia
3572 1922 3740 1977 animi

2157 2004 2436 2059 alacritate
2457 2005 2799 2070 claresceret,
2829 2014 2889 2061 ut
2908 2022 3098 2063 omnes
3125 2006 3240 2063 fere
3259 2024 3524 2079 pauperes
3548 2012 3742 2067 satiari

467 2103 611 2157 enim
651 2102 1104 2172 peregrinantium
1155 2098 1397 2154 serviens
1434 2096 1671 2163 Christo,
1715 2105 1898 2151 vestro
1942 2112 2049 2152 non
2081 2085 2123 2143 Β
2153 2096 2310 2167 inops
2360 2098 2474 2167 ipse
2517 2107 2835 2153 mereretur.
2886 2096 3137 2155 Profecto
3173 2100 3366 2157 beatus
3413 2101 3516 2157 hac
3559 2103 3742 2175 inopia

468 2193 676 2249 fovetur
715 2194 983 2262 hospitio?
1022 2191 1233 2246 Justum
1261 2188 1463 2245 credidi
1500 2189 1654 2243 vobis
1685 2189 1737 2242 in
1766 2189 1867 2243 hac
1900 2196 2053 2258 parte

466 2283 734 2348 famulari,
765 2291 1030 2351 quatenus
1060 2280 1375 2336 industriam
1400 2288 1657 2343 vestram,
1699 2293 1859 2346 quam
1889 2277 2055 2332 emic-

465 2377 636 2431 stibus
666 2374 974 2445 impenditis
1001 2373 1220 2441 regulis,
1269 2380 1326 2427 et
1350 2386 1589 2441 presens
1637 2370 1875 2424 imitetur
1897 2378 2048 2435 tetas,

465 2474 520 2520 et
544 2466 828 2535 posteritas
883 2462 1197 2517 admiretur.
1252 2461 1388 2515 Nam
1440 2475 1549 2531 pra:
1599 2459 1811 2513 virtutis
1867 2474 2053 2515 amore

464 2562 658 2607 cuncta
705 2568 823 2621 quae
864 2558 989 2606 sunt
1014 2551 1165 2604 utilia
1208 2549 1523 2605 desideratis
1570 2562 1893 2617 agnoscere,
1928 2548 2054 2604 licet

464 2659 655 2699 omnes
695 2644 985 2699 venerandi
1016 2642 1155 2711 juris
1202 2642 1602 2697 observantiam
1654 2642 1895 2697 moribus
1951 2642 2055 2697 im-

464 2737 675 2808 pleatis.
708 2734 1013 2803 Quantique
1038 2735 1109 2789 sit
1129 2734 1269 2804 apud
1296 2734 1462 2789 Deum
1490 2734 1669 2791 meriti
1696 2733 1887 2791 beatus
1913 2750 2053 2805 papa

464 2826 730 2893 Gelasius,
753 2836 806 2882 et
835 2843 932 2881 nos
960 2827 1049 2897 qui
1072 2842 1195 2881 eum
1229 2827 1514 2896 przesentia
1543 2827 1813 2899 corporali
1837 2842 1943 2881 non
1972 2828 2051 2881 vi-

463 2921 693 2995 dimus,~
725 2936 820 2989 per
848 2934 943 2994 vos
989 2919 1237 2974 alumnos
1288 2917 1404 2986 ejus
1450 2918 1659 2975 facilius
1702 2918 2050 2976 aestimamus.

464 3009 628 3079 Cujus
650 3009 951 3065 eruditione
979 3008 1193 3064 formati
1240 3008 1464 3077 gradum
1516 3008 1819 3080 presbyteri
1864 3018 2051 3063 sancta

465 3102 874 3157 conversatione
921 3101 1216 3167 decoratis,
1276 3107 1337 3156 ut
1387 3101 1441 3155 in
1486 3107 1790 3156 vestrorum
1839 3115 2049 3155 morum

466 3191 750 3262 perspicuo
780 3205 1003 3245 munere
1048 3190 1164 3258 ejus
1196 3189 1440 3244 videatur
1481 3190 1880 3259 quodammodo
1909 3191 2052 3247 actio

468 3282 777 3351 prmlucere.
812 3279 1016 3347 Quem,
1050 3279 1208 3334 sicuti
1253 3288 1429 3333 vestra
1474 3279 1738 3334 relatione
1786 3279 2054 3349 comperi-

467 3387 606 3435 mus,
638 3371 690 3425 in
732 3380 936 3424 tantum
979 3370 1134 3425 boum
1159 3370 1449 3424 voluntatis
1492 3370 1764 3425 exstitisse
1810 3370 2055 3437 gratula-

2152 2202 2251 2258 per
2276 2203 2436 2257 quam
2467 2187 2661 2243 divinis
2687 2203 2899 2259 semper
2946 2188 3193 2245 laudibus
3237 2191 3552 2259 inhzerebat,
3597 2193 3743 2252 sicut

2152 2279 2414 2348 propheta
2441 2278 2573 2333 dicit
2600 2279 2667 2333 ad
2701 2279 2985 2335 Dominum
3012 2298 3023 2333 :
3051 2281 3264 2351 Pauper
3291 2290 3347 2337 et
3374 2283 3530 2354 inops
3558 2284 3743 2340 lauda-

2150 2368 2287 2424 bunt
2316 2384 2510 2424 nomen
2543 2378 2709 2423 tuum.
2741 2369 2867 2425 Fuit
2892 2371 3035 2427 enim
3052 2371 3137 2425 vir
3165 2371 3383 2440 ingenio
3409 2372 3738 2439 luculentus,

2151 2461 2259 2515 vita
2288 2461 2608 2532 praecipuus,
2639 2462 2963 2518 auctoritate
3010 2463 3354 2521 reverendus.
3387 2462 3455 2518 Et
3484 2464 3605 2519 ideo
3654 2474 3742 2521 tot

2151 2552 2407 2605 virtutum
2438 2560 2662 2607 ornatus
2691 2552 3005 2622 insignibus,
3034 2553 3101 2607 ad
3130 2560 3238 2608 tam
3261 2554 3463 2609 celsum
3492 2554 3739 2610 cilicium

2154 2657 2263 2697 non
2293 2642 2527 2697 accessit
2556 2643 2824 2711 indignus,
2873 2644 3136 2699 honorem
3193 2661 3415 2699 summa:
3461 2645 3743 2713 dignitatis

2153 2747 2318 2804 grave
2347 2733 2506 2789 nimis
2546 2749 2682 2801 onus
2709 2735 3050 2801 existimans,
3106 2750 3433 2806 parvamque
3461 2736 3746 2804 negligen-

2154 2824 2282 2877 tiam
2313 2822 2582 2893 pontificis
2612 2823 2798 2892 ingens
2819 2825 3117 2880 animarum
3142 2824 3428 2880 discrimen
3457 2839 3578 2883 esse
3603 2841 3745 2881 cou-

2152 2916 2399 2973 tendens.
2432 2916 2640 2973 Idcirco
2667 2918 2815 2973 nullo
2846 2934 2906 2974 se
2933 2918 3201 2975 desidioso
3227 2919 3340 2975 otio
3366 2918 3602 2986 tradidit,
3634 2935 3745 2976 nec

2152 2996 2430 3063 luxurioso
2486 3008 2735 3063 convivio
2790 3008 3066 3078 cllusoque
3114 3010 3353 3065 servivit.
3408 3009 3487 3065 Ex
3542 3011 3745 3081 quibus

2152 3100 2314 3155 rebus
2358 3108 2414 3156 et
2453 3100 2752 3161 animarqu
2800 3102 2974 3157 morbi
3003 3110 3296 3156 nascantur
3344 3109 3399 3157 et
3424 3117 3742 3173 corporum,

2153 3189 2251 3246 Hic
2283 3190 2463 3261 itaque
2484 3200 2667 3260 pastor
2694 3192 2885 3246 summi
2909 3199 3070 3262 atque
3092 3192 3218 3246 boni
3233 3190 3473 3247 Pastoris
3497 3192 3743 3250 imitator

2152 3282 2388 3336 eximens
2416 3283 2663 3350 egregius
2691 3282 2883 3351 pracsul
2933 3282 3078 3338 sedis
3124 3282 3438 3352 apostolica:
3467 3282 3585 3351 fuit,
3640 3286 3743 3355 qui

2153 3370 2335 3424 divina
2360 3379 2627 3441 praecepta
2656 3370 2781 3426 lecit
2808 3379 2863 3425 et
2882 3371 3090 3426 docuit.
3121 3370 3275 3427 Unde
3323 3387 3445 3427 eum
3485 3387 3743 3442 magnum

468 3476 605 3529 mur,
633 3469 690 3514 ut
716 3472 988 3523 annuente
1038 3461 1284 3525 Domino,
1318 3458 1677 3531 principatum
1709 3461 1762 3515 in
1805 3458 2047 3515 Ecclesia
2078 3440 2122 3502 Ο
2156 3457 2295 3513 inter
2314 3440 2549 3513 sanctos
2577 3472 2697 3513 esse
2740 3457 3085 3524 conﬁdimus,
3125 3459 3277 3528 juxta
3321 3461 3743 3530 promissionem

468 3570 567 3626 pro
596 3552 886 3609 multorum
915 3554 1089 3608 salute
1115 3553 1435 3622 suscipiens,
1466 3568 1587 3608 eum
1614 3551 1918 3615 serviendo,
1951 3566 2050 3622 po-

470 3646 572 3700 tius
601 3662 761 3714 quam
790 3645 1137 3719 dominando,
1180 3645 1509 3709 sustolleret,
1540 3645 1769 3714 vitaeque
1796 3643 2050 3698 castimo-

2153 3547 2355 3606 Christi
2395 3548 2606 3603 Domini
2648 3548 2920 3604 dicentis:
2975 3548 3075 3615 Qui
3113 3548 3302 3605 fecerit
3346 3559 3402 3607 et
3447 3551 3741 3621 docuerit,

2155 3642 2420 3696 maximus
2448 3641 2730 3696 vocabitur
2751 3641 2803 3695 in
2828 3655 2994 3710 regno
3021 3643 3304 3698 cmlorum.

475 3759 3727 3785 _———_————_‘_——__——_

1352 3822 1731 3883 EPISTOIA
1773 3818 2262 3881 DECRETALIS
2295 3819 2518 3879 ΡΑΡΕ
2555 3819 2838 3881 διιιιϐιι.

531 3984 754 4041 Siricius
802 3986 1037 4043 Himrrio
1094 3989 1347 4059 episcopo
1377 3988 1766 4045 Tarraconensi
1790 3989 2042 4044 salutem.

534 4073 743 4130 Directa
768 4079 832 4133 ad
857 4080 1191 4133 decessorem
1224 4088 1462 4134 nostrum
1489 4089 1688 4134 sancta:
1710 4079 2044 4135 recordatio-

461 4166 545 4220 nis
571 4164 855 4219 Damasum
884 4166 1231 4224 fratcruitatis
1262 4178 1364 4222 tua:
1387 4170 1598 4235 relatio,
1628 4185 1714 4224 me
1736 4168 1847 4237 jam
1877 4170 1929 4223 in
1954 4183 2043 4224 se-

460 4258 583 4313 dem
612 4260 777 4328 ipsius
798 4260 1177 4325 constitutum,
1210 4261 1334 4330 quia
1358 4261 1438 4315 sic
1467 4261 1722 4315 Dominus
1750 4261 2033 4322 ordinavit,

460 4350 662 4403 invenit
697 4366 709 4401 :
742 4365 902 4419 quam
951 4365 1071 4403 cum
1120 4350 1173 4403 in
1218 4359 1487 4406 conventu
1506 4350 1727 4405 fratrum
1754 4350 2037 4405 sollicitius

462 4439 774 4507 legeremus,
802 4449 945 4493 tanta
990 4440 1289 4496 invenimus
1329 4457 1449 4511 qua:
1503 4442 1926 4512 reprehensione
1979 4452 2036 4497 et

421 4542 428 4551 ‘
461 4532 795 4587 correctione
820 4534 927 4587 sint
948 4535 1103 4603 digna
1136 4577 1149 4602 ,
1184 4546 1380 4605 quanta
1432 4545 1743 4606 optaremus
1772 4535 2035 4591 laudanda

2153 3993 2239 4041 tos
2273 3985 2341 4040 ab
2387 3983 2563 4054 impiis
2591 3984 2804 4039 Arianis
2833 3983 3092 4054 plurimos
3120 3984 3187 4040 ad
3218 3984 3378 4041 ﬁdem
3407 3987 3739 4048 catholicam

2151 4075 2425 4139 festinare,
2456 4084 2513 4129 et
2556 4074 2819 4145 quosdam
2866 4074 2933 4130 de
2984 4076 3239 4133 fratribus
3288 4078 3486 4133 nostris
3513 4079 3738 4137 eosdem

2151 4163 2329 4219 denuo
2358 4164 2635 4234 baptizare
2662 4164 2824 4231 velle,
2849 4163 2995 4234 quod
3038 4180 3146 4221 non
3176 4164 3318 4232 licet,
3349 4182 3469 4225 cum
3494 4168 3600 4225 hoc
3618 4170 3738 4229 ﬁeri

2142 4264 2199 4309 et
2217 4254 2505 4325 Apostolus
2528 4263 2673 4310 vetet
2695 4254 2851 4326 (Eph.
2874 4255 2972 4324 iv),
2992 4265 3047 4310 et
3070 4270 3306 4313 canones
3332 4258 3732 4325 contradicunt,

2143 4355 2199 4401 et
2221 4355 2345 4415 post
2367 4355 2638 4402 cassatum
2658 4345 2997 4402 Ariminense
3015 4347 3306 4411 concilium
3323 4349 3483 4410 missa
3504 4350 3571 4404 ad
3598 4366 3733 4421 pro-

2144 4438 2361 4502 vincias,
2394 4453 2425 4492 a
2471 4437 2790 4493 venerandae
2850 4438 3125 4498 memoriae
3175 4438 3575 4508 prmdecessore
3600 4457 3731 4497 meo

2143 4526 2374 4591 Liberio,
2402 4527 2674 4596 generalia
2698 4526 2915 4583 decreta
2945 4526 3282 4595 prohibeant,
3312 4543 3449 4597 quos
3474 4545 3571 4583 nos
3598 4546 3730 4587 cum

458 4634 802 4689 cognoscere.
836 4622 901 4676 Et
928 4625 1052 4691 quia
1076 4640 1297 4679 necesse
1322 4634 1438 4679 erat
1462 4641 1559 4681 nos
1582 4628 1632 4680 in
1663 4625 1779 4694 ejus
1801 4627 2034 4695 labores,

2150 4616 2462 4672 Novatianis
2499 4616 2725 4684 aliisque
2775 4615 3065 4680 hmreticis,
3114 4616 3254 4673 sicut
3299 4625 3383 4675 est
3428 4616 3478 4677 in
3515 4620 3728 4689 synodo

458 4725 718 4779 curasque
738 4714 1047 4781 succedere,
1078 4715 1162 4769 cui
1186 4732 1282 4785 per
1306 4716 1397 4771 Dei
1419 4718 1645 4785 gratiam
1676 4718 2035 4773 successimus

455 4805 509 4857 iu
539 4802 799 4860 honorem
832 4824 844 4858 :
878 4805 1036 4872 facto,
1063 4816 1119 4860 ut
1143 4810 1449 4877 oportebat,
1472 4810 1719 4879 primitus
1748 4825 1880 4864 meae
1909 4826 2034 4880 pro-

453 4894 715 4949 vectionis
758 4894 975 4961 indicio,
1008 4896 1072 4950 ad
1128 4898 1354 4965 singula,
1384 4907 1545 4967 prout
1590 4898 1846 4955 Dominus
1890 4902 2032 4970 aspi-

451 5000 573 5039 rare
626 4984 875 5053 dignatns
939 4993 1062 5051 est,
1121 4988 1499 5043 consultationi
1555 4998 1657 5043 tua:
1710 5004 2059 5060 responsum,

452 5086 765 5146 competens
785 5094 892 5133 non
917 5091 1195 5145 negamus.
1227 5078 1360 5145 Quia
1388 5096 1486 5149 pro
1516 5079 1678 5135 oflicii
1700 5082 1871 5135 nostri
1899 5097 2031 5137 con-

452 5166 775 5224 sidcralione
803 5187 911 5225 non
939 5178 1020 5225 est
1050 5171 1203 5226 nobis
1230 5172 1582 5237 dissimulare,
1605 5188 1713 5228 non
1740 5182 1823 5228 est
1852 5183 2030 5230 tacere

455 5258 673 5312 libertas
701 5279 711 5312 :
745 5264 936 5329 quibus
981 5265 1151 5334 major
1179 5268 1384 5320 cunctis
1405 5265 1719 5321 Christianae
1758 5268 2030 5334 religionis

458 5350 598 5413 telns
623 5351 896 5415 incumbit,
920 5367 1196 5424 portamus
1218 5374 1380 5413 onera
1404 5362 1639 5414 omnium
1667 5360 1756 5428 qui
1802 5374 2030 5427 gravan-

455 5449 556 5492 tur.
589 5441 633 5505 Q
657 5442 835 5496 .inimo
867 5444 979 5499 hmc
1008 5458 1185 5515 portat
1229 5451 1280 5503 in
1329 5452 1483 5505 nobis
1532 5452 1720 5505 beatus
1748 5453 2028 5522 apostolus

458 5528 665 5593 Petrus,
696 5534 783 5600 qui
815 5550 912 5591 nos
940 5535 989 5590 in
1014 5542 1279 5604 munibus,
1331 5552 1390 5594 ut
1431 5541 1767 5607 conﬁdimus,
1798 5543 2029 5597 admini-

452 5621 726 5675 stationis
747 5639 855 5676 sum
887 5627 1113 5693 protegit
1136 5639 1189 5682 et
1217 5640 1393 5683 tuetur
1418 5630 1679 5685 hmredcs.

808 5715 885 5770 De
924 5718 1136 5772 Arionis
1158 5737 1257 5774 non
1290 5723 1687 5792 rebaptizandis.

526 5805 564 5862 l.
598 5806 769 5863 Prima
802 5812 979 5880 itaque
1005 5814 1206 5882 pagina:
1229 5821 1327 5869 tusc
1350 5815 1521 5871 fronte
1551 5816 1770 5887 signasti
1792 5817 2032 5890 baptiza-

2144 4707 2495 4762 constitutum
2521 4705 2613 4775 (In
2635 4706 2821 4760 concif.
2843 4704 3081 4770 Nicamo,
3118 4722 3163 4759 ε.
3188 4704 3265 4774 8),
3296 4722 3394 4777 per
3422 4709 3728 4767 invocatio-

2147 4811 2273 4853 nem
2314 4797 2485 4852 solam
2536 4795 2861 4866 septiformis
2910 4796 3137 4867 Spiritus
3183 4798 3504 4868 episcopalis
3532 4816 3727 4857 manus

2136 4888 2499 4959 impositione,
2527 4888 2916 4943 catholicorum
2946 4889 3233 4944 conventui
3262 4890 3552 4957 sociamus,
3575 4892 3728 4961 quod

2133 4980 2294 5035 etiam
2324 4988 2466 5035 totus
2496 4978 2685 5035 Oriens
2713 4978 3079 5048 Occidensque
3130 4979 3381 5045 custodit,
3409 4996 3438 5035 a
3471 4998 3579 5051 quo
3611 4991 3729 5037 tra—

2137 5070 2267 5125 mite
2289 5087 2386 5126 vos
2413 5085 2629 5139 quoque
2670 5070 2898 5140 posthac
2933 5072 3153 5127 minime
3180 5073 3429 5126 convenit
3456 5073 3672 5128 deviare
3705 5094 3723 5127 :

2135 5160 2196 5218 si.
2219 5176 2325 5215 non
2348 5160 2504 5214 vultis
2552 5176 2582 5213 a
2638 5168 2824 5215 nostro
2871 5161 3099 5229 collegio
3153 5160 3401 5232 synodali
3447 5164 3726 5221 sententia

2136 5266 2396 5322 separarn

2140 5409 2209 5464 ω
2237 5418 2425 5480 prater
2470 5412 2675 5465 Pascha
2717 5422 2764 5466 et
2807 5413 3145 5466 Pentecoste):
3176 5414 3432 5483 baptisma
3455 5433 3558 5470 non
3587 5417 3726 5471 cele-

2836 5502 3028 5557 brelur.

2210 5640 2273 5694 ll.
2299 5639 2553 5709 Sequitur
2571 5644 2637 5698 de
2652 5642 2875 5696 diversis
2895 5642 3334 5711 baptizandorum
3369 5646 3720 5715 temporibus,

2138 5739 2301 5801 prout
2349 5733 2634 5803 unicuique
2715 5734 2919 5788 libitum
2993 5734 3187 5798 fuerit,
3243 5721 3613 5811 improbabilis
3658 5745 3726 5793 et

2134 5822 2463 5880 emendanda
2496 5826 2757 5891 confusio,
2805 5841 2923 5895 qum
2952 5841 2979 5880 a
3007 5825 3205 5883 nostris
3234 5827 3717 5887 consacerdotibus
