3982 6196
251 302 354 328 ΓἿᾟ

252 320 359 355 ἕδη.)

1294 298 1671 359 (IOlLECTiO
1713 304 2173 365 DECRETOHUM
2219 309 2319 366 Pl".
2366 312 2475 366 RR.

3413 319 3516 375 πε

248 408 424 480 (quod
450 409 710 499 commoti
736 406 982 477 dicimus)
1012 423 1117 462 non
1147 410 1354 464 ratione
1375 413 1711 468 auctoritatis
1742 415 1840 467 ali-
1871 425 1913 480 Λ
1946 419 2155 488 quibus,
2184 422 2305 489 quia
2324 422 2432 491 jam
2454 420 2735 492 suffugium
2762 440 2866 479 non
2898 426 3099 483 habent
3125 428 3438 499 pteuitendt,
3471 433 3521 484 iu

252 503 433 571 cujus,
462 494 558 556 sed
584 500 701 555 sola
733 499 1036 554 temeritate
1060 500 1431 567 pnesumitur,
1469 512 1526 555 ut
1549 504 1750 571 passim
1780 520 1842 560 ac

252 594 425 648 libere
453 591 711 646 natalitiis
751 589 968 654 Christi,
992 605 1087 645 seu
1117 591 1493 661 apparitionis,
1526 608 1624 648 nec
1656 610 1762 647 non
1790 602 1844 649 et

254 683 657 753 Apostolorum,
676 697 771 736 seu
802 680 1096 749 Martyrum
1120 680 1500 737 festivitatibus
1524 684 1842 749 iunumcrm,

254 787 316 830 ut
342 777 561 839 asscris,
588 776 772 845 plebes
798 774 1050 845 baptismi
1078 775 1390 846 mysterium
1414 789 1839 848 consequantur,

253 884 372 923 cum
404 869 508 922 hoc
532 867 632 921 sibi
660 866 995 936 privilegium
1018 875 1071 921 et
1092 867 1232 936 apud
1254 884 1372 934 nos,
1405 879 1459 924 et
1487 872 1624 940 apud
1656 888 1845 929 omnes

256 959 525 1014 Ecclesias
553 958 881 1013 dominicum
903 957 1208 1027 specialiter
1235 974 1355 1013 cum
1387 959 1706 1018 Pentecoste
1748 979 1844 1019 sua

256 1049 460 1104 Pascha
488 1048 762 1114 defendat,
790 1048 984 1118 quibus
1037 1048 1169 1104 solis
1211 1064 1307 1119 per
1336 1065 1533 1105 annum
1564 1053 1751 1110 diebus
1778 1056 1845 1110 ad

254 1139 411 1193 fidem
453 1138 851 1193 confluentibus
877 1138 1149 1207 generalia
1177 1138 1517 1209 baptismatis
1550 1144 1684 1198 tradi
1715 1161 1847 1201 con-

254 1228 397 1282 venit
424 1237 784 1283 sacramenta.
810 1225 904 1281 His
922 1226 1184 1282 duntaxat
1207 1228 1413 1295 electis,
1438 1231 1527 1300 qui
1560 1242 1685 1287 ante
1710 1250 1844 1303 qua-

250 1318 530 1386 dragiuta,
558 1317 645 1372 vel
698 1332 766 1371 eo
815 1316 1043 1387 amplius
1082 1317 1197 1371 dies
1243 1333 1441 1373 nomen
1492 1319 1763 1389 dederint,
1791 1333 1849 1379 et

250 1408 608 1473 cxorcismis,
648 1406 1082 1475 quotidiauisque
1128 1408 1462 1464 orationibus
1496 1419 1658 1480 atque
1700 1412 1846 1481 jeju-

252 1499 358 1553 niis
392 1498 593 1552 fuerint
622 1496 847 1567 expiati,
879 1508 1147 1565 quatenus
1168 1500 1469 1568 apostolica
1499 1502 1586 1556 illa
1616 1503 1837 1573 implea-

253 1600 340 1643 tur
370 1590 685 1658 pneceptio,
735 1596 795 1642 ut
838 1598 1136 1657 expurgato
1166 1588 1431 1646 fermento
1478 1593 1676 1662 veteri,
1709 1611 1847 1650 nova

254 1681 481 1750 incipiat
529 1695 648 1735 esse
694 1680 1007 1749 conspersio
1038 1679 1092 1751 (Ι
1113 1678 1234 1737 Cor.
1262 1681 1340 1750 v).
1370 1681 1521 1737 Sicut
1566 1698 1695 1752 ergo
1718 1684 1847 1741 Pas-

254 1772 464 1827 chalem
477 1772 836 1826 reverentiam
855 1772 906 1824 in
932 1771 1078 1825 nullo
1101 1770 1323 1827 dicimus
1338 1788 1458 1828 esse
1480 1774 1841 1843 minuendam,
1874 1790 1920 1851 Β

257 1865 327 1917 ita
356 1862 672 1927 infantibus,
698 1863 791 1931 qui
822 1860 1052 1916 necdum
1107 1863 1254 1933 loqui
1300 1874 1555 1934 poterunt
1587 1881 1684 1935 per
1710 1877 1842 1923 tcta-

255 1962 405 2019 tem,
437 1954 523 2008 vel
576 1953 661 2008 his
700 1953 895 2022 quibus
941 1952 995 2006 in
1043 1952 1285 2022 qualibet
1338 1955 1661 2012 necessitate
1710 1973 1847 2028 opus

257 2044 421 2099 tuerit
470 2042 610 2099 sacri
638 2040 779 2097 unda
826 2042 1182 2111 baptismatis,
1214 2043 1361 2096 omni
1382 2043 1631 2100 volumus
1654 2046 1846 2101 celeri-

256 2145 369 2188 tate
399 2133 645 2188 succurri
670 2149 683 2185 :
710 2146 777 2186 ne
797 2132 866 2185 ad
884 2140 1186 2186 nostrarum
1210 2133 1500 2202 perniciem
1518 2134 1702 2190 tendat
1722 2137 1844 2191 ani-

254 2240 489 2289 marum,
508 2225 555 2277 si
578 2232 771 2293 negato
794 2222 1221 2279 desiderantibus
1242 2222 1389 2280 fonte
1411 2226 1632 2281 salutari
1658 2229 1846 2285 exiens

256 2316 629 2383 unusquisque
656 2314 725 2369 de
752 2314 950 2368 seculo
983 2323 1038 2368 et
1082 2328 1307 2383 regnum
1338 2316 1545 2386 perdat,
1577 2328 1632 2373 et
1657 2320 1843 2377 vitam.

254 2406 577 2476 Quicunque
606 2407 768 2460 etiam
798 2405 1084 2461 discrimen
1116 2407 1398 2477 naufragii,
1430 2409 1741 2467 hostilitatis
1760 2413 1843 2467 in-

255 2514 496 2564 cursum,
526 2496 820 2552 obsidionis
842 2497 1167 2565 ambiguum,
1199 2497 1281 2552 vel
1332 2498 1623 2567 cujuslibet
1650 2517 1845 2572 corpo-

256 2589 386 2642 ralis
441 2586 771 2657 mgﬁtudinis
822 2584 1251 2657 desperationem
1300 2586 1604 2655 inciderint,
1646 2598 1700 2645 et
1742 2593 1845 2649 sibi

255 2678 419 2732 unico
473 2676 807 2731 credulitatis
854 2676 1056 2731 auxilio
1108 2678 1456 2747 poposcerint
1509 2680 1779 2736 subveniri
1827 2703 1839 2738 :

253 2768 470 2830 eodem,
519 2781 629 2835 quo
680 2773 929 2837 poscunt,
970 2775 1247 2821 momento
1292 2768 1546 2841 temporis
1593 2772 1844 2841 expetita:

254 2857 685 2927 regenerationis
704 2857 923 2927 prtcmia
944 2868 1360 2928 consequantur.
1395 2859 1668 2918 Hactenus
1696 2880 1845 2921 erra-

254 2960 367 3003 tum
419 2950 474 3003 in
531 2948 632 3003 hac
661 2955 815 3017 parte
840 2946 1090 3014 sufficiat,
1123 2965 1263 3004 nunc
1302 2951 1576 3020 prtefatam
1604 2955 1843 3024 regulam

254 3054 447 3093 omnes
477 3049 698 3092 teneant
726 3037 1068 3105 sacerdotes,
1097 3040 1189 3108 qui
1226 3040 1417 3095 nolunt
1442 3042 1509 3096 ab
1531 3045 1841 3114 apostolica:

1940 510 2193 565 duximus
2220 512 2636 579 decernendum,
2671 523 2728 568 ut
2766 515 2878 569 sola
2911 516 3048 571 intra
3083 518 3360 574 ecclesiam
3390 516 3495 574 fide

1948 600 2086 656 libus
2127 604 2372 657 oratione
2412 604 2705 673 jungantur
2728 645 2742 668 ,
2774 622 2942 661 same
2974 609 3350 679 mysteriarum
3378 610 3523 665 cele-

1946 690 2125 745 britati
2153 732 2168 757 ,
2199 694 2443 760 quamvis
2467 711 2575 748 non
2620 706 2948 764 mereantur,
2977 698 3260 753 intersint:
3290 716 3320 753 a
3348 699 3525 755 domi-

1948 781 2079 836 nica:
2100 791 2281 838 autem
2309 800 2507 840 mensa:
2535 786 2782 840 convivio
2812 797 3180 857 segregentur,
3206 798 3265 844 ut
3291 790 3391 844 hac
3415 789 3525 844 sal-

1948 883 2057 929 tem
2106 874 2472 931 destructione
2513 878 2786 948 correpti,
2836 888 2891 933 et
2929 880 3029 949 ipsi
3058 880 3109 935 in
3138 895 3195 935 se
3222 896 3319 936 sua
3346 888 3524 935 errata

1947 965 2247 1033 castigent,
2278 975 2332 1020 et
2381 964 2498 1021 aliis
2526 968 2827 1038 exemplum
2873 969 3140 1039 tribuant,
3167 979 3431 1040 quatenus
3457 970 3526 1024 ab

1948 1054 2195 1110 obscenis
2223 1056 2603 1127 cupiditatibus
2642 1060 3003 1114 retrahantur.
3056 1060 3258 1127 Quibus
3305 1068 3481 1116 tamen
3509 1096 3525 1124 ,

1948 1145 2201 1213 quoniam
2231 1147 2430 1201 carnali
2471 1147 2757 1216 fragilitate
2792 1149 3142 1216 ceciderunt,
3178 1150 3376 1206 viatico
3406 1168 3524 1206 mu-

1948 1250 2096 1301 nere,
2123 1252 2244 1291 cum
2273 1238 2340 1291 ad
2367 1239 2648 1294 Dominum
2674 1240 2936 1310 coeperint
2956 1241 3239 1311 proficisci,
3261 1257 3358 1312 per
3378 1258 3529 1299 com—

1948 1328 2218 1384 munionis
2246 1332 2471 1397 gratiam
2496 1332 2739 1387 volumus
2779 1333 3072 1388 subviiniri.
3098 1334 3267 1400 Quam
3299 1334 3525 1391 formam

1949 1426 2004 1471 et
2051 1418 2193 1472 circa
2234 1419 2486 1475 mulieres
2532 1435 2647 1489 quae
2676 1437 2739 1477 se
2766 1431 2889 1493 post
2931 1423 3303 1493 paenitentiam
3334 1426 3525 1480 talibus

1948 1511 2331 1581 pollutionibus
2386 1514 2780 1583 devinxerunt,
2846 1517 3166 1573 servandam
3227 1533 3349 1574 esse
3402 1535 3525 1574 cen-

1949 1615 2060 1657 sem
2068 1618 2146 1657 llS.

1952 1740 2029 1795 De
2050 1745 2314 1799 monachis
2343 1756 2390 1798 et
2419 1747 2697 1815 virginibus
2726 1748 3043 1819 propositum
3064 1750 3167 1804 non
3190 1747 3524 1807 servantibus.

2019 1851 2104 1905 Vl.
2134 1852 2396 1909 Prteterea
2428 1857 2810 1911 monachorum
2848 1858 3106 1926 quosdam
3138 1868 3299 1930 atque
3344 1876 3523 1915 mona-

1948 1946 2193 2014 charum,
2223 1948 2435 2017 abjecto
2465 1952 2743 2019 proposito
2767 1952 3087 2016 sanctitatis,
3119 1936 3172 2008 in
3201 1962 3401 2007 tantam
3428 1969 3523 2023 po-

1906 2066 1909 2068 »
1947 2038 2160 2091 testatis
2185 2038 2464 2094 demersos
2518 2055 2635 2095 esse
2665 2040 2959 2107 lasciviam,
2988 2049 3044 2095 ut
3076 2043 3220 2112 prius
3248 2044 3524 2111 clanculo,

1947 2126 2092 2181 velut
2117 2127 2217 2181 sub
2247 2129 2699 2185 monasteriorum
2728 2139 2992 2200 prietextu
3015 2172 3031 2197 ,
3056 2116 3239 2188 illicita
3272 2148 3336 2189 ac
3364 2136 3525 2189 sacri-

1945 2217 2065 2286 lega
2094 2231 2153 2273 se
2180 2220 2500 2289 contagione
2528 2221 2856 2289 miscuerint,
2897 2232 3082 2294 postea
3128 2240 3254 2280 vero
3282 2225 3335 2279 in
3363 2212 3525 2281 abru-

1949 2318 2096 2378 ptum
2153 2312 2499 2367 conscientia:
2526 2313 2904 2383 desperatione
2953 2314 3192 2385 perducti
3223 2317 3289 2371 de
3328 2317 3523 2373 illicitis

1946 2402 2315 2473 complexibus
2357 2403 2525 2459 libere
2566 2403 2701 2460 filios
2742 2407 3106 2474 procrearint,
3137 2408 3282 2475 quod
3319 2418 3375 2463 et
3427 2426 3524 2479 pu-

1946 2495 2098 2552 blica:
2128 2497 2272 2565 leges
2296 2538 2311 2564 ,
2354 2506 2409 2552 et
2447 2498 2810 2553 ecclesiastica
2836 2499 2957 2569 jura
2987 2500 3352 2557 condemnant
3380 2521 3392 2557 :
3426 2508 3525 2559 has

1947 2587 2109 2655 igitur
2148 2587 2440 2659 impudicas
2489 2588 2942 2658 detestabilesque
2971 2605 3235 2659 personas
3274 2606 3305 2645 a
3335 2608 3525 2649 mona-

1945 2676 2229 2732 steriorum
2256 2687 2431 2745 cmtu,
2473 2678 2931 2747 ecclesiarumque
2967 2664 3320 2736 conventibus
3348 2682 3525 2739 elimi-

1947 2770 2150 2825 nandas
2189 2785 2308 2826 esse
2354 2769 2702 2835 mandamus,
2748 2778 3013 2839 quatenus
3058 2778 3281 2826 retrusa:
3321 2771 3375 2826 in
3414 2773 3526 2828 suis

1946 2861 2229 2930 ergastulis
2256 2870 2462 2915 tantum
2486 2860 2693 2917 facinus
2716 2862 2973 2916 continua
3003 2861 3388 2918 lamentatione
3426 2864 3524 2918 de-

1946 2951 2136 3009 flentes
2159 2992 2175 3018 ,
2206 2952 2569 3025 purificatorio
2609 2953 2816 3024 possint
2842 2953 3187 3025 ptenitudinis
3216 2955 3337 3023 igne
3361 2954 3525 3011 deco-

1945 3059 2113 3113 quere
2135 3084 2150 3109 ,
2192 3053 2251 3099 ut
2278 3045 2355 3100 eis
2396 3044 2480 3099 vel
2509 3044 2573 3100 ad
2601 3054 2830 3099 mortem
2859 3043 3049 3099 saltem
3074 3085 3089 3110 ,
3121 3045 3289 3100 solius
3310 3045 3521 3101 miseri-

253 3142 446 3200 petrae,
470 3145 639 3200 super
688 3145 849 3202 quam
894 3131 1139 3185 Christus
1159 3132 1516 3189 universalem
1544 3139 1845 3195 construxit
1873 3156 1918 3218 ρ
1948 3135 2143 3190 cordia:
2185 3134 2380 3189 intuitu
2427 3149 2523 3204 per
2567 3133 2960 3190 communionis
2988 3134 3213 3203 gratiam
3242 3135 3411 3205 possit
3439 3135 3520 3189 in-

252 3221 573 3288 Ecxlesiam,
600 3220 870 3277 soliditate
889 3222 1069 3278 divelli
1092 3222 1308 3293 (Matth.
1332 3225 1413 3294 κ).

863 3362 943 3417 De
972 3366 1242 3434 apostatis.

323 3454 413 3509 Ill.
445 3454 729 3523 Adjectum
756 3462 839 3509 est
877 3454 1039 3509 etiam
1064 3494 1079 3519 ,
1112 3453 1372 3534 quosdam
1404 3455 1740 3514 Christianos
1770 3463 1837 3518 ad

253 3546 584 3615 apostasiam
615 3544 780 3615 (quod
808 3543 910 3600 dici
937 3545 1089 3600 nefas
1117 3549 1218 3613 est)
1252 3554 1609 3614 transeuntes,
1642 3558 1698 3604 et
1724 3550 1839 3606 ido-

254 3638 428 3692 lorum
470 3637 618 3692 cultu
668 3653 731 3691 ac
779 3636 1163 3691 sacrificiorum
1210 3624 1675 3696 contaminatione‘
1707 3657 1836 3712 pro-

255 3728 488 3791 lanatos,
513 3744 650 3797 quos
675 3744 706 3782 a
735 3727 930 3784 Christi
960 3744 1188 3798 corpore
1210 3738 1263 3784 et
1290 3731 1570 3799 sanguine,
1602 3749 1710 3804 quo
1739 3735 1839 3790 du-
1868 3722 1877 3735 ’

210 3820 375 3877 ‘dum
408 3820 674 3890 redempti
702 3819 912 3874 fuerant
933 3820 1286 3886 renascendo,
1307 3820 1556 3887 jubemus
1576 3824 1837 3883 abscindi.

255 3912 314 3966 Et
415 3913 793 3982 resipiscentes
822 3911 956 3967 forte
985 3912 1270 3981 aliquando
1296 3913 1493 3967 fuerint
1515 3915 1580 3968 ad
1601 3916 1835 3971 lamenta

252 4005 520 4067 conversi,
551 4004 654 4067 his,
676 4000 911 4071 quandiu
935 4004 1119 4057 vivunt
1154 4003 1357 4071 agenda
1386 4005 1697 4073 poenitentia
1728 4016 1833 4073 est,

252 4105 307 4149 ct
334 4097 385 4149 in
407 4097 603 4150 ultimo
623 4094 725 4149 fine
745 4111 845 4150 suo
868 4092 1321 4150 reconciliationis
1335 4096 1506 4163 gratia
1530 4098 1829 4163 tribuenda,

252 4185 395 4253 quia,
421 4186 658 4239 docente
687 4183 936 4249 Domino,
967 4182 1216 4238 nolumus
1243 4192 1471 4239 mortem
1501 4187 1830 4254 peccatoris,

253 4276 343 4330 sed
372 4285 581 4329 tantum
612 4281 670 4328 ut
696 4281 1071 4336 convertatur,
1101 4280 1155 4328 et
1175 4273 1321 4326 vivat
1351 4270 1564 4343 (Ezech.
1588 4285 1760 4343 xvm).

254 4384 397 4450 Quod
433 4402 540 4439 non
570 4385 725 4439 liceat
753 4384 964 4439 alterius
994 4401 1238 4466 sponsam
1266 4384 1336 4438 ad
1363 4387 1679 4440 matrimonii
1706 4389 1831 4457 jura

944 4466 1142 4508 sortiri.

1947 3223 2217 3292 dulgentia
2245 3223 2553 3280 subvenire.

2343 3365 2423 3419 De
2442 3366 2641 3420 clericis
2670 3354 3118 3419 incontinentibut’.

2013 3479 2123 3533 νη.
2156 3479 2443 3535 Veniamus
2484 3493 2624 3534 nunc
2654 3479 2721 3535 ad
2750 3478 3140 3534 sacratissimos
3169 3477 3384 3534 ordines
3410 3478 3519 3533 cle-

1943 3571 2176 3626 ricorum
2202 3612 2216 3636 ,
2248 3586 2384 3639 quos
2414 3568 2465 3624 in
2496 3568 2813 3625 veneranda:
2860 3558 3135 3639 religionis
3166 3560 3413 3638 injuriam
3446 3568 3517 3622 ita

1941 3676 2038 3731 per
2068 3669 2272 3715 vestras
2301 3662 2602 3731 provincias
2630 3656 2869 3716 calcatus
2919 3670 3080 3729 atque
3110 3654 3363 3716 cbuf‘usos
3390 3660 3520 3715 cha-

1941 3753 2100 3808 ritate
2124 3762 2211 3807 tua
2224 3753 2524 3808 insinuante
2544 3753 2859 3822 reperimus,
2879 3759 2936 3807 ut
2956 3744 3205 3807 Ieremia:
3218 3753 3372 3808 nobis
3385 3768 3518 3808 voce

1938 3829 2221 3899 dicendum
2244 3846 2314 3900 sit
2344 3863 2355 3897 :
2391 3843 2516 3908 Quis
2545 3842 2685 3897 dabit
2716 3840 2872 3913 capiti
2901 3861 3011 3897 meo
3043 3861 3250 3914 aquam,
3280 3854 3328 3897 et
3355 3846 3517 3897 oculis

1940 3936 2066 3988 meis
2091 3936 2280 3991 fontem
2312 3936 2675 4004 facrymnrum,
2702 3944 2750 3986 et
2776 3930 2905 4000 ﬂebo
2926 3931 3171 4001 populum
3194 3923 3326 3986 hunc
3348 3935 3431 4002 die
3452 3952 3512 3986 ac

1939 4036 2084 4079 nocte
2115 4025 2242 4095 (Jer.
2285 4024 2406 4093 ix)?
2449 4022 2503 4077 Si
2533 4038 2662 4092 ergo
2688 4022 2875 4077 beatus
2903 4016 3166 4091 propheta
3197 4023 3263 4077 ad
3288 4023 3514 4092 lugenda

1936 4114 2118 4185 pepuli
2152 4121 2367 4184 peccata
2396 4127 2503 4166 non
2532 4112 2631 4166 sibi
2663 4111 2736 4165 ait
2764 4109 3029 4182 lacrymas
3060 4126 3217 4181 posse
3240 4112 3509 4179 sufﬁcere,

1937 4215 2140 4277 quanto
2187 4220 2286 4261 nos
2315 4219 2598 4275 possumus
2628 4202 2815 4257 dolore
2864 4202 3121 4271 percelli,
3168 4210 3288 4257 eum
3322 4218 3507 4257 eorum

1935 4298 2024 4366 qui
2077 4296 2128 4352 in
2174 4304 2359 4351 nostro
2404 4303 2528 4349 sunt
2556 4309 2823 4363 corpore,
2868 4287 3239 4362 compellimur
3269 4293 3503 4348 facinora

1934 4387 2215 4457 deplorare
2234 4428 2249 4451 ,
2280 4384 2472 4455 quibus
2511 4386 2776 4455 prtccipue
2804 4383 3094 4438 secundum
3128 4382 3341 4437 beatum
3372 4383 3504 4439 Pau-

1933 4477 2042 4531 lum
2080 4474 2329 4531 instantia
2356 4470 2669 4544 quotidiana
2723 4480 2777 4527 et
2805 4471 3106 4527 sollicitudo
3138 4474 3372 4526 omnium
3405 4473 3507 4528 Ec-

317 4544 397 4599 IV.
432 4545 514 4598 De
540 4543 901 4620 coniugalium
929 4552 1107 4596 autem
1134 4543 1427 4599 violatione
1457 4545 1758 4614 requisisti,
1783 4548 1826 4602 si

1942 4568 2219 4622 clesiarum’
2265 4564 2628 4619 indesinenter
2672 4563 2927 4617 incumbit
2973 4557 3061 4632 (11
3104 4561 3221 4616 Cor.
3250 4563 3511 4631 xi)?Quis

248 4632 631 4703 desponsatam
659 4632 748 4685 alii
774 4631 1003 4702 puellam
1031 4631 1167 4685 alter
1195 4633 1247 4685 in
1278 4633 1675 4687 matrimonium
1697 4650 1825 4704 pos-

246 4727 315 4779 sit
332 4726 622 4797 accipere?
650 4724 764 4779 lloc
792 4740 859 4779 ne
885 4723 993 4789 fiat,
1027 4724 1199 4779 modis
1220 4724 1468 4780 omnibus
1494 4725 1822 4791 inhibemus,

245 4822 366 4885 quia
394 4817 487 4870 illa
510 4814 819 4870 benedictio
848 4829 1008 4883 quam
1032 4822 1276 4882 nuptura:
1304 4813 1555 4869 sacerdos
1580 4814 1822 4883 imponit,

244 4906 384 4975 apud
416 4904 607 4959 fideles
637 4904 911 4971 cujusdam
956 4903 1223 4971 sacrilegii
1251 4902 1419 4958 instar
1464 4911 1584 4970 est,
1629 4903 1673 4958 si
1718 4904 1823 4959 ulla

243 4996 677 5066 transgressione
716 4994 967 5049 violetur.

386 5108 463 5162 De
492 5110 571 5161 his
602 5108 687 5178 qui
714 5104 1062 5177 paenitentiam
1094 5104 1302 5158 minime
1327 5108 1674 5158 servaverunt.

319 5219 378 5271 τ.
410 5219 483 5273 De
515 5218 599 5273 his
626 5233 753 5272 vero
785 5232 889 5271 non
921 5217 1210 5283 incongrue
1232 5206 1446 5269 dilectio
1478 5221 1566 5266 tua
1601 5220 1820 5281 aposto-

237 5309 398 5361 licam
446 5308 630 5362 sedem
679 5304 903 5359 credidit
950 5302 1352 5367 consulendam,
1392 5302 1480 5370 qui
1504 5308 1619 5355 acta
1649 5300 1819 5370 pinni-

233 5398 428 5461 tcntia,
455 5406 709 5463 tanquam
740 5409 900 5448 canes
950 5409 1014 5448 ac
1042 5408 1163 5447 sues
1193 5392 1259 5445 ad
1288 5392 1520 5446 vomitus
1560 5390 1815 5460 pristinos

228 5495 289 5538 et
323 5486 597 5538 volutabra
627 5484 937 5549 redeuntes,
960 5491 1014 5539 et
1042 5482 1244 5537 militire
1279 5480 1569 5549 cingulum,
1594 5489 1648 5533 et
1678 5479 1813 5534 ludi-

227 5592 356 5629 cras
380 5576 699 5645 voluptates,
741 5584 796 5627 et
827 5589 961 5629 nova
983 5572 1251 5643 conjugia,
1285 5579 1341 5627 et
1362 5570 1615 5625 inhibitos
1639 5572 1816 5625 denuo

224 5667 546 5735 appetivere
563 5665 899 5727 concubitus,
923 5680 1145 5732 quorum
1170 5662 1465 5733 professum
1488 5661 1819 5715 incontinen—

222 5764 365 5811 tiam
396 5756 635 5824 generati
659 5766 780 5822 post
807 5753 1196 5808 absolutionem
1226 5751 1316 5805 filii
1346 5750 1711 5821 prodiderunt.
1740 5750 1815 5804 De

562 5847 827 5909 Parcet.
877 5845 1144 5927 LXVII.-

1934 4658 2075 4712 enim
2104 4657 2422 4721 infirmatur,
2440 4662 2493 4709 et
2516 4669 2622 4708 non
2650 4653 2926 4706 iniirmor?
2942 4652 3072 4718 Quis
3095 4654 3503 4715 scandalizatur,

1933 4756 1989 4801 et
2017 4761 2117 4815 ego
2147 4762 2254 4799 non
2281 4745 2451 4799 uror?
2499 4728 2762 4796 Plurimos
2790 4741 2932 4796 enim
2981 4740 3289 4795 sacerdotes
3308 4740 3505 4795 Christi

1933 4838 2095 4908 atque
2125 4837 2313 4892 levitas
2337 4844 2458 4907 post
2484 4836 2639 4903 longa
2668 4833 3089 4889 consecrationis
3125 4848 3233 4886 sua:
3264 4842 3503 4901 tempora

1933 4925 2041 4983 tam
2090 4927 2157 4981 de
2200 4926 2515 4997 cenjugibus
2563 4924 2815 4995 propriis,
2872 4936 3031 4991 quam
3077 4921 3237 4976 etiam
3267 4921 3333 4976 de
3364 4923 3503 4991 turpi

1933 5018 2078 5073 coitu
2106 5016 2346 5072 sobolem
2374 5014 2651 5071 didicimus
2677 5024 3022 5083 procreasse:
3047 5019 3101 5065 et
3131 5011 3332 5063 crimen
3350 5025 3505 5065 suum

1932 5104 2030 5162 hac
2055 5106 2456 5177 praescriptione
2502 5103 2812 5170 defendere,
2862 5116 2965 5170 qua
2997 5101 3048 5153 in
3071 5098 3253 5160 Vcterj
3304 5097 3499 5152 Testa-

1930 5208 2112 5253 mento
2156 5197 2524 5253 sacerdotibus
2554 5211 2617 5250 ac
2662 5194 2920 5249 ministris
2948 5190 3236 5261 generandi
3280 5189 3504 5249 facultas

1930 5291 2122 5360 legitur
2150 5290 2422 5343 attributa.
2456 5286 2607 5341 Dicat
2644 5286 2774 5339 mihi
2806 5298 2974 5347 nunc,
3014 5281 3258 5350 quisquis
3301 5283 3390 5337 ille
3420 5292 3502 5339 est

1927 5386 2164 5437 sectator
2188 5381 2462 5435 libidinum
2492 5418 2506 5444 ,
2538 5384 2940 5447 prtrceptorque
2966 5375 3240 5442 vitiorum,
3295 5377 3338 5431 si
3361 5377 3504 5431 testi-

1923 5480 2034 5526 mat
2073 5470 2196 5540 quia
2244 5471 2296 5525 in
2348 5470 2465 5538 lege
2502 5468 2662 5522 Mosis
2713 5467 2912 5537 passim
2943 5466 3110 5522 sacris
3136 5467 3415 5523 ordinibus
3467 5485 3496 5523 a

1923 5559 2150 5619 Domino
2196 5570 2381 5617 nostro
2409 5561 2587 5615 laxata
2627 5568 2752 5615 sunt
2801 5559 2947 5615 frena
2976 5560 3218 5624 luxuriae,
3274 5574 3370 5614 cur
3398 5576 3493 5616 eos

1923 5657 2115 5727 quibus
2181 5655 2650 5711 committebantur
2700 5662 2884 5710 saneta
2962 5660 3271 5708 sanctorum
3359 5668 3493 5721 pra:-

1926 5754 2109 5804 monet
2166 5746 2352 5802 dicens
2397 5764 2408 5798 :
2457 5744 2639 5802 Sancti
2683 5755 2893 5813 estote,
2950 5744 3075 5813 quia
3126 5753 3180 5797 et
3219 5757 3318 5810 ego
3364 5758 3491 5796 san-

3122 5835 3161 5892 8
