3976 6196
395 302 506 364 27.5

1693 297 2049 356 DiONYSI'US
2088 298 2407 355 ΕΠΟῐέυᾶ

3580 309 3684 367 9.36

396 435 515 480 ctus
554 434 671 478 sum
717 419 974 473 Dominus
1016 414 1155 471 Deus
1200 422 1383 470 vester
1449 413 1642 486 (Levii.
1695 415 1826 485 xx)?
1877 413 1984 468 Cur
2016 417 2061 475 Λ
2093 423 2213 478 tant,
2267 430 2365 467 non
2416 414 2733 465 meretricem
2782 412 2997 485 (Ezech.
3060 418 3225 491 κων).
3271 418 3427 486 Quod
3465 433 3683 480 secutus

398 516 558 569 etiam
612 523 744 580 proc
787 508 802 561 l
849 524 878 560 a
932 506 1041 560 suis
1088 505 1337 560 domibus
1392 520 1536 559 anno
1579 503 1714 561 vicis
1761 519 1870 559 sure
1931 506 1984 558 in

401 601 600 671 templo
630 596 873 652 habitare
899 594 1030 665 jussi
1079 602 1204 649 sunt
1250 595 1566 652 sacerdotes
1590 591 1744 667 ’(Luc.
1779 593 1857 666 t)?
1887 594 1985 647 hac

401 691 654 746 videlicet
677 686 918 752 ratione,
945 699 1018 742 ne
1039 685 1126 741 vel
1155 701 1278 742 cum
1309 687 1572 742 uxoribus
1620 692 1844 757 possent
1868 700 1989 740 car-

405 781 522 836 nale
544 791 800 834 exemere
843 776 1248 841 commercium,
1279 783 1341 831 ut
1381 776 1726 832 conscientia:
1771 774 1990 842 integri-

387 884 515 930 tate
562 873 827 942 fulgentes
881 870 1215 940 acceptabile
1287 870 1402 924 Deo
1455 883 1652 923 munus
1708 867 1988 923 offerrent.

403 964 609 1032 Quibus
636 962 856 1033 expleto
899 959 1282 1016 deservitionis
1311 975 1420 1015 sum
1461 967 1740 1029 tempore,
1772 949 1994 1013 uxorius

382 1069 530 1110 usus
552 1052 721 1110 solius
749 1051 1108 1108 successionis
1133 1064 1297 1105 causa
1330 1048 1505 1104 fuerat
1527 1049 1800 1103 relaxatus
1830 1064 1844 1100 :
1871 1047 1995 1116 quia

355 1177 366 1224 -ι
399 1159 516 1202 non
535 1159 605 1200 ex
633 1145 757 1208 alia,
791 1142 893 1197 nisi
913 1157 981 1197 ex
1005 1142 1147 1196 tribu
1175 1141 1332 1207 Levi,
1363 1140 1649 1210 quisquam
1681 1138 1748 1193 ad
1771 1139 1866 1192 Dei
1897 1139 1997 1192 mi-

363 1234 368 1243 ’
408 1234 685 1292 nisterium
740 1232 916 1288 fuerat
963 1240 1264 1303 preceptus
1313 1230 1520 1285 admitti
1569 1228 1758 1301 (Num.
1820 1228 1992 1297 xvin).

361 1366 365 1374 .
413 1324 564 1382 Unde
587 1332 643 1380 et
669 1323 927 1379 Dominus
951 1321 1128 1387 Jesus,
1152 1336 1272 1376 cum
1301 1335 1400 1376 nos
1429 1337 1528 1376 suo
1557 1319 1882 1374 illustrasset
1906 1317 2000 1372 ad-

405 1422 573 1472 ventu
594 1457 609 1482 ,
641 1416 698 1469 in
727 1412 1017 1482 Evangelio
1046 1419 1377 1481 protestatur
1412 1413 1537 1482 quia
1570 1411 1746 1479 legem
1794 1408 2001 1464 venerit

413 1506 637 1577 implere
656 1545 673 1570 ,
704 1518 813 1559 non
839 1503 1051 1558 solvere
1078 1501 1292 1573 (Matth.
1338 1500 1416 1566 ν).
1451 1499 1514 1554 Et
1541 1500 1662 1555 ideo
1685 1497 1997 1562 Ecclesiam,

412 1597 565 1666 cujus
590 1610 819 1666 sponsus
839 1602 924 1649 est
951 1592 1232 1663 speciosus
1256 1591 1430 1648 forma
1461 1590 1676 1662 (Ephes.
1713 1588 1768 1661 v)
1789 1631 1802 1656 ,
1837 1588 2000 1644 casti-

417 1689 542 1744 tatis
569 1689 738 1744 voluit
767 1686 1056 1758 Splendore
1079 1685 1291 1741 radiare
1320 1704 1333 1739 :
1367 1695 1427 1740 ut
1457 1687 1509 1740 in
1534 1685 1620 1741 die
1643 1685 1852 1756 judicii,
1882 1700 2004 1740 cum

419 1795 606 1835 rursus
632 1777 941 1842 advenerit,
991 1775 1110 1830 sine
1138 1776 1349 1830 macula
1415 1783 1470 1830 et
1497 1789 1627 1844 ruga
1669 1791 1790 1830 eam
1815 1775 1980 1844 possit

417 1871 558 1926 sicut
593 1883 690 1939 per
731 1867 1034 1938 apostolum
1077 1880 1232 1921 suum
1263 1865 1527 1931 instituit,
1575 1865 1832 1935 reperire.
1863 1865 2009 1930 Qua-

424 1975 545 2017 rum
574 1959 913 2016 sanctionum
943 1969 1133 2013 omnes
1173 1956 1493 2012 sacerdotes
1538 1965 1700 2025 atque
1729 1956 1904 2011 levita:
1934 1955 2010 2008 in-

419 2050 634 2106 solubili
664 2049 781 2117 lege
802 2047 1248 2116 constringimur,
1273 2054 1333 2101 ut
1361 2062 1392 2100 a
1417 2046 1505 2101 die
1530 2045 1886 2101 ordinationis
1915 2057 2013 2097 no-

422 2151 546 2197 strac
577 2139 855 2195 sobrietati
896 2152 959 2192 ac
989 2135 1260 2206 pudicitia:
1303 2144 1359 2191 ct
1399 2136 1560 2192 corda
1589 2144 1776 2193 nostra
1806 2133 2013 2190 manci-

423 2243 630 2304 pemus,
659 2236 714 2284 et
737 2241 966 2298 corpora
998 2245 1010 2281 :
1041 2226 1334 2282 dummodo
1365 2241 1461 2296 per
1481 2227 1660 2282 omnia
1689 2225 1804 2281 Deo
1827 2233 2014 2280 nostro

433 2322 487 2376 in
545 2311 630 2376 his
684 2335 804 2390 quae
843 2318 1086 2388 quotidie
1141 2316 1417 2372 offerimus
1487 2316 1765 2372 sacriﬁciis
1811 2316 2022 2385 placea-

436 2429 576 2467 mus.
608 2411 710 2478 Qui
759 2419 939 2464 autem
975 2409 1028 2462 in
1077 2422 1243 2463 carne
1295 2411 1460 2473 sunt,
1489 2405 1701 2462 dicente
1741 2405 2021 2460 electionis

429 2503 570 2558 Vasa
603 2500 781 2572 (Rom.
813 2501 956 2569 vni),
999 2497 1113 2552 Deo
1159 2498 1376 2568 placere
1431 2497 1540 2551 neu
1584 2502 1809 2566 possunt
1858 2512 1872 2548 :
1923 2509 2020 2550 vos

437 2601 616 2648 autem
660 2590 774 2660 jam
821 2603 929 2644 non
978 2587 1109 2643 estis
1161 2587 1214 2642 in
1261 2600 1453 2650 carne,
1513 2586 1609 2641 sed
1655 2585 1713 2640 in
1757 2585 1949 2656 spiritu
2001 2601 2013 2636 :

429 2685 475 2740 si
525 2690 706 2738 tamen
773 2679 996 2750 spiritus
1050 2677 1149 2733 Dei
1195 2677 1404 2732 habitat
1455 2677 1509 2730 in
1563 2675 1718 2730 vobis
1758 2691 1774 2740 ;
1826 2681 1880 2730 et
1928 2673 2020 2728 ubi

432 2772 656 2844 poterit,
688 2770 793 2825 nisi
845 2769 898 2824 in
928 2767 1268 2838 corporibus,
1319 2767 1461 2821 sicut
1507 2765 1733 2835 legimus
1773 2763 1928 2836 (Sap.
1957 2764 2016 2832 ι),

434 2863 635 2920 sanctis
659 2861 755 2918 Dei
782 2861 1004 2932 spiritus
1041 2859 1328 2916 habitare?
1370 2858 1438 2913 Et
1466 2859 1592 2929 quia
1621 2856 1883 2927 aliquanti
1908 2895 1927 2920 ,
1954 2855 2024 2910 de

432 2954 628 3025 quibus
646 2953 915 3024 loquimur
931 2951 1013 3023 (ut
1037 2953 1128 3007 tua
1150 2950 1408 3006 sanctitas
1435 2949 1666 3019 retulit),
1688 2947 2024 3018 ignoratione

436 3047 618 3117 lapsos
643 3059 763 3101 esse
790 3059 850 3100 se
870 3043 1095 3110 deilmt,
1148 3042 1233 3098 his
1261 3041 1363 3097 hac
1382 3041 1692 3097 conditione
1722 3037 2024 3093 misericor-

435 3137 577 3192 diam
624 3136 852 3192 dicimus
895 3148 1005 3189 non
1034 3132 1358 3203 negantiam,
1391 3138 1448 3186 ut
1489 3132 1606 3187 sine
1649 3130 1758 3186 ullo
1801 3129 2025 3184 honoris

437 3236 725 3298 augmento
752 3227 806 3282 in
834 3227 938 3282 hoc
967 3241 1076 3295 quo
1105 3225 1304 3281 detecti
1334 3233 1477 3289 sunt,
1511 3223 1748 3293 quandiu
1768 3223 2020 3289 vixerint,

437 3315 617 3373 officio
657 3325 1040 3387 perseverent,
1085 3317 1130 3371 si
1176 3324 1355 3370 tamen
1398 3317 1634 3386 posthaec
1688 3315 2025 3370 (ontinentes

439 3423 498 3464 se
524 3409 826 3464 studuerint
854 3409 1132 3463 exhibere.
1159 3406 1222 3462 ili
1255 3423 1383 3463 vero
1419 3407 1510 3477 qui
1540 3407 1711 3462 illiciti
1761 3405 2026 3477 privilegii

440 3498 786 3555 excusatione
809 3499 1078 3564 nituntur,
1109 3506 1164 3553 et
1191 3497 1290 3552 sibi
1314 3507 1558 3552 asserunt
1585 3497 1755 3551 veteri
1779 3497 1881 3551 hoc
1910 3495 2026 3564 lege

441 3605 756 3648 concessum
785 3633 802 3658 ,
845 3592 1097 3645 noverint
1125 3605 1185 3645 se
1217 3591 1284 3645 ab
1334 3591 1479 3644 omni
1528 3589 1893 3645 ecclesiastico
1923 3589 2025 3643 bo-

441 3697 594 3748 nere,
621 3695 729 3751 quo
758 3679 971 3750 indigne
994 3683 1074 3736 usi
1111 3689 1274 3744 sunt,
1317 3681 1628 3751 apostoliczn
1669 3680 1812 3736 sedis
1838 3688 2026 3735 aucto-

441 3773 600 3828 ritate
623 3770 882 3841 deiectos,
917 3787 1016 3826 nec
1045 3783 1282 3841 unquam
1329 3786 1488 3842 posse
1529 3770 1831 3826 veneranda
1863 3777 2029 3824 attre-

445 3864 580 3920 ctari
610 3865 884 3936 mysteria,
919 3879 952 3919 a
978 3864 1174 3934 quibus
1201 3879 1262 3920 se
1292 3864 1414 3934 ipsi,
1441 3863 1570 3919 dum
1592 3863 1840 3918 obscenis
1879 3861 2027 3931 cupi-

439 3955 692 4011 ditatibus
712 3955 936 4021 inhiant,
977 3955 1344 4026 privavcrunt.
1379 3953 1444 4008 Et
1468 3954 1592 4024 quia
1620 3953 1865 4024 exempla
1891 3968 2028 4024 prae-

439 4048 610 4103 sentia
637 4063 832 4103 cavere
877 4062 978 4102 nos
1005 4051 1339 4117 pmmonent
1386 4048 1440 4102 in
1492 4047 1751 4112 futurum,
1799 4047 2029 4115 quilibet

440 4140 725 4210 episcopus
749 4178 763 4204 ,
786 4139 1068 4209 presbyter
1114 4147 1278 4209 atque
1303 4139 1565 4193 diaconus
1594 4137 1762 4208 (quod
1789 4153 1900 4192 non
1931 4153 2030 4207 op-

443 4225 665 4298 tamus),
689 4226 1004 4298 sideinceps
1015 4225 1176 4281 fuerit
1197 4227 1318 4282 talis
1338 4227 1609 4292 inventus,
1631 4227 1741 4296 jam
1767 4242 1908 4280 nunc
1928 4226 2029 4280 sibi

441 4334 656 4374 omnem
685 4333 783 4390 per
811 4334 909 4375 nos
939 4317 1280 4388 indulgentiae
1317 4317 1521 4374 aditum
1563 4317 1826 4388 intelligat
1872 4317 2030 4372 obse-

442 4413 654 4472 ratum,
701 4406 824 4474 quia
877 4407 1020 4462 ferro
1070 4421 1293 4462 necesse
1332 4415 1416 4461 est
1456 4407 1773 4483 excidantur
1810 4406 2030 4461 vulnera

444 4509 561 4564 qua:
588 4493 946 4550 fomentorum
972 4511 1079 4550 non
1105 4497 1374 4554 senserint
1403 4497 1744 4553 medicinam.

657 4652 738 4710 De
763 4656 964 4711 clericis
993 4671 1010 4709 :
1038 4656 1214 4727 quales
1245 4657 1459 4712 debeant
1495 4661 1811 4728 promoveri.

518 4766 646 4828 Vill.
694 4772 986 4830 Didicimus
1012 4776 1175 4830 etiam
1219 4775 1445 4832 licenter
1492 4790 1556 4830 ac
1588 4775 1755 4832 libere
1784 4774 2030 4846 inexplo-

443 4875 574 4922 rata:
599 4867 722 4922 vita:
750 4865 1013 4933 homines,
1046 4868 1240 4938 quibus
1294 4867 1456 4922 etiam
1510 4867 1712 4923 fuerint
1741 4881 2030 4922 numerosa

442 4959 724 5031 coniugia,
755 4960 822 5016 ad
845 4959 1096 5031 pnefatas
1131 4959 1418 5030 dignitates
1445 4967 1608 5030 prout
1641 4958 1946 5028 cuicunque
1968 4958 2032 5012 li-

441 5051 620 5110 buerit
657 5051 898 5123 aspirare
923 5093 941 5120 ,
969 5050 1114 5121 quod
1154 5066 1262 5107 non
1303 5059 1515 5106 tantum
1547 5051 1652 5109 illis
1696 5051 1789 5120 qui
1817 5050 1888 5105 ad
1915 5049 2030 5105 hzec

444 5140 798 5206 immoderata
824 5143 1118 5201 ambitione
1147 5144 1471 5216 perveniunt
1496 5185 1513 5212 ,
1541 5151 1801 5212 quantum
1829 5151 2032 5198 metro-

443 5232 696 5301 politani:
720 5237 1029 5305 specialiter
1045 5235 1388 5308 pontificibus
1411 5237 1756 5308 imputamus,
1781 5237 1873 5306 qui
1902 5234 2032 5289 dum

445 5321 685 5379 inhibitis
715 5325 935 5381 ausibus
972 5328 1296 5393 eonnivent,
1338 5328 1436 5384 Dei
1484 5330 1654 5384 nostri
1683 5335 1942 5397 quantum
1978 5328 2032 5382 in

445 5428 505 5470 se
534 5423 616 5468 est
644 5424 920 5485 przecepta
947 5427 1320 5474 contemnunt.
1363 5418 1431 5474 Et
1470 5428 1528 5474 ut
1569 5429 1842 5476 taceamus
1876 5419 2023 5489 quod

448 5504 606 5561 altius
654 5505 990 5576 suspicamur
1013 5546 1027 5571 ,
1071 5510 1159 5564 ubi
1209 5509 1338 5566 illud
1369 5521 1453 5566 est
1495 5511 1637 5582 quod
1675 5511 1818 5566 Deus
1843 5519 2029 5566 noster

446 5595 570 5648 data
583 5611 680 5666 per
695 5595 879 5654 Mosen
896 5596 1014 5666 lege
1039 5601 1339 5665 constituit,
1354 5601 1556 5669 dicens,
1591 5601 1898 5657 Sacerdotes
1931 5603 2028 5656 mei

445 5686 602 5739 semel
646 5685 842 5740 nubant
889 5683 1076 5757 (Leuit.
1124 5688 1274 5757 xxi)?
1318 5698 1375 5744 et
1417 5691 1525 5746 alio
1575 5692 1718 5755 loco,
1769 5691 2026 5744 Sacerdos

448 5791 662 5830 uxorem
700 5777 944 5845 virginem
983 5778 1236 5845 accipiat,
1270 5795 1372 5833 non
1398 5781 1601 5834 viduam
1621 5822 1636 5846 ,
1660 5796 1761 5833 non
1784 5780 2027 5845 repudia-

2092 507 2377 574 Apostolus
2409 505 2462 577 (ι
2532 505 2750 560 Timotli.
2788 507 2868 580 ιιι)
2917 524 2982 563 ex
3014 521 3361 580 persecutore
3410 514 3678 582 pl‘tﬂdit‘ﬂ-

2095 605 2200 664 tor,
2232 597 2391 650 unius
2421 597 2603 650 uxoris
2631 597 2801 651 virum
2833 606 2942 652 tam
2997 602 3332 656 sacerdotem
3375 617 3536 671 quam
3569 603 3682 657 dia-

2095 701 2290 743 conum
2341 685 2456 742 ﬁeri
2491 688 2689 742 debere
2720 678 3013 745 mandavit.
3045 690 3173 757 Qum
3220 691 3402 747 omnia
3435 694 3506 747 ita
3535 710 3564 748 a
3599 711 3684 748 vc-

2095 787 2328 834 strarum
2356 781 2635 847 regionum
2679 781 3055 852 despiciuntur
3101 785 3391 856 episcopis,
3447 788 3600 856 quasi
3632 787 3685 840 iu

2099 873 2430 926 contrarium
2461 871 2630 940 magis
2657 872 2853 928 fuerint
2883 875 3197 929 constituta.
3219 875 3284 928 Et
3311 877 3437 946 quia
3469 894 3573 930 non
3606 887 3691 934 est

2102 961 2256 1016 nobis
2280 961 2346 1017 de
2373 961 2678 1031 hujusmodi
2705 964 3143 1032 usurpatiouibus
3172 966 3545 1033 ncgligendum
3573 1009 3588 1032 ,
3624 984 3693 1022 ne

2102 1068 2200 1107 nos
2242 1051 2567 1120 indignantis
2599 1053 2813 1108 Domini
2861 1069 2966 1109 vox
2989 1053 3134 1123 justo
3159 1056 3438 1126 corripiat,
3465 1073 3585 1126 qua:
3611 1058 3693 1111 di-

2103 1142 2178 1196 cit
2210 1161 2222 1196 :
2266 1142 2484 1198 Videbat
2515 1145 2698 1214 furem,
2744 1154 2794 1198 et
2820 1144 3203 1200 currebas—cum
3238 1164 3298 1200 eo
3323 1185 3338 1212 ,
3389 1157 3437 1200 et
3464 1149 3692 1218 ponebas

2107 1243 2245 1289 tuam
2267 1251 2378 1288 cum
2400 1236 2647 1289 adulteris
2670 1236 2955 1306 portionem
2977 1235 3202 1307 (Psalm.
3235 1238 3384 1309 xux)
3408 1280 3426 1308 ,
3468 1240 3595 1309 quid
3627 1241 3698 1293 ab

2106 1325 2368 1380 universis
2415 1325 2656 1396 posthzec
2709 1324 2967 1382 Ecclesiis
3024 1329 3355 1398 sequendum
3401 1332 3504 1398 sit,
3567 1332 3696 1402 quid

2108 1417 2405 1483 vitandum,
2437 1417 2676 1486 generali
2707 1417 3144 1488 pronuntiatione
3172 1420 3532 1478 decernimus.

2488 1529 2568 1585 De
2587 1530 2891 1586 clericorum
2920 1535 3322 1588 conuersatione.

2181 1621 2272 1677 Ι-Χ.
2306 1622 2626 1691 Quicunque
2652 1622 2836 1691 itaque
2861 1637 2920 1678 se
2942 1621 3199 1678 Ecclesiae
3226 1625 3376 1678 vovit
3403 1625 3698 1694 obsequiis,

2115 1731 2144 1771 a
2173 1731 2270 1771 sua
2318 1714 2538 1770 infantia
2579 1722 2705 1770 ante
2751 1716 3052 1784 pubertatis
3089 1731 3262 1772 annos
3303 1717 3602 1787 baptizari,
3645 1725 3701 1773 et

1989 1814 2002 1838 ’
2045 1803 2088 1862 Β
2114 1806 2375 1861 lectorum
2421 1804 2583 1860 debet
2629 1805 2928 1860 ministerio
2967 1806 3183 1874 sociari,
3241 1808 3334 1877 qui
3382 1809 3450 1863 ab
3477 1823 3703 1864 accessu

2118 1895 2495 1951 adolescentiae
2526 1910 2694 1964 usque
2720 1895 2786 1950 ad
2834 1895 3162 1952 tricesimum
3190 1899 3365 1953 :etatis
3391 1913 3588 1952 annum
3611 1937 3630 1963 ,
3657 1899 3702 1954 si

2116 1987 2465 2056 probabiliter
2490 1987 2721 2053 vixerit,
2754 2002 2860 2040 una
2890 1995 3121 2056 tantum,
3152 1995 3207 2042 et
3235 2003 3298 2044 ea
3340 2003 3504 2058 quam
3533 1990 3701 2057 virgi-

2121 2094 2242 2134 nem
2269 2079 2541 2134 communi
2565 2094 2660 2150 per
2687 2079 3024 2134 sacerdotem
3050 2079 3427 2136 benedictione
3451 2097 3705 2152 percepe-

2119 2169 2210 2237 rit,
2241 2184 2409 2226 uxore
2440 2175 2727 2224 contentus
2745 2211 2760 2237 ,
2789 2169 3070 2240 acolythus
3095 2177 3153 2224 et
3179 2169 3542 2228 subdiaconus
3583 2187 3707 2227 esse

2120 2261 2357 2325 debebit,
2409 2269 2678 2331 postqum
2705 2260 2771 2314 ad
2816 2261 3046 2316 diaeonii
3075 2261 3318 2330 gradum,
3367 2263 3410 2318 si
3451 2278 3512 2319 se
3567 2265 3707 2332 ipse,

2117 2353 2365 2422 primitus
2387 2353 2714 2407 continentia
2741 2360 3036 2422 prmeunte,
3065 2352 3287 2420 dignum
3319 2354 3586 2423 probarit,
3619 2370 3708 2409 ac-

2121 2449 2291 2503 cedat.
2329 2447 2429 2502 Ubi
2461 2448 2504 2503 si
2537 2449 2679 2502 ultra
2721 2447 2960 2517 quinque
3003 2462 3176 2504 annos
3221 2448 3561 2504 laudabiliter
3598 2450 3711 2504 mi-

2124 2537 2468 2601 nistraverit,
2519 2549 2756 2605 congrue
2799 2535 3194 2606 presbyterium
3247 2543 3627 2604 consequetur,
3655 2544 3712 2591 et

2121 2627 2312 2684 exinde
2357 2636 2482 2696 post
2509 2625 2831 2682 decennium
2874 2625 3235 2696 episcopalem
3264 2623 3572 2678 cathedram
3604 2639 3712 2692 po-

2125 2715 2252 2770 terit
2278 2714 2499 2783 adipisci
2535 2731 2548 2766 :
2580 2713 2625 2767 si
2669 2721 2846 2768 tamen
2874 2728 2971 2783 per
2999 2714 3113 2768 haec
3160 2721 3403 2784 tempora
3430 2713 3715 2782 integritas

2122 2805 2241 2859 vitae
2262 2821 2324 2858 ac
2355 2803 2473 2857 fidei
2505 2804 2618 2872 ejus
2650 2802 2809 2857 fuerit
2837 2802 3157 2873 approbata.

2713 2913 2791 2968 De
2819 2913 3132 2984 grandwvis.

2200 3008 2266 3062 Χ.
2283 3007 2524 3076 Quivero
2546 3006 2656 3076 jam
2683 3012 2843 3060 relate
2856 3002 3172 3072 grandaevus
3197 2999 3714 3072 meliorispropositi

2129 3097 2538 3154 conversatione
2584 3103 2907 3166 provocatus
2936 3108 3003 3149 ex
3043 3093 3186 3147 laico
3212 3091 3278 3147 ad
3321 3106 3530 3146 sacram
3571 3091 3716 3145 mili-

2052 3161 2096 3223 C
2129 3190 2254 3242 tiam
2285 3189 2568 3259 pervenire
2600 3187 2835 3252 festinat,
2903 3185 3153 3242 desiderii
3199 3185 3284 3241 sui
3334 3185 3562 3241 fructum
3598 3200 3714 3239 non

2127 3280 2284 3334 aliter
2338 3277 2640 3342 obtinebit,
2695 3277 2795 3332 nisi
2847 3291 2913 3332 eo
2959 3292 3066 3346 quo
3119 3277 3418 3346 baptizatur
3467 3284 3718 3343 tempore

2125 3371 2306 3427 statim
2337 3371 2599 3424 lectorum
2625 3375 2718 3423 aut
2747 3367 3134 3426 exorcistarum
3177 3381 3402 3422 numero
3429 3367 3671 3422 societur
3699 3382 3716 3420 :

2126 3463 2170 3517 si
2203 3471 2378 3516 tamen
2410 3473 2533 3516 eum
2565 3474 2728 3514 unam
2771 3459 3021 3514 habuisse
3065 3459 3153 3514 vel
3182 3457 3414 3520 habere,
3466 3466 3521 3511 et
3574 3456 3718 3510 hanc

2128 3553 2386 3623 virginem
2439 3553 2711 3622 accepisse
2761 3559 2970 3608 constet
3019 3565 3262 3606 uxorem.
3310 3547 3411 3615 Qui
3454 3547 3579 3602 dum
3611 3547 3717 3602 ini-

2129 3643 2290 3697 tiatus
2339 3640 2518 3707 fuerit,
2573 3642 2790 3712 erpleto
2841 3641 3083 3707 biennio,
3143 3655 3241 3712 per
3283 3639 3716 3709 quinquennium

2129 3732 2274 3788 aliud
2305 3731 2585 3803 acolythus
2614 3739 2669 3786 et
2723 3731 3079 3788 subdiaconus
3132 3733 3224 3786 tiat
3245 3773 3259 3798 ,
3316 3738 3370 3785 et
3397 3729 3475 3784 sic
3499 3728 3566 3782 ad
3593 3726 3743 3814 dia;

2129 3831 2400 3889 conatum,
2423 3823 2467 3876 si
2501 3837 2596 3892 per
2617 3821 2732 3876 haec
2760 3830 3004 3891 tempora
3025 3822 3216 3890 dignus
3232 3820 3500 3891 judicatus
3529 3818 3717 3887 fuerit,

2127 3917 2476 3988 provehatur.
2522 3913 2728 3970 Exinde
2747 3913 2859 3984 jam
2890 3927 3111 3968 accessu
3149 3922 3448 3983 temporum
3487 3911 3716 3982 presby-

2131 4007 2323 4063 terium
2354 4005 2438 4060 vel
2465 4005 2867 4076 episcopatum,
2895 4005 2940 4060 si
2981 4019 3102 4059 eum
3133 4005 3263 4060 cieri
3288 4013 3353 4058 ac
3383 4002 3554 4074 plebis
3581 4017 3716 4057 evo.

2130 4100 2269 4152 carit
2296 4097 2511 4162 electio,
2543 4111 2650 4152 non
2681 4095 2952 4150 immerito
2975 4096 3248 4151 sortietur.

2168 4207 2316 4273 Quod
2343 4209 2560 4264 clericus
2588 4210 2672 4279 qui
2703 4208 2981 4262 secundum
3021 4223 3231 4261 uxorem
3270 4207 3474 4261 duxerit
3513 4205 3676 4272 depo-

2835 4289 3006 4330 natur.

2201 4365 2292 4424 XI.
2330 4369 2581 4438 Quisquis
2609 4382 2738 4423 sane
2766 4367 2996 4422 clericus
3033 4375 3127 4422 aut
3165 4367 3378 4422 viduam
3398 4409 3412 4430 ,
3443 4375 3535 4422 aut
3558 4377 3713 4424 certe

2131 4460 2429 4516 secundam
2452 4458 2735 4529 coniugem
2785 4457 3016 4522 duxerit,
3048 4458 3193 4512 omni
3222 4457 3599 4514 ecclesiastica:
3628 4459 3714 4513 di-

2131 4551 2351 4620 gnitatis
2383 4549 2661 4619 privilegio
2707 4562 2833 4603 mox
2873 4547 3123 4614 nudetur,
3174 4549 3306 4603 laica
3357 4554 3563 4602 tantum
3610 4549 3716 4604 sibi

2134 4639 2514 4695 communione
2541 4652 2815 4704 concessa,
2842 4653 3004 4707 quam
3029 4637 3102 4692 ita
3128 4637 3341 4694 demum
3372 4639 3566 4710 poterit
3589 4654 3720 4710 pos-

2133 4733 2330 4797 sidcre,
2357 4730 2402 4788 si
2450 4729 2582 4785 nihil
2616 4738 2802 4800 postea
2829 4771 2844 4798 ,
2875 4738 3096 4800 propter
3123 4731 3266 4800 quod
3305 4732 3447 4787 hanc
3494 4731 3715 4803 perdat,

2133 4819 2403 4874 admittat.

2418 4936 2547 5002 Qua:
2568 4939 2775 5010 feniinw
2792 4953 2909 4995 eum
2949 4937 3151 4992 clericis
3176 4937 3426 4996 habitent.

2206 5027 2318 5083 Xll.
2359 5029 2608 5085 Feminas
2635 5043 2765 5084 vero
2796 5043 2904 5083 non
2945 5028 3077 5082 alias
3103 5042 3223 5083 esse
3247 5029 3482 5098 patimur
3524 5028 3578 5082 in
3615 5028 3721 5082 do-

2134 5122 2308 5178 mibus
2351 5121 2671 5177 clericorum
2699 5163 2714 5186 ,
2767 5121 2869 5176 nisi
2919 5135 3012 5175 eas
3061 5128 3265 5174 tantum
3305 5133 3439 5189 quas
3493 5127 3721 5190 propter

2135 5213 2279 5268 solas
2329 5211 2784 5267 necessitudinum
2813 5225 3005 5265 causas
3053 5209 3295 5265 habitare
3338 5225 3460 5264 cum
3511 5207 3719 5265 eisdem

2135 5305 2370 5374 synodus
2401 5303 2613 5358 Niczcna
2646 5304 2906 5372 permisit.

2502 5416 2581 5470 De
2609 5418 2976 5472 monachorum
2999 5419 3336 5488 promotione.

2210 5507 2341 5562 Xiil.
2372 5507 2665 5563 Monachos
2703 5522 2919 5577 quoque
2937 5550 2953 5576 ,
2981 5523 3117 5578 quos
3147 5517 3326 5562 tamen
3355 5522 3564 5561 morum
3590 5520 3719 5574 gra-

2135 5597 2292 5664 vitas,
2320 5605 2376 5652 et
2403 5598 2527 5652 vitae
2576 5613 2640 5654 ac
2669 5597 2790 5654 ﬁdei
2842 5600 3107 5656 institutio
3133 5607 3318 5654 sancta
3350 5597 3717 5662 commendat,

2137 5689 2454 5744 clericorum
2483 5691 2672 5746 oiliciis
2698 5693 2976 5760 aggregari
3005 5701 3058 5748 et
3073 5701 3341 5762 optamus,
3368 5700 3422 5746 et
3439 5692 3714 5745 volumus:

2139 5782 2210 5836 ita
2238 5789 2292 5834 ut
2319 5781 2407 5844 qui
2433 5782 2568 5836 intra
2594 5782 2918 5837 tricesimum
2940 5785 3110 5838 relatis
3139 5797 3340 5837 annum
3359 5788 3508 5838 sunt.
3537 5783 3589 5836 in
3615 5781 3714 5836 ωι·
