3982 6196
285 319 396 377 ΞΞἹ

1332 306 1705 372 COLLECTlO
1738 313 2200 371 DECRETORU)!
2243 304 2344 369 PP.
2391 308 2505 369 RR.

3466 312 3571 369 9.38

295 438 523 494 ιιοιιιλις.
564 450 663 507 per
684 434 879 506 gradus
902 435 1140 506 singulos
1176 442 1456 490 crescente
1484 442 1729 502 tempore
1755 446 1881 502 pro-
1918 433 1960 490 Α
1990 438 2175 484 contra
2200 445 2432 486 canones
2456 438 2507 484 et
2534 428 2812 483 interdicta
2846 436 3027 484 nostra
3049 427 3416 499 prox-crerint,
3439 444 3569 484 con-

291 539 614 582 moveantur
668 526 978 592 ordinibus,
1010 535 1060 581 et
1083 526 1161 581 sic
1192 525 1257 579 ad
1282 526 1596 580 diaconatus
1622 521 1709 578 vel
1735 537 1884 592 pres-

294 620 487 692 byterii
519 618 746 689 insignia
778 628 1003 672 matura:
1032 618 1206 672 aetatis
1244 615 1651 673 consecratione
1691 630 1884 684 perve-

295 713 468 776 niant,
505 723 604 763 nec
626 708 807 762 statim
838 709 979 763 saltu
1010 708 1078 762 ad
1105 708 1446 777 episcopatus
1470 706 1679 760 culmen
1702 719 1888 758 ascen-

295 800 461 867 dant,
508 799 609 855 nisi
645 798 699 854 in
742 799 827 855 his
882 799 1070 855 eadem
1105 812 1227 868 qua:
1267 797 1488 865 singulis
1534 796 1907 865 dignitatibus

294 891 549 961 sui-crius
576 889 926 961 prmliximus,
958 898 1204 960 tempora
1234 887 1433 944 fuerint
1454 886 1744 943 custodita.

627 995 775 1063 Quod
798 998 1048 1065 pmtitcns
1076 1012 1177 1053 non
1207 1000 1307 1068 ﬁat
1331 998 1563 1054 clericus.

364 1086 505 1141 XIV.
534 1085 667 1141 Illud
691 1100 908 1157 quoque
938 1101 1037 1141 nos
1063 1100 1163 1156 par
1191 1086 1289 1142 fuit
1317 1088 1603 1157 providere
1634 1096 1711 1151 ut,
1747 1088 1889 1143 sicut

294 1177 681 1248 paenitentiam
719 1188 883 1244 agere
910 1176 1160 1245 Cuiquam
1190 1192 1296 1233 non
1327 1178 1643 1233 conceditur
1664 1178 1891 1233 clerico-

296 1282 439 1330 rum,
498 1269 571 1320 ita
612 1274 669 1321 et
698 1274 824 1335 post
864 1265 1253 1334 pmnitudincm
1299 1282 1364 1321 ac
1393 1266 1891 1322 reconciliationem

296 1358 431 1413 nulli
452 1371 686 1427 unquam
709 1357 848 1412 laico
874 1356 1037 1411 liceat
1057 1356 1321 1412 honorem
1340 1357 1627 1413 clericatus
1648 1356 1891 1426 adipisci,

297 1453 433 1522 quia
469 1450 717 1522 quantavis
760 1450 872 1505 sint
915 1450 1154 1528 omnium
1179 1458 1528 1520 peccatorum
1568 1451 1892 1517 contagione

298 1542 569 1608 mundati,
601 1541 747 1595 nulla
768 1550 948 1596 tamen
969 1541 1166 1596 debent
1193 1542 1552 1610 gerendorum
1581 1557 1890 1599 sacramen-

298 1640 478 1685 torum
512 1630 866 1686 instrumeuta
892 1632 1189 1702 suscipere,
1209 1632 1300 1701 qui
1324 1632 1523 1688 dudum
1545 1633 1745 1689 fuerint
1764 1648 1892 1689 vasa

296 1720 578 1774 vitiorum.

303 1834 373 1889 Ut
406 1836 456 1907 si
490 1853 581 1903 per
627 1836 987 1907 ignorantiam
1008 1838 1084 1889 vel
1113 1837 1387 1905 paenitens,
1413 1838 1490 1890 vel
1513 1838 1769 1907 (figamus,
1803 1855 1864 1889 au

368 1905 539 1959 ridna:
590 1905 811 1959 maritus
865 1906 1038 1960 clerici
1086 1907 1211 1977 {acri
1260 1908 1489 1977 fuerint,
1540 1905 1642 1961 non
1683 1924 1891 1977 proma-

368 1991 500 2029 vnn
508 1984 611 2028 lar.

372 2064 486 2119 XV.
525 2064 591 2120 Et
620 2066 747 2136 quia
776 2066 862 2121 his
885 2066 1133 2121 omnibus
1158 2081 1281 2137 quas
1310 2066 1364 2122 in
1415 2068 1893 2138 reprehensionem

297 2155 527 2209 veniunt
549 2197 566 2221 ,
598 2156 712 2210 sola
740 2156 1019 2211 excusatio
1051 2156 1402 2226 ignorationis
1429 2157 1740 2213 obtenditur
1763 2196 1779 2222 ,
1808 2161 1893 2213 cui

299 2260 404 2299 nos
434 2246 650 2300 interim
675 2245 843 2301 solius
863 2246 1076 2316 pietatis
1099 2246 1292 2301 intuitu
1312 2261 1534 2302 necesse
1555 2255 1636 2303 est
1660 2247 1896 2303 clemen-

301 2344 389 2391 ter
428 2335 749 2404 ignoscere,
800 2338 1107 2407 quicunque
1137 2338 1438 2407 pmnitcns,
1470 2337 1781 2409 quicunque
1813 2340 1895 2394 di-

300 2444 493 2497 gamus
520 2470 537 2496 ,
566 2430 876 2500 quicunque
928 2429 1099 2483 vidum
1139 2428 1362 2486 maritus
1401 2428 1469 2483 ad
1518 2446 1729 2487 sacram
1752 2432 1893 2487 mili-

302 2522 436 2575 tiam
476 2520 714 2575 indebite
758 2530 813 2576 et
866 2522 1294 2592 incompctenter
1340 2523 1597 2593 irrepsit,
1652 2524 1751 2580 hac
1796 2524 1895 2580 sibi

300 2610 621 2667 conditione
667 2628 696 2667 a
738 2613 894 2668 nobis
939 2614 1151 2668 veniam
1184 2614 1443 2683 intelligat
1472 2615 1787 2683 relaxatam,
1837 2626 1897 2673 ut

300 2703 356 2755 in
382 2715 586 2770 magno
630 2699 827 2757 debeat
864 2712 1183 2773 computare
1226 2704 1524 2771 beneficio,
1554 2706 1599 2760 si
1647 2706 1892 2778 adempta

298 2792 405 2847 sibi
434 2793 584 2847 omni
615 2809 710 2864 spe
736 2795 1111 2863 promotionis,
1138 2790 1190 2849 in
1213 2796 1315 2851 hoc
1343 2788 1451 2864 quo
1480 2797 1783 2852 invenietur
1806 2814 1896 2854 or-

298 2884 449 2947 dine,
483 2895 743 2956 perpetua
773 2885 1065 2940 stabilitate
1078 2895 1392 2957 permaneat
1416 2905 1428 2939 :
1457 2886 1638 2943 scituri
1666 2890 1892 2958 posthac

300 2975 707 3044 provinciarum
724 2977 963 3031 omnium
989 2976 1181 3033 summi
1203 2978 1486 3044 antistites,
1515 2979 1656 3048 quod
1685 2980 1730 3034 si
1754 2979 1891 3036 ultra

300 3065 373 3120 ad
418 3080 608 3121 sacros
636 3066 855 3121 ordines
880 3081 1205 3138 quemquam
1234 3068 1301 3123 de
1335 3068 1529 3123 talibus
1565 3068 1893 3125 crediderint

1992 536 2177 589 grtiam
2209 526 2274 575 ab
2304 521 2597 591 apostolica
2630 519 2759 573 sede
2805 520 3155 589 promendum
3201 533 3323 574 esse
3350 526 3570 574 sentcn-

1993 613 2140 665 tiam.
2190 609 2573 680 Esplicuimns,
2625 618 2685 663 ut
2732 609 2988 675 arbitror,
3038 608 3205 663 frater
3240 610 3573 675 charissim,

1992 700 2241 755 universa
2286 716 2405 769 qum
2440 701 2645 768 digesta
2672 708 2803 755 sunt
2836 700 2893 753 in
2917 698 3195 769 querelam
3214 739 3233 764 ,
3263 708 3318 756 et
3364 702 3430 755 ad
3460 702 3572 758 sin-

1992 790 2143 860 gulas
2172 806 2361 845 causas
2388 832 2403 859 ,
2432 791 2497 845 de
2526 792 2719 860 quibus
2762 805 2859 860 per
2887 790 3053 845 filium
3082 799 3326 846 nostrum
3365 791 3575 847 Bassia-

1994 895 2119 933 num
2131 879 2502 951 presbyterum
2526 880 2591 934 ad
2621 879 2919 935 Romanam
2942 878 3268 948 Ecclesium,
3289 889 3490 952 utpote
3512 884 3575 937 ad

1994 978 2152 1039 caput
2185 972 2261 1025 tui
2289 970 2531 1039 corporis
2554 1012 2567 1035 ,
2614 970 2845 1026 retulisti
2867 1008 2885 1037 ,
2914 969 3229 1025 sufﬁciendo
3252 1011 3272 1036 ,
3318 981 3574 1043 quantum

1993 1060 2209 1130 opinor,
2238 1075 2495 1127 respousa
2524 1061 2847 1117 reddidimus
2882 1078 2895 1116 :
2925 1075 3070 1116 nunc
3094 1060 3445 1119 fraternitatis
3475 1071 3578 1118 tu:

1993 1150 2231 1204 animum
2259 1150 2328 1204 ad
2354 1150 2645 1207 servandos
2669 1166 2906 1206 canones
2935 1160 2991 1205 et
3025 1151 3258 1207 tenenda
3287 1152 3578 1209 decretalia

1994 1240 2286 1295 constituta
2329 1240 2499 1309 magis
2526 1254 2590 1295 ac
2610 1241 2779 1309 magis
2810 1239 3109 1297 incitamus.
3137 1239 3208 1296 Ut
3232 1241 3347 1298 hzec
3370 1257 3490 1313 qua:
3508 1243 3581 1298 ad

1995 1340 2084 1386 tua
2105 1330 2351 1385 consulta
2369 1331 2760 1399 rescripsimus,
2796 1330 2849 1385 in
2875 1332 3115 1387 omnium
3134 1333 3577 1404 coepiscoporutu

1995 1432 2302 1478 nostrorum
2354 1424 2578 1492 perferri
2625 1420 2794 1478 facias
2841 1423 3137 1489 notionem,
3185 1433 3245 1479 et
3273 1440 3383 1480 non
3405 1424 3577 1481 solum

1994 1528 2187 1568 eorum
2223 1515 2312 1582 qui
2341 1514 2394 1568 in
2427 1524 2515 1568 tua
2545 1521 2671 1568 sunt
2719 1513 2935 1570 dicecesi
2962 1515 3275 1580 constituti,
3297 1515 3395 1570 sed
3417 1518 3579 1571 etiam

1996 1606 2063 1661 ad
2118 1607 2401 1661 universos
2432 1605 2903 1673 Carthaginienses
2932 1621 2995 1661 ac
3022 1606 3269 1675 Baeticos,
3301 1607 3583 1664 Lusitanos

1997 1707 2159 1768 atque
2206 1698 2440 1755 Gallicos
2464 1737 2480 1765 ,
2520 1697 2605 1752 vel
2636 1712 2729 1753 eos
2770 1698 2861 1767 qui
2916 1698 3104 1754 vicinis
3134 1699 3227 1753 tibi
3264 1700 3583 1755 collimitant

1869 1846 1888 1889 ι
1924 1806 1968 1865 Β
1997 1789 2123 1843 hinc
2172 1789 2295 1843 inde
2344 1787 2630 1859 provinciis
2676 1788 2792 1843 hac
2835 1802 2956 1858 qua:
2983 1804 3013 1843 a
3053 1789 3207 1845 nobis
3235 1800 3361 1845 sunt
3387 1792 3583 1847 salubri

1999 1879 2336 1934 ordinatione
2375 1878 2667 1949 disposita,
2706 1879 2805 1934 sub
2834 1879 3133 1936 litterarum
3161 1890 3369 1936 tuarum
3396 1897 3585 1954 prose-

1998 1972 2214 2027 cutione
2236 1970 2536 2025 mittantur.
2567 1969 2633 2024 Et
2654 1985 2960 2041 quanquam
2984 1981 3183 2027 statuta
3204 1973 3347 2029 sedis
3372 1983 3587 2045 aposto-

2000 2062 2140 2126 licae,
2173 2061 2258 2116 vel
2277 2076 2545 2115 canonum
2574 2061 2900 2116 venerabilia
2930 2063 3151 2117 definita
3175 2064 3305 2119 nulli
3333 2066 3584 2121 sacerdo-

2000 2161 2111 2207 tum
2143 2151 2355 2206 Domini
2384 2152 2631 2219 ignorare
2659 2152 2728 2206 sit
2757 2151 3006 2219 liberum,
3065 2163 3123 2207 ut
3156 2154 3295 2210 illius
3326 2164 3504 2210 tamen
3530 2168 3583 2210 et

1997 2258 2096 2312 pro
2125 2242 2446 2312 antiquitate
2474 2242 2762 2297 sacerdotii
2794 2244 2867 2297 tui
2898 2244 3173 2299 dilectioni
3206 2253 3307 2298 tuae
3335 2261 3456 2301 esse
3483 2246 3580 2301 ad-

1998 2332 2216 2390 modum
2245 2334 2446 2405 poterit
2471 2334 2765 2402 gloriosum
2789 2376 2806 2403 ,
2861 2336 2906 2390 si
2932 2350 2998 2391 ea
3038 2350 3158 2405 qute
3186 2337 3252 2392 ad
3283 2346 3336 2393 te
3362 2339 3581 2407 speciali

1997 2424 2215 2481 nomine
2268 2425 2591 2494 generaliter
2630 2426 2829 2495 scripta
2882 2434 3026 2490 sunt,
3079 2441 3175 2495 per
3217 2428 3582 2483 unanimitatis

1998 2524 2102 2571 tute
2146 2516 2565 2571 sollicitudinem
2612 2516 2665 2571 in
2714 2517 3083 2572 universorum
3119 2515 3343 2573 fratrum
3372 2530 3583 2575 nostro-

1997 2622 2113 2661 rum
2145 2606 2389 2662 notitiam
2421 2604 2780 2677 perferantur,
2809 2616 3076 2675 quatenus
3122 2618 3178 2663 et
3221 2622 3343 2678 quae
3367 2624 3397 2664 a
3429 2611 3582 2665 nobis

1999 2713 2106 2752 non
2149 2697 2487 2763 inconsulte,
2537 2697 2631 2753 sed
2675 2698 2899 2768 provide
2926 2698 3025 2754 sub
3055 2700 3218 2755 nimia
3268 2703 3480 2758 cautela
3527 2715 3581 2759 et

1997 2789 2388 2845 deliberatione
2417 2797 2543 2844 sunt
2585 2797 2641 2844 et
2686 2789 2972 2846 salubriter
3010 2792 3320 2858 constituta,
3353 2794 3579 2851 inteme-

1994 2889 2111 2935 rata
2141 2889 2512 2950 permaneant,
2542 2888 2599 2937 ct
2624 2880 2873 2936 omnibus
2901 2881 2953 2936 in
2976 2891 3249 2951 posterum
3277 2888 3579 2943 excusatio-

1997 2971 2152 3026 nibus
2193 2968 2369 3025 aditus
2390 3011 2407 3035 ,
2430 2972 2524 3040 qui
2548 2968 2660 3040 jam
2684 2972 2813 3026 nulli
2843 2973 2983 3042 apud
3010 2987 3109 3028 nos
3130 2983 3323 3043 patere
3352 2980 3576 3047 poterit,

1994 3062 2322 3117 obstruatur.
2350 3061 2479 3115 Data
2506 3076 2565 3116 ιιι
2594 3052 2711 3116 idus
2733 3060 3044 3127 Februarii,
3077 3062 3308 3121 Arcadio
3326 3075 3383 3123 et
3405 3067 3577 3125 Bauto

301 3156 709 3224 assumendum,
757 3166 813 3213 et
858 3157 926 3213 de
978 3172 1077 3213 suo
1117 3167 1173 3213 et
1218 3157 1286 3213 de
1337 3173 1524 3213 eorum
1564 3166 1707 3213 statu
1755 3174 1890 3228 quos
1917 3170 1966 3235 ο
1995 3172 2080 3210 vv.
2113 3169 2195 3210 cc.
2223 3168 2398 3210 conss.
2422 3153 2549 3226 (An.
2572 3150 2764 3208 Christi
2790 3151 2941 3225 585.)

294 3306 3559 3341 Mm

1352 3394 1720 3458 DECRETA
1769 3399 2226 3463 lNNOCENTll
2277 3402 2367 3460 ΡΑ
2380 3400 2519 3461 PE.

371 3601 718 3656 Innocentius
754 3600 1011 3656 Decentio
1054 3602 1308 3670 episcopo
1332 3598 1613 3669 Eugubino
1638 3602 1886 3655 salutem.

370 3693 428 3746 Si
459 3692 704 3746 instituta
727 3690 1113 3755 ecclesiastica,
1146 3698 1202 3743 ut
1225 3698 1349 3745 sunt
1375 3704 1406 3744 a
1430 3689 1604 3745 beatis
1633 3691 1893 3760 apostolis

301 3784 496 3838 tradita
521 3825 537 3849 ,
572 3784 778 3851 integra
801 3783 1000 3838 vellent
1048 3797 1263 3837 servare
1307 3781 1517 3836 Domini
1558 3783 1890 3846 sacerdotes,

306 3878 444 3931 nulla
474 3877 758 3930 diversitas
781 3914 796 3938 ,
822 3875 965 3929 nulla
996 3874 1225 3929 varietas
1255 3875 1305 3927 iu
1337 3874 1465 3944 ipsis
1516 3874 1790 3929 ordinibus
1832 3891 1894 3930 ac

306 3966 807 4022 consecrationibus
847 3966 1157 4021 haberetur.
1203 3964 1310 4019 Sed
1336 3964 1461 4019 dum
1504 3966 1887 4036 unusquisque,

307 4073 406 4111 non
437 4058 589 4129 quod
640 4056 893 4111 traditum
941 4065 1053 4122 est,
1081 4057 1173 4111 sed
1203 4058 1346 4125 quod
1371 4057 1471 4111 sibi
1497 4058 1670 4112 visum
1711 4058 1891 4126 fuerit,

305 4150 402 4204 hoc
428 4150 711 4204 existimat
740 4162 858 4204 esse
882 4149 1189 4216 tenendum,
1218 4150 1339 4203 inde
1362 4149 1572 4204 diversa
1597 4149 1648 4206 in
1670 4149 1893 4207 diversis

306 4240 430 4295 locis
462 4240 548 4295 vel
580 4238 837 4296 Ecclesiis
869 4248 961 4294 aut
1002 4242 1173 4295 teneri
1216 4249 1306 4295 aut
1333 4242 1592 4297 celebrari
1624 4241 1891 4306 videntur,

306 4346 361 4383 ac
386 4331 445 4383 ﬁt
468 4329 784 4385 scandalum
810 4333 1041 4401 populis,
1059 4334 1146 4400 qui
1171 4333 1295 4386 dum
1321 4333 1561 4388 nesciunt
1585 4333 1896 4387 traditiones

304 4422 548 4489 antiquas
594 4422 825 4475 humana
877 4424 1292 4493 praesumptione
1348 4434 1649 4493 corruptas,
1702 4434 1889 4495 putant

1998 3611 2156 3657 mana
2196 3600 2466 3667 custodit,
2508 3617 2536 3655 a
2565 3615 2671 3671 qua
2695 3616 2789 3659 eos
2818 3604 3136 3675 principium
3163 3611 3440 3679 accepisse
3466 3628 3573 3669 non

1996 3694 2215 3749 dubium
2259 3702 2363 3761 est,
2412 3704 2481 3749 ne
2528 3692 2653 3747 dum
2697 3696 2993 3765 peregrinis
3032 3700 3415 3757 assertionibus
3461 3713 3572 3758 stu-

1998 3786 2180 3853 deant,
2211 3792 2372 3854 caput
2394 3784 2788 3840 institutionum
2817 3784 3100 3841 videantur
3124 3790 3391 3845 omittere.
3418 3793 3571 3863 Saepe

1998 3874 2336 3931 dilectionem
2368 3882 2514 3929 tuam
2560 3876 2624 3929 ad
2664 3876 2846 3929 urbem
2877 3877 3103 3943 venisse,
3130 3894 3193 3933 ac
3216 3881 3489 3937 nobiscum
3523 3884 3572 3938 iu

1998 3963 2237 4019 Ecclesia
2261 3964 2577 4019 convenisse
2604 3980 2710 4017 non
2728 3964 2947 4017 dubium
2970 3972 3069 4031 est,
3100 3975 3155 4021 et
3181 3983 3339 4037 quem
3369 3988 3573 4030 morem

1997 4054 2080 4109 vel
2108 4054 2161 4108 in
2193 4053 2571 4108 consecrandis
2600 4053 2867 4126 mysteriis
2888 4099 2901 4124 ,
2932 4056 3018 4111 vel
3048 4055 3099 4112 in
3128 4060 3336 4117 caeteris
3356 4063 3576 4133 agendis

1994 4144 2202 4199 arcanis
2224 4150 2425 4210 teneat,
2456 4147 2803 4214 cognovisse,
2835 4146 2977 4215 quod
3008 4148 3255 4205 sufficere
3284 4153 3578 4211 arbitrarer

1998 4233 2065 4286 ad
2111 4230 2541 4289 informationem
2570 4233 2819 4289 Ecclesiae
2844 4243 2945 4290 tua:
2965 4277 2979 4300 ,
3008 4239 3090 4292 vel
3120 4239 3575 4314 reformationem,

1999 4325 2042 4382 si
2071 4327 2491 4397 praedecessores
2528 4328 2603 4381 tui
2636 4328 2809 4382 minus
2850 4330 3047 4399 aliquid
3084 4342 3176 4385 aut
3214 4334 3369 4389 aliter
3396 4345 3579 4392 tenue.

2000 4420 2140 4485 rint,
2172 4419 2303 4473 satis
2344 4427 2549 4474 certum
2581 4420 2831 4474 haberem
2860 4464 2873 4489 ,
2916 4422 3013 4475 nisi
3044 4422 3111 4477 de
3139 4424 3404 4495 aliquibus
3449 4446 3579 4485 con-

301 4512 392 4565 sibi
424 4521 516 4564 aut
544 4510 801 4566 Ecclesiis
826 4530 929 4567 non
965 4514 1273 4580 convenire,
1303 4525 1393 4569 aut
1428 4515 1495 4569 ab
1529 4515 1788 4585 apostolis
1812 4519 1895 4570 vel
1926 4530 1977 4587 Ι)
2000 4509 2253 4563 Slllcndos
2316 4522 2413 4562 n05
2462 4523 2580 4563 esse
2634 4508 2900 4581 duxisses.
2969 4511 3175 4577 Quibus
3240 4516 3438 4573 idcirco
3505 4536 3579 4575 re

304 4602 617 4668 apostolicis
645 4603 770 4655 viris
792 4605 1229 4660 contrarietatem
1274 4606 1568 4660 inductam.
1602 4606 1730 4672 Quis
1754 4608 1893 4671 enim

302 4691 511 4743 neseiat
536 4732 552 4754 ,
604 4700 699 4743 aut
725 4706 835 4745 non
857 4693 1121 4757 advertat,
1178 4694 1230 4747 id
1258 4694 1402 4761 quod
1432 4710 1461 4748 a
1489 4695 1731 4765 principe
1764 4713 1895 4766 apo-

302 4786 562 4837 stolorum
616 4782 774 4838 Petro
829 4784 1085 4839 Romame
1133 4784 1382 4841 Ecclesim
1412 4789 1665 4843 traditum
1700 4799 1802 4855 est,
1831 4806 1895 4843 ac

308 4884 445 4925 nunc
481 4886 652 4940 usque
682 4874 983 4927 custoditur
1013 4915 1025 4937 ,
1058 4876 1123 4928 ab
1164 4875 1414 4929 omnibus
1444 4876 1641 4931 debere
1671 4880 1891 4945 servari,

305 4978 400 5017 nec
430 4964 721 5033 superduci
752 4972 845 5017 aut
874 4964 1143 5021 introduci
1179 4966 1376 5034 aliquid
1431 4970 1575 5037 quod
1604 4980 1695 5023 aut
1722 4979 1900 5024 aucto-

306 5054 523 5107 ritatem
576 5069 681 5107 non
730 5055 945 5119 habeat,
1002 5066 1093 5111 aut
1141 5056 1353 5111 aliunde
1379 5057 1629 5127 accipere
1654 5057 1901 5114 videatur

306 5142 654 5209 exemplum?
681 5140 980 5197 Praesertim
1000 5158 1121 5198 cum
1152 5146 1221 5199 sit
1250 5145 1587 5201 manifestum
1612 5148 1661 5200 in
1686 5163 1899 5202 omnetn

306 5228 534 5296 italiam,
562 5232 784 5301 Callias,
809 5233 1112 5305 Hispanias,
1146 5236 1407 5301 Africam,
1443 5248 1601 5305 atque
1633 5238 1897 5302 Siciliam,

307 5325 615 5393 insulasque
637 5325 1037 5393 intcrjacentes,
1060 5327 1259 5381 nnllutn
1294 5328 1585 5383 instituisse
1612 5329 1900 5395 Ecclesias,

306 5413 407 5466 nisi
440 5429 537 5468 eos
592 5427 728 5482 quos
764 5416 1083 5470 venerabilis
1118 5417 1395 5485 apostolus
1439 5416 1628 5471 Petrus
1668 5428 1759 5471 aut
1789 5418 1903 5486 ejus

301 5520 652 5560 successores
692 5507 1071 5561 constituerint
1117 5508 1458 5577 sacerdotes,
1491 5519 1581 5563 aut
1609 5510 1803 5577 legant,
1856 5512 1900 5564 si

305 5596 362 5649 in
392 5598 455 5649 iis
486 5597 777 5665 provinciis
805 5599 939 5651 alius
964 5601 1335 5669 apostolorum
1381 5602 1647 5656 invenitur
1680 5610 1773 5654 aut
1821 5602 1898 5653 lc-

306 5690 451 5753 gitur
473 5686 737 5742 docuisse.
779 5690 878 5754 Qui
909 5689 951 5742 si
984 5706 1089 5743 non
1120 5689 1323 5761 legunt,
1354 5692 1478 5759 quia
1511 5709 1768 5762 nusquam
1815 5693 1895 5745 in-

308 5777 562 5837 veniunt,
606 5787 819 5847 oportet
862 5794 957 5836 eos
988 5781 1089 5836 hoc
1130 5781 1281 5849 sequi
1329 5782 1470 5850 quod
1503 5779 1741 5839 Ecclesia
1784 5782 1891 5837 lto-

2005 4599 2347 4670 SpOlIdClDUS,
2399 4616 2504 4654 non
2546 4616 2653 4669 quo
2703 4609 2754 4654 te
2780 4602 2958 4671 aliqua
2991 4603 3238 4672 ignorare
3267 4611 3581 4680 credamus,

2002 4690 2095 4741 sed
2144 4697 2201 4743 ut
2239 4689 2429 4756 majori
2483 4689 2805 4744 auctoritate
2847 4692 2929 4746 vel
2983 4700 3103 4749 tuos
3159 4695 3447 4767 instituas,
3498 4706 3579 4757 vel

2003 4782 2047 4835 si
2101 4782 2189 4853 qui
2241 4797 2269 4835 a
2302 4782 2553 4837 Romanse
2609 4780 2861 4838 Ecclesia:
2912 4783 3335 4845 institutionibus
3380 4803 3577 4858 errant,

2008 4880 2065 4925 ut
2094 4887 2457 4937 commoneas,
2512 4882 2605 4925 aut
2652 4873 2887 4929 indicare
2936 4892 3041 4932 non
3091 4876 3331 4946 differas,
3366 4884 3582 4939 utscite

2008 4962 2277 5017 valeamus
2324 4964 2411 5031 qui
2461 4963 2565 5018 sint
2596 4964 2692 5033 'qui
2741 4972 2832 5019 aut
2862 4966 3127 5021 novitates
3180 4969 3458 5036 inducunt,
3492 4983 3584 5027 ant

2006 5052 2221 5107 alterius
2243 5050 2506 5116 Ecclesiae,
2540 5067 2697 5121 quam
2729 5053 3001 5122 Romanar,
3020 5054 3327 5111 existimant
3355 5075 3585 5115 consue—

2007 5144 2240 5196 tudinem
2270 5158 2389 5197 esse
2415 5145 2747 5198 servandam.

2220 5303 2294 5358 De
2322 5322 2448 5375 pare
2473 5314 2587 5374 post
2616 5306 2849 5374 confecta
2882 5308 3125 5375 mysteria
3170 5308 3367 5367 danda.

2082 5419 2119 5471 Ι.
2174 5417 2363 5474 Pacem
2414 5421 2571 5487 igitur
2617 5420 2812 5472 asseris
2859 5428 2983 5476 ante
3030 5422 3276 5478 confecta
3328 5430 3581 5497 mysteria

2009 5511 2264 5579 quosdam
2295 5512 2503 5581 papulis
2531 5512 2795 5580 imperare
2821 5552 2833 5574 ,
2864 5512 2944 5567 vel
2967 5514 3068 5570 sibi
3100 5516 3242 5570 inter
3275 5518 3586 5577 sacerdotes

2008 5602 2236 5665 tradere,
2260 5618 2378 5655 curn
2410 5609 2525 5669 post
2547 5601 2741 5662 omnia,
2766 5616 2884 5670 qum
2905 5604 3113 5673 aperire
3134 5620 3242 5659 non
3267 5605 3456 5674 debeo,
3480 5624 3584 5681 pax

2003 5694 2071 5746 sit
2100 5693 2402 5746 necessario
2429 5690 2727 5769 indicenda.
2779 5692 2879 5749 Per
2907 5711 3067 5767 quam
3089 5706 3301 5754 constet
3324 5702 3578 5769 populum

2003 5781 2069 5836 ad
2106 5783 2285 5838 omnia
2314 5782 2437 5851 qua!
2464 5784 2513 5839 in
2545 5785 2814 5853 mysteriis
2840 5795 3082 5856 aguntur,
3117 5796 3277 5855 atque
3306 5790 3358 5841 in
3390 5788 3578 5842 Eccle-
