3982 6196
372 293 492 348 aee

1670 286 2022 344 DlONYSlUS
2062 286 2378 346 EXIGUUS.

3548 294 3653 351 ΞΝ

388 408 468 461 sia
492 406 830 461 celebrantur
852 442 868 467 .
892 400 1180 472 prmbuisse
1206 412 1547 464 consensum,
1580 413 1644 454 ac
1677 398 1825 454 ﬁnita
1849 415 1967 457 esse
1996 412 2041 471 Α
2070 400 2218 466 dum,
2247 402 2339 456 sed
2361 401 2585 457 dicimus
2608 410 2662 456 et
2690 401 2915 457 sabbato
2944 402 3048 456 hoc
3076 398 3360 469 agendum,
3390 396 3517 468 quia
3541 414 3657 453 am-

390 498 533 567 pacis
562 494 930 553 concludentis
956 489 1234 562 signaculo
1262 489 1719 546 demonstrentur.

394 607 467 661 De
508 602 795 661 nominibus
832 608 953 656 ante
976 614 1177 671 precem
1215 599 1503 656 sacerdotis
1532 616 1636 656 non
1665 599 1969 656 recitandis.

459 721 522 776 ll.
555 721 631 777 De
656 716 959 774 nominibus
986 728 1119 771 vero
1158 714 1478 781 recitandis,
1508 722 1797 784 antequam
1850 728 1975 784 pre-

391 832 507 871 cem
530 811 778 868 sacerdos
800 809 979 877 faciat,
1001 816 1164 878 atque
1184 822 1370 863 eorum
1395 805 1722 871 oblationes,
1745 819 1973 874 quorum

391 907 607 961 nomina
648 900 928 959 recitanda
977 907 1120 963 sunt,
1172 914 1270 954 sua
1322 898 1569 954 oratione
1613 896 1973 962 commendet,

392 1010 551 1064 quam
574 989 900 1062 superfluum
920 991 1011 1055 sit,
1039 997 1093 1045 et
1114 989 1228 1059 ipse
1253 1004 1351 1059 pro
1378 996 1476 1043 tua
1506 987 1790 1059 prudentia
1821 1002 1977 1042 reco-

2073 494 2143 548 bo
2184 492 2299 547 dies
2353 493 2621 547 tristitiam
2675 494 2955 563 apostolis,
2997 492 3084 547 vel
3112 492 3199 546 his
3242 491 3332 560 qui
3385 490 3657 545 Christum

2072 585 2240 638 secuti
2266 592 2411 651 sunt,
2444 583 2786 647 induxerunt,
2845 583 2940 651 qui
2983 581 3071 638 die
3123 580 3395 637 dominico
3443 581 3657 635 hilarati

2075 691 2184 729 non
2242 675 2417 730 solum
2484 676 2657 745 ipsum
2721 672 3121 728 festivissimum
3182 686 3301 727 esse
3346 672 3656 735 voluerunt,

2076 778 2261 818 verum
2292 765 2453 819 etiam
2478 780 2574 834 per
2596 779 2785 823 omnes
2812 761 3176 820 hebdomadas
3203 762 3648 831 frequentandum

2076 866 2194 907 esse
2217 851 2505 906 duxerunt.
2976 844 2984 857 ’

2246 961 2323 1017 De
2352 965 2599 1034 fermento
2622 963 2842 1017 civitatis
2863 962 3172 1033 presbyteris
3198 960 3488 1033 dirigenda.

2149 1072 2213 1127 V.
2242 1074 2315 1128 De
2339 1073 2603 1129 fermento
2626 1089 2755 1129 vero
2782 1072 2929 1142 quod
2952 1073 3039 1127 die
3067 1072 3335 1128 dominica
3356 1087 3452 1141 per
3479 1069 3666 1125 titulos

2080 1164 2360 1229 mittimus,
2389 1162 2657 1233 superﬂue
2678 1178 2777 1218 nos
2803 1163 3087 1217 consulere
3115 1162 3351 1227 voluisti,
3381 1176 3499 1216 cum
3547 1176 3664 1214 Olli-

2082 1268 2180 1308 nes
2205 1253 2457 1321 Eeclesim
2481 1264 2676 1309 nostra:
2719 1254 2857 1307 intra
2884 1254 3156 1308 civitatem
3185 1261 3291 1307 sunt
3333 1253 3661 1315 constituit-ai,

2080 1357 2307 1413 quarum
2332 1344 2652 1416 presbyteri,
2674 1345 2799 1413 quia
2821 1344 2908 1399 die
2936 1344 3050 1414 ipsa
3080 1352 3300 1414 prop'cr
3322 1343 3528 1412 plebem
3558 1342 3663 1395 sibi

346 1140 355 1149 ,
394 1085 628 1154 gnoscis,
673 1091 733 1138 ut
760 1082 911 1151 cujus
938 1081 1176 1135 hostiam
1206 1080 1436 1134 necdum
1466 1078 1577 1135 Deo
1599 1078 1794 1134 offeras
1818 1117 1833 1141 ,
1861 1080 1979 1146 ejus

342 1157 375 1247 ξ’
394 1187 519 1232 ante
549 1190 743 1231 nomen
784 1174 1059 1236 insinues;
1090 1172 1336 1241 quamvis
1364 1171 1442 1226 illi
1468 1170 1799 1239 incognitum
1846 1169 1979 1223 nihil

350 1248 484 1323 "sit.
516 1266 669 1322 Prius
704 1280 834 1335 ergo
873 1263 1178 1319 oblationes
1220 1270 1348 1317 sunt
1394 1260 1832 1317 commendanda:
1856 1302 1871 1328 ,
1914 1273 1979 1313 ac

346 1342 355 1361 ’
390 1369 525 1413 tunc
547 1373 732 1413 eorum
753 1356 989 1421 nomina,
1013 1369 1241 1424 quorum
1264 1361 1411 1421 sunt,
1437 1351 1720 1422 edicenda,
1747 1359 1807 1406 ut
1841 1352 1981 1405 inter

395 1464 547 1503 sacra
578 1447 831 1519 mysteria
854 1444 1217 1510 nominentur,
1248 1458 1358 1498 non
1386 1443 1527 1498 inter
1553 1442 1657 1496 alia
1709 1456 1829 1511 quae
1857 1448 1982 1495 ante

397 1539 787 1609 praemittimus,
810 1546 868 1591 ut
896 1535 1024 1605 ipsis
1044 1534 1317 1606 mysteriis
1342 1533 1487 1589 viam
1516 1532 1707 1587 futuris
1732 1532 1981 1602 precibus

399 1629 722 1697 aperiamus.

436 1735 585 1800 Quod
625 1752 728 1791 non
773 1734 990 1790 debeant
1030 1734 1279 1817 baptizati
1306 1735 1409 1790 nisi
1447 1734 1511 1788 ab
1537 1734 1790 1805 episwpis
1819 1750 1945 1788 con-

1076 1808 1296 1876 signari.

473 1917 555 1971 lli.
580 1917 655 1971 De
677 1916 1051 1984 consignandis
1072 1930 1202 1970 vero
1230 1913 1519 1969 infantibus
1540 1913 1880 1969 manifestum
1902 1921 1983 1967 est

404 2027 507 2063 non
539 2008 605 2062 ab
640 2007 744 2061 alio
766 2020 924 2076 quam
947 2007 1013 2059 ab
1039 2006 1290 2074 episcopo
1321 2004 1433 2058 ﬁeri
1460 2003 1645 2058 licere.
1678 2004 1808 2057 Nam
1831 1992 1983 2072 pres-

403 2100 596 2173 hyteri,
628 2099 753 2151 licet
780 2097 886 2150 sint
929 2095 1260 2160 sacerdotes,
1292 2093 1632 2163 pontilicatus
1661 2102 1839 2147 tamen
1870 2093 1984 2161 api-

406 2204 521 2244 cem
543 2204 652 2242 non
680 2186 899 2240 habent.
934 2183 1049 2239 Hoc
1078 2194 1256 2238 autem
1289 2182 1631 2254 pontiﬁcibus
1652 2184 1779 2239 solis
1800 2182 1984 2237 deberi

405 2292 461 2336 ut
488 2284 573 2338 vel
601 2282 936 2349 consignent,
969 2279 1052 2333 vel
1083 2278 1410 2348 paracletuzn
1438 2277 1695 2347 Spiritum
1747 2276 1981 2340 tradant,

405 2390 509 2427 non
532 2373 704 2429 solum
733 2368 1063 2425 consuctulo
1095 2368 1455 2422 ecclesiastica
1494 2367 1858 2431 demonstrat,
1889 2380 1983 2419 ve-

407 2481 523 2519 rum
556 2474 611 2518 et
652 2463 739 2515 illa
770 2460 929 2515 lectio
955 2458 1185 2511 Actuum
1214 2456 1577 2525 apostolorum
1604 2497 1619 2523 ,
1648 2469 1766 2522 qua:
1795 2453 1987 2509 asserit

406 2558 621 2611 Petrum
651 2562 704 2609 et
730 2552 990 2607 Joannem
1020 2566 1138 2605 esse
1171 2549 1424 2615 directos,
1454 2549 1545 2619 qui
1569 2548 1679 2617 jam
1704 2549 1987 2617 baptizatis

408 2645 620 2699 tradant
665 2642 925 2712 Spiritum
982 2647 1245 2695 sanctum.
1296 2637 1437 2712 Nam
1486 2637 1834 2708 presbyteris,
1889 2652 1987 2692 seu

409 2744 562 2789 extra
590 2734 901 2803 episcopum
925 2769 940 2794 ,
970 2745 1062 2784 seu
1094 2737 1357 2799 prmsente
1384 2708 1639 2799 episcopo
1676 2744 1797 2782 cum
1822 2729 1989 2797 bapti-

408 2835 549 2890 zant,
583 2825 870 2879 chrismate
898 2822 1196 2891 baptizatos
1216 2833 1415 2888 ungere
1443 2819 1597 2884 licet,
1628 2818 1721 2873 sed
1749 2818 1893 2888 quod
1921 2818 1988 2872 ab

408 2916 661 2984 episcopo
688 2912 845 2966 fuerit
873 2917 1268 2973 consecratum,
1312 2922 1421 2962 non
1461 2914 1637 2961 tamen
1668 2906 1897 2961 frontem
1921 2921 1989 2961 ex

410 3003 601 3058 eodem
642 3001 763 3056 oleo
809 3001 1039 3068 signare,
1083 2998 1228 3068 quod
1269 2998 1399 3052 solis
1434 2996 1660 3053 debetur
1697 2996 1985 3067 episcopis,

400 3112 533 3151 cum
559 3095 773 3149 tradunt
801 3092 1058 3163 Spiritum
1087 3090 1621 3163 paracletum.Verba
1653 3106 1780 3146 vero
1810 3091 1990 3147 dicere

2082 1437 2337 1493 creditam
2382 1436 2658 1491 nobiscum
2703 1437 2992 1492 convenire
3032 1451 3140 1489 non
3188 1442 3435 1505 possunt,
3464 1434 3666 1487 ilcirco

2082 1526 2401 1581 fermentum
2453 1541 2484 1581 a
2526 1526 2680 1584 nobis
2723 1527 3027 1581 confectum
3074 1540 3170 1595 per
3211 1524 3490 1594 acolythos
3518 1523 3657 1575 arci-

2082 1618 2255 1688 piunt,
2310 1625 2368 1671 ut
2413 1632 2473 1671 se
2518 1633 2548 1671 a
2579 1625 2761 1672 nostra
2792 1616 3171 1672 communione
3198 1615 3431 1669 maxime
3462 1614 3548 1667 illa
3579 1613 3667 1666 die

2087 1724 2190 1763 non
2209 1707 2448 1776 judicent
2489 1716 2791 1776 separatos,
2819 1706 2963 1775 quod
2992 1721 3089 1776 per
3114 1705 3399 1775 parochias
3428 1703 3539 1757 ﬁeri
3570 1701 3667 1767 de—

2012 1788 2059 1848 B
2084 1799 2212 1850 bere
2236 1811 2343 1850 non
2372 1806 2522 1865 puto,
2548 1796 2672 1865 quia
2704 1788 2810 1849 non
2840 1795 2999 1864 longe
3030 1792 3295 1865 portanda
3324 1800 3449 1848 sunt
3476 1807 3656 1846 sacra-

2083 1894 2283 1950 menta,
2334 1899 2436 1939 nec
2481 1900 2581 1941 nos
2623 1900 2721 1955 per
2767 1885 3074 1940 cmmeteria
3117 1883 3328 1938 diversa
3359 1883 3666 1937 constitutis

2084 1975 2413 2046 presbyteris
2438 1975 2788 2039 destinamus,
2818 1984 2873 2029 et
2917 1974 3214 2044 presbyteri
3260 1988 3446 2028 eorum
3500 1970 3667 2026 conﬁ-

2084 2065 2393 2121 ciendorum
2409 2063 2497 2135 jus
2524 2065 2760 2120 habeant
2785 2073 2948 2135 atque
2976 2063 3267 2119 licentiam.

2487 2174 2565 2230 De
2584 2178 2939 2248 encrgumenis
2960 2176 3259 2247 baptizatis.

2156 2287 2242 2342 Vl.
2264 2288 2339 2343 De
2362 2288 2443 2343 his
2470 2304 2596 2343 vero
2624 2288 2907 2359 baptizatis
2936 2288 3027 2359 qui
3051 2297 3236 2359 postea
3265 2285 3544 2351 daemonio,
3577 2297 3671 2342 aut

2085 2378 2217 2431 vitio
2264 2378 2465 2446 aliquo,
2496 2385 2590 2432 aut
2618 2386 2841 2449 peccato
2872 2378 3277 2442 interveniente,
3324 2378 3667 2446 arripiuntur,

2087 2470 2329 2537 quaesivit
2382 2469 2599 2525 dilectio
2650 2479 2761 2537 tua,
2811 2470 2857 2524 si
2905 2471 3274 2540 apresbytero
3302 2468 3386 2522 vel
3435 2467 3667 2521 diacono

2087 2559 2294 2631 possint
2335 2568 2429 2613 aut
2478 2558 2709 2613 debeant
2736 2558 3074 2626 consignari:
3107 2557 3250 2626 quod
3274 2557 3397 2621 hoc,
3427 2556 3525 2610 nisi
3553 2557 3673 2625 epi-

2087 2663 2283 2718 scopus
2304 2649 2641 2719 pnnceperit,
2672 2664 2778 2703 non
2829 2648 2992 2703 licet:
3025 2663 3149 2702 nam
3181 2648 3230 2701 ei
3276 2662 3463 2700 manus
3494 2646 3669 2714 impo-

2088 2740 2263 2796 nenda
2294 2741 2513 2795 omnino
2561 2756 2665 2797 non
2716 2748 2819 2806 est,
2866 2740 2964 2793 nisi
2991 2738 3272 2809 episcopus
3296 2726 3675 2792 auctoritatem

2089 2831 2295 2885 dederit
2317 2831 2367 2885 id
2389 2830 2672 2885 clliciendi.
2726 2828 2795 2884 Ut
2824 2839 3001 2885 autem
3036 2832 3143 2894 liat,
3174 2829 3411 2899 episcopi
3441 2836 3523 2883 est
3570 2828 3675 2881 im-

2093 2936 2299 2992 perare,
2347 2928 2405 2974 ut
2455 2936 2645 2974 manus
2676 2920 2725 2974 ei
2774 2919 2914 2975 vela
2956 2920 3267 2991 presbytero
3294 2918 3438 2974 vela
3467 2918 3676 2974 caatcris

2090 3007 2301 3062 clericis
2328 3006 2653 3077 imponatur.
2686 3007 2817 3061 Nam
2840 3008 3115 3077 quomodo
3140 3008 3190 3062 id
3213 3007 3323 3062 ﬁeri
3345 3007 3458 3062 sine
3479 3020 3675 3075 magno

2092 3098 2276 3153 labore
2304 3099 2521 3170 poterit,
2548 3106 2604 3153 ut
2632 3099 2791 3169 longe
2818 3100 3144 3155 constitutus
3185 3112 3576 3167 energumenus
3606 3098 3675 3150 ad

414 3205 519 3241 ηοη
576 3201 791 3256 Possum
817 3224 834 3250 ν
879 3199 947 3239 ne
999 3184 1166 3252 magis
1211 3181 1438 3253 ριόάθτθ
1482 3180 1686 3248 Videat.
1736 3195 1897 3252 quam
1921 3181 1988 3238 ad
2015 3152 2063 3216 c
2094 3191 2403 3261 episcopum
2431 3191 2763 3247 deducatur?
2785 3207 2907 3246 cum
2937 3192 2982 3245 si
3004 3192 3128 3248 talis
3147 3206 3303 3247 casus
3325 3189 3376 3245 ei
3397 3190 3452 3244 in
3484 3189 3610 3243 itine
3642 3205 3677 3242 c

414 3278 861 3334 consultationem
896 3276 1252 3345 respondere.

616 3448 619 3451 δ
711 3384 858 3449 Quod
885 3385 981 3438 rite
1003 3385 1141 3438 omni
1169 3383 1381 3438 sabbato
1396 3382 1685 3455 jejunetttr.

484 3476 570 3532 IV.
613 3476 849 3531 Sabbato
880 3490 1008 3529 vero
1032 3474 1383 3544 jejunandum
1413 3489 1534 3531 esse
1578 3475 1717 3529 ratio
1766 3475 1989 3530 eviden-

416 3568 616 3625 tissima
639 3566 990 3622 demonstrat.
1022 3564 1154 3619 Nam
1180 3565 1226 3619 si
1251 3565 1391 3620 diem
1436 3564 1763 3621 dominicum
1803 3565 1874 3621 ob
1898 3580 1993 3620 ve~

416 3658 707 3713 nerabilem
734 3655 1184 3709 resurrectionem
1216 3654 1429 3710 Domini
1458 3655 1625 3711 nostri
1646 3654 1773 3711 Jesu
1793 3654 1991 3710 Christi

420 3764 526 3801 non
569 3746 741 3800 solum
790 3745 840 3798 in
872 3743 1077 3798 Pascha
1102 3744 1456 3809 celebramus,
1486 3739 1673 3800 verum
1704 3747 1866 3800 etiam
1897 3760 1995 3814 per

411 3835 649 3905 singulos
663 3834 890 3889 circulos
913 3830 1362 3887 hebdomadarum
1394 3832 1558 3903 ipsius
1579 3834 1684 3889 diei
1708 3834 1992 3902 imaginem

412 3928 835 3998 frequentamus,
885 3923 1040 3977 ac‘si
1088 3931 1240 3977 sexta
1284 3921 1416 3977 feria
1446 3934 1663 3995 propter
1686 3925 1991 3995 passionem

415 4018 621 4073 Domini
648 4016 971 4086 jejunamus,
1000 4015 1282 4069 sabbatum
1315 4017 1728 4088 praetermittere
1760 4034 1866 4073 non
1898 4018 1992 4072 de-

411 4110 617 4171 bemus,
649 4106 791 4175 quod
819 4106 958 4159 inter
990 4105 1257 4158 tristitiam
1289 4116 1449 4175 atque
1470 4107 1707 4164 laetitiam
1734 4110 1992 4178 temporis

412 4201 551 4255 illius
574 4197 781 4252 videtur
802 4195 1083 4249 inclusum.
1107 4194 1239 4248 Nam
1263 4196 1444 4264 utique
1465 4206 1677 4252 constat
1717 4203 1991 4269 apostolos

409 4290 576 4345 biduo
600 4290 701 4343 isto
732 4286 785 4340 in
813 4285 1027 4339 tristitia
1074 4284 1202 4338 etin
1222 4298 1459 4339 mcerore
1481 4283 1667 4351 fuisse,
1692 4298 1746 4341 et
1769 4300 1991 4359 propter

414 4389 616 4434 metum
669 4376 974 4431 Judmorum
1027 4389 1085 4429 se
1132 4374 1452 4430 occuluisse.
1496 4372 1651 4442 Quod
1682 4377 1862 4447 utique
1883 4394 1988 4434 non

417 4472 633 4525 dubium
663 4467 817 4522 estin
848 4474 1052 4518 tantum
1076 4480 1170 4519 eos
1186 4464 1458 4534 jejunasse
1481 4466 1642 4523 biduo
1669 4480 1988 4535 memorato,

415 4571 476 4617 ut
522 4559 736 4614 traditio
773 4555 1025 4612 Ecclesia:
1068 4554 1265 4612 habeat
1302 4557 1403 4612 isto
1448 4558 1612 4614 biduo
1650 4570 1988 4616 sacramenta

411 4654 628 4725 penitus
651 4666 756 4705 non
802 4646 1085 4703 celebrari.
1117 4646 1246 4714 Quae
1276 4646 1448 4704 forma
1475 4648 1660 4719 utique
1678 4665 1775 4719 per
1803 4652 1987 4721 singu-

413 4744 493 4800 las
532 4738 760 4796 tenenda
807 4746 891 4793 est
916 4737 1301 4806 hebdomadas,
1332 4747 1554 4808 propter
1572 4739 1624 4793 id
1669 4740 1813 4810 quod
1836 4755 1987 4796 com-

411 4831 731 4891 memoratio
759 4828 865 4885 diei
894 4828 1035 4883 illius
1080 4843 1295 4899 semper
1338 4834 1420 4884 est
1465 4829 1804 4893 celebranda.
1833 4832 1988 4898 Quod

410 4924 456 4980 si
488 4930 678 4995 putant
701 4919 869 4976 semel
893 4927 1053 4990 atque
1078 4935 1186 4975 uno
1208 4919 1430 4976 sabbato
1451 4919 1825 4990 jejunandum,
1859 4936 1986 4992 ergo

412 5024 468 5070 et
518 5012 840 5071 dominicum
878 5018 933 5066 et
978 5018 1134 5067 sexta
1186 5009 1316 5066 feria
1357 5011 1523 5067 semel
1553 5012 1604 5065 in
1632 5009 1837 5068 Pascha
1887 5014 1991 5068 erit

414 5106 599 5173 utique
630 5101 969 5158 celebranda.
998 5099 1057 5156 Si
1086 5109 1263 5156 autem
1304 5100 1557 5156 dominici
1599 5101 1705 5158 diei
1735 5118 1797 5158 ac
1825 5112 1990 5158 sextae

414 5194 560 5248 feria:
586 5208 683 5263 per
709 5193 945 5261 singulas
971 5190 1333 5247 hebdomadas
1362 5193 1658 5262 reparanda
1689 5193 1862 5262 imago
1883 5203 1988 5262 est,

415 5283 681 5338 dementis
723 5291 826 5346 est,
873 5282 1024 5338 bidui
1076 5294 1237 5350 agere
1289 5283 1730 5338 consuetudinem
1766 5285 1990 5339 sabbato

412 5376 797 5449 pnetermisso,
830 5390 952 5430 cum
980 5392 1090 5432 non
1130 5376 1397 5447 disparem
1427 5377 1621 5431 habeat
1668 5393 1906 5444 causam,
1958 5393 1988 5433 a

413 5478 566 5523 sexta
611 5467 858 5522 videlicet
905 5465 1056 5534 feria,
1115 5468 1167 5522 in
1215 5483 1320 5537 qua
1369 5468 1625 5523 Dominus
1673 5484 1863 5538 passus
1886 5479 1985 5533 est,

414 5558 628 5630 quando
678 5565 736 5611 et
786 5556 854 5611 ad
902 5556 1102 5637 inferos
1149 5557 1265 5623 fuit,
1322 5568 1381 5612 ut
1410 5558 1563 5612 tertia
1594 5558 1680 5612 die
1704 5574 1990 5627 resurgens

416 5649 663 5704 redderet
713 5642 953 5700 laetitiam
1000 5656 1122 5716 post
1173 5647 1458 5703 biduanum
1492 5649 1758 5702 tristitiam
1792 5665 1988 5718 praece-

414 5738 649 5798 dentem.
678 5736 796 5793 Non
843 5724 972 5810 ergo
999 5726 1099 5811 niis
1127 5752 1382 5808 negamus
1409 5748 1558 5795 sexta
1591 5738 1716 5793 feria
1746 5738 1986 5808 jejunan-

2090 3281 2364 3345 acciderit,
2389 3297 2487 3336 nec
2516 3282 2739 3350 perferri
2769 3281 2835 3336 ad
2856 3282 3185 3352 episcopum,
3217 3296 3317 3336 nec
3359 3281 3545 3336 referri
3591 3277 3661 3332 ad

2090 3383 2187 3424 sua
2218 3366 2373 3424 facile
2393 3371 2582 3439 possit.

2630 3478 2707 3533 De
2733 3480 3111 3550 pwnitentibus.

2163 3568 2272 3623 Vll.
2293 3569 2367 3624 De
2385 3568 2760 3637 ptenitcntibus
2775 3579 2952 3626 autem
2980 3571 3094 3639 qui,
3111 3570 3225 3626 sive
3240 3586 3305 3627 ex
3333 3570 3669 3640 gravioribus

2092 3658 2415 3725 commissis,
2439 3659 2551 3712 sive
2573 3674 2639 3713 ex
2663 3658 2951 3714 levioribus
2974 3660 3339 3729 paenitentiam
3379 3674 3591 3730 gerunt,
3623 3663 3673 3716 si

2094 3747 2240 3802 nulla
2270 3747 2593 3802 interveniat
2617 3748 2898 3817 ingritudo,
2929 3750 3111 3820 quinta
3137 3750 3267 3805 feria
3312 3761 3435 3806 ante
3468 3751 3674 3806 Pascha

2093 3836 2173 3890 eis
2198 3835 2601 3902 remittendum,
2651 3836 2903 3893 Romana:
2934 3838 3184 3895 Ecclesiic
3212 3840 3543 3897 consuetudo
3575 3844 3675 3897 de-

2092 3934 2376 3981 monstrat.
2394 3925 2657 3982 Creterum
2680 3928 2747 3984 de
2769 3930 3003 3998 pondere
3021 3932 3335 3987 msﬁmando
3355 3932 3674 3988 delictorum

2092 4016 2388 4073 sacerdotis
2407 4024 2489 4073 est
2508 4017 2749 4087 judicare
2774 4036 2786 4071 :
2821 4030 2878 4073 ut
2917 4020 3157 4075 attendat
3184 4022 3252 4076 ad
3275 4022 3672 4078 confessionem

2092 4108 2421 4179 pmnitentis,
2446 4117 2501 4164 et
2543 4109 2610 4163 ad
2640 4108 2794 4164 ﬂetus
2844 4118 3004 4179 atque
3035 4111 3297 4183 lacrymas
3325 4115 3671 4183 corrigentis,

2093 4206 2289 4253 actum
2306 4197 2497 4268 jubere
2540 4199 2753 4265 dimitti,
2786 4216 2907 4256 cum
2937 4201 3127 4256 viderit
3176 4218 3468 4274 congruam
3511 4206 3679 4260 satis-

2095 4285 2399 4346 factionem.
2425 4290 2567 4346 Sane
2595 4292 2640 4348 si
2679 4293 2797 4361 quis
2824 4294 2877 4347 in
2906 4295 3275 4363 {egritudincm
3307 4298 3567 4363 inciderit,
3592 4308 3679 4353 at-

2093 4394 2201 4449 que
2242 4395 2413 4449 usque
2466 4381 2535 4436 ad
2562 4382 2994 4453 desperationem
3022 4385 3316 4469 devenerit,
3371 4388 3420 4443 ei
3442 4397 3524 4444 est
3551 4399 3683 4447 ante

2096 4479 2306 4542 tempus
2353 4473 2571 4528 Pascha:
2616 4474 2981 4541 relaxandum,
3031 4492 3100 4532 ne
3144 4476 3211 4533 de
3249 4480 3443 4534 sreculo
3472 4480 3682 4551 absque

2094 4564 2472 4619 communione
2500 4564 2759 4621 discedat.

2091 4671 2170 4726 De
2189 4673 2405 4743 epistola
2430 4674 2598 4728 sancti
2622 4674 2803 4729 Jacobi
2831 4679 3067 4758 apostoli,
3099 4679 3153 4732 in
3178 4696 3279 4749 qua
3318 4696 3412 4749 pro
3441 4680 3670 4748 inﬁrmis

2640 4761 2790 4799 orare
2816 4749 3133 4816 praecipitur.

2165 4831 2297 4886 Vill.
2316 4830 2457 4887 Sane
2484 4834 2737 4902 quoniam
2757 4834 2825 4890 de
2850 4835 2974 4900 hoc,
2992 4838 3150 4892 sicuti
3170 4838 3237 4893 de
3249 4840 3457 4897 ceteris
3482 4856 3680 4897 consu-

2092 4923 2205 4978 lere
2222 4921 2388 4976 voluit
2416 4922 2634 4978 dilectio
2665 4932 2771 4989 tua,
2803 4923 2996 4993 adjecit
3019 4927 3181 4981 etiam
3206 4928 3343 4985 ﬁlius
3372 4944 3521 4985 meus
3550 4929 3681 4985 Cu:-

2098 5012 2323 5067 lestinus
2351 5011 2610 5067 diaconus
2635 5011 2687 5067 in
2708 5014 2932 5084 epistola
2956 5030 3050 5071 sua
3077 5030 3197 5072 esse
3215 5032 3246 5071 a
3274 5026 3366 5072 tua
3390 5020 3677 5077 dilectione

2097 5104 2329 5174 positum
2357 5103 2510 5173 illud,
2534 5104 2679 5175 quod
2699 5105 2752 5161 in
2777 5106 2924 5161 beati
2970 5108 3196 5177 apostoli
3241 5106 3429 5164 Jacobi
3450 5111 3681 5181 epistola

2096 5195 2461 5264 conscriptum
2483 5203 2601 5250 est:
2636 5195 2696 5249 Si
2725 5196 2961 5266 inﬁrmus
2991 5197 3176 5267 aliquis
3198 5198 3250 5251 in
3277 5198 3413 5253 vobis
3438 5208 3533 5263 est,
3583 5201 3677 5255 in-

2098 5283 2254 5338 ducat
2291 5286 2630 5356 presbyteros,
2662 5295 2710 5340 et
2736 5296 2885 5340 orent
2912 5303 3061 5356 super
3087 5304 3220 5354 eum,
3269 5300 3515 5359 augentes
3560 5308 3679 5345 eum

2097 5374 2208 5429 oleo
2237 5378 2289 5429 in
2312 5378 2516 5431 nomine
2542 5376 2765 5441 Domini,
2797 5386 2845 5430 et
2876 5379 3045 5431 oratio
3089 5377 3211 5446 ﬁdei
3251 5378 3467 5434 salvabit
3518 5381 3648 5449 inﬁr

2092 5482 2251 5531 mum,
2299 5477 2347 5521 et
2394 5466 2661 5521 suscitabit
2698 5468 2841 5520 illum
2890 5466 3165 5534 Dominus,
3220 5478 3267 5522 et
3298 5472 3421 5525 siin
3451 5477 3679 5539 portasi:

2094 5559 2268 5627 fuerit,
2300 5559 2620 5612 remittemur
2639 5560 2706 5611 ei.
2739 5557 2891 5624 Quod
2923 5575 3028 5613 non
3059 5568 3143 5613 est
3162 5559 3377 5614 dubium
3402 5562 3468 5617 de
3499 5561 3675 5616 ﬁdeli.

2094 5650 2191 5702 bus
2235 5650 2618 5715 aegrotantibus
2673 5650 2845 5717 accipi
2891 5650 2973 5703 vel
3022 5650 3244 5718 intelligi
3301 5652 3527 5717 debere,
3579 5659 3675 5721 qui

2092 5748 2279 5794 sancto
2301 5739 2422 5793 oleo
2445 5738 2750 5793 chrismatis
2780 5740 3001 5808 ocrungi
3031 5748 3275 5808 possunt,
3299 5741 3442 5808 quod
3469 5742 3535 5797 ab
3565 5747 3675 5809 cpi.
