3982 6196
323 379 421 433 2i]

1399 354 2277 440 coLLccTto'nEanronun
2318 383 2420 440 [διδ.
2464 383 2573 438 an.

3505 390 3610 442 ‘22

323 514 498 567 scopo
525 496 829 553 conlectum
863 514 970 553 non
999 499 1172 554 solum
1201 499 1592 566 sacerdotibus,
1622 497 1716 555 sed
1747 500 1920 556 omni-
1955 505 2004 564 Α
2028 498 2308 567 postulasti
2332 507 2408 562 ut,
2444 499 2494 552 in
2526 498 2629 552 illis
2656 498 2897 568 partibus
2926 500 3244 569 istiusmodi,
3276 519 3433 573 quam
3467 513 3614 559 tenet

327 588 430 643 bus
458 589 533 642 uti
561 589 876 644 Christianis
905 590 1056 656 licet,
1090 591 1142 644 in
1169 607 1267 645 sua
1310 598 1403 644 aut
1451 590 1506 643 in
1558 606 1775 645 suorum
1825 605 1918 644 ne-

328 682 584 737 cessitate
611 681 941 751 ungendum.
966 679 1234 736 Caeterum
1262 681 1388 737 illud
1415 680 1742 754 superﬂuum
1772 681 1920 736 vitle-

328 787 450 825 mus
471 771 759 840 adjectum,
805 779 863 826 ut
883 770 952 827 de
980 772 1236 843 episcopo
1257 773 1559 842 ambigatur
1603 771 1748 842 quod
1776 785 1921 842 pres-

325 861 531 932 byteris
563 862 724 917 licere
748 879 858 918 non
886 862 1106 918 dubium
1134 872 1236 920 est.
1266 862 1399 918 Nam
1447 863 1653 918 idcirco»
1691 863 1917 933 presby-

325 950 459 1004 teris
495 949 696 1005 dictum
721 958 828 1017 est,
858 950 984 1020 quia
1027 949 1266 1021 cpiscOpi
1313 949 1760 1021 occupationibus
1800 950 1919 1004 aliis

323 1041 570 1111 impediti
598 1040 667 1097 ad
688 1057 877 1098 omnes
897 1042 1180 1112 languidos
1209 1045 1287 1100 ire
1319 1059 1427 1100 non
1470 1051 1714 1114 possunt.
1747 1043 1920 1098 Caete-

321 1146 442 1186 rum
495 1133 542 1188 si
597 1133 884 1204 episcopus
935 1142 1027 1188 aut
1057 1141 1255 1204 potest,
1288 1142 1381 1189 aut
1404 1134 1621 1204 dignum
1649 1133 1796 1188 ducit
1821 1132 1917 1186 ali-

322 1241 484 1293 quem
537 1241 568 1280 a
615 1241 675 1280 se
717 1225 1061 1292 visitandum,
1114 1234 1170 1280 et
1217 1225 1537 1281 benedicere
1589 1234 1646 1281 et
1700 1232 1919 1293 tangere

322 1317 619 1373 chrismate
673 1318 789 1371 sine
810 1317 1153 1373 cunctatione
1181 1325 1385 1387 potest,
1418 1317 1568 1387 cujus
1613 1325 1696 1372 est
1744 1317 1918 1385 ipsmn

322 1408 560 1461 chrisma
603 1407 891 1462 coniicere.
934 1406 1063 1460 Nam
1113 1408 1500 1478 paenitentibus
1530 1406 1672 1462 istud
1711 1404 1919 1472 infundi

303 1500 432 1558 'non
460 1511 666 1573 potest,
696 1503 818 1571 quia
847 1517 1016 1572 genus
1036 1509 1120 1558 est
1147 1501 1492 1557 sacramenti.
1541 1500 1672 1555 Nam
1724 1499 1918 1568 quibus

319 1597 532 1664 reliqua
563 1603 910 1668 sacramenta,
942 1603 1227 1662 negantur,
1259 1593 1533 1683 quomodo
1562 1609 1726 1647 unum
1749 1606 1918 1662 genus

318 1697 544 1756 putatur
566 1701 725 1758 posse
747 1686 1007 1741 concedi?
1035 1684 1128 1747 llis
1177 1681 1355 1754 igitur,
1389 1682 1553 1737 frater
1577 1681 1916 1748 eharissime,

316 1779 595 1841 omnibus,
645 1793 766 1846 quae
812 1786 903 1832 tua
943 1775 1163 1831 dilectio
1206 1774 1374 1830 voluit
1413 1787 1444 1826 a
1501 1771 1657 1828 nobis
1696 1771 1918 1840 exponi,

2023 592 2261 648 Ecclesia
2320 592 2562 647 Romana
2613 591 2782 647 forma
2833 603 3097 650 servetur.
3160 595 3276 651 Non
3305 597 3447 666 quod
3476 614 3612 651 nova

2020 696 2285 756 plmcepta
2313 686 2490 755 aliqua
2518 687 2870 756 imperentur,
2916 688 3010 742 sed
3040 703 3104 742 ea
3155 703 3276 758 qua:
3322 705 3420 760 per
3468 689 3614 745 desi-

2021 775 2162 830 diam
2191 776 2492 845 aliquorutn
2519 777 2764 844 neglecta
2793 787 2937 844 sunt,
2970 778 3038 833 ab
3061 779 3310 835 omnibus
3330 781 3614 836 observari

2021 865 2336 936 cupiamus:
2369 881 2488 935 qua:
2519 876 2697 921 tamen
2752 868 3053 938 apostolica
3082 877 3138 924 et
3179 868 3396 924 Patrum
3448 871 3614 924 tradi-

2023 956 2168 1011 tione
2190 964 2315 1010 sunt
2341 957 2653 1012 constituta.
2679 957 2947 1028 Scriptum
2970 968 3054 1016 est
3079 976 3310 1032 namque
3349 962 3419 1016 ad
3446 960 3614 1016 Thcs-

2021 1045 2384 1102 salonicenses
2412 1045 2575 1102 Paulo
2605 1056 2861 1104 monente
2892 1067 2904 1102 :
2941 1051 3114 1119 State,
3141 1059 3190 1104 et
3231 1059 3398 1108 tenete
3441 1054 3611 1107 trudi-

2022 1137 2187 1190 tiones
2232 1147 2458 1205 nostras,
2513 1138 2618 1191 sive
2671 1156 2764 1208 per
2815 1139 3038 1204 verbum,
3069 1142 3174 1196 sive
3215 1159 3310 1212 per
3337 1143 3612 1213 epistolam

2023 1226 2110 1298 (11
2140 1227 2373 1282 Tltcssal.
2398 1245 2452 1296 ιι,
2490 1228 2598 1298 14).
2626 1228 2760 1282 illud
2783 1239 2932 1286 certe
2972 1239 3118 1285 tuam
3164 1231 3326 1288 debet
3373 1213 3632 1288 mentem

2021 1318 2390 1374 vehementius
2413 1320 2673 1386 excitare,
2703 1329 2761 1374 ut
2812 1320 2879 1376 ab
2909 1321 3056 1376 omni
3089 1322 3209 1377 labe
3237 1323 3420 1379 saeculi
3459 1325 3615 1379 istius

2020 1409 2273 1464 immunis
2293 1417 2418 1464 ante
2447 1409 2541 1463 Dei
2568 1417 2920 1480 conspectum
2943 1425 3171 1466 securus
3199 1411 3506 1478 inveniaris,
3522 1413 3608 1469 cui

2021 1500 2247 1554 multum
2271 1501 2414 1556 enim
2445 1501 2702 1567 creditur,
2734 1501 2854 1570 plus
2875 1501 2943 1556 ab
2973 1517 3038 1558 eo
3066 1501 3295 1571 exigitur
3323 1520 3482 1560 usura
3506 1521 3610 1574 ptu-

2021 1608 2231 1647 narum.
2263 1592 2406 1660 Ergo
2428 1592 2684 1662 quoniam
2714 1609 2817 1649 non
2842 1609 2942 1663 pro
2963 1593 3126 1650 nobis.
3145 1600 3374 1658 tantum,
3402 1595 3497 1650 sed
3515 1611 3610 1666 pro

2021 1685 2220 1755 popqu
2246 1683 2444 1739 Christi
2471 1684 2715 1754 cogimur
2741 1693 2999 1755 praestare
3020 1685 3310 1752 rationem,
3334 1685 3606 1757 disciplina

2019 1774 2211 1832 deiﬁca
2231 1775 2383 1848 [ϐοά.
2408 1793 2532 1842 ms.,
2558 1775 2914 1848 sanctiﬁcata]
2940 1777 3196 1847 populum
3218 1777 3430 1832 erudire
3456 1777 3624 1833 debe—

314 1877 480 1936 prout
514 1866 811 1937 potuimus,
844 1864 1172 1936 respondere
1216 1863 1556 1920 curavimus:
1594 1870 1653 1916 ul
1675 1859 1913 1916 Ecclesia
1944 1873 1990 1934 Β
2016 1880 2160 1920 mus.
2187 1863 2520 1920 Exstiterunt
2538 1865 2682 1920 enim
2705 1866 2947 1922 nonnulli
2977 1867 3088 1936 qui,
3117 1874 3318 1922 statuta
3344 1866 3603 1936 majorum

318 1971 412 2016 tua
444 1962 750 2016 Romanam
781 1958 1246 2024 consuetudinem,
1271 1972 1302 2011 a
1325 1971 1435 2026 qua
1455 1954 1716 2023 originem
1745 1952 1910 2019 ducit,

315 2067 543 2109 servare
587 2051 768 2106 valeat
815 2059 979 2120 atque
1031 2049 1341 2105 custodire:
1371 2045 1575 2114 reliqua
1614 2059 1763 2110 vero,
1795 2059 1915 2113 qua:

316 2142 483 2198 scribi
509 2141 597 2196 Ias
616 2156 726 2195 non
749 2148 889 2206 erat,
918 2155 1041 2194 cum
1062 2138 1318 2204 adfueris,
1350 2136 1664 2204 interrogati
1714 2134 1916 2206 poteri-

315 2247 442 2285 mus
486 2231 725 2287 edicere.
783 2229 902 2284 Erit
928 2237 1109 2284 autem
1139 2228 1393 2298 potentia:
1432 2226 1647 2282 Domini
1667 2225 1831 2280 etiam
1859 2224 1915 2280 id

315 2337 622 2394 procurare
648 2361 665 2388 ,
712 2330 772 2376 ut
824 2330 881 2376 et
929 2329 1076 2376 tuam
1120 2319 1441 2384 Ecclesiam,
1485 2327 1542 2373 et
1570 2317 1799 2372 clericos
1820 2332 1918 2372 no-

314 2421 484 2476 stros,
517 2412 608 2482 qui
636 2411 737 2467 sub
783 2420 877 2466 tuo
922 2407 1206 2480 pontiﬁcio
1229 2409 1424 2464 divinis
1451 2406 1778 2461 famulantur
1797 2403 1918 2461 ofﬁ-

317 2503 442 2567 ciis,
490 2502 632 2557 bene
683 2501 954 2565 instituas,
1003 2507 1060 2555 et
1106 2499 1226 2555 aliis
1249 2498 1474 2555 formam
1500 2497 1703 2551 tribuas
1755 2510 1918 2564 quam

315 2593 560 2647 debeant
587 2591 808 2646 imitari.
841 2590 974 2645 Data
997 2605 1086 2644 xiv
1111 2589 1214 2643 cal.
1248 2587 1420 2657 April.
1451 2584 1755 2641 Theodosio
1779 2584 1914 2655 Aug.

315 2696 394 2736 vn
412 2690 471 2736 et
491 2666 736 2736 Palladio
762 2697 813 2734 v.
847 2695 898 2735 c.
931 2695 1108 2735 conss.
1139 2678 1264 2752 (An.
1297 2677 1491 2732 Christi
1513 2675 1664 2744 M6.)

388 2770 744 2827 Innocentius
767 2769 1030 2826 Victricio
1059 2769 1317 2839 episcopo
1334 2765 1754 2836 Rhotomagensi
1781 2765 1923 2822 salu-

315 2869 454 2916 tem.
1249 2923 1252 2925 λ

323 3023 328 3026 _
389 2951 509 3008 Etsi
538 2951 655 3018 tibi,
685 2951 852 3007 frater
880 2948 1218 3016 charissime,
1248 2964 1348 3019 pro
1377 2948 1574 3005 merito
1629 2954 1685 3004 et
1712 2947 1920 3003 honore

313 3041 635 3108 sacculotii,
666 3056 775 3110 quo
813 3040 1103 3112 plurimum
1133 3040 1324 3110 polles,
1353 3039 1644 3106 vivendiet
1690 3037 1921 3095 docendi

314 3134 618 3190 secundum
645 3133 1041 3189 ecclesiasticas
1059 3133 1274 3200 regulas
1293 3139 1424 3187 nota
1444 3141 1570 3187 sunt
1595 3133 1796 3198 omnia,
1820 3147 1921 3188 ne-

315 3237 427 3292 que
455 3230 543 3277 est
568 3221 774 3291 ahquid
803 3221 950 3292 quod
995 3221 1066 3277 de
1089 3219 1259 3276 sacris
1286 3219 1606 3276 lectionibus
1627 3221 1724 3276 tibi
1743 3223 1920 3276 minus
1947 3241 1992 3302 ρ

314 3313 608 3368 collectum
675 3326 796 3368 esse
848 3310 1093 3369 videatur
1134 3329 1148 3365 :
1200 3318 1382 3365 tamen
1453 3310 1580 3380 quia
1657 3310 1914 3367 Romana:

317 3402 582 3459 Ecclesiae
626 3419 874 3460 normam
952 3409 1116 3472 atque
1163 3401 1546 3457 auctoritatem
1592 3415 1918 3473 magnOpere

317 3491 634 3562 postulasti,
684 3491 955 3547 voluntati
1003 3500 1108 3546 tua:
1154 3504 1359 3546 morem
1408 3490 1694 3546 admodum
1724 3505 1918 3560 gerens

319 3581 563 3649 digestas
590 3582 716 3636 vita:
765 3588 822 3637 et
840 3594 1050 3636 morum
1096 3579 1458 3649 probabilium
1484 3579 1792 3649 disciplinas
1818 3595 1917 3633 an-

320 3685 489 3724 nexas
519 3669 719 3725 litteris
741 3668 877 3725 meis
897 3669 1038 3733 misi,
1070 3683 1168 3738 per
1186 3683 1322 3737 quas
1346 3667 1629 3723 advertant
1661 3669 1918 3724 ecclesia-

319 3774 435 3815 rum
461 3759 706 3828 regionis
732 3767 924 3815 vestrae
951 3757 1161 3830 populi,
1207 3758 1402 3830 quibus
1421 3757 1584 3813 rebus
1622 3767 1677 3814 et
1721 3759 1918 3828 regulis

319 3849 756 3905 Christianorum
805 3850 914 3903 vita
971 3849 1024 3903 in
1070 3863 1167 3902 sua
1197 3847 1562 3921 cujuscunque
1585 3847 1918 3918 professione

320 3941 518 3997 debeat
544 3941 835 4007 contineri,
857 3940 1141 4009 qualisque
1178 3947 1424 3995 servetur
1452 3939 1507 3996 in
1535 3940 1681 3995 urbis
1729 3939 1916 3994 Romae

322 4029 572 4084 ecclesiis
613 4027 916 4098 disciplina.
946 4027 1064 4084 Erit
1089 4027 1394 4083 dilectionis
1439 4035 1543 4084 tua:
1593 4043 1689 4099 per
1731 4029 1918 4098 plebes

327 4122 600 4185 ﬁnitimas,
635 4129 691 4175 et
719 4119 1139 4175 consacerdotes
1162 4127 1402 4188 nostros,
1423 4119 1517 4188 qui
1567 4120 1624 4174 in
1677 4120 1784 4175 illis
1833 4134 1919 4176 re-

325 4212 572 4278 gionibus
595 4210 834 4282 propriis
857 4208 1108 4266 Ecclesiis
1126 4208 1433 4280 praesident,
1457 4209 1760 4279 regularum
1775 4210 1919 4265 hunc

328 4301 517 4356 librum
572 4299 730 4372 quasi
756 4299 1142 4356 didascalicum
1192 4309 1354 4369 atque
1378 4300 1702 4355 monitorem
1727 4299 1918 4357 sedulo

328 4393 603 4447 insinuare
630 4410 644 4444 :
671 4399 731 4446 ut
755 4399 811 4447 et
830 4398 1048 4446 nostros
1069 4402 1418 4458 cognoscere,
1443 4398 1499 4445 et
1517 4391 1583 4444 ad
1609 4391 1767 4445 ﬁdem
1789 4407 1921 4446 con-

328 4482 607 4542 ﬂuentium
641 4497 821 4538 mores
845 4481 1062 4536 valeant
1087 4480 1316 4536 docendi
1343 4481 1626 4537 sedulitate
1665 4481 1918 4538 formare.

2019 1969 2128 2014 non
2158 1963 2422 2020 tenentes,
2456 1955 2759 2010 castitatem
2787 1955 3046 2011 Ecclesim
3067 1971 3163 2011 sua
3180 1958 3610 2026 _pr.esumptione

2018 2042 2306 2110 violarent,
2339 2043 2522 2113 populi
2545 2042 2783 2099 favorem
2809 2053 3120 2114 sequentes,
3151 2052 3205 2099 et
3236 2046 3609 2115 Deijudicium

2017 2151 2126 2190 non
2177 2135 2448 2191 timentes.
2501 2135 2640 2206 Ergo
2681 2152 2748 2193 ne
2775 2137 2993 2192 silentio
3024 2147 3208 2194 nostro
3239 2142 3610 2195 existimemur

2017 2226 2101 2281 his
2154 2226 2395 2295 praebere
2434 2241 2780 2294 consensum,
2828 2227 3040 2282 dicente
3085 2229 3329 2296 Domino,
3385 2231 3608 2286 Vitlcbas

2019 2319 2206 2387 furem,
2237 2325 2286 2370 et
2315 2317 2558 2371 currebas
2585 2335 2700 2371 cum
2721 2336 2778 2373 eo
2810 2317 2981 2390 (Psal.
3015 2336 3164 2388 1tth,
3197 2320 3310 2390 18),
3341 2321 3454 2378 hmc
3482 2331 3608 2377 sunt

2018 2418 2138 2474 quae
2157 2405 2412 2476 deinceps
2431 2406 2630 2461 intuitu
2653 2406 2816 2460 divini
2835 2405 3021 2475 judicii
3047 2422 3267 2464 omnem
3287 2409 3608 2466 catholicum

2018 2495 2330 2566 episcopum
2359 2495 2578 2566 expedit
2601 2495 2892 2552 custodire.

2023 2603 2175 2670 Quod
2201 2608 2351 2662 extra
2381 2607 2755 2662 conscientiam
2796 2608 3180 2678 metropolitani
3208 2625 3312 2664 non
3339 2610 3611 2666 ordinetur

2683 2678 2970 2748 episcopus.

2092 2765 2180 2820 IX.
2223 2765 2488 2830 Primum,
2519 2774 2579 2820 ut
2605 2775 2758 2822 extra
2789 2766 3177 2822 conscientiam
3207 2771 3610 2842 metropolitani

2023 2855 2268 2926 episcopi
2297 2856 2476 2911 nullus
2505 2842 2698 2909 audeat
2731 2855 3004 2922 ordinare,
3027 2855 3289 2927 integrum
3311 2859 3452 2914 enim
3472 2860 3611 2929 judi~

2021 2945 2165 2999 cium
2209 2952 2293 2999 est
2346 2944 2491 3014 quod
2529 2943 2884 3014 plurimorum
2921 2947 3203 3004 sententiis
3241 2950 3608 3017 conﬁrmatur,
3700 2985 3706 2991 -

2023 3049 2125 3089 nec
2155 3048 2290 3089 unus
2319 3032 2884 3102 episeopus‘ordinare
2911 3043 3199 3104 praesumat
3217 3075 3231 3102 ,
3265 3051 3332 3092 ne
3361 3037 3610 3093 furtivum

2021 3123 2344 3180 beneﬁcium
2381 3122 2676 3193 priestitum
2706 3123 2971 3179 videatur.
3021 3125 3136 3181 Hoc
3177 3128 3318 3182 enim
3348 3144 3378 3183 a
3406 3130 3610 3200 synodo

2023 3213 2236 3270 Nicaeus
2265 3213 2616 3270 constitutum
2645 3221 2728 3270 est
2755 3223 2916 3284 atque
2943 3214 3240 3271 deﬁnitum.

2021 3330 2121 3398 Qui
2164 3332 2234 3386 ad
2261 3333 2454 3387 clerum
2479 3331 2803 3414 suscipinnon
2832 3334 3031 3414 possint
3054 3372 3069 3398 ,
3115 3343 3163 3386 et
3189 3343 3259 3414 με
3305 3333 3604 3414 clericorum

2231 3419 2404 3459 causa:
2437 3419 2469 3456 a
2497 3403 2723 3473 propriis
2754 3403 3092 3456 terminentur
3122 3403 3392 3473 episcopis.

2090 3515 2154 3571 X.
2184 3515 2314 3572 item
2345 3517 2390 3572 si
2418 3517 2539 3588 quis
2569 3524 2692 3586 post
2721 3515 3094 3571 remissionem
3118 3525 3465 3586 peccatorum
3498 3514 3608 3570 cin-

2016 3606 2198 3676 gulum
2229 3605 2433 3660 militia:
2457 3604 2730 3660 sateularis
2759 3604 3036 3668 habuerit,
3069 3604 3136 3658 ad
3164 3605 3479 3660 clericatum
3507 3605 3605 3664 ad-

2017 3697 2155 3751 mitti
2185 3697 2405 3751 omnino
2435 3710 2544 3750 non
2573 3693 2789 3749 debeat.
2839 3691 2895 3748 Si
2923 3707 3043 3762 quae
3093 3702 3274 3748 autem
3303 3708 3477 3747 causa:
3516 3693 3604 3746 vel

2017 3788 2396 3844 contentiones
2444 3786 2585 3841 inter
2631 3785 2859 3840 clericos
2907 3791 3016 3838 tam
3057 3783 3354 3853 superioris
3407 3781 3609 3838 ordinis

2017 3891 2178 3946 quam
2207 3877 2370 3930 etiam
2400 3874 2668 3928 inferioris
2713 3873 2913 3928 fuerint
2939 3881 3168 3936 exortae,
3226 3880 3286 3925 ut
3311 3869 3606 3926 secundum
3693 3861 3706 3876 ’

2017 3971 2278 4042 synodum
2324 3971 2595 4024 Nicmnam
2647 3967 2989 4036 congregatis
3034 3965 3272 4034 ejusdem
3314 3963 3606 4032 provincia:

2017 4061 2286 4133 episcopis
2307 4061 2542 4130 iurgium
2571 4058 2908 4122 terminetur,
2937 4072 3040 4113 nec
3073 4055 3237 4112 alicui
3262 4055 3462 4122 liceat,
3487 4054 3608 4110 sine

2019 4151 2329 4222 praeiudicio
2359 4159 2538 4206 tamen
2567 4148 2824 4205 Romana:
2853 4146 3126 4213 Ecclesim,
3156 4145 3360 4202 relictis
3410 4144 3493 4200 his
3517 4159 3606 4198 sa-

2020 4240 2328 4298 cerdotibus
2397 4240 2490 4308 qui
2545 4240 2599 4293 in
2642 4237 2832 4293 eadem
2861 4236 3150 4307 provincia
3182 4236 3276 4290 Dei
3303 4234 3606 4290 Ecclesiam

2023 4339 2155 4387 nutu
2176 4331 2358 4386 divino
2379 4331 2704 4399 gubernant,
2726 4327 2794 4382 ad
2817 4329 2951 4382 alias
2971 4327 3260 4383 convolare
3280 4326 3603 4397 provincias.

2025 4421 2178 4488 Quod
2205 4421 2250 4476 si
2280 4420 2399 4489 quis
2429 4417 2566 4474 forte
2594 4417 2995 4488 prmsumpserit
3017 4457 3034 4484 ,
3065 4426 3120 4472 et
3157 4416 3224 4474 ab
3271 4415 3451 4472 oﬂicio
3477 4417 3607 4471 clcri

2026 4515 2305 4568 submotus
2323 4555 2340 4582 ,
2367 4520 2421 4567 et
2447 4511 2762 4580 injuriarum
2790 4524 2916 4566 reus
2942 4509 3010 4565 ab
3039 4508 3288 4564 omnibus
3310 4508 3606 4577 judicetur.

328 4574 611 4673 _A"‘_e"im
636 4573 972 4673 βτθνθδίωφ
992 4586 1242 4673 ευιξπιεκ
1272 4571 1374 4673 PE“:
1396 4579 1585 4673 Eos"?
1601 4573 1914 4673 θίξηετυέηιί
1945 4594 1994 4656 D
2019 4605 2074 4660 Si
2102 4611 2280 4659 autem
2311 4571 2547 4673 majores
2575 4616 2752 4656 causa:
2781 4601 2836 4656 in
2881 4600 3062 4656 medio
3088 4601 3286 4656 fuerint
3312 4601 3597 4666 devolutre,

330 4663 560 4718 lectione
613 4669 964 4731 cognoscent,
993 4670 1088 4716 aut
1127 4661 1172 4718 si
1197 4660 1324 4730 quid
1354 4661 1530 4715 adhuc
1554 4660 1912 4729 desideratur,

332 4755 482 4811 facile
515 4762 776 4824 poterunt
801 4768 867 4808 ex
890 4753 1032 4808 bona
1062 4751 1366 4808 imitatione
1394 4751 1664 4822 supplere.
1695 4751 1917 4822 Incipia-

331 4863 441 4901 mus
491 4848 675 4916 igitur,
728 4843 1017 4913 adjuvante
1067 4849 1260 4899 sancto
1306 4843 1554 4913 apostolo
1611 4844 1789 4910 Petro,
1821 4858 1917 4912 per

329 4951 485 5005 quem
512 4946 568 4992 et
588 4936 920 5006 apostolatus
966 4943 1022 4990 et
1049 4933 1394 5004 episcopatus
1419 4935 1472 4990 in
1518 4933 1734 4991 Christo
1773 4936 1917 5007 cepit

328 5027 612 5080 exordium
639 5044 651 5079 :
682 5035 742 5079 ut
768 5025 1022 5093 quoniam
1054 5023 1235 5094 plures
1261 5039 1404 5093 sarpe
1427 5033 1763 5080 emerserunt
1790 5040 1914 5080 cau«

326 5133 398 5172 sa:
443 5133 566 5188 qua:
619 5116 670 5170 in
693 5115 979 5184 aliquantis
1000 5131 1106 5170 non
1137 5122 1292 5170 erant
1314 5130 1511 5183 causa),
1545 5115 1640 5170 sed
1668 5115 1912 5180 crimina,

329 5216 387 5260 ut
427 5207 498 5261 de
540 5215 745 5260 caetero
790 5205 1098 5260 sollicitudo
1128 5204 1198 5259 sit
1228 5203 1516 5272 unicuique
1545 5204 1814 5259 sacerdoti
1861 5205 1914 5260 in

323 5315 422 5353 sua
451 5297 700 5355 Ecclesia
730 5313 914 5352 curam
944 5297 1253 5368 huiusmodi
1281 5298 1500 5363 habere,
1525 5298 1668 5353 sicut
1706 5307 1915 5368 aposto-

325 5400 411 5454 lus
438 5400 700 5472 praedicat
727 5398 941 5464 Paulus,
975 5401 1139 5456 talem
1167 5398 1461 5455 Ecclesiam
1495 5399 1606 5454 Deo
1657 5397 1916 5453 exhiben-

323 5499 452 5553 dam
475 5515 584 5554 non
614 5497 902 5553 habentem
932 5496 1200 5552 maculam
1223 5507 1317 5551 aut
1342 5510 1526 5566 rugam
1557 5494 1717 5566 (Eph.
1743 5493 1820 5568 v),
1846 5509 1915 5551 ne

323 5587 558 5656 alicujus
577 5585 836 5642 morbida!
856 5586 971 5641 ovis
998 5584 1181 5639 aﬂlatu
1223 5583 1549 5638 conscientia
1574 5594 1755 5638 nostra
1783 5599 1918 5639 con-

323 5683 591 5734 taminata
634 5680 884 5734 violetur.
938 5678 1164 5750 Propter
1188 5694 1282 5736 eos
1330 5679 1486 5748 igitur
1513 5679 1604 5748 qui
1633 5680 1717 5734 vel
1765 5679 1913 5748 igno-

323 5773 527 5838 rantia,
555 5770 642 5824 vel
662 5770 863 5824 desidia
893 5785 997 5826 non
1020 5780 1205 5826 tenent
1241 5755 1661 5826 ecclesiasticam
1683 5771 1916 5839 discipli-

325 5877 477 5930 nam,
529 5872 586 5919 et
635 5861 802 5919 multa
830 5877 939 5919 non
977 5862 1348 5933 prmsumenda
1396 5870 1744 5931 pmsumunt,
1770 5872 1915 5920 recte

2020 4694 2087 4749 ad
2115 4693 2298 4748 sedem
2329 4692 2681 4764 apostolicam
2707 4733 2724 4759 ,
2753 4691 2894 4746 sicut
2941 4691 3174 4762 synodus
3217 4691 3436 4754 statuit,
3486 4701 3608 4760 post

2013 4783 2269 4853 judicium
2299 4780 2609 4852 episcopale
2638 4779 2958 4835 referantur.
3619 4821 3629 4864 ι

2260 4892 2328 4948 Ut
2359 4892 2564 4946 viduam
2592 4890 2807 4945 clericus
2831 4905 2933 4942 non
2956 4890 3109 4942 ducat
3133 4903 3367 4941 uxorem.
3613 4874 3623 4913 ί

2095 5001 2184 5056 XI.
2237 5000 2306 5057 Ut
2333 5001 2546 5057 viduam
2577 4999 2804 5055 clericus
2832 5014 2939 5053 non
2983 4984 3393 5051 ducatumrem
3421 5033 3438 5058 ,
3459 4994 3602 5062 .quia

2019 5094 2279 5163 scriptum
2324 5100 2410 5148 est
2447 5109 2461 5145 :
2495 5090 2756 5145 Sacerdos
2802 5103 3014 5142 uxorem
3065 5085 3313 5155 virginem
3357 5083 3600 5154 accipiat,

2022 5201 2126 5239 non
2155 5185 2378 5249 viduam,
2411 5199 2515 5239 non
2544 5183 2760 5252 ejectum
2787 5178 2974 5248 (Lavit.
3008 5191 3119 5238 χιιι,
3151 5172 3267 5244 l5).
3295 5173 3604 5246 Utique-qui

2021 5275 2088 5330 ad
2113 5274 2474 5330 sacerdotium
2503 5271 2688 5326 labore
2726 5283 2825 5324 suo
2853 5274 2908 5320 et
2934 5265 3055 5320 vita:
3083 5263 3350 5334 probitate
3377 5275 3605 5323 conten-

2021 5367 2120 5433 dit,
2152 5380 2346 5422 cavere
2373 5364 2534 5419 debet
2580 5375 2650 5418 ne
2677 5360 2783 5416 hoc
2829 5355 3137 5428 prtejudicio
3167 5357 3454 5428 impeditus
3478 5373 3605 5430 per.

2022 5457 2205 5514 venire
2232 5471 2338 5512 non
2365 5453 2566 5525 possit.

2138 5567 2207 5621 Ut
2233 5567 2278 5621 si
2308 5566 2470 5620 laicus
2499 5563 2705 5618 viduam
2733 5560 2956 5627 duxerit,
2990 5562 3206 5615 clericus
3227 5577 3332 5617 tum
3359 5561 3476 5633 ﬁat.

2086 5674 2199 5728 XII.
2237 5673 2302 5728 Ut
2353 5675 2396 5728 is
2419 5673 2509 5740 qui
2539 5671 2771 5734 viduam,
2794 5671 2925 5727 licet
2954 5672 3141 5737 laicus,
3174 5670 3326 5725 duxit
3354 5688 3597 5741 exorent,

2016 5771 2128 5824 sive
2156 5775 2280 5822 ante
2310 5767 2633 5836 baptismum
2655 5805 2669 5830 ,
2701 5764 2813 5819 sive
2838 5774 2962 5836 post
2990 5764 3330 5832 baptismum,
3362 5777 3469 5816 non
3500 5764 3600 5817 ad-

2018 5863 2260 5920 mittatur
2287 5857 2352 5916 ad
2383 5856 2606 5927 clerum,
2640 5855 2763 5927 quia
2803 5857 2994 5918 eodem
3022 5854 3152 5912 vitio
3183 5850 3386 5906 videtur
3415 5853 3592 5909 esciu-
