3982 6196
277 3838 309 3874 δ

397 332 502 395 153

1676 317 2028 378 DIONYSIUS
2066 318 2382 376 EXIGUUS.

3566 316 3627 368 2t
3642 328 3662 369 ι

393 462 504 503 sus.
548 444 605 501 In
635 444 899 516 baptismo
925 443 1067 498 enim
1098 438 1321 495 crimina
1351 436 1709 496 dimittuntur,
1743 449 1849 486 non
1878 447 1969 487 ae-
2002 437 2047 501 Α
2076 446 2291 487 scrvare
2318 430 2552 486 debcant
2574 472 2587 494 ,
2628 430 2822 498 quibus
2852 429 2934 510 vel
2964 428 3324 484 sacerdotium
3368 428 3451 484 vel
3510 430 3665 484 mini-

394 544 565 609 ccptac
595 535 780 591 uxoris
807 531 1137 591 consortium
1166 528 1458 584 relaxatur.

417 678 488 734 Ut
508 679 597 749 qui
620 675 904 731 secundum
936 686 1157 727 uxorem
1196 669 1431 723 habuerit
1469 668 1683 722 clericus
1710 682 1816 719 non
1854 664 1943 720 sit.

462 789 601 845 XIII.
650 788 731 845 Ne
758 787 804 844 is
824 786 913 858 qui
941 784 1233 842 secundum
1262 782 1473 839 duxerit
1499 795 1722 836 uxorem
1750 779 1981 835 clericus

398 883 509 949 ﬁat,
541 880 666 953 quia
691 880 949 950 scriptum
979 885 1103 933 est:
1137 875 1301 929 Unius
1329 874 1505 927 uani-is
1532 873 1695 926 virum
1724 869 1779 938 (ι
1843 868 1976 922 Tim.

395 978 504 1047 tu);
534 984 591 1032 et
615 975 809 1029 iterum
843 989 857 1025 :
891 968 1201 1026 Sacerdotes
1228 967 1329 1020 mei
1358 965 1511 1020 scnrcl
1535 962 1731 1018 nabant
1784 961 1974 1026 (Leuit.

397 1066 562 1138 ut);
608 1076 665 1122 et
689 1063 817 1120 alibi
850 1081 863 1117 :
896 1060 1204 1119 Sacerdotes
1248 1059 1345 1111 mei
1387 1072 1491 1112 non
1528 1052 1730 1107 nubant
1759 1050 1981 1121 annilius

395 1158 614 1229 (Ezech.
640 1155 813 1225 Iuv).
858 1152 999 1208 Etsi
1044 1152 1111 1205 ab
1147 1148 1411 1219 aliquibus
1461 1144 1815 1208 existimatur,
1858 1150 1982 1196 ante

394 1255 721 1327 baptismum
748 1250 793 1306 si
841 1248 978 1305 forte
1006 1247 1131 1317 quis
1175 1242 1389 1313 accepit
1431 1253 1655 1298 uxorem
1678 1279 1693 1303 ,
1734 1245 1795 1293 et
1823 1251 1886 1292 ea
1916 1235 1983 1290 de

395 1345 598 1402 smeulo
648 1340 937 1398 recedente
956 1337 1187 1391 alteram
1216 1330 1448 1396 duxerit,
1478 1331 1533 1385 in
1563 1328 1832 1399 baptismo
1853 1339 1981 1389 esse

397 1435 675 1492 dimissum
701 1470 718 1496 ,
756 1429 884 1484 satis
912 1435 1059 1482 errat
1098 1441 1129 1478 a
1166 1424 1353 1492 regula
1377 1463 1391 1487 ,
1442 1421 1568 1491 quia
1610 1419 1667 1473 in
1713 1416 1981 1487 baptismo

397 1533 618 1595 peccata
634 1521 1009 1585 remittuntur,
1031 1532 1137 1571 non
1166 1523 1512 1583 acceptarum
1534 1525 1769 1565 uxorum
1798 1521 1982 1562 nume-

398 1629 491 1669 rus
522 1613 807 1675 aboletur,
856 1623 978 1664 cum
1027 1605 1212 1674 utique
1260 1618 1399 1657 uxor
1433 1615 1501 1655 ex
1548 1599 1681 1667 legis
1706 1604 1982 1667 praecepto

397 1705 643 1773 ducatur,
673 1705 727 1757 in
757 1708 963 1757 tantum
992 1706 1052 1753 nt
1100 1704 1154 1751 ct
1176 1694 1234 1750 in
1263 1693 1513 1764 paradiso
1536 1729 1551 1756 ,
1580 1704 1704 1745 cum
1726 1696 1985 1759 parentes

2081 522 2302 577 sterium
2336 524 2453 577 sine
2480 521 2822 578 successione
2848 528 2962 583 est,
3001 535 3099 574 ucc
3127 520 3363 589 prazterit
3392 519 3506 575 dies
3562 535 3665 590 qua

2083 614 2166 668 vel
2196 629 2225 667 a
2255 613 2528 669 sacriﬁciis
2569 613 2761 669 divinis
2800 614 2886 669 vel
2935 628 2965 667 a
2994 612 3330 682 baptismatis
3367 611 3546 667 ofﬁcio
3576 628 3668 666 va-

2081 706 2241 761 cent?
2288 705 2422 759 Nam
2463 707 2508 760 si
2549 703 2747 761 Paulus
2788 704 2855 759 ad
2885 704 3195 759 Corinthios
3218 703 3407 757 scribit
3436 702 3619 757 dicens
3652 722 3664 755 :

2084 798 2362 853 Abstinete
2389 813 2485 853 vos
2511 797 2579 853 ad
2610 806 2839 867 tempus,
2876 805 2934 850 ut
2960 796 3165 851 vacetis
3194 796 3427 851 orationi
3466 795 3516 867 (i
3542 795 3662 850 Cor.

2081 891 2177 957 vn)
2197 929 2212 955 ,
2242 896 2296 943 et
2324 888 2429 943 hoc
2455 889 2638 957 utique
2675 887 2823 947 laicis
2860 886 3112 958 przecepit
3132 928 3146 953 ,
3193 886 3361 940 multo
3390 886 3561 955 magis
3583 901 3666 939 sa-

2083 980 2327 1035 cerdotes
2346 1020 2361 1045 ,
2393 979 2585 1049 quibus
2621 984 2675 1033 et
2701 975 2889 1033 orandi
2918 984 2983 1030 et
3036 973 3369 1033 sacriﬁcandi
3394 974 3521 1045 juge
3548 973 3667 1029 offi-

2083 1071 2224 1131 cium
2272 1079 2386 1136 est,
2417 1084 2630 1141 semper
2666 1068 2937 1125 debebunt
2964 1067 3032 1122 ab
3058 1066 3364 1136 hujusmodi
3392 1065 3668 1122 consortio

2083 1161 2354 1217 abstinere
2378 1202 2393 1226 ,
2424 1160 2515 1230 qui
2546 1160 2592 1216 si
2636 1157 2986 1214 contaminati
3016 1155 3213 1211 fuerint
3240 1156 3443 1211 carnali
3469 1170 3666 1210 concu-

2081 1255 2364 1325 piscentia,
2386 1268 2493 1322 quo
2523 1251 2726 1323 pudore
2755 1251 2839 1305 vel
2867 1250 3167 1304 sacriﬁcare
3196 1248 3416 1307 forsitan
3445 1263 3667 1316 usurpa-

2076 1344 2248 1410 bunt,
2280 1352 2373 1397 aut
2401 1357 2505 1413 qua
2537 1340 2885 1405 conscientia,
2918 1354 3093 1409 quove
3120 1339 3316 1393 merito
3344 1337 3586 1393 exaudiri
3608 1353 3667 1392 se

2083 1433 2341 1501 credunt,
2393 1447 2513 1487 cum
2563 1430 2764 1486 dictum
2815 1431 2885 1484 sit
2918 1447 2929 1459 ·
2958 1429 3148 1484 Omnia
3194 1428 3389 1482 munda
3432 1428 3665 1492 mundis,

2084 1521 2442 1590 coinquinatis
2469 1530 2648 1575 autem
2699 1527 2753 1574 et
2784 1518 3083 1573 inﬁdelibus
3110 1518 3241 1572 nihil
3260 1517 3525 1579 mundum
3565 1517 3667 1586 (Ad

2086 1608 2191 1665 Tit.
2212 1613 2287 1682 1).?
2318 1611 2426 1666 Sed
2456 1610 2683 1666 fortasse
2712 1609 2875 1665 licere
2904 1609 3006 1664 hoc
3035 1607 3223 1674 credit,
3255 1608 3378 1676 quia
3407 1608 3664 1676 scriptum

2078 1714 2168 1765 ‘est
2193 1722 2203 1757 :
2230 1703 2399 1759 Unius
2428 1704 2610 1757 uxoris
2631 1702 2805 1756 virum
2837 1699 2891 1771 (Ι
2914 1699 3047 1753 Tim.
3073 1698 3177 1768 τιὴ,
3210 1714 3317 1754 non
3346 1711 3665 1768 permanen-

397 1796 616 1852 humani
664 1793 876 1862 ἔεηθτίε
923 1789 1376 1859 coniungeremur
1418 1784 1576 1855 (Gm-
1605 1783 1699 1849 illa
1746 1781 1817 1837 ab
1862 1781 1981 1851 ίβθο
2012 1802 2192 1860 B‘tem
2225 1796 2277 1849 in
2308 1792 2743 1863 concupiscentia
2779 1789 3070 1860 generandi
3106 1788 3273 1854 dixit,
3308 1788 3410 1843 sed
3442 1795 3665 1857 prepter

396 1888 505 1943 sint
556 1887 785 1941 Domino
828 1881 1135 1946 benedicti,
1183 1887 1238 1933 et
1287 1877 1543 1933 Salomon
1592 1874 1759 1938 dicat,
1791 1874 1835 1926 Α
1862 1872 1976 1926 Deo

396 1973 784 2047 prmparabitur
826 1971 944 2026 viro
992 1985 1134 2025 uxor
1188 1970 1213 2035 ·(
1239 1966 1400 2021 Prov.
1425 1966 1596 2033 xix),
1653 1977 1814 2032 quam
1864 1959 1978 2016 for-

400 2080 538 2127 mam
564 2064 725 2119 etiam
753 2058 1068 2117 sacerdotes
1089 2071 1286 2111 omnes
1306 2069 1529 2110 servare
1581 2067 1710 2107 usus
1734 2051 1853 2121 ipse
1879 2050 1977 2105 de-

395 2162 661 2212 monstrat
679 2153 954 2208 Eeclesize.
987 2149 1130 2205 Satis
1154 2149 1297 2204 enim
1318 2146 1607 2202 absurdum
1628 2152 1718 2199 est
1740 2143 1978 2212 aliquem

396 2246 637 2310 credere,
682 2256 909 2299 uxorem
956 2248 1082 2295 ante
1126 2237 1449 2308 baptismum
1518 2241 1801 2303 acceptam
1860 2239 1982 2301 post

388 2336 720 2408 baptismum
744 2349 855 2389 non
884 2330 1208 2401 computari,
1240 2344 1364 2383 cum
1386 2326 1698 2381 benedictio
1747 2338 1865 2393 qua:
1886 2337 1982 2392 per

395 2426 731 2484 sacerdotem
750 2438 915 2494 super
930 2410 1198 2477 nubentes
1224 2420 1533 2490 imponitur,
1564 2433 1671 2473 non
1692 2416 1979 2471 materiam

396 2515 739 2586 delinquendi
769 2513 1000 2577 dedisse,
1023 2511 1117 2567 sed
1146 2510 1372 2565 formam
1402 2508 1635 2564 tenuisse
1658 2506 1799 2575 legis
1818 2521 1848 2559 a
1866 2504 1981 2560 Deo

392 2608 689 2677 antiquitus
728 2605 990 2661 instituta;
1030 2603 1309 2657 doceatur.
1366 2599 1521 2666 Quod
1548 2599 1594 2653 si
1626 2592 1733 2652 rion
1757 2605 1983 2667 putatur

396 2714 534 2765 uxor
587 2711 710 2753 esse
761 2691 1124 2763 computanda
1169 2705 1288 2761 qua:
1316 2698 1443 2745 ante
1470 2689 1792 2759 baptismum
1822 2688 1981 2743 ducta

397 2796 499 2855 est,
529 2800 658 2857 ergo
711 2800 813 2849 nee
841 2783 934 2837 lilii
980 2782 1074 2851 qui
1118 2791 1244 2835 ante
1289 2779 1612 2850 baptismum
1641 2779 1808 2849 geniti
1832 2787 1979 2843 sunt,

397 2890 498 2945 pro
526 2872 647 2930 ﬁliis
668 2872 960 2928 habentur.

400 2987 471 3054 ω
496 2986 715 3055 alterius,
744 2985 957 3042 clericos
988 2983 1234 3043 ordinare
1262 2982 1432 3049 nullus
1455 2990 1665 3052 usurpet
1691 2981 1979 3051 episcopus.

468 3096 607 3155 XIV.
640 3095 711 3152 Ut
727 3095 802 3151 de
827 3084 1000 3151 aliena
1029 3091 1271 3149 Ecclesia
1302 3092 1559 3153 clauicula
1584 3090 1838 3149 ordinare
1861 3090 1983 3144 nui-

2083 1886 2468 1947 conscientiam
2498 1886 2750 1940 futuram.
2788 1883 2972 1952 Neque
3002 1882 3143 1937 cnim
3172 1881 3410 1948 integros
3438 1892 3665 1947 corpore

2083 1993 2190 2031 non
2221 1976 2469 2041 admisit,
2498 1975 2589 2044 qui
2616 1975 2692 2028 ait
2717 1991 2729 2027 :
2757 1973 2961 2028 Vellem
2988 1979 3171 2027 autem
3203 1985 3392 2026 omnes
3416 1971 3494 2026 sic
3518 1985 3663 2031 esse,

2082 2070 2220 2124 sicut
2242 2077 2293 2122 et
2317 2081 2417 2135 ego
2445 2066 2499 2138 (1
2522 2066 2641 2122 Cor.
2667 2066 2782 2135 vu).
2816 2064 2882 2119 Et
2907 2065 3143 2135 apertius
3172 2056 3409 2118 declar’at
3437 2062 3622 2118 dicens
3649 2082 3663 2116 :

2083 2160 2185 2227 Qui
2214 2172 2393 2215 autem
2420 2161 2475 2214 in
2501 2174 2666 2215 carne
2692 2166 2845 2223 sunt,
2876 2158 2988 2213 Deo
3016 2156 3232 2227 placere
3256 2172 3362 2211 non
3398 2165 3623 2226 possunt
3647 2174 3665 2221 ;

2084 2266 2181 2306 vos
2218 2260 2399 2305 autem
2424 2249 2535 2318 jam
2578 2265 2685 2305 non
2724 2249 2851 2303 estis
2900 2249 2953 2302 in
3003 2262 3166 2302 carne
3190 2289 3205 2313 ,
3249 2245 3342 2302 sed
3382 2247 3438 2301 in
3475 2247 3666 2316 spiritu

2084 2340 2261 2411 (Hem.
2297 2340 2432 2408 vni).

2086 2448 2235 2516 Quod
2263 2451 2542 2505 monachus
2561 2488 2575 2513 ,
2612 2453 2655 2506 si
2685 2452 2903 2504 clericus
2931 2451 3097 2521 [actas
3122 2449 3309 2518 fuerit,
3341 2450 3662 2520 propositam

2565 2536 2711 2572 suum
2740 2519 2941 2573 servare
2970 2519 3168 2572 debeat.

2149 2610 2314 2666 X‘Vll.
2367 2610 2441 2671 De
2470 2611 2748 2669 monachis
2799 2610 2893 2679 qui
2949 2609 3042 2664 diu
3073 2617 3350 2665 morantes
3380 2610 3433 2663 in
3471 2624 3664 2663 mona-

2084 2702 2261 2761 steriis
2282 2708 2467 2771 postea
2489 2700 2555 2755 ad
2580 2700 2864 2756 clericatus
2895 2697 3138 2755 ordinem
3160 2698 3528 2769 pervenerint,
3558 2714 3669 2751 non

2083 2793 2281 2848 debere
2303 2806 2397 2847 eos
2418 2807 2448 2845 a
2472 2791 2651 2861 priore
2670 2790 2948 2860 proposito
2973 2789 3207 2843 deviare.
3238 2788 3345 2852 Aut
3368 2790 3510 2842 enim
3531 2787 3673 2847 sicut

2084 2886 2137 2939 in
2168 2883 2497 2941 monasterio
2527 2881 2662 2947 fuit,
2695 2889 2752 2935 et
2778 2879 2921 2949 quod
2949 2879 3040 2933 diu
3070 2879 3341 2947 servavit,
3378 2879 3429 2932 in
3460 2878 3673 2933 meliori

2082 2974 2251 3045 gradu
2281 2975 2487 3043 positus
2516 2974 2764 3027 amittere
2812 2987 2918 3025 non
2949 2970 3130 3025 debet.
3177 2968 3284 3024 Aut
3311 2970 3353 3024 si
3385 2980 3673 3037 corruptus

2085 3073 2272 3134 postea
2301 3064 2602 3134 baptizatus
2633 3063 2685 3116 in
2717 3060 3045 3115 monasterio
3090 3057 3303 3127 sedens,
3334 3066 3388 3114 et
3416 3058 3482 3112 ad
3512 3059 3674 3113 cleris

400 3151 733 3260 ωῖέωρρι
758 3229 775 3257 ,
812 3187 914 3245 αἰεί
943 3187 1060 3256 ejus
1098 3151 1388 3255 W99“;
1430 3183 1683 3254 precibus
1729 3189 1982 3238 ειοηιηε
2011 3155 2056 3218 C
2087 3167 2237 3213 catus
2284 3156 2526 3212 ordinem
2573 3154 2833 3255 accedere
2880 3152 3112 3208 voluerit
3136 3194 3151 3221 ,
3195 3166 3419 3207 uxorem
3449 3151 3677 3206 omnino

399 3280 701 3339 concedere
734 3278 985 3334 voluerit.
1035 3275 1149 3330 Hoc
1195 3274 1357 3329 etiam
1394 3271 1629 3344 synodus
1666 3271 1853 3328 statuit
1892 3271 1983 3326 Ni-

400 3386 571 3436 catna,
592 3377 654 3425 ut
670 3368 942 3443 abiectum
965 3365 1034 3421 ab
1064 3365 1237 3420 altero
1264 3363 1523 3423 (Sericum
1550 3361 1719 3417 altera
1736 3360 1983 3416 Ecclesia

402 3475 511 3516 non
535 3458 789 3528 recipiat.

405 3595 479 3654 Ut
501 3611 609 3651 ult
658 3592 1039 3665 nbaplizenlur
1066 3593 1154 3664 qui
1201 3594 1269 3665 ad
1296 3591 1585 3665 Ecclesium
1610 3608 1645 3645 α
1669 3590 1985 3648 Nacoliam:

844 3666 921 3725 uel
950 3661 1304 3719 Montensibus
1329 3663 1558 3718 veniunt.

470 3777 591 3841 XV.
635 3777 715 3834 Ut
753 3778 1037 3837 vertierle
1070 3792 1113 3830 ra
1157 3775 1471 3831 Novatianis
1505 3776 1593 3831 vel
1621 3775 1986 3832 Montensibus

400 3883 500 3947 per
524 3880 718 3923 manus
766 3875 974 3922 tantum
1019 3866 1420 3936 impositionem
1448 3866 1832 3936 suscipiantur,
1861 3868 1987 3935 quia

397 3959 647 4028 quamvis
673 3957 741 4013 ab
768 3958 1074 4023 nautici,
1124 3965 1303 4015 tamen
1326 3957 1387 4011 in
1412 3955 1612 4012 Christi
1643 3956 1861 4019 nonnae
1887 3956 1985 4013 ba-

394 4049 765 4119 manu
812 4057 1011 4118 praeter
1036 4062 1135 4103 eos
1170 4048 1337 4118 quisi
1364 4046 1988 4108 fomanobisadilios

401 4146 749 4208 muscum
786 4137 1110 4206 mbaptinti
1156 4145 1314 4203 sunt,
1342 4138 1399 4190 hi
1427 4138 1473 4191 si
1500 4137 1885 4206 resipiscentes
1932 4144 1990 4191 et

399 4229 613 4283 cuinam
640 4243 794 4283 etiam
822 4228 1120 4295 cogitames
1144 4227 1321 4281 redire
1349 4227 1634 4282 maluerint
1658 4265 1673 4291 ,
1704 4228 1805 4283 sub
1831 4228 1989 4295 longa

398 4319 733 4388 paenitentia:
750 4317 1130 4375 satisfactione
1156 4316 1474 4384 admittendi
1501 4327 1647 4374 sunt.

408 4455 559 4523 Quod
598 4456 890 4521 sacerdotes;
918 4464 966 4512 el
996 4456 1169 4579 leuga;
1209 4473 1325 4511 cum
1364 4457 1661 4512 mulieribus
1699 4460 1837 4514 coire
1881 4478 1987 4521 non

1111 4544 1138 4579 e
1171 4536 1312 4579 eant.

1111 4536 1312 4582 ebeanl.

474 4637 615 4693 XVI.
645 4636 943 4702 Praeterea,
977 4639 1121 4708 quod
1149 4638 1389 4708 dignum,
1422 4647 1477 4695 et
1506 4641 1781 4710 pudicum,
1814 4652 1869 4696 et
1897 4643 1991 4696 ho-

406 4742 617 4788 nestum
672 4741 755 4786 est
781 4774 796 4799 ,
842 4739 1027 4787 tenere
1068 4728 1307 4787 Ecclesia
1349 4732 1660 4789 omnimodo
1688 4732 1877 4801 debet,
1938 4742 1995 4787 ut

406 4820 717 4879 sacerdotes
752 4830 809 4876 et
862 4822 1035 4876 levitrc
1063 4838 1185 4876 cum
1216 4822 1473 4881 uxoribus
1501 4824 1611 4877 suis
1641 4839 1747 4877 non
1777 4831 1990 4888 coeant,

405 4914 529 4983 quia
556 4913 842 4982 ministerii
861 4913 1158 4983 quotidiani
1182 4912 1593 4975 necessitatibus
1621 4923 1950 4984 occupantur
1976 4932 1990 4965 :

403 5006 663 5076 scrip-tum
704 5013 790 5060 est
817 5004 961 5060 enim
995 5022 1007 5057 :
1041 5003 1226 5073 Sancti
1254 5013 1465 5070 estote,
1512 5007 1768 5076 quoniam
1804 5014 1865 5060 et
1891 5020 1992 5074 ego

405 5103 626 5149 sanctus
678 5108 797 5148 sum
827 5093 1087 5161 Dominus
1115 5093 1258 5157 Deus
1297 5102 1493 5150 vester.
1549 5093 1682 5148 Nam
1721 5096 1765 5149 si
1802 5096 1993 5165 priscis

406 5183 741 5252 temporibus
768 5184 836 5240 de
864 5185 1065 5255 templo
1088 5184 1189 5239 Dei
1217 5186 1526 5243 sacerdotes
1551 5201 1694 5241 anno
1718 5188 1853 5242 vicis
1881 5204 1991 5242 sine

408 5285 516 5327 non
543 5271 927 5341 discedebant,
964 5275 1105 5341 sicut
1140 5274 1208 5330 de
1238 5274 1497 5349 zacharia
1522 5276 1750 5345 legimus
1839 5282 1991 5352 (Lar.

411 5386 449 5437 ι,
473 5361 529 5432 3)
560 5403 575 5429 ,
606 5376 716 5417 nec
753 5362 971 5433 domum
1009 5381 1160 5419 suam
1190 5366 1410 5421 omnino
1438 5367 1727 5437 tangebam
1752 5408 1766 5433 ,
1795 5367 1990 5437 quibus

410 5455 593 5519 utique
639 5460 863 5520 propter
908 5453 1109 5509 sobolis
1153 5455 1549 5511 successionem
1598 5457 1819 5511 uxorius
1861 5471 1989 5511 usus

410 5538 581 5596 fuerat
606 5541 919 5613 relaxatus,
946 5544 1068 5611 quia
1097 5559 1163 5609 ex
1220 5546 1322 5601 alia
1354 5545 1493 5601 tribu
1545 5554 1602 5599 et
1628 5554 1985 5614 praeterquam

409 5648 477 5685 ex
502 5632 707 5687 semine
736 5634 915 5688 Aaron
946 5634 1014 5687 ad
1044 5636 1406 5707 sacerdotium
1446 5637 1624 5691 nullus
1653 5636 1824 5691 fuerat
1852 5653 1986 5706 pra:-

411 5732 598 5792 ceptus
616 5724 877 5780 accedere
899 5717 1084 5796 (Nam.
1111 5730 1257 5797 xvm)
1275 5768 1288 5791 ,
1322 5737 1523 5797 quanto
1545 5730 1715 5796 magis
1735 5729 1788 5781 bi
1808 5742 1987 5781 sacer-

414 5816 565 5883 dotes
592 5815 676 5872 vel
725 5816 902 5884 levius
928 5818 1240 5890 pudicitiam
1273 5832 1341 5874 ex
1377 5819 1464 5874 die
1492 5819 1853 5876 ordinationis
1879 5831 1987 5886 sum

2087 3247 2287 3303 habere
2328 3262 2435 3300 non
2465 3245 2684 3321 poterit,
2739 3243 2863 3313 quia
2894 3258 2996 3297 nec
3034 3242 3278 3298 benedici
3308 3256 3432 3297 cum
3473 3257 3673 3312 sponsa

2087 3346 2266 3409 potest
2290 3336 2400 3407 jam
2431 3345 2557 3391 ante
2594 3344 2897 3405 corruptus.
2950 3334 3079 3401 Qua:
3118 3334 3297 3388 forma
3341 3343 3586 3389 servatur
3612 3334 3675 3387 in

2087 3428 2297 3483 clericis
2325 3427 2593 3495 maxime,
2625 3441 2746 3481 cum
2794 3433 2945 3479 vetus
2988 3424 3169 3492 regula
3204 3424 3315 3479 hoc
3358 3424 3579 3487 habeat,
3612 3432 3673 3478 ut

2088 3519 2315 3588 quisque
2343 3525 2629 3586 corruptus
2652 3515 2957 3585 baptizatus
2984 3514 3215 3568 clericus
3249 3527 3369 3568 esse
3395 3513 3673 3578 voluisset,

2087 3610 2378 3683 sponderet
2404 3625 2464 3665 se
2494 3622 2715 3664 uxorem
2747 3606 2968 3663 omnino
2999 3620 3104 3660 non
3134 3604 3352 3666 ducere.

2092 3725 2160 3781 Ut
2187 3742 2252 3783 ex
2282 3724 2563 3780 curialibus
2591 3724 2808 3779 clericus
2848 3738 2952 3777 non
2981 3722 3109 3792 ﬁat,
3138 3731 3347 3792 propter
3392 3725 3678 3791 roluptala

2230 3813 2356 3867 quas
2384 3812 2416 3849 α
2443 3793 2649 3848 diabolo
2676 3795 2906 3847 iuventas
2929 3792 3165 3846 exhibere
3193 3793 3531 3859 compellitur.

2160 3885 2341 3941 XVIII.
2385 3885 2654 3941 Praeterea
2707 3882 3019 3951 frequenter
3056 3882 3272 3952 quidam
3317 3899 3383 3937 ex
3424 3881 3679 3939 fratribus

2091 3978 2287 4034 nostris
2327 3975 2589 4038 curiales,
2621 3974 2706 4030 vel
2742 3974 3011 4045 quoslibet
3052 3972 3277 4043 publicis
3316 3974 3681 4030 inunctionibus

2090 4076 2406 4137 occupatos,
2435 4064 2661 4119 clericos
2691 4062 2866 4118 facere
2895 4063 3245 4129 contendunt,
3270 4062 3461 4132 quibus
3488 4071 3681 4134 postea

2090 4156 2262 4227 major
2289 4156 2525 4222 tristitia,
2562 4169 2683 4209 cum
2709 4153 2775 4209 de
2800 4152 3117 4210 revocandis
3144 4153 3222 4208 eis
3250 4152 3449 4223 aliquid
3477 4154 3543 4208 ab
3573 4154 3681 4207 im-

2091 4256 2340 4317 peratore
2370 4245 2693 4315 praecipitur,
2720 4258 2880 4313 quam
2902 4244 3074 4315 gratia
3099 4244 3334 4298 nascitur
3352 4243 3419 4298 de
3440 4244 3681 4300 adscitis.

2089 4334 2315 4392 Constat
2344 4334 2485 4389 enim
2516 4348 2611 4388 eos
2655 4333 2706 4386 in
2757 4332 2884 4402 ipsis
2930 4333 3125 4388 muniis
3171 4334 3475 4407 voluptates
3512 4334 3682 4389 etiam

2094 4424 2371 4489 exhibere,
2404 4438 2539 4494 quas
2566 4437 2594 4476 a
2624 4421 2837 4477 diabolo
2880 4422 3126 4478 inventas
3165 4439 3283 4479 esse
3322 4440 3428 4478 non
3458 4423 3682 4479 dubium

2018 4525 2073 4586 D
2096 4522 2207 4580 est,
2238 4521 2293 4566 et
2314 4511 2567 4566 ludorum
2598 4520 2691 4565 aut
2731 4526 3010 4565 munerum
3048 4512 3393 4583 apparatibus
3422 4521 3514 4566 aut
3539 4529 3683 4582 pra:-

2095 4617 2213 4658 esse
2243 4610 2334 4655 aut
2362 4600 2583 4656 forsitan
2622 4600 2907 4656 interesse.
2956 4600 3038 4655 Sit
3084 4611 3233 4657 certe
3280 4604 3331 4656 in
3372 4606 3684 4674 exemplum

2094 4692 2400 4749 sollicitudo
2426 4698 2481 4746 et
2506 4690 2720 4743 tristitia
2745 4688 2986 4753 fratrum,
3010 4704 3172 4761 quam
3195 4708 3337 4762 saepe
3364 4689 3693 4762 pertulimus

2096 4782 2420 4850 imperatore
2441 4791 2722 4850 prasente,
2748 4795 2865 4835 cum
2889 4796 2987 4852 pro
3017 4782 3098 4835 his
3125 4782 3695 4853 salpiusrogaremus,‘

2094 4887 2253 4939 quam
2284 4872 2397 4942 ipse
2427 4871 2705 4925 nobiscum
2745 4872 2950 4940 positus
2990 4874 3322 4941 cognovisti,
3352 4876 3545 4943 quibus
3571 4893 3687 4943 non

2097 4962 2269 5016 solum
2301 4961 2581 5016 inferiores
2611 4962 2793 5016 clerici
2834 4977 2897 5019 ex
2941 4964 3260 5029 curialibus,
3293 4981 3478 5020 verum
3514 4968 3683 5024 etiam

2088 5049 2198 5118 jam
2230 5049 2282 5103 in
2312 5048 2617 5102 sacerdotio
2645 5049 2942 5117 constituti,
2975 5050 3159 5119 ingens
3187 5053 3433 5108 molestia
3467 5064 3524 5108 ut
3550 5040 3682 5109 red-

2092 5139 2349 5193 derentur
2377 5138 2631 5193 instabat.

2362 5249 2443 5304 De
2470 5249 2749 5321 virginibus
2784 5251 2983 5318 velatis,
3010 5254 3057 5311 si
3084 5254 3415 5313 deviaverinl.

2162 5360 2298 5415 XIX.
2332 5361 2464 5418 Item
2493 5377 2610 5430 qua:
2639 5361 2853 5417 Christo
2878 5363 3193 5433 spiritaliter
3220 5377 3534 5438 nupserunt,
3564 5378 3621 5425 et
3640 5386 3682 5427 ,τι

2089 5453 2372 5511 sacerdote
2402 5453 2645 5509 velantur
2666 5495 2680 5519 ,
2714 5455 2758 5508 si
2786 5465 2975 5525 postea
3016 5457 3102 5513 vel
3134 5458 3345 5528 publice
3372 5462 3677 5531 nupserim,

2090 5543 2176 5597 vel
2202 5558 2259 5598 se
2279 5543 2525 5598 clanculo
2548 5546 2909 5614 corruperint,
2932 5563 3038 5602 non
3064 5562 3156 5603 eas
3176 5549 3680 5608 admittendasesse

2092 5635 2157 5689 ad
2186 5635 2444 5701 agendam
2476 5638 2874 5704 pmnitentiam,
2933 5640 3037 5695 nisi
3064 5642 3109 5693 is
3151 5642 3237 5696 cui
3292 5659 3351 5699 se
3383 5643 3678 5711 iunxerant

2092 5726 2159 5780 de
2201 5725 2398 5780 mundo
2442 5728 2745 5782 recesserit.
2796 5729 2854 5783 Si
2902 5730 3045 5786 enim
3089 5731 3157 5786 de
3206 5732 3510 5789 hominibus
3557 5735 3678 5791 bzcc

2092 5815 2230 5872 ratio
2256 5815 2581 5888 custoditur,
2625 5826 2683 5873 ut
2710 5811 3044 5893 quzecunqu'e
3090 5820 3304 5882 vivente
3348 5822 3463 5883 viro
3510 5822 3675 5899 alteri
