3982 6196
224 337 342 393 215

1269 328 1642 388 COLLECTIO
1683 327 2151 385 DECRETORUM
2194 327 2295 384 PP.
2342 330 2457 386 RR.

3433 338 3542 393 246

226 449 497 519 nupserit,
527 447 791 502 habeatur
819 446 1090 513 adultera,
1121 463 1222 503 nec
1251 447 1300 502 ei
1329 447 1550 516 agendae
1578 446 1842 517 pteniten-
1875 449 1919 507 Α
1946 453 2218 510 varentur,
2251 459 2353 501 nec
2381 445 2731 504 admrttantur
2761 449 2828 504 ad
2859 450 2964 505 tale
2992 451 3350 507 ministerium
3397 453 3544 524 quod

231 542 321 594 ti.e
353 540 567 599 licentia
595 537 929 592 concedatur
949 579 962 604 ,
1007 538 1108 593 nisi
1150 553 1289 592 unus
1324 553 1390 592 ex
1434 537 1516 592 his
1547 535 1705 591 fuerit
1737 536 1832 590 de-

230 637 478 700 functus,
518 640 722 700 quanto
749 632 924 700 magis
950 631 1017 687 de
1047 632 1134 686 illa
1168 630 1396 702 tenenda
1428 638 1510 685 est
1562 644 1680 698 qua:
1710 637 1835 682 ante

233 724 529 779 immortali
571 737 632 778 se
669 737 874 792 sponso
902 722 1261 793 conjunxerat
1281 765 1296 791 ,
1327 729 1384 777 et
1414 724 1608 792 postea
1640 720 1705 776 ad
1735 721 1836 773 ltu-

233 833 425 871 rnanas
456 817 677 887 nuptias
701 817 1140 886 trausmigravit?

440 925 518 980 De
547 928 833 999 virginibus
864 944 966 983 non
997 928 1175 982 velatis
1194 970 1207 994 ,
1239 930 1282 981 si
1311 929 1639 982 deviavcrint.

304 1034 424 1092 XX.
466 1038 565 1094 Hae
593 1055 721 1094 vero
776 1054 897 1109 qua:
926 1039 1153 1094 necdum
1184 1055 1338 1095 sacro
1363 1041 1628 1096 velamine
1659 1051 1837 1114 tectae,

239 1144 425 1189 tamen
457 1132 512 1185 in
543 1132 824 1201 proposito
851 1130 1097 1199 virginali
1125 1146 1342 1201 semper
1368 1147 1428 1188 se
1455 1132 1840 1189 simulaverunt

237 1239 585 1294 permanere,
619 1223 744 1277 licet
773 1223 962 1277 velatce
992 1240 1099 1279 non
1129 1224 1344 1292 fuerint,
1377 1225 1422 1280 si
1454 1224 1592 1280 forte
1635 1241 1835 1296 nupse-

237 1316 371 1382 rint,
433 1315 520 1370 his
550 1314 756 1384 agenda
787 1313 1063 1383 aliquanto
1103 1324 1345 1385 tempore
1380 1317 1692 1385 ptenitentia
1729 1327 1834 1384 est,

236 1407 364 1476 quia
396 1406 620 1478 sponsio
661 1421 848 1460 earum
893 1421 924 1458 a
965 1405 1191 1461 Domino
1241 1406 1544 1462 tenebatur.
1595 1409 1650 1461 Si
1697 1409 1840 1463 enim

241 1498 383 1549 inter
414 1495 664 1550 homines
700 1495 841 1549 solet
879 1495 1034 1548 bona:
1072 1492 1190 1550 ﬁdei
1231 1504 1542 1552 contractus
1573 1497 1716 1552 nulla
1749 1514 1836 1552 ra-

240 1588 392 1642 tione
422 1586 679 1650 dissolvi,
718 1595 924 1654 quauto
965 1586 1134 1655 magis
1173 1586 1272 1640 ista
1329 1574 1645 1656 pollicitatio
1679 1603 1842 1656 quant

237 1693 358 1733 cum
392 1677 508 1732 Deo
540 1677 882 1747 pepigerunt,
913 1677 1048 1731 solvi
1068 1679 1185 1731 sine
1215 1678 1448 1734 vindicta
1477 1693 1585 1733 non
1612 1681 1841 1748 poterit?

243 1770 380 1824 Nam
414 1769 462 1825 si
491 1769 770 1839 apostolus
800 1765 997 1823 Paulus
1033 1783 1152 1837 qua:
1194 1784 1221 1821 a
1261 1769 1539 1838 proposito
1569 1769 1842 1824 viduitatis

239 1863 632 1920 discesserant,
669 1859 867 1914 dixerit
897 1874 988 1913 eas
1018 1860 1220 1914 habere
1250 1858 1685 1926 damnationem,
1718 1860 1841 1928 quia

241 1954 474 2020 primam
517 1953 678 2005 ﬁdem
717 1951 924 2005 irritam
966 1949 1209 2005 fecerunt
1257 1948 1309 2018 (I
1334 1949 1466 2003 Tim.
1491 1949 1545 2019 νο)
1571 1991 1584 2012 ,
1637 1959 1842 2020 quanto

242 2046 422 2114 potius
447 2045 707 2112 virgines,
740 2059 859 2112 quae
888 2043 1082 2112 prioris
1110 2042 1483 2112 promissionis
1511 2043 1667 2099 ﬁdem
1698 2046 1840 2100 fran-

240 2149 369 2204 gere
394 2144 525 2189 sunt
550 2144 761 2190 conata:
777 2137 800 2187 ’ἰ

311 2225 441 2280 Haec
470 2226 659 2294 itaque
688 2226 904 2294 regula,
937 2226 1102 2280 frater
1133 2228 1473 2295 cltarissime,
1501 2227 1545 2282 si
1579 2228 1733 2296 plena
1763 2227 1843 2281 vi-

241 2315 466 2382 gilantia
504 2314 672 2370 fuerit
713 2316 780 2370 ab
819 2318 1069 2372 omnibus
1112 2317 1206 2372 Dei
1248 2318 1622 2374 sacerdotibus
1662 2320 1847 2373 obser—

246 2413 388 2468 vata,
422 2404 660 2461 cessabit
689 2405 936 2473 ambitio,
980 2407 1247 2462 dissensio
1273 2408 1645 2477 conquiescet,
1678 2409 1850 2463 luere-

246 2511 331 2550 ses
359 2505 417 2551 et
441 2497 746 2551 schismata
793 2514 899 2552 non
947 2508 1250 2568 emergent,
1281 2501 1460 2555 locum
1489 2516 1598 2556 non
1625 2501 1851 2570 accipiet

245 2587 493 2642 diabolus
541 2587 835 2652 seviendi,
888 2590 1126 2644 manebit
1172 2590 1538 2656 unanimitas,
1593 2591 1850 2660 iniquitas

244 2686 501 2748 superata
533 2678 850 2742 caleabitur,
873 2682 1072 2734 veritas
1096 2681 1322 2750 spiritali
1351 2680 1564 2736 fervore
1585 2682 1848 2751 tlagrabit,

250 2784 352 2836 pax
383 2767 682 2837 prmdicata
700 2767 857 2823 labiis
883 2784 1005 2822 cum
1036 2769 1312 2825 voluntate
1341 2771 1531 2824 animat
1561 2771 1853 2826 concorda-

254 2857 354 2921 bit,
388 2856 713 2927 implebitur
740 2857 946 2913 dictum
983 2859 1261 2930 ‘Apostoli,
1293 2869 1351 2916 ut
1381 2862 1659 2916 unanimes
1689 2878 1855 2916 unum

251 2947 555 3002 sentientes
580 2963 998 3018 permaneatnus
1027 2952 1080 3004 in
1109 2951 1325 3006 Christo
1365 2949 1620 3022 (Philipp.
1661 2953 1736 3024 ιι),
1771 2952 1854 3006 tri-

253 3042 324 3094 hil
353 3057 455 3110 per
481 3043 895 3098 contentionem
941 3043 1097 3099 nobis
1116 3084 1129 3107 ,
1172 3061 1347 3116 neque
1378 3060 1474 3115 per
1498 3047 1713 3101 inanem
1743 3046 1858 3113 glo-

251 3131 385 3186 riam
426 3132 804 3196 vindicantes,
849 3150 956 3188 non
999 3135 1338 3200 hominibus,
1381 3136 1475 3190 sed
1523 3136 1632 3190 Deo
1675 3144 1858 3190 nostro

250 3225 508 3279 salvatori
551 3226 831 3294 placentes
863 3243 876 3276 :
909 3226 993 3280 cui
1031 3238 1116 3281 est
1150 3227 1331 3281 honor
1366 3236 1420 3282 et
1474 3228 1642 3295 gloria
1675 3227 1728 3280 in
1757 3243 1855 3282 sze—
1883 3207 1930 3269 (ἶ

252 3317 372 3371 cola
408 3317 761 3371 szeculorunt.
797 3317 988 3371 Amen.
1019 3317 1152 3371 Data
1185 3335 1248 3371 vv
1279 3319 1380 3372 cal.
1415 3318 1586 3372 Martii
1617 3319 1853 3372 Honorio

254 3411 499 3478 Augusto
528 3425 581 3464 vr
611 3417 664 3462 et
695 3409 1007 3464 Aristoneto
1039 3425 1090 3462 ν.
1125 3425 1172 3463 c.
1207 3425 1381 3465 conss.
1439 3409 1616 3479 (Ann.
1665 3407 1853 3462 Christi

255 3500 427 3568 ιω.)

323 3591 678 3647 Innocentius
699 3590 974 3662 Exuperio
997 3594 1254 3664 episcopo
1277 3593 1546 3649 Tolosano
1567 3594 1814 3649 salutem.

322 3681 651 3738 Consulenti
679 3683 800 3749 tibi,
832 3682 999 3738 frater
1025 3683 1342 3740 charissima
1360 3723 1375 3749 ,
1404 3684 1535 3754 quid
1561 3683 1630 3739 de
1658 3700 1856 3754 propo-

257 3776 354 3828 sita
381 3774 574 3845 specie
619 3789 946 3844 unaquaque
973 3776 1250 3841 sentirem,
1312 3791 1413 3846 pro
1441 3785 1602 3844 captu
1656 3776 1852 3830 intelli-

258 3865 447 3931 gentia:
475 3878 620 3919 mea:
666 3879 786 3934 qua:
814 3874 941 3918 sunt
986 3865 1099 3920 visa
1130 3865 1424 3936 respondi,
1455 3866 1582 3935 quid
1618 3880 1852 3935 sequen-

258 3953 401 4015 dum,
432 3953 526 4008 vel
571 3954 768 4008 docilis
816 3955 956 4010 ratio
1002 3957 1392 4025 persuaderet,
1437 3956 1524 4011 vel
1565 3956 1856 4011 auctoritas

261 4041 507 4097 lectionis
535 4042 872 4106 ostenderet,
904 4043 989 4099 vel
1036 4045 1307 4100 custodita
1359 4046 1528 4100 series
1554 4054 1854 4115 temporum

262 4130 682 4187 demonstraret.
709 4131 972 4202 Equidem
993 4134 1212 4190 dilectio
1234 4145 1324 4190 tua
1345 4137 1647 4192 institutum
1669 4147 1855 4192 secuta

265 4223 604 4291 prudentium
651 4223 722 4277 ad
767 4223 953 4278 sedem
1000 4227 1353 4295 apostolicam
1400 4227 1602 4283 referre
1646 4228 1852 4292 maluit,

241 4313 377 4392 ¹(ιιήιι
406 4313 643 4367 deberet
671 4313 739 4368 de
775 4314 938 4369 rebus
962 4315 1138 4370 dubiis
1162 4317 1434 4373 custodire
1463 4320 1662 4388 potius,
1693 4335 1855 4388 quam

232 4469 238 4480 .
267 4404 615 4470 usurpatione
641 4414 970 4475 praesumpta
995 4420 1114 4475 qum
1141 4408 1241 4462 sibi
1269 4408 1578 4463 viderentur
1595 4449 1609 4472 ,
1653 4410 1721 4465 de
1746 4411 1856 4464 sin-

261 4495 386 4560 gulis
413 4496 695 4551 obtinere.
726 4494 836 4551 Cur
864 4497 1006 4552 enim
1046 4500 1215 4568 magis
1259 4500 1565 4569 pudendum
1604 4510 1856 4570 putemus

263 4582 469 4640 discere
499 4585 726 4654 ahquid,
756 4602 919 4655 quam
951 4590 1172 4646 omnino
1203 4590 1452 4644 nescire?
1480 4591 1606 4644 mihi
1633 4605 1854 4661 quoque

264 4673 352 4743 ipsi
398 4675 470 4731 de
517 4677 815 4733 collatione
858 4678 1109 4735 docilitas
1137 4679 1367 4746 accedit,
1404 4690 1463 4734 ut
1503 4682 1857 4750 perscrutatis

265 4767 562 4822 rationibus
584 4769 652 4822 ad
675 4769 952 4840 proposita
977 4772 1300 4840 respondere
1326 4773 1620 4842 compellar
1645 4793 1657 4826 :
1683 4790 1857 4844 eoque

263 4853 318 4908 ﬁt
355 4865 412 4910 ut
450 4857 657 4926 aliquid
682 4876 900 4930 semper
926 4861 1189 4928 addiscat,
1222 4863 1309 4930 qui
1341 4864 1642 4932 postulatur
1674 4874 1730 4919 ut
1755 4866 1857 4920 ἀοι

259 4958 394 5001 catt.
415 4948 730 5019 l'roponarn
760 4951 923 5020 igitur
951 4952 1178 5019 singula,
1209 4952 1603 5022 subjiciatnqnc
1633 4969 1856 5023 respon-

259 5050 396 5092 sum.

417 5149 504 5203 De
529 5152 910 5206 incontinentia
941 5156 1266 5210 sacerdotum
1295 5157 1372 5209 vel
1401 5156 1689 5210 levitarum.

336 5258 471 5314 XXI.
517 5263 850 5332 Proposuisti
897 5265 1026 5334 quid
1079 5265 1148 5321 de
1196 5266 1278 5321 his
1339 5267 1614 5321 observari
1664 5266 1858 5322 debeat

258 5365 399 5420 quos
427 5353 482 5407 in
513 5353 749 5410 diaconii
782 5357 1079 5412 ministerio
1109 5366 1201 5412 aut
1254 5359 1306 5413 in
1337 5357 1516 5413 ofﬁcio
1542 5359 1856 5431 presbyterii

257 5444 470 5510 positos
510 5446 910 5504 incontinentes
947 5466 1068 5505 esse
1128 5459 1220 5504 aut
1261 5450 1422 5506 fuisse
1466 5453 1705 5519 generati
1765 5451 1860 5508 ﬁlii

257 5535 632 5604 prodiderunt.
661 5537 736 5593 De
762 5539 844 5594 his
865 5549 919 5593 et
939 5539 1242 5595 divinarum
1273 5541 1446 5610 legum
1475 5542 1754 5598 manifesta
1781 5553 1864 5599 est

255 5627 567 5695 disciplina,
592 5639 647 5684 et
669 5632 839 5685 beate
863 5631 1255 5687 recordationis
1287 5633 1382 5686 viri
1413 5633 1590 5688 Siricii
1620 5635 1861 5705 episcopi

255 5721 466 5772 monita
500 5723 767 5777 evidentia
811 5736 1178 5779 comtnearunt
1204 5766 1215 5786 ,
1277 5733 1332 5777 ut
1375 5726 1766 5782 incontinentes
1808 5729 1858 5781 in

253 5809 456 5868 atticus
487 5813 684 5869 talibus
715 5814 874 5883 positi
919 5818 1060 5873 omni
1108 5802 1313 5874 honUrc
1354 5817 1714 5876 thiCaiilslltO
1755 5822 1854 5886 pri‘

1943 540 2057 594 sola
2087 540 2422 595 continentia
2455 548 2673 610 oportet
2701 540 2934 612 impleri.
2967 542 3060 598 Est
3088 545 3232 599 enim
3257 552 3415 601 vetus
3445 546 3543 601 ad-

1944 628 2160 682 modum
2189 643 2358 684 sacra:
2383 629 2514 699 legis
2541 631 2836 688 auctoritas
2866 631 2922 703 (1
2946 632 3128 688 Ραται.
3154 650 3290 701 xxv;
3324 634 3450 688 Luc.
3477 635 3539 704 ι),

1939 714 2050 784 jam
2079 717 2203 772 inde
2232 719 2299 772 ab
2331 719 2482 774 initio
2518 720 2787 776 custodita
2812 763 2829 790 ,
2881 722 3025 790 quod
3065 723 3116 778 in
3155 724 3359 794 templo
3397 740 3543 780 anno

1946 807 2076 862 vicis
2102 822 2212 864 sua:
2242 807 2486 865 habitare
2507 811 2770 880 praecepti
2797 819 2922 866 sunt
2952 812 3281 881 sacerdotes,
3340 822 3398 870 ut
3425 830 3540 871 ser-

1944 897 2152 953 vientes
2189 898 2358 954 sacris
2399 899 2762 955 oblationibus
2820 917 2986 972 puros
3019 910 3078 958 et
3132 904 3200 959 ab
3225 903 3375 959 omni
3422 903 3544 960 labe

1926 996 2203 1058 purgatos
2223 989 2327 1044 sibi
2351 989 2625 1046 vindicent
2647 991 2826 1048 divina
2853 993 3129 1065 mysteria,
3152 1009 3328 1065 neque
3351 1010 3446 1052 eos
3477 998 3544 1051 ad

3584 589 3603 638 ί

1945 1080 2210 1137 sacriﬁcia
2240 1082 2319 1138 fas
2345 1083 2416 1137 sit
2443 1082 2674 1152 admitti,
2703 1085 2794 1154 qui
2819 1093 3078 1141 exercent
3105 1086 3192 1142 vel
3219 1101 3341 1142 cum
3373 1103 3544 1143 uxore
3595 1147 3600 1152 ,

1945 1174 2163 1230 carnale
2183 1177 2538 1243 consortium,
2560 1179 2687 1247 quia
2709 1179 2967 1250 scriptum
2989 1188 3072 1236 est
3095 1199 3107 1234 :
3131 1180 3317 1237 Sancti
3341 1189 3542 1250 estote,

1945 1269 2069 1337 quia
2091 1277 2145 1323 et
2165 1281 2266 1337 ego
2285 1278 2508 1325 sanctus
2529 1287 2646 1326 sum
2669 1270 2926 1328 Dominus
2948 1273 3089 1328 Deus
3118 1279 3299 1329 vester
3350 1271 3536 1346 (Lerit.

1943 1361 2056 1412 xx‘.
2109 1359 2314 1424 Quibus
2353 1361 2537 1430 utique
2581 1372 2806 1433 propter
2867 1363 3069 1419 sobolis
3135 1366 3538 1438 successionem

1945 1456 2234 1518 propterea
2263 1450 2485 1506 uxorius
2515 1466 2642 1507 usus
2670 1452 2842 1507 fuerat
2872 1454 3160 1520 relaxatus,
3192 1455 3317 1524 quia
3341 1471 3413 1510 ex
3437 1456 3541 1509 alia

1947 1536 2088 1592 tribu
2133 1539 2199 1593 ad
2257 1541 2618 1596 sacerdotium
2651 1543 2826 1598 nullus
2850 1543 3025 1598 fuerat
3059 1553 3360 1614 praeceptus
3389 1559 3544 1600 accc.

1944 1629 2074 1685 dere
2107 1647 2121 1682 :
2151 1641 2356 1700 quanto
2385 1634 2553 1701 magis
2583 1633 2636 1688 lti
2663 1635 2970 1690 sacerdotes
3017 1637 3099 1691 vel
3130 1636 3305 1691 levita:
3332 1636 3538 1706 pudici-

1949 1721 2076 1775 tiam
2108 1737 2175 1776 ex
2201 1721 2288 1776 die
2317 1723 2675 1778 ordinationis
2703 1741 2812 1779 sua:
2839 1741 3059 1781 servare
3085 1725 3314 1792 debent,
3345 1725 3539 1795 quibus

1879 1828 1920 1886 Β
1952 1815 2034 1868 vel
2098 1815 2459 1869 sacerdotium
2520 1817 2600 1870 vel
2645 1817 2999 1872 ministerium
3041 1819 3159 1874 sine
3197 1821 3542 1876 successione

1947 1914 2054 1968 est,
2115 1923 2216 1962 nec
2272 1908 2506 1976 praeterit
2557 1908 2673 1963 dies
2709 1923 2811 1978 qua
2841 1909 2926 1963 vel
2966 1922 2996 1962 a
3035 1908 3310 1964 sacriﬁciis
3349 1907 3542 1964 divinis

1947 1999 2088 2052 vela
2119 1999 2456 2068 baptismatis
2495 1999 2678 2056 ollicio
2721 2003 2958 2056 vacent?
2985 2002 3119 2055 Nam
3163 2001 3206 2057 si
3247 2001 3443 2056 Paulus
3472 2001 3540 2055 ad

1945 2089 2258 2145 Corinthios
2295 2090 2483 2145 scribit
2511 2091 2697 2146 dicens
2727 2109 2739 2143 :
2774 2091 3054 2147 Abstinete
3086 2107 3181 2147 vos
3212 2091 3276 2146 ad
3307 2100 3540 2160 tempus,

1951 2187 2008 2233 ut
2047 2181 2247 2235 vacetis
2289 2181 2521 2236 orationi
2565 2183 2616 2251 (l
2675 2180 2912 2236 Corinth.
2937 2183 3067 2251 vn),
3112 2191 3166 2238 et
3209 2183 3313 2238 hoc
3361 2184 3544 2251 utique

1951 2268 2098 2323 laicis
2137 2270 2422 2340 przecepit,
2467 2269 2636 2324 multo
2676 2270 2846 2340 magis
2885 2271 3230 2335 sacerdotes,
3268 2270 3460 2341 quibus
3489 2279 3544 2324 et

1951 2359 2140 2413 mandi
2203 2367 2258 2413 et
2305 2359 2643 2415 sacriﬁcandi
2686 2359 2813 2430 juge
2866 2359 3103 2416 ofﬁcium
3147 2369 3268 2426 est,
3329 2375 3543 2430 semper

1951 2450 2221 2504 debebunt
2247 2451 2314 2506 ab
2355 2449 2664 2520 ltnjusmodi
2707 2452 2984 2506 consortio
3024 2449 3294 2505 abstinere
3332 2450 3461 2520 :qui
3496 2452 3539 2504 si

1952 2543 2346 2598 contaminatus
2375 2542 2535 2598 fuerit
2567 2544 2770 2598 carnali
2813 2543 3270 2613 concupiscentia,
3302 2559 3410 2613 quo
3447 2560 3545 2612 pu-

1955 2632 2087 2688 dore
2118 2634 2200 2687 vel
2226 2629 2531 2690 sacriﬁcare
2571 2633 2884 2703 usurpabit,
2932 2641 3026 2688 aut
3053 2648 3158 2703 qua
3191 2633 3543 2699 conscientia,

1956 2741 2132 2794 quove
2171 2725 2365 2780 merito
2405 2724 2650 2780 exaudiri
2690 2740 2748 2779 se
2791 2725 2998 2792 credit,
3038 2738 3158 2779 cum
3197 2723 3396 2778 dictum
3427 2723 3494 2780 sit
3528 2742 3539 2775 :

1955 2817 2146 2871 Omnia
2173 2816 2370 2871 munda
2405 2816 2636 2883 mundis,
2663 2816 3023 2887 coinquinatis
3052 2823 3250 2880 autem,
3274 2823 3327 2869 et
3351 2813 3544 2869 inlide-

1958 2911 2098 2964 libus
2141 2909 2271 2964 nihil
2312 2909 2567 2965 mundqu
2620 2910 2734 2980 (Ad
2764 2909 2863 2964 Tit.
2900 2910 2982 2980 t)?
3020 2910 3128 2966 Sed
3176 2909 3401 2964 fortasse
3442 2909 3544 2963 hoc

1958 3001 2121 3053 licere
2158 2999 2348 3064 credit,
2380 2999 2502 3068 quia
2543 2999 2801 3069 scriptum
2825 3007 2945 3055 est:
2975 2997 3140 3053 Unius
3164 2999 3345 3054 uxoris
3373 2998 3545 3052 virum

1961 3090 2024 3160 (Ι
2061 3089 2192 3144 Tim.
2232 3091 2362 3158 tu);
2413 3105 2520 3144 non
2569 3097 2972 3159 permanentem
3019 3089 3078 3143 in
3111 3088 3546 3158 concupiscentia

1959 3181 2251 3250 generandi
2285 3180 2388 3236 hoc
2411 3179 2579 3245 dixit,
2613 3181 2708 3235 sed
2737 3187 2958 3250 propter
2993 3179 3376 3235 continentiam
3406 3179 3546 3232 futu-

1959 3289 2094 3328 ram.
2143 3273 2327 3342 Neque
2360 3271 2502 3326 eniin
2535 3273 2772 3341 integros
2797 3251 3027 3342 corpore
3055 3287 3162 3326 non
3189 3269 3422 3336 admisit,
3453 3269 3547 3340 qui

1959 3365 2033 3418 ait
2078 3382 2090 3418 :
2139 3363 2344 3419 Vellem
2393 3372 2574 3419 autem
2627 3378 2818 3420 omnes
2856 3364 2934 3419 sic
2973 3377 3129 3430 esse,
3170 3364 3311 3418 sicut
3353 3372 3406 3418 et
3445 3375 3548 3431 ego

1959 3457 2013 3529 (ι
2039 3459 2160 3514 Cor.
2187 3457 2282 3527 vn)
2305 3500 2320 3525 ,
2350 3466 2408 3513 et
2446 3459 2681 3528 apertius
2700 3457 2961 3521 declarat,
2987 3456 3174 3512 dicens
3199 3474 3211 3508 :
3235 3453 3336 3521 Qui
3365 3461 3546 3508 autem

1957 3548 2012 3603 in
2035 3562 2200 3604 carne
2229 3556 2384 3613 sunt,
2411 3547 2530 3604 Deo
2559 3549 2772 3618 placere
2811 3563 2919 3603 non
2944 3554 3172 3616 possunt
3197 3562 3212 3612 ;
3244 3559 3340 3600 vos
3369 3552 3548 3599 autem

1955 3639 2066 3706 jam
2095 3652 2205 3693 non
2224 3637 2356 3692 estis
2381 3637 2435 3693 in
2463 3652 2649 3706 carne,
2671 3638 2766 3693 sed
2795 3639 2848 3692 in
2878 3639 3068 3707 spiritu
3103 3635 3281 3707 (Rom.
3317 3635 3448 3704 VIII).
3479 3632 3550 3687 Et

1957 3729 2244 3784 habentem
2282 3725 2419 3783 ﬁlios
2461 3727 2513 3798 (1
2541 3727 2672 3782 Tim.
2698 3729 2800 3798 ιιι),
2835 3744 2942 3782 non
2977 3735 3346 3797 generantem,
3390 3724 3544 3779 dixit.

1957 3820 2065 3876 Sed
2102 3836 2165 3876 ea
2197 3820 2358 3890 plane
2389 3819 2574 3890 dispar
2627 3827 2684 3877 et
2711 3820 2882 3875 divisa
2910 3819 3177 3874 sententia
3205 3826 3317 3883 est‘;
3352 3831 3473 3871 nam
3501 3820 3546 3871 si

1959 3912 2025 3965 ad
2082 3911 2293 3979 aliquos
2332 3911 2505 3966 forma
2540 3910 2628 3964 illa
2670 3909 3048 3966 ecclesiastica:
3085 3909 3210 3962 vita:
3244 3907 3446 3976 pariter
3494 3915 3549 3960 et

1955 4004 2282 4073 disciplinae,
2336 4017 2455 4072 quae
2495 4003 2563 4058 ab
2608 4002 2865 4072 episcopo
2907 3999 3100 4054 Siricio
3139 3997 3206 4052 ad
3242 3997 3548 4068 provincias

1959 4094 2284 4150 commeavit
2307 4105 2332 4161 ,'
2350 4108 2460 4148 non
2490 4092 2808 4162 probabitur
2833 4090 3164 4162 pervenisse,
3226 4090 3307 4144 ltis
3336 4090 3546 4157 ignora-

1961 4186 2124 4241 tionis
2153 4185 2305 4240 venia
2332 4183 2660 4250 remittetur,
2687 4183 2762 4237 ita
2790 4192 2850 4237 ut
2870 4185 2937 4237 de
2957 4191 3154 4238 caetero
3177 4182 3389 4253 penitus
3415 4181 3547 4234 inci-

1958 4279 2110 4348 piant
2138 4275 2426 4340 abstinere,
2457 4284 2511 4330 et
2543 4276 2617 4329 ita
2646 4275 2842 4344 gradus
2869 4290 2996 4330 suos
3020 4274 3073 4328 in
3103 4275 3296 4344 quibus
3345 4274 3544 4327 inventi

1957 4369 2154 4424 fuerint
2195 4369 2273 4424 sic
2329 4375 2596 4422 retentent
2621 4409 2636 4434 ,
2672 4374 2729 4422 ut
2757 4366 2837 4421 eis
2869 4381 2974 4420 non
3015 4365 3175 4420 liceat
3213 4364 3280 4419 ad
3337 4365 3546 4434 potiora

1961 4457 2336 4515 conscendere
2368 4474 2379 4510 :
2409 4457 2608 4526 quibus
2635 4457 2690 4512 in
2722 4456 2985 4512 beneﬁcio
3013 4470 3135 4512 esse
3167 4455 3362 4521 debet,
3403 4455 3546 4524 quod

1884 4581 1934 4640 υ
1962 4550 2102 4604 hunc
2131 4549 2304 4616 ipsum
2332 4547 2505 4601 locum
2559 4562 2717 4616 quem
2757 4547 2993 4602 retinent
3047 4562 3155 4602 non
3185 4547 3448 4600 amittant.
3491 4546 3548 4600 Si

1961 4640 2050 4709 qui
2081 4649 2262 4694 autem
2289 4638 2459 4694 scisse
2502 4639 2730 4693 formant
2771 4638 2988 4694 vivendi
3033 4639 3247 4694 missam
3293 4655 3322 4692 a
3355 4638 3548 4693 Siricio

1958 4730 2303 4797 detegantur,
2357 4733 2531 4799 neque
2574 4730 2754 4785 statim
2793 4729 3113 4801 cupiditates
3141 4729 3372 4785 libidinis
3398 4728 3545 4796 abje-

1961 4819 2123 4886 cisse,
2154 4818 2229 4873 illi
2257 4827 2384 4874 sunt
2413 4819 2588 4875 modis
2618 4820 2866 4876 omnibus
2909 4817 3280 4882 submovendi,
3310 4819 3397 4887 qui
3424 4827 3548 4887 post

1961 4911 2382 4967 admonitionem
2411 4913 2678 4982 cognitam
2710 4908 3127 4983 praeponendam
3157 4909 3396 4965 arbitrati
3422 4917 3548 4996 sunt
3574 4989 3576 4992 ν

1963 5002 2317 5072 voluptatem.

2441 5165 2520 5218 De
2542 5165 2726 5219 ultima
2750 5162 3071 5234 prementia.

2040 5277 2202 5332 XXII.
2247 5278 2316 5333 Et
2343 5278 2446 5333 hoc
2476 5279 2755 5349 quaesitum
2785 5283 2887 5342 est,
2917 5276 3044 5348 quid
3072 5275 3140 5332 de
3164 5275 3244 5332 bis
3273 5276 3547 5335 observari

1966 5377 2245 5438 oporteat,
2274 5370 2363 5438 qui
2393 5376 2516 5440 post
2545 5369 2870 5438 baptismum
2901 5368 3048 5425 omni
3091 5379 3332 5441 tempore
3361 5371 3549 5427 incon-

1970 5459 2206 5513 tinentite
2256 5460 2621 5528 voluptatibus
2681 5459 2847 5516 dediti
2897 5463 2949 5516 irt
2997 5469 3242 5517 extremo
3285 5462 3388 5517 tlne
3427 5463 3549 5516 vitm

1966 5563 2076 5602 sure
2107 5549 2476 5618 portritentiam
2503 5550 2660 5604 simul
2693 5557 2748 5603 et
2778 5551 3273 5607 reconciliationem
3304 5565 3550 5608 commu-

1968 5639 2141 5693 nionis
2198 5649 2509 5709 exposcunt.
2563 5639 2637 5695 De
2667 5640 2748 5695 his
2792 5643 3095 5698 observatio
3136 5643 3284 5712 prior
3343 5643 3544 5706 durior,

1967 5732 2232 5799 posterior
2271 5733 2657 5788 interveniente
2698 5736 3060 5793 misericordia
3090 5735 3393 5790 inclinatior
3421 5743 3504 5787 est
3526 5773 3540 5794 .

1967 5837 2088 5876 tiam
2135 5819 2463 5877 comuetudo
2507 5824 2653 5889 prior
2704 5827 2868 5881 tenuit
2899 5867 2911 5890 ,
2961 5837 3015 5879 ut
3057 5825 3439 5880 concederetur
3473 5824 3546 5874 cis
