3976 6196
454 315 468 334 .
492 281 559 334 47
1048 287 1053 293 ’
1732 297 2078 357 DIONYSIUS
2116 301 2437 357 EXIGUUS.

3609 315 3716 370 248

457 403 787 474 pmuitentia,
824 407 916 463 sed
938 410 1241 475 communio
1267 422 1568 480 negaretur.
1609 415 1740 470 Nam
1768 432 1890 472 cum
1920 419 2022 474 illis
2052 421 2093 479 Α
2125 417 2454 472 terveniente
2483 419 2706 488 repulio
2735 421 2822 474 alii
2863 437 2922 476 se
2957 425 3300 482 matrimonio
3353 431 3704 500 copularunt,

459 495 789 564 temporibus
813 498 1014 553 crebra:
1042 502 1436 569 persecutiones
1465 515 1663 572 essent,
1686 512 1753 562 ne
1773 523 2022 564 commu-

459 585 630 654 nionis
657 604 909 646 concessa
947 590 1172 649 facilitas
1201 594 1445 653 homines
1471 599 1538 654 de
1575 603 2022 662 reconciliatione

455 691 674 733 securos
699 693 805 734 non
842 691 1123 738 revocaret
1154 698 1185 737 a
1215 684 1396 754 lapsu,
1431 688 1626 743 merito
1658 699 1848 758 negata
1879 708 2030 748 com-

455 767 639 821 munio
668 776 778 835 est,
819 785 1075 827 concessa
1113 774 1424 843 pccnitentia
1463 794 1477 830 :
1517 794 1586 832 ne
1615 786 1786 834 totum
1817 783 2029 851 penitus

452 864 761 922 negaretur,
794 866 850 913 et
873 859 1143 918 duriorem
1185 865 1552 922 remissionem
1599 866 1728 924 fecit
1765 872 2025 940 temporis

453 944 610 999 ratio.
640 943 746 1000 Sed
775 957 1056 1019 postquam
1105 951 1361 1010 Dominus
1395 965 1584 1013 noster
1610 973 1799 1028 pacem
1833 959 2026 1017 Eccle-

451 1033 542 1087 siis
567 1035 677 1090 suis
704 1038 950 1106 reddidit,
971 1040 1083 1110 jam
1110 1051 1316 1100 terrore
1342 1045 1566 1116 depulso
1589 1050 2019 1107 communionem

449 1123 562 1178 dari
585 1125 903 1187 abeuntibus
924 1132 1144 1201 placuit,
1164 1143 1219 1190 et
1239 1146 1458 1207 propter
1479 1137 1690 1195 Domini
1713 1142 2020 1200 misericor-

449 1215 623 1283 diam,
654 1221 807 1289 quasi
835 1222 1086 1279 viaticum
1116 1225 1469 1294 proiecturis,
1502 1245 1570 1285 ne
1595 1231 1876 1288 Novatiani
1907 1234 2018 1289 ha:-

448 1309 600 1364 retici
627 1351 643 1376 ,
683 1315 929 1380 negantis
973 1318 1221 1384 veniam,
1267 1321 1609 1388 asperitatem
1666 1333 1721 1379 et
1772 1324 2020 1380 duritiam

449 1397 701 1468 subsequi
730 1402 1023 1458 videamur.
1071 1405 1355 1462 Tribuctur
1395 1424 1525 1478 ergo
1555 1427 1676 1467 cum
1705 1416 2017 1484 paenitentia

448 1495 688 1544 extrema
729 1495 1074 1561 communio,
1116 1506 1174 1550 ut
1212 1498 1457 1555 homines
1496 1501 1798 1570 hujusmodi
1841 1505 1924 1560 vel
1964 1507 2019 1561 in

447 1578 710 1643 supremis
737 1581 875 1648 suis,
908 1586 1251 1652 permittente
1285 1587 1560 1647 Salvatore
1591 1603 1795 1660 nostro,
1833 1612 1862 1650 a
1891 1612 2018 1666 per-

448 1674 611 1746 petuo
639 1669 804 1725 exitio
830 1671 1188 1732 vindicentur.

900 1762 982 1818 De
1009 1767 1554 1828 administrationibus.

519 1845 698 1903 XXIII.
723 1850 1015 1915 Quaesitum
1044 1857 1205 1912 etiam
1232 1867 1316 1916 est
1340 1877 1502 1933 super
1528 1866 1612 1922 bis
1655 1869 1746 1937 qui
1775 1877 1896 1938 post
1925 1871 2022 1926 ba-

445 1935 695 2019 ptismum
745 1942 1286 2018 administraverunt,
1333 1961 1390 2008 et
1449 1965 1542 2010 aut
1589 1935 1856 2014 tormenta
1903 1962 2018 2018 sola

442 2039 820 2098 exercuerunt,
846 2036 1117 2090 autetiam
1144 2042 1428 2110 capitalem
1449 2048 1785 2114 protulerunt
1803 2060 2020 2109 senten-

445 2114 571 2204 tiam
597 2156 613 2181 ,
651 2118 718 2173 de
747 2120 830 2176 bis
876 2123 1006 2187 nihil
1050 2126 1272 2197 legimus
1317 2148 1346 2187 a
1395 2135 1689 2204 majoribus
1737 2139 2016 2199 delinitum

443 2203 622 2273 (Rom.
665 2208 800 2280 xui).
850 2210 1202 2272 Meminerant
1231 2221 1370 2276 enim
1399 2239 1430 2278 a
1458 2203 1570 2282 Deo
1596 2236 1890 2297 potestates
1919 2233 2018 2289 has

439 2293 602 2365 fuisse
629 2313 933 2368 concessas,
957 2313 1011 2357 et
1035 2316 1252 2377 propter
1279 2313 1567 2370 vindictam
1596 2320 1878 2376 noxiorum
1905 2323 2020 2392 gla-

439 2383 583 2449 dium
612 2386 774 2458 fuisse
801 2393 1139 2463 permissum,
1162 2408 1216 2451 et
1244 2398 1339 2454 Dei
1367 2403 1669 2460 ministrum
1696 2422 1815 2463 esse
1833 2383 2014 2466 daium

377 2550 383 2555 _
439 2475 494 2526 in
520 2470 820 2544 hujusmodi
850 2482 1132 2551 vindicem.
1163 2485 1442 2552 Quomodo
1471 2493 1632 2561 igitur
1657 2499 2016 2566 reprehende-

441 2575 559 2634 rent
584 2565 781 2638 factum
811 2571 955 2641 quod
983 2583 1202 2640 auctore
1247 2577 1359 2635 Deo
1385 2581 1628 2640 viderent
1653 2565 1773 2642 esse
1797 2604 2017 2646 conces-

441 2657 594 2710 sum?
641 2657 718 2723 De
746 2659 830 2726 his
859 2674 987 2740 ergo
1034 2665 1107 2718 ita
1136 2675 1193 2719 ut
1219 2666 1479 2738 hactenus
1506 2682 1774 2731 servatum
1804 2686 1908 2746 est,
1938 2679 2016 2737 sic

441 2747 736 2820 habemus,
782 2767 850 2810 ne
888 2761 982 2826 aut
1014 2755 1346 2828 disciplinam
1384 2771 1657 2832 evertere,
1697 2776 1790 2822 aut
1827 2778 2015 2826 contra

441 2841 816 2907 auctoritatem
853 2844 1064 2916 Domini
1104 2851 1286 2919 venire
1325 2853 1616 2913 videamur.
1667 2857 1799 2928 Ipsis
1836 2871 2014 2918 autem

441 2930 492 2986 in
523 2932 731 2990 ratione
753 2936 1042 3005 reddenda,
1070 2949 1218 3010 gesta
1247 2959 1341 3014 sua
1369 2947 1546 3016 omnia
1568 2951 1939 3021 servabuntur.

512 3043 664 3109 Quod
691 3049 782 3104 viri
803 3066 916 3104 cum
944 3052 1192 3108 adulteris
1219 3056 1464 3112 uxoribus
1491 3075 1594 3116 non
1616 3061 1939 3122 conveniant.

510 3135 697 3198 XXIV.
726 3137 795 3193 Et
820 3141 947 3196 illud
976 3143 1337 3201 desideratmn
1369 3156 1455 3206 est
1481 3151 1626 3233 sciri,
1649 3165 1746 3208 cur
1772 3168 2014 3216 commu-
2039 3160 2086 3223 C

442 3229 678 3286 nicantes
696 3231 794 3287 viri
817 3249 938 3289 cum
965 3231 1085 3291 adh]
1095 3238 1218 3292 teris
1239 3239 1494 3297 uxoribus
1519 3229 1623 3297 non
1647 3246 2009 3312 conveniant,

438 3335 562 3385 cum
586 3330 770 3388 contra
794 3340 988 3382 uxores
1015 3325 1068 3380 in
1091 3327 1363 3392 consortio
1383 3328 1746 3386 adulterorum
1777 3333 2010 3390 virorum

439 3425 658 3477 manere
677 3411 988 3479 videantur?
1003 3413 1175 3486 Super
1192 3417 1298 3474 hoc
1323 3419 1623 3484 Christiana
1646 3421 1834 3492 religio
1860 3425 2014 3490 adul-

440 3501 632 3561 terium
662 3503 715 3568 in
744 3511 973 3576 utroque
997 3521 1128 3566 sexu
1166 3511 1282 3580 pari
1310 3513 1517 3576 ratione
1543 3517 1883 3581 condemnat,
1915 3521 2012 3577 sed

436 3591 582 3646 viros
603 3607 733 3649 suos
756 3596 1007 3652 mulieres
1032 3613 1140 3654 non
1167 3599 1322 3656 facile
1349 3602 1416 3657 de
1440 3603 1703 3666 adulterio
1731 3619 2005 3677 accusant,

436 3687 492 3746 et
518 3696 623 3736 non
651 3681 851 3738 habent
870 3684 1089 3740 latentia
1113 3699 1332 3757 peccata
1355 3691 1674 3758 vindictam;
1707 3695 1804 3750 viri
1829 3706 2008 3756 autem

437 3770 655 3839 liberius
693 3789 890 3830 uxores
930 3775 1202 3832 adulteras
1249 3782 1391 3849 apud
1443 3782 1752 3839 sacerdotes
1799 3785 2008 3844 deferre

433 3871 848 3926 consueverunt,
872 3871 928 3918 et
955 3863 1074 3919 ideo
1101 3867 1429 3935 mulieribus,
1456 3870 1668 3939 prodito
1696 3887 1878 3928 earum
1903 3877 2008 3931 cri-

433 3949 609 4021 mine,
639 3953 942 4008 communio
971 3953 1265 4023 denegatur
1283 3999 1298 4023 ,
1329 3958 1566 4013 virorum
1594 3970 1774 4016 autem
1803 3963 2008 4020 latente

431 4039 718 4106 commisso
742 4057 847 4112 non
869 4042 1023 4115 facile
1041 4045 1319 4123 quisquam
1341 4063 1408 4104 ex
1430 4050 1818 4120 suspicionibus
1841 4056 2008 4110 absti-

431 4135 620 4194 netur,
651 4131 742 4200 qui
781 4131 966 4200 utique
1007 4133 1450 4204 submovebitur,
1492 4139 1539 4192 si
1586 4141 1703 4209 ejus
1745 4143 2002 4212 ﬂagitium

429 4218 726 4287 detegatur.
756 4219 890 4275 Cum
918 4235 1048 4289 ergo
1077 4238 1173 4291 par
1200 4239 1358 4280 causa
1385 4229 1474 4295 sit,
1504 4230 1771 4302 interdum
1807 4235 2004 4304 proba-

430 4308 577 4373 tione
602 4319 847 4365 oessante
871 4310 1121 4366 vindicta:
1145 4314 1283 4369 ratio
1314 4318 1662 4389 conquiescit.

429 4420 580 4486 Quod
623 4425 707 4493 qui
753 4441 928 4493 preces
973 4427 1049 4479 vel
1079 4428 1390 4499 criminales
1436 4431 1634 4486 dictant
1657 4471 1673 4499 ,
1714 4434 2000 4494 habeantur

1071 4511 1341 4552 immunes.

495 4580 660 4636 XXV.
675 4582 804 4638 Illud
814 4585 976 4640 etiam
987 4587 1246 4665 sciscitari
1261 4590 1492 4656 voluisti,
1509 4609 1575 4649 an
1591 4610 1780 4664 preces
1793 4598 1933 4656 dicta
1941 4617 2003 4658 n-.-

426 4672 568 4727 tibus
595 4671 822 4731 liberum
851 4676 1178 4749 concedatur
1199 4680 1382 4750 utique
1410 4693 1532 4753 post
1570 4685 1819 4756 baptismi
1848 4704 2000 4758 rege-

420 4763 753 4830 nerationem
783 4781 812 4818 a
841 4765 1167 4838 principibus
1209 4785 1432 4845 poscere
1478 4784 1704 4832 mortem
1745 4778 1993 4850 alicujus,

417 4853 503 4921 vel
531 4855 845 4924 sanguinem
873 4857 940 4913 de
967 4867 1118 4914 reatu
1143 4861 1166 4933 2
1215 4879 1377 4935 quam
1416 4881 1531 4936 rem
1561 4867 1828 4938 principes
1857 4886 1995 4926 nun-

416 4961 581 5016 quam
630 4947 746 5002 sine
787 4949 1096 5017 cognitione
1142 4953 1482 5020 concedunt,
1531 4955 1626 5011 sed
1679 4957 1745 5026 ad
1783 4958 1992 5028 judices

411 5036 700 5102 commissa
753 5038 868 5107 ipsa
915 5039 1003 5093 vel
1045 5041 1270 5095 crimina
1317 5057 1531 5112 semper
1570 5047 1886 5112 remittunt,
1934 5059 1992 5104 ut

410 5136 575 5176 causa
603 5125 815 5204 cognita
851 5126 1188 5192 vindicentur
1220 5147 1232 5182 :
1263 5147 1384 5200 quae
1422 5149 1544 5194 cum
1572 5135 1842 5202 qumsitori
1870 5137 1990 5193 fue-

410 5209 520 5280 rint
551 5209 814 5279 delegata,
842 5225 933 5270 aut
959 5217 1227 5290 absolutio
1283 5229 1375 5290 aut
1400 5221 1673 5282 damnatio
1699 5241 1797 5294 pro
1825 5241 1991 5295 nego-

412 5300 471 5372 tii
507 5298 763 5370 qualitate
791 5307 1097 5379 profertur,
1129 5318 1183 5365 et
1220 5310 1344 5366 dum
1393 5313 1567 5383 legum
1617 5316 1669 5370 in
1714 5303 1989 5388 improbos

409 5400 695 5461 exercetur
720 5398 1034 5474 auctoritas,
1064 5403 1165 5456 erit
1190 5402 1420 5476 dictator
1447 5406 1715 5468 immunis.

412 5499 564 5568 Quod
584 5503 664 5590 Δ1Ιῦ
704 5507 793 5590 qui
817 5503 1158 5590 intercedente
1196 5517 1408 5584 repudio
1446 5519 1720 5590 diuortium
1761 5525 1982 5590 pertule-

477 5576 892 5646 ruutratsisque
934 5593 988 5630 se
1034 5576 1301 5637 vinxerunt
1346 5589 1573 5654 nuptiis,
1622 5576 1846 5664 adutt'eri
1872 5576 1983 5667 esse

478 5651 843 5696 monstrantur.

479 5731 655 5805 μή.
693 5732 764 5787 De
787 5732 870 5803 his
895 5735 1057 5790 etiam
1085 5741 1362 5812 requisivit
1394 5745 1609 5803 dilectio
1644 5757 1751 5812 tua.
1783 5756 1871 5824 qui
1901 5757 1978 5808 iu-

2127 525 2262 578 quos
2283 510 2333 562 in
2365 521 2588 579 utraque
2617 522 2769 582 parte
2795 515 3065 572 adulteros
3085 533 3204 574 esse
3232 522 3572 578 manifestum
3600 537 3705 580 est.

2127 600 2228 665 Qui
2279 617 2406 656 vero
2438 603 2520 657 vel
2567 619 2735 658 uxore
2779 605 3033 673 vivente,
3063 605 3312 676 quamvis
3355 612 3707 670 dissociatum

2129 689 2369 746 videatur
2395 706 2515 748 esse
2553 693 2885 763 conjugium,
2919 696 2986 751 ad
3017 698 3177 752 aliam
3206 701 3452 770 copulam
3481 702 3740 769 festiua-,

2127 791 2282 847 runt,
2316 798 2489 853 neque
2518 795 2741 855 possunt
2768 787 2997 845 adulteri
3028 806 3136 846 non
3175 792 3374 860 videri,
3407 795 3458 848 in
3497 804 3706 850 tantum

2126 883 2185 930 ut
2211 878 2372 933 etiam
2418 879 2502 934 Ine
2553 895 2797 950 persona:
2835 883 3029 954 quibus
3065 885 3200 942 tales
3243 887 3518 956 conjuncti
3558 900 3708 959 sunt,

2124 968 2288 1023 etiam
2320 969 2446 1039 ipsa:
2477 971 2796 1029 adulterium
2825 977 3156 1033 commisisse
3177 979 3479 1046 videantur,
3507 997 3709 1040 secun-

2123 1057 2249 1112 dum
2281 1059 2409 1116 illud
2453 1062 2594 1136 quod
2625 1064 2849 1133 legimus
2880 1066 2931 1120 in
2963 1066 3253 1138 Evangelio
3277 1088 3291 1124 :
3318 1067 3421 1135 Qui
3449 1072 3708 1128 dimiserit

2121 1163 2334 1202 uxorem
2361 1166 2527 1215 suam,
2549 1160 2598 1206 et
2623 1153 2827 1208 duxerit
2853 1156 3031 1219 aliam,
3063 1158 3376 1225 metiatur;
3399 1162 3636 1216 similiter
3655 1172 3709 1217 et

2122 1243 2208 1312 qui
2237 1243 2501 1299 dimissam
2528 1247 2749 1312 duxerit,
2779 1251 3058 1305 mcrclmtur
3087 1252 3298 1323 (Matth.
3330 1256 3465 1328 xrx),
3496 1268 3553 1312 et
3580 1260 3704 1316 ideo

2122 1343 2308 1385 omnes
2335 1346 2364 1385 a
2401 1337 2778 1392 communione
2809 1338 3042 1394 Ildelium
3073 1341 3440 1400 abstinendos.
3483 1346 3562 1402 De
3602 1364 3702 1418 pa-

2122 1419 2363 1475 rentibus
2389 1431 2566 1478 autem
2594 1434 2686 1479 aut
2715 1428 3028 1498 propinquis
3056 1444 3268 1502 eorum,
3297 1434 3426 1488 nihil
3457 1437 3564 1492 tale
3591 1449 3705 1492 sta—

2124 1507 2198 1562 tui
2228 1517 2438 1579 potest,
2471 1513 2573 1568 nisi
2604 1515 2648 1570 si
2693 1517 3001 1574 incentores
3028 1520 3200 1576 illiciti
3238 1525 3495 1581 consortii
3535 1525 3700 1586 fuisse

2121 1597 2462 1670 detegantur.

2457 1711 2557 1776 Qui
2579 1714 2696 1768 libri
2724 1717 2776 1770 in
2808 1734 3005 1774 canone
3033 1723 3364 1789 recipiuntur.

2047 1792 2096 1852 Β
2195 1820 2400 1878 XXVII.
2417 1823 2516 1890 Qui
2533 1840 2663 1881 vero
2677 1827 2792 1882 libri
2815 1830 3143 1899 recipiantur
3162 1832 3214 1886 in
3234 1848 3440 1890 canone
3459 1835 3706 1908 Scriptu-

2124 1931 2302 1971 rarum
2334 1917 2514 1973 brevis
2543 1934 2782 1975 annexus
2813 1922 3070 1977 ostendit.
3109 1923 3230 1979 Ilzec
3258 1935 3382 1979 sunt
3421 1941 3552 1995 ergo
3582 1944 3707 1998 quae

2123 2006 2422 2064 desiderata
2441 2011 2649 2064 moneri
2674 2027 2807 2068 voce
2834 2014 3049 2069 voluisti
3073 2032 3085 2067 :
3115 2014 3279 2071 Mosis
3299 2018 3417 2072 libri
3437 2021 3704 2090 quinque,

2123 2100 2175 2155 id
2201 2109 2283 2156 est
2311 2100 2554 2167 Genesis,
2583 2101 2818 2170 Exodus,
2850 2103 3144 2171 Leviticus,
3169 2106 3408 2173 Numeri,
3435 2109 3704 2167 Deutero-

2122 2193 2381 2257 nomium,
2403 2206 2503 2246 nec
2517 2208 2624 2248 non
2638 2202 2692 2248 et
2705 2192 2831 2249 Jesu
2853 2194 2998 2250 Nave
3019 2211 3175 2262 unus,
3199 2206 3254 2252 et
3272 2196 3514 2254 Judicum
3539 2203 3702 2267 unus,

2121 2288 2176 2336 et
2203 2280 2508 2349 Regnorum
2561 2281 2680 2347 libri
2720 2284 2785 2349 4,
2815 2282 2976 2340 simul
3005 2292 3060 2338 ct
3109 2283 3272 2340 Ruth.
3304 2284 3702 2357 Prophetarum

2119 2373 2240 2428 libri
2285 2373 2371 2439 IG,
2403 2373 2707 2431 Salomonis
2737 2375 2856 2430 libri
2885 2375 2940 2442 5,
2972 2375 3311 2433 Psalterium.
3340 2378 3474 2434 Item
3523 2381 3702 2438 histo-

2119 2466 2316 2520 riarum
2343 2463 2444 2520 Job
2470 2465 2605 2520 liber
2625 2481 2781 2530 unus,
2809 2465 2987 2521 Tobia:
3017 2482 3171 2531 unus,
3193 2466 3390 2527 Esther
3420 2486 3576 2536 unus,
3603 2472 3700 2527 Ju-

2117 2558 2233 2614 dith
2263 2573 2416 2622 unus,
2449 2556 2873 2614 Machabzeorum
2899 2561 3031 2628 duo,
3056 2559 3235 2616 Esdrze
3261 2561 3390 2628 duo,
3423 2561 3704 2634 Paralipo~

2117 2663 2315 2703 menon
2339 2649 2465 2704 duo.
2489 2649 2621 2703 Item
2652 2649 2785 2720 Novi
2809 2649 3136 2705 Testamenti
3158 2651 3569 2722 Evangeliorum
3602 2656 3696 2710 lib.

2117 2737 2182 2804 4;
2223 2739 2453 2808 apostoli
2482 2737 2631 2793 Pauli
2661 2738 2913 2808 Epistola
2943 2739 3043 2806 14;
3085 2739 3337 2810 Epistoke
3379 2742 3604 2801 Joannis
3633 2747 3699 2810 5;

2117 2827 2370 2899 Epistola:
2419 2828 2562 2884 Petri
2615 2828 2680 2896 2;
2706 2827 2945 2898 Epistola
2974 2829 3156 2897 Judze;
3197 2830 3438 2902 Epistola
3476 2832 3697 2901 Jacobi,

2117 2921 2284 2974 Actus
2319 2920 2709 2990 apostolorum,
2745 2920 3094 2990 Apocalypsis
3113 2920 3351 2977 Joannis.
3371 2921 3576 2981 Caetera
3608 2941 3699 2979 au-

2119 3017 2246 3075 tem,
2276 3025 2393 3080 qua:
2416 3011 2500 3065 vel
2526 3011 2623 3066 sub
2663 3011 2882 3066 nomine
2918 3011 3172 3077 Matthiaz,
3207 3012 3322 3071 sive
3363 3013 3546 3074 Jacobi
3593 3016 3697 3074 hli-

2118 3105 2285 3169 noris,
2315 3102 2399 3156 vel
2443 3102 2542 3158 sub
2571 3104 2787 3158 nomine
2813 3101 2959 3158 Petri
2998 3111 3055 3158 et
3080 3103 3324 3170 Joannis,
3351 3122 3472 3176 qua:
3498 3123 3529 3162 a
3555 3124 3696 3179 quo-

2116 3187 2240 3248 dam
2287 3189 2486 3259 Leucio
2513 3193 2710 3263 scripta
2740 3201 2886 3259 sunt,
2919 3193 3002 3249 vel
3029 3195 3130 3249 sub
3178 3198 3396 3252 nomine
3442 3198 3694 3265 Andrea‘,

2113 3293 2232 3348 qua).
2271 3295 2303 3334 a
2327 3279 2700 3338 Nexocharide
2737 3290 2792 3337 et
2835 3280 3072 3339 Leonide
3097 3285 3458 3356 philowphis,
3487 3287 3568 3342 vel
3596 3291 3696 3344 sub

2114 3369 2331 3439 nomine
2349 3370 2566 3441 Thoma:
2595 3373 2793 3444 scripta
2821 3383 2964 3440 sunt,
2997 3383 3051 3430 et
3087 3375 3132 3430 si
3156 3389 3261 3444 qua
3288 3385 3414 3432 sunt
3437 3377 3565 3446 alia,
3588 3395 3696 3435 non

2112 3460 2287 3517 solum
2326 3462 2674 3533 repudianda,
2711 3479 2898 3518 verum
2940 3465 3103 3521 etiam
3133 3467 3346 3522 noveris
3373 3483 3493 3524 esse
3536 3469 3695 3524 dam-

2113 3551 2310 3622 nanda.
2331 3552 2463 3614 Data
2510 3570 2542 3609 ιι
2569 3553 2675 3610 cal.
2708 3554 3044 3622 Martiarum;
3093 3555 3350 3613 Stilicone
3383 3574 3433 3614 ,ιι
3471 3566 3528 3614 et
3581 3560 3693 3615 An-

2113 3639 2315 3695 themio
2337 3656 2514 3713 conss.
2548 3642 2669 3712 (An.
2693 3641 2885 3704 Christi
2913 3640 3068 3723 405.)

2181 3751 2522 3809 Innocentius
2543 3755 2705 3818 Felici
2733 3757 2986 3826 episcopo
3006 3757 3305 3823 Nuceriano
3331 3761 3580 3818 salutem.

2179 3842 2358 3898 Mirari
2386 3861 2495 3900 non
2526 3861 2808 3914 possumus
2848 3847 3197 3903 dilectionem
3223 3859 3371 3906 tuam
3422 3854 3576 3921 sequi
3602 3855 3692 3910 in-

2108 3935 2295 3989 stituta
2317 3933 2600 4002 majorum,
2633 3936 2813 3990 omnia
2834 3951 3059 4006 qumque
3095 3950 3321 4008 possunt
3344 3942 3576 4010 aliquam
3600 3960 3691 4000 re-

2107 4025 2287 4094 cipere
2313 4024 2722 4089 dubitationem,
2763 4025 2831 4079 ad
2879 4043 3012 4095 nos,
3040 4029 3193 4096 quasi
3223 4029 3288 4083 ad
3317 4039 3478 4100 caput
3524 4041 3693 4101 atque

2106 4114 2176 4169 ad
2205 4116 2410 4185 apicem
2439 4115 2779 4185 episcopatus
2806 4116 3008 4172 referre
3037 4135 3050 4171 :
3076 4126 3134 4172 ut
3160 4121 3405 4175 consulta
3434 4123 3692 4180 videlicet

2105 4206 2259 4262 sedes
2299 4207 2596 4276 apostolica
2619 4225 2685 4262 ex
2711 4208 2838 4277 ipsis
2856 4209 3017 4264 rebus
3040 4210 3213 4266 dubiis
3233 4220 3441 4277 certum
3483 4215 3690 4284 aliquid

2105 4295 2510 4364 faciendumque
2540 4300 2867 4367 pronuntiet,
2899 4300 3042 4369 quod
3071 4318 3171 4357 nos
3208 4312 3265 4357 et
3293 4305 3522 4360 libenter
3540 4309 3688 4362 acci-

2103 4386 2294 4456 pimus,
2312 4394 2368 4442 et
2379 4387 2723 4444 dilectionem
2751 4396 2897 4443 tuam
2920 4405 3214 4447 memorem
3239 4409 3504 4450 canonum
3524 4412 3684 4453 com-

2028 4525 2079 4585 D
2101 4475 2409 4547 probamus.
2441 4477 2707 4548 Seripsisti
2739 4480 2898 4549 igitur
2940 4483 3114 4552 quod,
3147 4484 3361 4542 fervore
3404 4487 3525 4544 fidei
3573 4506 3686 4560 quo

2104 4566 2296 4636 polles,
2319 4575 2374 4622 et
2393 4582 2578 4623 amore
2604 4579 2806 4625 sanctae
2831 4572 3000 4641 plebis
3026 4575 3110 4629 vel
3139 4579 3474 4645 reparaveris
3500 4578 3686 4637 Eccle-

2099 4658 2208 4713 sias
2236 4659 2352 4726 Dei,
2383 4660 2467 4715 vel
2509 4675 2675 4716 novas
2727 4676 2966 4732 quasque
3020 4669 3429 4723 construxeris:
3476 4671 3569 4726 sed
3622 4673 3680 4728 in

2099 4747 2182 4803 his
2216 4748 2439 4806 clericos
2467 4765 2602 4819 quos
2629 4752 2921 4807 constituas
2943 4770 3051 4809 non
3072 4755 3291 4823 habere,
3318 4759 3524 4828 aliquos
3548 4778 3682 4818 vero

2097 4837 2334 4901 mutilos,
2363 4838 2573 4909 aliquos
2627 4838 2871 4910 digamos
2913 4859 3051 4910 esse,
3101 4847 3171 4900 ad
3202 4849 3346 4916 quod
3374 4851 3681 4919 stupuimus

2095 4928 2412 4997 prudentem
2463 4930 2637 4987 virum
2687 4930 2755 4988 de
2804 4933 2887 4988 his
2913 4933 3146 4990 voluisse
3201 4937 3506 5004 consulere,
3555 4954 3682 5009 qua:

2094 5019 2343 5074 omnibus
2370 5028 2494 5074 sunt
2514 5029 2660 5075 certa
2690 5022 2901 5077 ratione
2915 5032 3211 5094 comperta.
3227 5024 3367 5095 Ergo
3391 5044 3498 5083 non
3517 5031 3677 5097 quasi

2094 5109 2359 5178 ignoranti
2409 5111 2654 5179 dicimus,
2683 5112 2778 5168 sed
2826 5114 2880 5169 in
2931 5114 3051 5176 aliis
3103 5115 3326 5172 forsitan
3378 5130 3676 5191 occupatos

2092 5198 2234 5252 istud
2263 5199 2458 5254 oblitos
2486 5215 2604 5256 esse
2626 5217 2722 5258 vos
2753 5202 2996 5263 dicimus.

2093 5307 2152 5361 Si
2179 5310 2290 5384 quis
2313 5312 2484 5370 volens
2509 5321 2704 5381 partem
2733 5313 2831 5377 sibi
2860 5318 3088 5394 corporis
3117 5323 3474 5394 amputaverit,
3515 5323 3673 5378 cleri-

2269 5395 2356 5433 cus
2381 5396 2492 5434 esse
2516 5398 2620 5435 non
2647 5394 2812 5452 potest
2840 5402 2857 5437 :
2894 5386 3075 5439 nolens
3103 5386 3274 5442 autem
3301 5400 3487 5459 potest.

2162 5485 2392 5543 XXVIII.
2411 5489 2510 5556 Qui
2534 5493 2694 5560 igitur
2719 5504 2923 5564 partem
2950 5497 3237 5567 cujuslibet
3263 5501 3411 5576 digiti
3431 5503 3529 5556 sibi
3553 5505 3669 5573 ipse

2090 5577 2273 5634 volens
2301 5581 2544 5647 abscidit,
2575 5583 2715 5640 hunc
2743 5587 2808 5640 ad
2839 5587 3038 5642 clerum
3067 5605 3303 5646 canones
3332 5608 3437 5646 non
3470 5593 3666 5660 admjtp

2090 5676 2206 5720 lunt
2236 5686 2246 5719 :
2280 5670 2364 5723 cui
2404 5687 2533 5725 vero
2581 5689 2705 5729 casu
2749 5677 2929 5745 aliquo
2956 5680 3197 5748 contigit,
3223 5681 3347 5736 dum
3391 5693 3478 5736 aut
3509 5688 3662 5754 operi

2088 5762 2282 5832 rustico
2313 5777 2496 5835 curam
2526 5765 2802 5834 impedit,
2845 5777 2934 5823 aut
2960 5771 3158 5839 aliquid
3199 5771 3404 5828 faciens
3440 5789 3500 5848 se
3544 5789 3657 5848 non
