3982 6196
252 320 364 377 289

1316 318 1691 374 COLLECTIO
1731 319 2197 379 DELIRETURUM
2238 320 2345 380 Pl‘.
2394 325 2509 380 ιιιι.

3415 325 3521 381 νὶζιθ

255 438 460 502 sponte
480 430 778 501 percussit:
806 430 904 486 hos
933 447 1165 487 canones
1194 433 1510 502 pratcipiunt
1536 443 1590 487 et
1618 435 1845 488 clericos
1879 446 1919 497 Λ
1948 441 2219 507 querelam
2253 441 2519 505 detulerit,
2570 441 2730 495 libelli
2788 442 2902 510 ejus
2950 443 3116 497 series
3174 460 3382 497 annexa
3432 445 3526 498 de-

259 522 403 589 ﬁeri,
436 531 491 576 et
517 522 639 577 siin
665 522 814 578 clero
843 522 1039 576 fuerint
1062 525 1278 592 reperti,
1316 541 1421 578 non
1446 526 1623 593 ahjiei.
1651 526 1705 579 ln
1741 526 1844 580 illis

258 614 411 667 enim
438 610 683 667 voluntas
703 625 784 666 est
803 612 1060 679 judicata,
1093 629 1211 682 qua:
1238 615 1337 667 sibi
1368 631 1498 668 ausa
1524 615 1620 667 fuit
1647 615 1844 669 ferrum

262 702 507 770 injicere,
537 702 681 772 quod
724 702 930 757 scilicet
957 712 1013 755 et
1040 704 1129 756 alii
1160 704 1211 757 id
1241 703 1419 758 facere
1460 705 1709 760 dubitare
1740 722 1846 761 non

262 800 438 868 possit
463 816 476 852 :
506 799 561 853 in
590 799 703 855 istis
726 814 854 853 vero
882 814 1040 853 casus
1070 798 1278 852 veniam
1308 800 1523 853 meruit.

408 908 563 973 Quod
588 911 783 980 digami
810 910 880 963 ad
902 910 1091 963 clerum
1118 909 1320 964 admitti
1350 928 1450 965 non
1471 912 1699 978 possint.

335 1023 529 1078 XXIX.
563 1022 638 1077 De
666 1022 895 1091 digamis
920 1031 1095 1075 autem
1120 1038 1217 1077 nec
1240 1022 1447 1076 consuli
1469 1021 1654 1076 debuit
1678 1063 1696 1089 ,
1727 1038 1848 1077 cum

262 1116 554 1171 manifesta
577 1116 647 1168 sit
675 1116 835 1168 lectio
872 1114 1136 1183 Apostoli,
1168 1115 1325 1167 unius
1354 1114 1538 1168 uxoris
1570 1114 1741 1167 virum
1784 1114 1851 1167 ad

262 1208 629 1261 sacerdotium
672 1208 785 1260 sive
836 1206 901 1258 ad
953 1204 1261 1260 clericatum
1303 1206 1509 1259 admitti
1553 1207 1750 1261 debere
1780 1209 1797 1269 (
1825 1205 1853 1258 Ι

265 1298 457 1352 Timet.
485 1299 588 1367 ιιι).
621 1296 687 1349 Ει
712 1297 850 1351 ham:
872 1296 1037 1365 ipsam
1066 1304 1243 1349 tamen
1264 1297 1307 1349 si
1339 1296 1596 1363 virginem
1627 1298 1853 1366 accepit,

262 1407 389 1444 nam
438 1406 503 1443 ea
532 1406 652 1458 qua:
702 1389 949 1443 habuerit
993 1397 1121 1443 ante
1168 1389 1359 1450 virum,
1393 1388 1518 1442 licet
1568 1388 1855 1445 defunctus

262 1483 353 1545 sit,
390 1491 572 1535 tamen
595 1480 641 1533 si
670 1479 867 1534 clerico
890 1488 1074 1547 postea
1104 1476 1263 1533 fuerit
1288 1478 1536 1548 copulata
1561 1521 1576 1545 ,
1627 1479 1856 1534 clericus

262 1571 354 1640 qui
404 1585 527 1622 eam
574 1568 843 1637 acceperit
897 1583 1150 1622 essenon
1187 1567 1405 1635 poterit,
1455 1567 1580 1635 quia
1633 1568 1685 1621 in
1739 1568 1857 1637 lege

264 1671 486 1715 cautum
516 1670 620 1725 est,
646 1658 767 1713 Non
799 1660 1034 1724 viduam,
1067 1676 1168 1713 non
1202 1657 1454 1729 abjectam
1484 1657 1673 1711 habere
1706 1674 1857 1727 posse

266 1754 543 1823 conjugem
568 1751 908 1804 sacerdotem.

360 1864 461 1919 Otii
487 1863 554 1916 de
588 1864 736 1917 laici:
764 1864 836 1917 ad
856 1864 1046 1917 clerum
1078 1881 1179 1917 non
1200 1864 1417 1917 debeant
1446 1865 1754 1934 promoveri.

340 1951 505 2006 XXX.
537 1954 610 2008 De
637 1954 784 2009 laicis
814 1970 943 2009 vero
976 1955 1164 2021 religio
1188 1964 1276 2008 tua
1307 1956 1576 2009 consuluit
1604 1955 1749 2025 quod
1770 1972 1861 2011 ca-

270 2062 442 2099 nones
466 2046 722 2100 ordinare
753 2046 1088 2115 prohibeant.
1122 2044 1339 2100 Certum
1369 2056 1453 2099 est
1489 2047 1706 2114 quidem
1757 2048 1860 2102 hoc

270 2137 485 2204 regulas
505 2136 903 2191 ecclesiasticas
928 2138 1210 2191 continere
1242 2154 1255 2188 :
1288 2135 1381 2189 sed
1426 2152 1533 2188 non
1566 2136 1636 2188 ita
1666 2135 1858 2189 delini-

272 2237 381 2282 tum
414 2238 498 2285 est
527 2235 588 2281 ut
622 2226 690 2282 de
731 2228 981 2282 omnibus
1005 2228 1074 2281 sit
1102 2227 1253 2281 laicis
1282 2227 1652 2281 constitutum.
1678 2225 1861 2294 Neque

270 2322 413 2376 enim
437 2322 624 2377 clerici
654 2323 803 2377 nasci
845 2329 900 2376 et
930 2336 1034 2375 non
1060 2319 1173 2376 ﬁeri
1206 2328 1448 2390 possunt,
1469 2319 1562 2375 sed
1583 2320 1861 2387 designata

271 2421 397 2465 sunt
424 2427 628 2480 genera
657 2412 723 2467 de
750 2413 945 2480 quibus
977 2412 1046 2466 ad
1102 2413 1411 2468 clericatum
1441 2412 1724 2481 pervenire
1754 2428 1860 2466 non

275 2509 522 2570 possunt,
556 2502 608 2556 id
638 2509 740 2567 est,
768 2504 813 2557 si
842 2503 963 2571 quis
991 2503 1161 2559 ﬁdelis
1200 2502 1531 2570 militaverit,
1561 2503 1606 2557 si
1630 2503 1749 2571 quis
1797 2501 1861 2553 li-

272 2591 408 2645 delis
431 2606 630 2645 causas
656 2592 844 2659 egerit,
870 2591 971 2647 hoc
1000 2600 1086 2647 est
1114 2592 1488 2662 postulaverit,
1517 2593 1561 2647 si
1591 2592 1713 2661 quis
1735 2592 1864 2645 ﬁde-

275 2683 339 2738 ιε
367 2683 851 2739 administraverit.
897 2683 972 2737 De
1016 2684 1306 2737 curialibus
1360 2692 1539 2738 autem
1581 2682 1863 2737 manifesta

273 2773 417 2825 ratio
447 2780 564 2837 est,
607 2773 887 2840 quoniam,
935 2773 1035 2827 etsi
1064 2773 1405 2826 inveniantur
1432 2771 1734 2840 ltujusmodi
1765 2772 1865 2826 viri

275 2860 368 2928 qui
397 2859 639 2915 debeant
657 2860 837 2914 clerici
865 2860 997 2924 fieri,
1028 2868 1205 2913 tamen
1231 2860 1424 2928 saepius
1462 2860 1528 2913 ad
1556 2861 1759 2913 curiam
1788 2874 1868 2912 re-

276 2959 559 3019 petuntur,
587 2950 882 3005 cavendum
908 2950 974 3003 ab
996 2950 1077 3004 his
1097 2958 1179 3004 est
1212 2958 1430 3018 propter
1468 2949 1864 3004 tribulationem

276 3057 398 3109 qua:
423 3056 573 3112 sepe
600 3039 670 3095 de
697 3040 780 3094 his
800 3038 1049 3094 Ecclesia:
1077 3039 1342 3108 provenit.

280 3148 381 3213 Qui
423 3150 491 3203 de
516 3150 668 3204 laici:
704 3157 918 3219 possunt
944 3149 1294 3234 ﬁerjﬂclerici,
1327 3149 1407 3202 Iu'c
1436 3158 1609 3219 aperte
1637 3150 1864 3205 coucuba
1894 3172 1938 3234 ρ

922 3218 1237 3287 prohibetur.

349 3305 546 3367 XXXI.
579 3306 726 3364 [Δίεὶ
756 3307 885 3364 veto'
936 3310 1026 3377 qui
1076 3310 1335 3364 habentes
1379 3324 1574 3363 uxores
1613 3310 1869 3378 baptizati

281 3410 442 3455 sunt.
468 3414 537 3453 ac
557 3399 637 3452 sic
675 3414 735 3452 se
760 3398 1086 3452 instituerint
1126 3406 1182 3451 ut
1211 3398 1393 3466 opinio
1430 3412 1617 3452 eorum
1648 3397 1699 3451 in
1725 3400 1869 3454 nullo

284 3495 518 3562 vacillet,
547 3503 605 3548 ut
628 3502 720 3548 aut
735 3494 945 3549 clericis
960 3493 1131 3562 juncti
1152 3494 1281 3559 sint,
1303 3502 1395 3546 aut
1423 3493 1781 3557 monasteriis,
1804 3510 1871 3549 ex

284 3601 394 3654 quo
449 3585 711 3653 baptizati
756 3592 899 3648 suiit,
932 3584 1200 3648 luescrint,
1232 3583 1277 3638 si
1325 3598 1434 3637 non
1492 3583 1867 3649 concubinam,

288 3692 392 3729 non
424 3676 681 3745 pellicem
708 3677 971 3738 noverint,
1004 3676 1048 3729 si
1078 3677 1131 3729 in
1160 3676 1410 3729 omnibus
1434 3675 1591 3730 bonis
1619 3677 1871 3745 operibus

288 3767 657 3835 vigilaverint,
690 3782 797 3822 non
849 3766 1200 3837 prohibentur
1224 3765 1529 3833 hujusmodi
1552 3765 1621 3819 ad
1650 3766 1873 3820 clerica-

291 3868 371 3915 tus
394 3870 602 3916 sortem
631 3860 851 3917 assumi.

568 3996 650 4050 De
671 3995 975 4065 temporibus
1002 3995 1339 4048 immorandis
1361 3996 1411 4046 in
1436 3993 1589 4046 clero.

361 4085 575 4141 XXXII.
629 4086 708 4141 Ita
749 4102 879 4140 sane
911 4093 967 4139 ut
996 4086 1049 4140 in
1098 4100 1192 4139 eos
1236 4094 1478 4152 tempora
1505 4098 1534 4136 a
1584 4081 1875 4150 majoribus

294 4180 589 4233 constituta
648 4186 931 4231 serventur
961 4194 975 4229 :
1008 4191 1108 4231 nec
1146 4176 1255 4229 cito
1285 4175 1509 4243 quilibet
1537 4174 1721 4236 lector,
1764 4173 1874 4226 cito

295 4270 603 4340 acolythus,
634 4268 743 4322 cito
784 4268 1058 4328 diaconus,
1102 4268 1209 4322 cito
1241 4266 1492 4321 sacerdos
1518 4266 1626 4319 ﬁat.
1660 4266 1793 4331 Quia
1824 4266 1875 4318 in

296 4361 594 4418 minoribus
622 4360 817 4415 ofﬁciis
853 4360 898 4415 si
939 4360 1028 4414 diu
1064 4359 1378 4429 perdurent,
1427 4367 1482 4412 et
1532 4360 1637 4411 vita
1691 4372 1874 4411 eormn

296 4454 493 4520 pariter
532 4461 591 4506 et
627 4451 883 4519 obsequia
913 4449 1357 4519 comprobantur,
1418 4456 1477 4502 ut
1519 4448 1586 4501 ad
1629 4448 1881 4501 sacerdo-

295 4543 417 4597 tium
470 4552 669 4614 postea
716 4543 938 4597 emersis
976 4540 1361 4610 stipendiorum
1404 4538 1608 4594 meritis
1637 4539 1875 4603 veniant,
1912 4535 1957 4592 Ι)

295 4648 387 4689 nec
416 4633 737 4704 pmipiant
765 4630 907 4701 quod
954 4631 1061 4685 vita
1092 4630 1316 4699 probata
1344 4636 1581 4684 meretur
1608 4628 1871 4696 accipere.

296 4726 562 4791 Quoniam
590 4737 724 4791 ergo
762 4729 909 4777 certa
936 4720 1246 4776 deﬁnitione
1273 4726 1629 4773 monstratum
1659 4724 1742 4771 est
1784 4718 1874 4785 qui

298 4814 529 4869 debeant
580 4811 812 4874 admitti,
856 4812 947 4879 qui
973 4826 1104 4867 vero
1132 4809 1429 4879 reprobari,
1485 4824 1551 4863 ex
1597 4808 1678 4862 his
1707 4807 1881 4862 omni-

300 4906 416 4971 bus,
447 4920 587 4977 quos
627 4904 774 4958 videt
801 4904 1035 4973 dignatio
1083 4911 1173 4957 tua
1214 4920 1320 4957 non
1374 4918 1533 4973 posse
1577 4901 1877 4971 reprobari,

300 4997 499 5064 eligere
529 4994 777 5063 debebis,
804 5009 941 5062 quos
966 4995 1196 5050 clericos
1227 4995 1407 5049 facias.
1440 4994 1496 5048 Si
1518 4996 1658 5048 enim
1682 4992 1879 5046 nullam

301 5088 528 5153 gratiam
564 5078 874 5140 hominibus
903 5094 993 5138 aut
1014 5083 1331 5139 beneﬁcium
1363 5092 1618 5153 prmstare
1637 5084 1883 5149 velimus,

301 5178 439 5232 tates
474 5178 718 5233 invenire
741 5192 1041 5247 possumus,
1068 5176 1135 5231 de
1155 5191 1380 5245 quorum
1403 5176 1765 5244 assumptione
1791 5192 1890 5230 nec

305 5285 606 5333 incurrere,
634 5284 737 5324 nec
756 5269 1078 5323 embescere
1106 5268 1399 5321 valeamus.

376 5359 721 5414 Innocentius
738 5358 968 5414 Maximo
983 5368 1036 5415 et
1050 5358 1251 5414 Severo
1271 5359 1538 5429 episcopis
1554 5372 1650 5428 per
1660 5357 1892 5412 Brutios.

378 5448 883 5504 Ecclesiasticorum
928 5465 1194 5505 canonum
1253 5465 1437 5503 norma
1482 5448 1611 5501 nulli
1642 5464 1761 5502 esse
1810 5447 1895 5501 de-

306 5549 399 5601 bet
424 5540 696 5609 incognita
731 5540 1016 5606 sacerdoti,
1038 5541 1163 5610 quia
1194 5540 1388 5595 nesciri
1431 5540 1543 5594 hmc
1572 5555 1602 5593 a
1642 5538 1895 5609 pontiﬁce

305 5634 443 5685 suis
485 5641 571 5686 est
616 5632 925 5686 indecorum
960 5632 1228 5686 :maxime
1248 5648 1369 5686 cum
1394 5647 1423 5684 a
1465 5631 1614 5685 laieis
1634 5631 1895 5697 religiosis

308 5722 442 5774 viris
471 5732 529 5773 et
566 5722 785 5783 sciatur,
818 5731 874 5775 ct
898 5721 1243 5776 custodienda
1294 5736 1411 5775 esse
1439 5720 1679 5773 ducatur.
1716 5720 1894 5787 Nuper

308 5809 715 5870 naxiuulianus
739 5812 876 5871 ﬁlius
919 5823 1098 5873 noster
1128 5822 1295 5886 agens
1331 5814 1385 5870 in
1407 5812 1566 5869 rebus
1598 5812 1893 5884 cujusmodi

1949 531 2136 585 clarat.

1951 638 2101 703 Quod
2130 639 2179 693 Ιιὶ
2218 642 2301 709 qui
2332 642 2383 693 in
2434 641 2748 714 presbyterio
2787 643 2923 714 ﬁlios
2955 646 3242 714 genuerint,
3286 648 3533 698 removeri

2475 712 2538 763 ab
2569 713 2732 780 o/[icio
2758 712 2993 766 debeant.

2022 819 2257 874 XXXIII.
2305 821 2403 887 Qui
2445 824 2559 876 zelo
2592 823 2713 877 fidei
2750 840 2813 877 ac
2868 824 3164 894 diseiplime
3196 826 3387 880 ductus
3427 846 3534 881 non

1950 915 2153 983 patitur
2175 912 2465 969 Ecclesium
2499 914 2659 983 pollui
2683 916 2749 969 ab
2778 916 3008 983 indignis
3030 918 3374 987 presbyteris,
3401 935 3535 985 quos

1954 1003 2007 1056 in
2037 1002 2369 1072 presbyterio
2398 1004 2533 1057 ﬁlios
2560 1003 2753 1058 asserit
2778 1020 3117 1075 procreasse,
3155 1006 3296 1075 quod
3339 1022 3445 1059 non
3476 1006 3531 1059 li~

1956 1110 2080 1148 cere
2105 1109 2453 1163 exponerem,
2478 1096 2578 1149 nisi
2601 1111 2813 1151 nossem
2843 1104 3075 1151 vestram
3109 1098 3444 1165 prudentiam
3468 1098 3542 1152 le-

1956 1183 2034 1251 gis
2071 1182 2234 1236 totius
2274 1183 2470 1236 habere
2503 1186 2770 1238 notitiam.
2802 1183 2864 1237 Et
2896 1184 3034 1249 ideo,
3068 1185 3258 1239 fratres
3285 1187 3534 1242 charissi-

1956 1274 2051 1341 mi,
2107 1274 2266 1327 libelli
2296 1274 2387 1342 qui
2431 1275 2701 1342 subjectus
2749 1285 2830 1329 est
2888 1284 3070 1329 tenore
3100 1286 3403 1346 perspecto,
3449 1293 3543 1331 eos

1958 1362 2049 1431 qui
2090 1362 2215 1415 talia
2271 1371 2611 1431 perpetrasse
2652 1364 2903 1418 dicuntur
2952 1364 3208 1431 jubebitis
3256 1366 3308 1419 in
3362 1366 3541 1420 medio

1961 1452 2237 1529 collocari,
2270 1454 2632 1523 discussisque
2656 1455 3051 1523 objectionibus
3078 1470 3195 1523 quae
3223 1456 3351 1524 ipsis
3403 1471 3543 1524 pres-

1961 1542 2164 1611 byteris
2214 1543 2599 1612 impinguntur,
2644 1545 2687 1597 si
2713 1546 2958 1601 convinci
2987 1545 3280 1615 potuerint,
3305 1561 3334 1598 a
3364 1561 3545 1599 sacer-

1962 1634 2129 1687 dotali
2156 1646 2534 1689 removeantur
2561 1636 2761 1691 ollieio.
2793 1638 2927 1703 Quia
2950 1638 3041 1706 qui
3070 1640 3237 1692 sancti
3290 1655 3395 1692 non
3424 1647 3547 1691 sunt

1963 1733 2149 1778 sancta
2183 1734 2413 1781 tractare
2460 1743 2564 1781 non
2598 1738 2840 1798 possunt,
2872 1738 3030 1796 atque
3059 1729 3218 1782 alieni
3249 1726 3547 1782 eﬂieiantur

1886 1808 1931 1865 Β
1959 1829 1987 1865 a
2038 1815 2334 1868 ministerio
2360 1817 2502 1883 quod
2533 1818 2761 1871 vivendo
2801 1819 2983 1872 illicite
3034 1819 3353 1887 polluerunt.
3388 1818 3544 1871 Mira«

1963 1922 2083 1960 mur
2111 1918 2287 1961 autem
2319 1909 2431 1963 lure
2456 1925 2642 1963 eorum
2673 1911 3009 1964 dissimulare
3040 1911 3341 1979 episcopos,
3374 1918 3549 1965 utaut

1963 1998 2273 2061 conhibere,
2300 2008 2390 2051 aut
2420 2001 2627 2053 nescire
2654 2016 2773 2055 esse
2802 2002 2983 2055 illicita
3011 2000 3336 2070 judicenlur.

2050 2093 2221 2175 Quod
2245 2122 2355 2181 post
2376 2116 2726 2235 paruitcutiazt
2764 2115 2931 2195 nullus
2962 2115 3122 2184 possit
3152 2116 3220 2167 ad
3249 2116 3439 2168 clerum

2640 2200 2671 2235 α
2714 2192 2864 2235 mitti.

2640 2192 2864 2236 admitti.

2033 2293 2270 2349 XXXIV.
2312 2294 2655 2350 Innocentius
2685 2295 2932 2366 Agapito,
2989 2295 3301 2351 Macedonio
3348 2306 3401 2350 et
3431 2294 3543 2348 Ma-

1964 2383 2118 2436 riano
2148 2384 2415 2454 episcopis
2442 2383 2645 2453 Apulis.

2039 2476 2202 2528 Multa
2233 2476 2285 2529 in
2318 2476 2591 2544 provincia
2614 2485 2789 2530 vestra
2819 2484 3004 2530 contra
3027 2491 3263 2530 canones
3291 2476 3544 2529 ecclesia-

1963 2565 2128 2620 sticos
2155 2564 2475 2634 decretaque
2502 2564 2763 2633 majorum
2787 2565 3030 2633 usurpari
3062 2580 3091 2617 a
3115 2564 3355 2633 plurimis
3381 2573 3434 2617 ct
3462 2580 3547 2618 re—

1964 2656 2193 2709 lationes
2214 2655 2567 2721 diversorum,
2599 2664 2655 2710 et
2701 2655 3072 2724 suggestioncs
3104 2653 3371 2708 fidissinue
3403 2663 3546 2707 retu-

1965 2746 2168 2815 lerunt,
2191 2762 2310 2816 qum
2330 2746 2543 2815 quidem
2564 2746 2957 2816 possentfacile
2973 2746 3225 2812 resecari,
3249 2746 3290 2800 si
3310 2747 3545 2814 episcopi

1973 2836 2026 2890 in
2058 2835 2140 2891 his
2168 2852 2275 2890 non
2306 2836 2670 2889 invenirentur
2696 2844 2961 2889 auctores.
3001 2836 3102 2900 Qui
3130 2834 3255 2888 dum
3286 2846 3375 2887 aut
3402 2836 3539 2888 ami-

1965 2926 2082 2989 cis,
2133 2933 2226 2979 aut
2270 2925 2691 2993 obsequentibus
2730 2926 2953 2993 gratiam
2985 2934 3239 2993 praestare
3286 2925 3546 2989 nituntur,

1967 3016 2288 3085 religionem
2318 3016 2541 3080 violant,
2573 3017 2895 3085 ordinesque
2923 3024 3302 3085 corrumpunt,
3358 3032 3419 3070 ac
3473 3015 3551 3071 sic

1968 3109 2151 3163 evenit
2202 3115 2261 3161 ut
2289 3107 2489 3175 indigni
2509 3108 2709 3177 quique
2738 3108 2969 3162 honores
2989 3107 3278 3175 suscipiant
3299 3108 3551 3161 ecclesia-

1969 3200 2155 3262 sticos,
2186 3206 2240 3253 et
2260 3198 2610 3252 admittantur
2634 3198 2701 3253 ad
2729 3197 2954 3261 clerum,
2977 3196 3067 3265 qui
3095 3211 3193 3249 nec
3222 3196 3359 3249 inter
3386 3196 3552 3249 laieos

1970 3291 2185 3359 quidem
2238 3290 2455 3358 dignum
2502 3290 2679 3344 locum
2730 3289 2930 3342 habere
2976 3295 3341 3348 mererentur,
3395 3286 3550 3340 sicuti

1970 3394 2113 3434 nunc
2140 3378 2267 3433 dato
2294 3378 2451 3433 nobis
2479 3377 2659 3431 libello
2700 3382 3056 3430 monstratum
3104 3383 3207 3441 est,
3254 3373 3549 3427 Modestum

1971 3470 2254 3539 quemdam
2283 3470 2461 3524 multis
2499 3468 2813 3524 criminibus
2840 3467 3133 3521 involutmn
3155 3508 3169 3533 ,
3197 3476 3415 3538 propter
3436 3482 3552 3535 qua:

1972 3560 2134 3614 etiam
2170 3560 2540 3627 pmnitentiam
2584 3559 2763 3631 egisse
2809 3557 3021 3622 dicitur,
3054 3572 3159 3611 non
3191 3557 3362 3610 solum
3394 3556 3551 3610 cleri-

1972 3663 2093 3701 cum
2120 3646 2390 3713 cll‘ectum,
2420 3646 2563 3715 quod
2589 3662 2697 3701 non
2724 3646 2867 3713 licet,
2914 3661 3099 3700 verum
3126 3646 3288 3699 etiam
3320 3645 3385 3697 ad
3428 3645 3545 3712 epi-

1971 3744 2226 3805 scopatus
2246 3736 2454 3804 apicem
2487 3735 2727 3799 tendere,
2754 3750 2873 3789 cum
2897 3749 3133 3788 canones
3153 3733 3294 3801 apud
3322 3733 3550 3787 Nicaram

1973 3826 2252 3880 constituti
2281 3826 2601 3894 pmnitentes
2622 3826 2782 3880 etiam
2806 3825 2873 3877 ab
2894 3824 3088 3878 inﬁmis
3116 3824 3307 3878 oliiciis
3335 3824 3554 3877 clerico-

1974 3932 2092 3969 rurn
2122 3915 2429 3970 excludant.
2457 3916 2522 3968 Et
2551 3916 2689 3977 ideo,
2722 3915 2913 3969 fratres
2933 3915 3250 3981 charissimi,
3272 3922 3555 3983 perspecto

1978 4014 2165 4058 tenore
2196 4003 2359 4058 libelli
2398 4018 2520 4057 eum
2544 4002 2801 4071 jubebitis
2848 4002 3186 4070 prmscntari,
3222 4019 3285 4057 ac
3336 4004 3380 4055 si
3426 4018 3555 4058 vere

1975 4094 2275 4149 constiterit
2302 4093 2462 4147 talem
2491 4094 2703 4162 qualem
2734 4093 2944 4148 libellus
2981 4093 3227 4157 afﬁrmat,
3257 4111 3360 4149 non
3381 4096 3555 4149 solum

1980 4185 2046 4239 ab
2073 4185 2367 4239 ambitione
2396 4184 2754 4255 episcopatus,
2787 4185 2884 4241 sed
2912 4185 3073 4241 etiam
3104 4201 3133 4240 a
3160 4187 3443 4242 clericatus
3471 4203 3555 4241 re-

1983 4284 2260 4330 moveatur
2283 4274 2480 4331 oﬂlcio.
2511 4318 2516 4323 .

1981 4387 2059 4440 De
2106 4386 2323 4441 Bubalio
2364 4400 2413 4440 et
2460 4388 2757 4453 Tauriana,
2788 4390 3047 4443 damnatis
3088 4408 3119 4442 a
3158 4390 3558 4457 provincialibus

2052 4459 2319 4526 cpisc0pis,
2351 4474 2565 4527 quorum
2607 4461 2915 4513 sententiam
2966 4460 3109 4515 sedes
3159 4462 3441 4527 apostolica
3472 4479 3556 4515 re—

2053 4536 2273 4579 tractare
2303 4527 2516 4580 curarit.

2054 4636 2268 4691 XXXV.
2308 4636 2650 4693 Innocentius
2682 4638 2837 4703 Rufo,
2890 4639 3182 4707 Gerontio,
3232 4641 3558 4711 Sophronia,

1987 4728 2259 4791 Flaviano,
2286 4726 2614 4793 Macedonio,
2637 4727 2938 4795 Prosdotio,
2963 4738 3018 4784 et
3045 4730 3269 4784 Aristea:
3293 4731 3558 4801 episc0pis

1987 4835 2083 4888 per
2120 4817 2483 4872 Macedoniam
2540 4819 2861 4874 constitutis.
2912 4818 3060 4873 Mora
3119 4821 3561 4890 coepiscoporum

1989 4916 2293 4963 nostrorum
2339 4906 2644 4961 Maximiani
2674 4918 2729 4962 et
2754 4909 2996 4974 Eumeni,
3027 4910 3109 4963 vel
3139 4911 3315 4979 potius
3367 4910 3564 4977 impor-

1990 4998 2188 5052 tunitas
2216 5007 2516 5067 temporum
2545 4998 2671 5053 fecit
2705 5006 2762 5052 ut
2797 5015 2894 5054 vos
2940 4999 3203 5053 iteraretis
3241 4998 3307 5052 de
3341 4997 3565 5053 Bubalio

1989 5097 2043 5143 et
2071 5088 2339 5142 Tauriano
2368 5088 2775 5157 querimoniam,
2807 5097 2863 5143 et
2890 5105 2986 5143 nos
3014 5090 3205 5142 iterum
3237 5089 3287 5141 in
3319 5089 3566 5145 homines

1992 5177 2378 5247 perditissimos
2408 5178 2802 5245 insurgeremus
2840 5177 2934 5231 sed
2968 5186 3025 5229 ut
3054 5191 3269 5245 possum
3294 5178 3533 5247 pauciori
3552 5206 3565 5217 ο

1993 5269 2094 5324 bus
2114 5269 2292 5324 verbis
2312 5268 2574 5323 malorum
2599 5277 2866 5322 tantorum
2899 5267 3147 5321 imitabor
3167 5268 3564 5338 compendium,

1996 5369 2051 5414 et
2092 5359 2318 5414 strictim
2352 5373 2470 5427 qua:
2511 5358 2565 5411 in
2612 5357 2883 5412 volumine
2928 5356 3223 5411 litterarum
3271 5367 3569 5412 vestrarum

1999 5451 2366 5520 conspexerim
2387 5451 2710 5505 retractabo.
2736 5447 2909 5503 Grave
2935 5465 3041 5505 non
3063 5452 3234 5520 potuit
3256 5452 3423 5505 videri
3447 5452 3574 5519 piis-

1999 5541 2145 5596 simis
2173 5542 2441 5596 mentibus
2469 5542 2659 5595 vestris
2704 5540 3069 5609 cujuscunque
3117 5544 3397 5596 retractari
3423 5544 3571 5610 judi-

2000 5633 2162 5696 cium,
2178 5632 2299 5700 quia
2324 5632 2518 5685 veritas
2547 5630 2811 5697 exagitata
2842 5634 3034 5701 sepius
3059 5634 3225 5699 magis
3251 5632 3578 5700 Splendescit

2004 5723 2053 5774 in
2107 5722 2241 5784 luce,
2291 5730 2343 5774 ct
2401 5721 2661 5788 pernicies
2689 5734 2937 5776 revocata
2990 5724 3040 5774 in
3076 5721 3335 5788 judicium
3366 5726 3577 5788 gnmus

2000 5820 2052 5865 ct
2082 5812 2196 5869 tittc
2225 5811 2538 5879 pecnilcntia
2555 5811 2937 5870 condemnatur
2954 5831 2967 5881 ι
2991 5827 3113 5869 nam
3139 5811 3338 5865 fructus
3367 5812 3575 5865 divinus
