3982 6196
443 312 543 371 CIIII

1724 295 2076 353 DIONYSIUS
2117 289 2437 349 EXIGUUS.

3620 282 3727 336 23-2

447 436 527 483 cst
557 429 816 499 justitiam
839 442 1029 497 saeptus
1060 421 1347 486 recenseri,
1374 419 1563 472 fratres
1583 415 1897 470 charissimi.
1924 412 2024 465 Ve-
2057 415 2102 472 Α
2135 423 2380 463 recursus
2418 418 2615 459 vacuus
2655 402 2831 457 officio
2862 410 3047 499 nostro
3070 416 3191 456 esse
3223 416 3329 455 non
3366 400 3553 499 debuit
3581 418 3601 499 ;_
3626 415 3720 470 per

448 534 560 573 tum
600 519 729 576 iliud
759 518 915 573 video
964 514 1194 568 movisse
1241 511 1448 562 animos
1494 514 1722 568 vestros,
1771 502 1916 571 quod
1974 502 2025 555 in

455 612 632 666 multis
654 608 904 663 Bubalius
933 618 1075 672 smpe
1099 600 1322 655 fallaciis
1353 598 1716 666 deprehensus
1765 591 2025 662 objecerit

453 700 779 770 exelnplaria
819 697 1060 750 fictarum
1097 692 1249 761 quasi
1295 706 1325 743 a
1352 689 1508 742 nobis
1538 688 1834 740 litterarum
1862 701 1874 736 :
1904 700 2023 737 eum

454 806 549 860 pro
572 784 957 842 consuetudine
997 780 1230 838 hominis
1278 778 1410 833 nihil
1439 776 1580 846 quod
1620 774 1886 845 proferret
1914 774 2023 842 jam

455 881 559 935 tide
606 875 973 946 dignissimum
1015 872 1305 929 videretur.
1338 869 1442 925 Sed
1472 868 1689 921 sileatur
1717 880 1876 920 omne
1920 863 2028 932 jam

452 972 519 1025 de
551 969 641 1023 tali
667 966 885 1035 negotio
908 980 1167 1027 murmur,
1200 969 1253 1016 et
1282 957 1511 1015 convicti
1543 956 1739 1011 diaboli
1785 954 1885 1022 ipsi
1931 968 2027 1006 an-

455 1060 646 1114 helitus
676 1056 1115 1126 comprimantur.
1146 1051 1525 1120 Subjunximus
1557 1056 1737 1099 autem
1766 1044 1848 1098 his
1882 1043 2029 1112 prio—

457 1167 540 1205 res
570 1151 795 1211 litteras,
821 1163 952 1216 quas
982 1162 1079 1214 per
1101 1152 1426 1199 memoratos
1452 1139 1732 1208 episcopos
1755 1135 2028 1189 miseram:

426 1220 646 1311 {quibus
674 1242 749 1309 ita
772 1240 1008 1309 plenaria
1028 1235 1292 1291 sententia
1328 1240 1632 1287 nostrorum
1658 1242 1910 1293 sensuum
1933 1224 2029 1278 de-

454 1338 660 1400 signata
683 1340 784 1395 est,
810 1339 867 1384 ut
897 1328 1022 1382 dum
1049 1326 1363 1393 relcgcritis,
1388 1322 1518 1377 nihil
1547 1321 1872 1388 ambiguum,
1901 1315 2029 1370 nihil

426 1406 427 1409 η
456 1422 835 1491 requirendum
866 1421 917 1472 in
948 1419 1048 1472 hac
1076 1432 1234 1471 causa
1263 1416 1329 1469 de
1356 1422 1550 1468 caetero
1580 1410 1857 1480 repetatis.
1884 1408 2029 1460 llane

457 1520 638 1563 autent
688 1508 993 1578 paginulatn
1052 1518 1288 1560 tmstram
1346 1502 1629 1558 sollicitius
1689 1498 2029 1553 credentibus

455 1599 723 1668 episcopis
753 1597 1090 1665 relegendam
1144 1596 1370 1657 mittite,
1416 1601 1472 1646 ut
1500 1592 1673 1646 sciant
1724 1590 2029 1659 plenissime

454 1690 580 1756 quid
607 1689 675 1742 sit
701 1688 766 1742 de
796 1688 1014 1741 Bubalio
1070 1696 1123 1740 et
1152 1686 1437 1748 Tauriano,
1462 1682 1779 1748 exterisque
1804 1680 2025 1749 provin-

2133 503 2326 557 charos
2352 499 2496 553 enim
2520 497 2756 551 salutare
2797 495 3139 550 eharissimos
3169 494 3413 549 naturale
3462 493 3713 562 quodam-

2135 594 2294 647 modo
2343 590 2495 645 nobis
2527 588 2738 643 videtur
2777 594 2833 640 et
2871 597 3230 653 consequens.
3261 582 3509 637 Gaudere
3551 584 3710 650 igitur

2136 687 2187 741 iu
2219 684 2442 738 Domino
2471 688 2705 736 vestram
2733 678 3139 747 gertnanitatem
3184 676 3535 731 amantissimi
3567 678 3716 745 cupi-

2134 792 2270 838 mus,
2306 783 2358 828 et
2386 788 2483 843 pro
2511 773 2672 828 nobis
2717 770 2867 839 paria
2915 769 2984 822 ad
3029 770 3195 823 Deum
3236 776 3360 822 vota
3417 769 3711 837 rependere

2133 880 2436 932 precamur,
2460 864 2603 933 quia,
2631 870 2688 914 ut
2712 848 2853 914 bene
2883 860 3082 925 nostis,
3133 858 3507 913 communibus
3552 867 3609 912 et
3637 859 3711 912 al-

2134 957 2300 1010 ternis
2349 955 2463 1023 plus
2510 953 2715 1020 agimus
2761 950 3115 1016 orationibus,
3161 966 3320 1019 quam
3360 952 3715 1018 singularibus

2132 1058 2226 1100 aut
2255 1044 2491 1113 privatis.

2131 1159 2209 1210 Ad
2236 1158 2501 1210 .fnfiunant
2532 1156 2751 1209 nobilem
2799 1156 3025 1236 ejusdem
3057 1172 3203 1225 papa:
3243 1156 3434 1224 scripta
3464 1156 3715 1210 exhorta-

2839 1235 2992 1279 torta.

2205 1315 2439 1368 XXXIX.
2480 1316 2763 1383 Singulare
2793 1315 3088 1368 membrum
3142 1314 3390 1369 ECCICSILC
3444 1325 3547 1369 ttae
3596 1315 3712 1370 reli-

2132 1410 2301 1476 gionis
2330 1407 2731 1476 amplitudinem
2763 1407 3013 1471 existere,
3047 1416 3101 1460 et
3131 1422 3157 1460 a
3188 1408 3341 1461 nobis
3388 1409 3713 1462 reverentis-

2132 1502 2263 1555 sime.
2296 1501 2399 1555 cali
2442 1501 2570 1553 satis
2597 1510 2679 1553 est
2707 1499 2954 1553 omnibus
2981 1498 3336 1554 manifestum.
3372 1500 3425 1552 ln
3457 1501 3572 1568 ipso
3602 1500 3711 1568 (lpi-

2131 1606 2193 1644 ce
2224 1592 2363 1643 enim
2395 1589 2687 1642 nobilitatis
2710 1590 2877 1641 multo
2909 1588 3222 1642 nobiliorem
3256 1588 3506 1642 Ecclesia}
3546 1590 3711 1643 devo-

2134 1682 2331 1734 tionem
2356 1680 2637 1750 impendis,
2660 1688 2713 1733 et
2741 1680 2909 1745 magis
2934 1679 3049 1732 laeta
3078 1678 3275 1733 Christi
3296 1680 3565 1746 agnitione
3588 1696 3709 1747 pne-

455 1779 683 1842 eiarum,
708 1785 763 1829 ut
790 1784 1023 1841 servent,
1054 1776 1145 1842 qui
1193 1775 1336 1840 digni
1366 1772 1728 1826 admonitione
1756 1780 1897 1835 sunt,
1941 1786 2028 1825 ca~
2064 1776 2103 1831 Β
2134 1771 2304 1838 eeptis
2353 1770 2466 1837 ejus
2514 1771 2875 1837 obtemperas,
2908 1779 2962 1822 et
2989 1770 3040 1822 in
3082 1768 3183 1821 fide
3232 1771 3410 1836 potius
3456 1770 3713 1834 exsultas,

454 1882 630 1923 verea
656 1868 865 1929 talibus,
900 1882 966 1919 nc
997 1866 1121 1918 talia
1148 1865 1453 1919 sortiantur.

735 1979 812 2033 De
848 1980 1081 2033 terminis
1110 1980 1317 2031 minime
1346 1975 1735 2045 transferendis.

528 2076 752 2144 XXXVI.
803 2088 1141 2143 Innocentius
1171 2087 1445 2142 Florentio
1491 2085 1748 2154 episcopo
1792 2083 2025 2138 Tiburti-

455 2181 621 2234 ncnsi.

522 2270 640 2322 Non
670 2268 855 2334 semel,
887 2268 981 2321 sed
1010 2267 1296 2335 aliquoties
1326 2265 1521 2319 clamat
1551 2265 1823 2334 Scriptura
1848 2263 2024 2318 divina

453 2362 473 2428 (
504 2358 654 2411 Dent.
707 2374 797 2410 XIX
826 2368 874 2410 et
922 2374 1101 2421 xxvn;
1143 2358 1382 2409 l’roverb.
1417 2357 1564 2424 xxn)
1617 2356 1890 2410 transferri
1920 2370 2026 2409 non

458 2456 711 2516 oportere
755 2447 1017 2500 terminos
1058 2463 1087 2498 a
1118 2447 1358 2514 patribus
1388 2446 1709 2500 constitutos
1742 2464 1753 2498 :
1786 2446 1908 2515 quia
1933 2462 2026 2500 nc-

453 2538 532 2589 f'as
557 2544 640 2588 est
667 2535 713 2588 si
740 2535 881 2602 quod
921 2535 1057 2589 alter
1101 2552 1316 2604 semper
1346 2536 1662 2604 possederit,
1695 2537 1832 2591 alter
1880 2537 2020 2589 iuva-

452 2628 563 2693 tlat,
586 2627 726 2695 quod
758 2633 900 2679 tuam
931 2626 1224 2680 bonitatem
1252 2626 1415 2681 frater
1442 2636 1496 2680 et
1544 2628 1895 2695 coepiscOpus
1923 2643 2021 2680 no-

452 2722 562 2767 ster
582 2712 750 2768 Ursus
770 2714 959 2767 asserit
985 2724 1339 2783 perpetrasse.
1353 2714 1485 2768 Nam
1506 2714 1893 2769 Nomentanam
1915 2716 2025 2769 sive

454 2803 798 2857 Feliciensem
828 2804 1134 2871 parochiam
1166 2804 1229 2857 ad
1259 2819 1407 2857 suam
1438 2803 1708 2861 dimcesim
1758 2820 1788 2858 a
1816 2802 2026 2870 maiori-

453 2895 550 2948 bus
577 2895 930 2963 pertinentem
954 2896 1210 2948 invasisse
1240 2904 1309 2959 ιε,
1341 2878 1505 2963 atque
1530 2895 1640 2948 illic
1668 2895 1844 2950 divina
1880 2896 2023 2949 cele-

456 2986 639 3037 brasse
674 2985 927 3054 mysteria
959 2984 1261 3039 inconsulto
1284 2984 1473 3038 eodem
1503 3000 1567 3037 ac
1595 2985 1890 3051 nesciente,
1913 3000 2021 3039 non

452 3078 567 3128 sine
596 3074 782 3129 dolore
829 3083 1152 3143 conquestus
1193 3084 1293 3130 cst.
1327 3074 1480 3141 Quod
1508 3076 1553 3130 si
1574 3090 1757 3130 verum
1780 3084 1879 3140 est,
1914 3092 2020 3131 non

2132 1879 2291 1930 quam
2324 1863 2455 1917 tanti
2484 1863 2693 1928 generis
2720 1862 2852 1915 flore
2878 1861 3115 1927 jactaris.
3140 1862 3372 1914 Smnnne
3398 1863 3606 1916 virtutis
3632 1870 3711 1916 est

2132 1952 2319 2004 vicisse
2349 1951 2572 2017 gloriam
2604 1951 2798 2013 carnis,
2842 1958 2895 2003 ct
2929 1936 3135 2016 magna:
3166 1958 3248 2003 est
3295 1936 3491 2003 Christi
3531 1952 3711 2016 gratim

2133 2041 2465 2095 nobilitatem
2497 2041 2736 2094 moribus
2782 2056 3084 2119 supprassc,
3131 2039 3347 2096 domina
3388 2041 3490 2093 lilia
3524 2043 3715 2097 merito

2130 2132 2367 2186 illustris.
2394 2129 2553 2185 Certa
2588 2130 3011 2197 igiturexistens,
3043 2130 3545 2196 dilectissinnt,vilm
3559 2133 3713 2200 hujus

2130 2239 2461 2291 qurccunque
2520 2231 2646 2276 sunt
2691 2223 2860 2291 spatia
2914 2222 3130 2276 a-tcrnis
3166 2222 3465 2290 divinisque
3520 2224 3715 2278 officiis

2132 2316 2399 2368 illustrare
2424 2314 2710 2381 contende,
2773 2326 2827 2368 ut
2877 2316 2966 2384 qui
3022 2315 3284 2382 insignem
3341 2323 3393 2370 te
3438 2317 3711 2385 praestitit,

2128 2404 2318 2457 reddat
2342 2404 2442 2458 sibi
2485 2419 2579 2472 per
2607 2404 2800 2457 smcula
2834 2403 3133 2457 clariorem.

2225 2514 2304 2566 ΑΛ
2326 2512 2584 2567 Aurelium
2610 2516 2899 2583 episcopum
2927 2513 3257 2585 Carthaginis
3289 2517 3350 2569 de
3380 2517 3605 2573 Pascha.

2199 2602 2243 2657 Σ
2257 2604 2313 2658 L.
2356 2604 2692 2659 Innocentius
2721 2605 2959 2658 Aurelio.

2195 2696 2489 2748 Cltaritatis
2515 2704 2712 2748 IIOSII‘LC
2744 2694 2975 2749 oliicium
3010 2696 3155 2750 nullo
3196 2696 3477 2753 intervallo
3504 2699 3705 2754 dirimi-

2129 2793 2233 2850 tur,
2266 2785 2470 2838 ctiamsi
2500 2785 2686 2838 charta
2734 2786 2907 2839 nullos
2957 2786 3135 2855 apices
3177 2787 3328 2841 ferat.
3376 2789 3515 2842 Vivit
3563 2791 3707 2844 enim

2127 2876 2380 2946 spiritalis
2406 2877 2577 2943 gratia
2614 2877 2835 2931 alternis
2867 2878 2917 2930 in
2950 2878 3227 2944 cordibus,
3258 2889 3312 2933 et
3338 2898 3575 2935 amorem
3608 2900 3700 2935 nn-

2126 2975 2294 3020 strum
2326 2964 2575 3020 confovet
2605 2967 2955 3020 sacerdotalis
2991 2968 3102 3037 ipsa
3134 2971 3381 3023 societas.
3418 2969 3549 3024 Cum
3576 2987 3705 3040 ergo

2127 3056 2398 3123 indignum
2424 3066 2505 3110 est
2530 3056 2786 3110 unitatem
2806 3055 3060 3112 Ecclesia:
3094 3076 3196 3113 non
3229 3060 3507 3125 custodiri,
3538 3062 3702 3114 idem-

452 3164 645 3219 leviter
668 3173 718 3219 te
742 3164 1033 3220 incurrisse
1062 3180 1377 3232 cognoscas,
1408 3165 1549 3219 unde
1574 3165 1620 3220 si
1648 3166 1917 3220 declinare
1936 3181 2018 3220 cu-

2130 3165 2231 3218 que
2274 3162 2462 3203 omnes
2502 3148 2703 3217 pariter
2748 3157 2802 3202 et
2841 3152 3132 3204 sentiamus
3174 3160 3226 3205 et
3273 3153 3705 3220 pronuntiemus,

451 3254 534 3322 pis
558 3262 715 3308 tanta:
737 3255 1097 3323 usurpationis
1120 3254 1389 3320 invidiam,
1415 3256 1611 3309 nostris
1630 3256 1821 3311 litteris
1836 3256 2023 3311 admo-

452 3345 620 3398 nitum
674 3353 726 3399 te
770 3346 1021 3399 convenit
1074 3345 1381 3400 abstinere:
1412 3355 1561 3405 certe
1606 3349 1649 3401 si
1697 3347 1895 3416 aliquid
1928 3347 2023 3401 tibi

451 3434 625 3488 credis
646 3433 866 3502 justitire
886 3436 1162 3504 sull'ragari
1209 3437 1424 3506 integris
1453 3438 1720 3503 omnibus,
1750 3449 1806 3494 et
1833 3439 1884 3492 in
1911 3438 2023 3508 pri-

450 3522 592 3576 stino
612 3530 755 3577 statu
784 3524 1141 3589 manentibus,
1173 3535 1295 3594 post
1321 3526 1435 3581 dies
1459 3528 1777 3582 venerabilis
1805 3527 2021 3583 Pascha:

368 3619 381 3627 ‘
450 3612 641 3669 adesse
687 3613 926 3678 debebis,
959 3626 1014 3668 ut
1060 3618 1372 3672 memoratis
1419 3618 1593 3686 possis
1641 3619 2022 3676 intentionibus

452 3701 797 3771 respondere,
826 3705 1169 3773 partibusque
1215 3707 1268 3759 in
1320 3706 1500 3762 medio
1546 3708 1843 3775 collocatis,
1893 3710 2019 3779 quid

449 3790 741 3862 antiquitas
760 3800 853 3846 aut
881 3793 1078 3847 veritas
1105 3794 1297 3847 habeat
1324 3789 1672 3863 inquiramus.

450 3901 512 3956 Si
539 3903 685 3973 cujus
715 3921 849 3958 uxor
877 3907 1031 3975 fuerit
1075 3906 1295 3959 abducta
1332 3908 1386 3960 in
1418 3909 1781 3977 captivitatem,
1814 3920 1863 3962 et
1889 3912 2019 3963 alte-

518 3988 645 4048 runt
668 3977 883 4048 maritus
925 3977 1195 4048 acceperit,
1246 3985 1523 4032 reuertente
1570 3980 1760 4048 prima,
1797 3982 2020 4034 secunda

522 4044 704 4096 mulier
733 4044 879 4097 debet
904 4044 1129 4099 excludi.

523 4132 781 4187 XXXVII.
822 4134 1163 4193 Innocentius
1190 4138 1387 4193 Probo.

520 4224 871 4279 Conturbatio
888 4227 1134 4294 procella:
1155 4229 1447 4282 barbaricae
1476 4229 1711 4283 facultati
1742 4230 1917 4301 legum
1948 4233 2023 4284 in-

451 4315 571 4368 tulit
598 4330 800 4380 casum,
832 4329 955 4367 nam
984 4316 1121 4370 bene
1163 4318 1455 4371 constituto
1503 4319 1844 4373 matrimonio
1882 4320 2023 4373 inter

450 4403 763 4457 Fortunium
786 4412 840 4458 et
866 4402 1056 4459 Ursam
1072 4406 1402 4475 captivitatis
1431 4407 1672 4463 incursus
1701 4407 1898 4464 fecerat
1920 4426 2020 4463 nce-

2126 3239 2288 3293 fratcr
2317 3239 2648 3304 cbarissime,
2668 3239 2763 3293 has
2787 3254 2888 3307 ego
2912 3240 3116 3295 litteras
3137 3241 3203 3294 de
3225 3242 3433 3299 ratione
3462 3243 3702 3310 paschali

2126 3330 2363 3394 alterius,
2394 3328 2516 3383 dico
2547 3328 2707 3381 futuri
2738 3328 2885 3396 anni,
2918 3330 3225 3400 perscripsi.
3256 3330 3385 3383 Nam
3417 3348 3534 3385 cum
3579 3341 3703 3386 ante

2123 3418 2263 3472 diem
2298 3435 2347 3471 x1
2370 3418 2470 3471 cal.
2498 3417 2757 3487 Aprilium
2783 3434 2922 3489 pene
2951 3420 3073 3474 luna
3112 3420 3177 3473 ‘IG
3225 3422 3507 3489 colligatur
3554 3424 3704 3494 (nam

2124 3507 2393 3577 quippiam
2426 3508 2599 3562 minus
2629 3508 2758 3577 est),
2787 3508 3022 3577 itemque
3050 3510 3103 3565 in
3146 3520 3271 3566 ante
3324 3510 3462 3566 diem
3495 3529 3544 3567 tv
3596 3514 3703 3567 cal.

2123 3600 2435 3654 eartundem
2463 3602 2640 3654 veniat
2688 3600 2777 3667 25,
2811 3602 3109 3656 existimavi
3151 3620 3202 3656 XI
3249 3604 3350 3657 cal.
3384 3612 3702 3659 memorata

2124 3707 2239 3744 rum
2271 3691 2356 3745 die
2385 3692 2518 3745 festa
2552 3693 2824 3761 pasehalia
2854 3694 3174 3749 celebranda
3208 3714 3218 3748 :
3254 3698 3507 3764 quoniam
3538 3698 3589 3752 in
3629 3696 3705 3751 ‘25

2124 3778 2246 3832 luna
2269 3779 2469 3833 nullum
2492 3780 2695 3835 Pascha
2724 3797 2955 3851 unquam
2985 3792 3107 3838 ante
3136 3785 3238 3838 hoc
3269 3782 3473 3839 Pascha
3504 3786 3705 3842 factum

2124 3883 2240 3923 esse
2288 3870 2677 3937 cognoscimus.
2744 3871 3037 3926 Sententiae
3083 3888 3215 3927 mea:
3261 3876 3485 3942 exposui
3538 3884 3704 3945 atquc

2127 3958 2270 4012 edixi
2317 3966 2607 4023 tenorem;
2649 3960 2759 4028 jam
2808 3960 3101 4030 prudentiae
3146 3962 3249 4016 erit
3304 3970 3424 4026 tuae,
3483 3978 3697 4017 censor:

2123 4050 2252 4104 mihi
2280 4050 2463 4113 frater,
2528 4066 2647 4105 cum
2681 4052 2947 4106 unanimis
2984 4060 3039 4107 ct
3086 4053 3558 4107 consacerdotibus
3603 4068 3710 4107 tto-

2124 4140 2251 4194 stris
2280 4140 2418 4192 hanc
2438 4141 2616 4208 ipsam
2644 4155 2757 4194 rem
2788 4142 2839 4195 in
2871 4142 3076 4211 synodo
3105 4142 3504 4211 religiosissima
3530 4151 3706 4198 retra-

2126 4237 2294 4292 ctare,
2326 4238 2383 4282 ut
2410 4229 2455 4282 si
2484 4229 2615 4282 nihil
2657 4230 2997 4300 dispositioni
3028 4241 3225 4288 nostra:
3254 4234 3498 4300 resultat,
3546 4236 3711 4291 nobis

2123 4320 2428 4389 plenissime
2471 4330 2762 4390 aperteque
2831 4325 3131 4391 rescribas,
3188 4340 3295 4394 quo
3354 4327 3710 4383 deliberatam

2124 4412 2427 4479 paschalcm
2460 4411 2599 4466 diem
2624 4413 2736 4480 jam
2767 4415 2958 4469 litteris
3005 4423 3131 4471 ante
3179 4427 3237 4471 ut
3265 4419 3428 4473 moris
3452 4429 3537 4473 est
3582 4435 3707 4481 ser-

450 4509 595 4560 vum,
637 4493 738 4548 nisi
767 4502 952 4548 sancta
980 4494 1259 4577 religionis
1281 4506 1476 4551 statuta
1501 4498 1863 4567 providerent.
1886 4498 2016 4553 Cum
2050 4505 2098 4563 D
2124 4502 2351 4557 vandam
2404 4518 2502 4558 suo
2550 4513 2791 4575 tempore
2837 4508 3264 4575 praescribamus.
3300 4508 3709 4582 Compreshyte—

447 4582 589 4634 enim
622 4582 674 4635 in
716 4583 1026 4651 captivitate
1054 4574 1309 4655 przedicta
1342 4585 1472 4640 Ursa
1500 4588 1690 4642 mulier
1722 4597 2014 4654 teneretur,

446 4671 587 4725 aliud
613 4672 917 4747 cpnjugium
942 4690 1062 4731 cum
1093 4675 1662 4733 Restitutaj‘ortunius
1690 4688 2021 4734 memoratus

448 4762 608 4816 inisse
642 4765 1003 4831 cognoscitur.
1051 4765 1159 4821 Sed
1182 4766 1363 4823 favore
1395 4770 1600 4824 Domini
1631 4786 1846 4826 reversa
1880 4770 2014 4826 Ursa

447 4867 545 4905 nos
574 4851 724 4920 adiit,
750 4859 802 4906 et
822 4854 968 4909 nullo
989 4852 1249 4911 diffitente
1269 4873 1488 4912 uxorem
1510 4873 1568 4913 se
1597 4861 1878 4916 memorati
1898 4876 2017 4916 esse

446 4941 748 5009 perdocuit.
781 4940 976 5011 Quare,
1008 4943 1221 5001 domine
1252 4947 1321 5001 fili
1350 4948 1541 5003 merito
1571 4949 1808 5016 illustris,
1836 4951 2020 5005 statui-

446 5046 589 5099 mus,
620 5029 722 5086 fide
750 5032 1015 5088 catholica
1034 5034 1356 5105 suffragante
1397 5038 1523 5091 illud
1550 5054 1668 5093 esse
1689 5040 2015 5109 conjugium,

444 5121 590 5187 quod
613 5131 730 5177 erat
756 5124 1002 5193 primitus
1040 5128 1209 5195 gratia
1246 5128 1423 5183 divina
1471 5130 1747 5185 fundatum
1784 5150 2015 5188 conven-

446 5217 668 5277 tumque
696 5215 945 5269 secundae
968 5217 1227 5284 mulieris,
1258 5221 1438 5289 priore
1465 5223 1783 5291 superstite,
1816 5239 1915 5282 nec
1936 5226 2018 5280 di-

449 5302 623 5355 vortio
636 5302 826 5370 ejecta,
845 5307 990 5361 nullo
1013 5317 1170 5378 pacto
1198 5326 1356 5379 posse
1382 5326 1501 5371 esse
1522 5313 1836 5383 legitimum.

446 5415 529 5467 Ad
554 5414 818 5470 Aurelium
843 5416 1339 5501 Carthaginiensem,
1358 5432 1417 5501 let
1447 5426 1789 5501 Augustinum
1822 5429 2015 5501 Hippo-

516 5501 723 5604 ;tetnsem
771 5487 1244 5560 episcopos'scriptu
1285 5487 1590 5551 salutatoria
1636 5498 1791 5567 plena
1843 5487 2014 5556 clidri—

540 5570 567 5603 (ι
592 5571 637 5604 (ν.

540 5570 637 5605 (UP.

521 5641 797 5700 XXXVIII.
854 5646 1191 5705 Innoccntius
1217 5654 1433 5711 Aurelio
1487 5666 1536 5711 et
1567 5658 1861 5727 Augustino
1906 5638 2012 5731 cpi-

444 5737 638 5806 scopis.
654 5737 1023 5812 Acceptissimi
1052 5745 1179 5799 mihi
1210 5744 1457 5804 Germani
1481 5754 1899 5825 eomprcsbyteri
1923 5757 2008 5815 ille

2120 4608 2240 4645 rum
2270 4601 2451 4647 autem
2471 4594 2875 4661 Archidamum,
2906 4599 3151 4665 quamvis
3189 4601 3433 4656 noverim
3461 4602 3604 4670 quod
3644 4603 3709 4661 Ii-

2120 4681 2433 4737 bcutissime
2472 4698 2538 4739 ac
2584 4698 2736 4740 more
2778 4687 3042 4757 suscipias
3096 4701 3375 4755 consueto,
3428 4701 3602 4747 tamen
3628 4708 3699 4751 ex

2119 4770 2513 4829 abundantibus
2557 4774 2771 4842 postulo
2836 4784 2895 4830 ut
2956 4792 3080 4833 cum
3129 4780 3269 4835 inter
3331 4789 3450 4838 tuos
3498 4782 3709 4840 habere

2119 4859 2370 4930 digneris.

2538 4956 2618 5009 De
2637 4958 2956 5013 Antioc/iena
2984 4960 3237 5017 Ecclesia.

2195 5041 2324 5095 XLI.
2366 5044 2711 5101 Innocentius
2742 5047 3023 5104 Bonifacio
3047 5052 3381 5122 presbytero.

2192 5130 2432 5187 Ecclesia
2460 5134 2827 5202 Antiochena,
2858 5153 3016 5206 quam
3058 5142 3362 5210 priusquam
3413 5144 3475 5200 ad
3508 5146 3699 5203 urbem

2120 5222 2424 5290 perveniret
2444 5222 2671 5278 Romam
2695 5226 2885 5281 beatus
2925 5231 3200 5298 apostolus
3229 5231 3421 5288 Petrus
3446 5251 3543 5291 sua
3565 5252 3701 5305 pra:-

2120 5314 2295 5366 sentia
2338 5314 2640 5380 illustravit,
2667 5318 2814 5373 velut
2837 5332 3089 5388 germana
3118 5322 3373 5379 Ecclesiae
3405 5326 3661 5384 Romanae
3683 5373 3699 5396 ,

2119 5401 2209 5456 diu
2234 5418 2293 5459 se
2321 5407 2389 5461 ab
2417 5408 2604 5463 eadem
2635 5410 2864 5465 alienam
2910 5427 3029 5468 esse
3078 5431 3183 5470 non
3214 5432 3367 5485 passa
3417 5429 3533 5485 est;
3568 5437 3702 5478 nam

2118 5492 2292 5547 missis
2319 5494 2507 5563 legatis
2538 5497 2607 5551 ita
2638 5515 2824 5569 pacem
2874 5503 3159 5572 postulavit
3194 5514 3251 5560 et
3305 5509 3519 5575 meruit,
3554 5519 3607 5564 ut
3638 5524 3702 5567 et

2116 5579 2446 5649 Evagrianos
2469 5586 2576 5639 suis
2605 5588 2898 5656 ordinibus,
2931 5607 2993 5647 ac
3018 5594 3151 5649 locis
3194 5596 3507 5653 intemerata
3547 5602 3701 5656 ordi-

2117 5671 2331 5727 natione
2381 5690 2540 5742 quam
2609 5694 2933 5750 acceperant
3000 5702 3028 5739 a
3093 5700 3392 5745 memorato
3450 5694 3696 5762 suscipe-

2116 5773 2253 5829 rent,
2295 5776 2341 5821 ct
2386 5767 2603 5828 Joannis
2641 5786 2838 5830 sancite
2874 5778 3144 5835 memoria:
3201 5781 3282 5838 vel
3323 5783 3550 5843 clericos
3602 5792 3695 5846 vel
