3982 6196
269 318 380 373 253

1293 305 1664 363 COLLECTIO
1704 300 2171 358 DECRETOililM
2223 282 2323 357 ιφ.
2368 301 2482 356 na.
3440 309 3549 368 35,-,

267 435 444 487 uicos
492 430 544 483 in
579 443 740 483 unum
776 426 1055 494 colligeret
1097 433 1257 494 atque
1306 430 1680 493 congregaret.
1735 419 1859 472 Pro-
1888 418 1933 475 A
1966 424 2045 469 ter
2065 417 2330 472 destinata
2358 416 2456 471 sibi
2502 416 2809 483 rogavcrint
2835 415 3124 471 redhiberi.
3157 418 3544 488 Exspccluttttts

266 526 493 579 animus
515 521 677 591 ipsius
694 517 926 573 civitatis
945 517 1251 587 cpiscopus,
1269 516 1433 569 frater
1456 530 1608 587 meus
1630 512 1855 565 Alexan‘

263 622 395 683 der,
422 614 636 669 etiamsi
680 611 802 681 quis
831 609 969 664 forte
1013 609 1096 662 vel
1140 623 1167 659 a
1200 606 1354 661 nobis
1399 606 1484 660 vel
1521 603 1735 659 aliunde
1764 616 1857 671 po-

266 707 517 763 sterioris
545 701 900 759 ordinationis
927 699 996 754 ad
1024 696 1251 754 eosdem
1298 695 1606 758 advenerit,
1656 708 1713 747 se
1742 694 1856 746 sine

270 798 644 856 controversia
662 800 1030 864 recepturum,
1063 806 1129 845 ac
1156 805 1351 846 nomen
1382 788 1620 858 episcopi
1648 801 1857 841 memo-

272 891 376 945 rati
403 889 548 943 inter
575 886 917 957 quiascentes
940 897 1221 952 episcopos
1248 881 1599 935 recitaturum
1626 897 1638 930 :
1671 877 1755 932 cui
1777 875 1857 932 rei

272 996 373 1035 nos
414 978 628 1034 noverit
676 974 952 1029 tradidisse
981 987 1190 1037 manus,
1240 968 1406 1023 frater
1442 969 1772 1033 charissime,
1803 975 1858 1021 ct

270 1088 369 1127 eos
398 1072 454 1127 in
480 1078 666 1124 nostra
691 1066 894 1121 viscera
924 1057 1209 1134 recepisse,
1260 1077 1328 1116 ne
1358 1061 1447 1117 diu
1480 1061 1715 1115 membra
1738 1074 1856 1127 qua:

273 1161 672 1232 requisiverant
717 1156 1030 1220 sanitatem,
1063 1155 1130 1209 ab
1180 1153 1385 1207 unitate
1413 1152 1657 1221 corporis
1687 1149 1856 1217 habe-

272 1263 465 1308 rentur
510 1250 708 1304 aliam.
754 1245 943 1300 Omnia
992 1259 1119 1297 vero
1147 1257 1266 1309 qua:
1295 1256 1389 1310 per
1418 1239 1659 1297 ordinem
1706 1244 1854 1305 gesta

269 1352 396 1400 sunt
448 1341 591 1394 tilius
644 1352 793 1390 meus
837 1336 1095 1389 diaconus
1146 1331 1365 1398 Paulus,
1425 1332 1614 1385 harum
1650 1329 1856 1383 scilicet

269 1435 508 1506 portitor
535 1432 857 1493 litterarum,
889 1436 990 1481 tum
1028 1424 1304 1479 dilectioni
1334 1423 1533 1494 poterit
1561 1435 1813 1475 enarrare
1839 1437 1850 1472 :

271 1536 415 1580 utet
441 1523 695 1592 gaudium
738 1534 1024 1575 commune
1073 1517 1348 1571 nobiscum
1380 1515 1599 1578 habeas,
1655 1523 1711 1567 et
1759 1526 1854 1566 eos

270 1616 534 1672 informes
569 1613 661 1683 qui
694 1626 795 1683 pro
826 1608 985 1664 Attici
1010 1608 1255 1678 partibus
1284 1605 1611 1660 intervenire
1636 1617 1856 1659 consue-

272 1715 487 1762 verunt.

323 1818 404 1872 Ad
432 1816 788 1871 Alexandrum
817 1812 1190 1866 Antiocheam:
1219 1811 1513 1878 episcopum
1542 1808 1606 1859 de
1631 1821 1776 1875 pace.

342 1927 503 1983 XLII.
544 1924 890 1981 Innocentius
916 1921 1219 1977 Alexandro
1242 1922 1517 1991 episcopo.

340 2019 516 2084 Quam
546 2024 700 2084 grata
733 2013 883 2076 mihi,
915 2027 1073 2081 quam
1114 2011 1221 2080 pia,
1251 2026 1413 2078 quam
1462 2006 1762 2063 necessaria
1791 2008 1857 2059 lc-

270 2111 414 2178 gatio
443 2124 474 2161 a
506 2118 598 2161 tua
629 2105 938 2171 sanctitate,
982 2102 1153 2157 frater
1181 2101 1516 2169 charissime,
1552 2099 1619 2154 ad
1658 2108 1758 2153 nos
1787 2097 1859 2151 di-

270 2210 416 2254 recta
452 2199 633 2261 fuerit,
675 2205 948 2265 gestorum
990 2196 1229 2265 ipsorum
1266 2194 1618 2263 replicatione
1651 2207 1854 2259 cogno-

269 2305 412 2344 scus.
435 2274 616 2345 Voluit
638 2289 779 2345 enim
806 2285 1213 2359 comprcsbyter
1229 2291 1411 2341 noster
1423 2282 1705 2340 Cassianus
1724 2286 1858 2340 hanc

268 2382 633 2441 amicitiarum
660 2392 964 2437 nostrarum
991 2380 1295 2450 paginul.un
1326 2394 1421 2448 per
1450 2378 1856 2447 comprcshytc-

269 2491 390 2530 rum
432 2485 689 2527 nostrum
719 2468 973 2535 Paulum,
1006 2469 1284 2526 Nicolaum
1314 2470 1631 2534 diaconum,
1665 2476 1717 2521 et
1766 2465 1860 2520 Pc-

270 2576 416 2619 trum
464 2564 888 2627 subdiaconum,
924 2560 1061 2617 ﬁlios
1109 2572 1346 2626 nostros,
1395 2560 1547 2630 quasi
1597 2558 1858 2629 primitias

268 2655 421 2725 pacis
472 2661 673 2707 nostra:
702 2653 987 2708 conscribi.
1015 2650 1199 2706 Saluto
1229 2654 1411 2720 itaque
1451 2659 1507 2706 ct
1538 2658 1680 2704 tuam
1728 2649 1857 2702 mihi

267 2749 323 2800 in
345 2746 569 2801 Christo
598 2745 1026 2814 germanitatcm,
1051 2752 1104 2797 et
1132 2759 1346 2797 omnem
1372 2743 1514 2803 illam
1537 2756 1655 2809 quin
1681 2749 1855 2794 tecum

268 2845 378 2888 tam
421 2836 565 2889 bene
612 2834 777 2888 sentit
814 2831 1136 2897 ECclesiam,
1176 2848 1401 2902 nosque,
1452 2840 1510 2886 ut
1561 2831 1759 2893 facitis,
1804 2840 1857 2883 et

266 2924 624 2994 alloqnatnini
655 2933 781 2993 peto
827 2924 1067 2977 crebrius
1098 2923 1311 2989 litteris,
1354 2934 1408 2977 ct
1435 2923 1765 2991 frequentius
1792 2921 1859 2974 de

266 3024 449 3067 vestra
479 3014 659 3069 salute
686 3012 984 3069 butiflcetis.
1018 3013 1172 3068 Dabit
1201 3016 1342 3069 enim
1377 3016 1455 3083 (ut
1484 3012 1717 3082 confido)
1746 3014 1852 3068 Do-

267 3105 451 3156 minus
482 3105 650 3157 totius
672 3119 771 3157 nos
799 3104 1055 3173 prieteriti
1089 3105 1341 3174 temporis
1370 3104 1644 3174 dispendia
1675 3120 1855 3158 aman-

268 3197 483 3249 tissimo
503 3195 804 3248 litterarum
829 3195 1095 3264 colloquio
1124 3211 1428 3264 repensare.

494 3308 574 3362 De
592 3309 767 3363 Attico
793 3308 1362 3379 Constantinopolitano
1384 3311 1639 3381 episcopo.

343 3419 527 3473 XLIII.
567 3419 912 3475 Innocentius
941 3420 1264 3476 Maximiano
1294 3422 1568 3492 episcopo.

342 3510 610 3563 Miramur
629 3491 964 3579 prudentiam
993 3520 1137 3565 tuam
1166 3511 1365 3580 scripta
1395 3512 1460 3566 ad
1482 3491 1718 3567 Atticum
1750 3516 1857 3583 epi-

266 3615 505 3669 scopum
554 3598 1158 3669 Constantinopolitanae
1188 3601 1332 3656 urbis
1370 3617 1401 3655 a
1432 3603 1585 3657 nobis
1605 3611 1657 3655 et
1680 3619 1858 3673 prose-

266 3691 500 3743 eutioue
525 3690 764 3759 propria,
798 3698 853 3744 et
881 3690 1009 3746 dato
1040 3691 1239 3755 libello,
1272 3692 1363 3760 qui
1411 3692 1594 3745 subter
1615 3700 1855 3747 annexus

269 3790 380 3838 est,
410 3781 685 3849 postulare
716 3799 729 3833 :
754 3795 912 3850 aquo
942 3796 1040 3836 nec
1072 3783 1258 3836 missas
1281 3783 1415 3836 ullas
1443 3782 1631 3838 saltem
1656 3785 1857 3852 episto-

269 3872 353 3925 LIS
375 3870 452 3923 ad
476 3886 573 3925 nos
600 3872 680 3925 vel
709 3871 775 3925 ad
804 3880 1037 3926 vestram
1059 3873 1321 3942 synodum
1359 3874 1539 3942 utique
1568 3873 1851 3945 pertulisti,

268 3963 451 4031 idque
494 3977 602 4016 non
653 3962 855 4031 petenti
882 3964 1114 4018 aestimes
1161 3964 1545 4019 tribuendum:
1597 3967 1739 4033 quod
1768 3966 1857 4020 de-

265 4051 415 4103 beas
463 4049 925 4118 deprecationibus
978 4052 1217 4107 discussa
1269 4054 1478 4109 ratione
1515 4058 1879 4118 concessum,

264 4141 715 4195 communionem
782 4158 1042 4211 suspensa
1110 4145 1413 4198 restituitur
1464 4144 1853 4200 demotistranti

264 4244 477 4283 causas
514 4232 703 4299 quibus
724 4232 775 4285 id
802 4232 1020 4287 cederat
1040 4234 1149 4302 jam
1177 4250 1299 4288 esse
1320 4235 1579 4301 detersus,
1616 4244 1671 4290 et
1697 4236 1853 4305 profi-

266 4322 421 4374 tenti
449 4321 779 4378 conditiones
804 4327 951 4393 pacis
979 4325 1244 4394 impletas.
1292 4324 1446 4390 Quod
1500 4342 1673 4394 neque
1712 4327 1849 4396 apud

262 4427 400 4473 vos
458 4425 626 4478 neque
654 4413 791 4483 apud
822 4429 940 4479 nos,
973 4422 1029 4468 ut
1051 4416 1287 4483 prmdixi,
1322 4416 1529 4469 Atticus
1558 4416 1731 4469 missis
1759 4416 1851 4469 ali-

260 4505 478 4570 quibus
522 4518 733 4558 suorum
767 4506 849 4559 vel
902 4506 1082 4560 dicere
1129 4508 1313 4571 voluit,
1349 4508 1431 4562 vel
1483 4508 1851 4561 demonstrare
1881 4493 1928 4549 Ῑ)

261 4593 630 4661 completum.
678 4596 1137 4661 Quemadmodum
1202 4596 1548 4651 Antiochenau
1598 4596 1851 4650 Ecclesiae

260 4686 456 4739 frater
482 4692 541 4737 et
575 4686 927 4755 coepiscopus
964 4695 1151 4741 noster
1179 4688 1481 4741 Alexander
1508 4687 1665 4755 digna
1716 4688 1854 4754 lega-

260 4777 433 4829 tione
456 4784 513 4828 ct
534 4785 844 4844 prosecutus
867 4786 969 4841 est,
993 4785 1046 4831 et
1075 4779 1335 4846 probavit,
1369 4778 1564 4846 quibus
1607 4778 1853 4832 omnibus

259 4867 467 4935 utique
494 4867 750 4921 interesse
774 4867 1027 4937 dignatus
1050 4871 1373 4937 cognovisti,
1402 4870 1851 4938 quemadmodum

258 4957 800 5025 singillatim,omnia
818 4961 1146 5029 scriptorum
1175 4970 1481 5017 nostrorum
1514 4970 1637 5016 ante
1668 4964 1767 5016 hac
1788 4963 1853 5015 de

258 5062 438 5101 causa
462 5046 757 5104 beatissimi
776 5048 1016 5117 Joannis,
1042 5052 1311 5121 quondam
1337 5054 1638 5122 coepiscopi
1664 5054 1853 5115 nostri,

257 5140 646 5194 discesserim.
678 5150 842 5208 utque
870 5142 945 5195 illi
996 5143 1047 5196 in
1098 5144 1348 5198 omnibus
1396 5144 1527 5197 satis
1581 5144 1855 5198 evidenter

258 5230 699 5284 monstraveriut
746 5232 991 5286 universa
1030 5246 1149 5301 qua:
1196 5234 1334 5303 apud
1367 5235 1707 5288 Antiochiam
1738 5233 1853 5289 fieri

255 5321 583 5385 debuerint,
612 5320 777 5378 fuisse
828 5324 1115 5394 completa.
1162 5325 1401 5391 Quorum
1451 5326 1736 5395 amplexati
1767 5341 1855 5395 pa-

254 5428 394 5468 cem
418 5413 608 5479 utique
635 5412 791 5468 fidem
816 5412 1064 5478 fecimus,
1091 5425 1147 5469 et
1174 5431 1423 5485 magnum
1455 5416 1720 5469 tramitem
1744 5432 1853 5470 om—

254 5505 434 5557 nibus
492 5502 737 5557 eamdem
788 5505 1136 5573 postulaturis
1184 5506 1553 5561 ostendimus:
1597 5506 1640 5558 si
1692 5506 1853 5561 modo

251 5612 389 5665 qm:
417 5594 658 5649 discussa
688 5605 813 5652 sunt
841 5605 1002 5663 atque
1028 5604 1315 5667 completa,
1347 5601 1507 5654 etiam
1541 5599 1641 5668 ipsi
1672 5614 1727 5653 se
1756 5616 1852 5668 pro

252 5704 364 5741 suo
398 5686 529 5739 loco
556 5684 746 5741 fecisse
775 5687 858 5739 vel
908 5688 1204 5756 complesse
1256 5688 1539 5755 aliquando
1582 5700 1849 5741 IltUllalld-

252 5780 473 5849 variat,
512 5780 1065 5852 communionemque,
1097 5788 1157 5835 ut
1185 5779 1274 5836 isti
1303 5779 1567 5851 legatione
1597 5778 1835 5839 solemur

1884 1770 1933 1830 B

1958 521 2087 573 ergo
2134 514 2186 560 et
2218 504 2602 575 professionem
2646 507 2931 559 memorati
2964 506 3032 560 de
3063 510 3344 578 completis
3374 514 3545 564 enmi-

1959 597 2055 651 bus
2072 596 2490 664 conditionibus,
2514 610 2647 663 quas
2668 596 2904 649 diversis
2936 598 3268 667 temporibus
3297 602 3544 669 pnedixi~

1957 703 2095 753 mus,
2121 696 2173 740 et
2196 688 2507 756 petitionem
2530 686 2954 741 communionis:
2984 695 3040 741 ut
3069 697 3215 742 recte
3251 698 3305 743 et
3334 694 3537 759 petenti

1957 787 2012 832 et
2060 779 2307 848 probanti
2366 793 2424 831 se
2481 776 2722 831 eamdem
2778 778 2974 831 mereri
3028 778 3343 846 reddamus,
3379 779 3542 833 frater

1957 867 2287 937 charissime.
2312 866 2445 921 Nam
2471 866 2537 919 de
2566 866 2813 920 omnibus
2840 867 3179 936 plenissimas
3208 868 3273 922 ad
3301 878 3537 924 sanctam

1956 957 2181 1011 fratrum
2232 964 2544 1010 nostrorum
2595 957 2857 1026 synodum
2898 956 3097 1010 dudum
3157 956 3363 1013 litteras
3418 975 3539 1028 per—

1956 1048 2162 1117 cepisti.

2080 1157 2209 1210 Item
2240 1158 2536 1213 Alexandro
2562 1159 2800 1229 episcopo
2824 1160 3140 1215 Antiocheam
3170 1162 3232 1216 de
3259 1180 3406 1232 pace.

2028 1266 2211 1321 XLIV.
2236 1267 2526 1336 Apostolici
2557 1268 2754 1323 favoris
2782 1270 2953 1337 gratia
2971 1285 3166 1339 magno
3194 1273 3341 1340 pacis
3372 1290 3536 1342 usque

1958 1358 2026 1412 ad
2064 1374 2165 1413 nos
2195 1359 2390 1412 decore
2420 1359 2774 1427 resplcnduit,
2810 1369 3122 1428 tantumque
3153 1362 3284 1416 lucis
3313 1364 3536 1430 gaudio-

1956 1466 2093 1513 rum,
2124 1464 2241 1518 qum
2268 1449 2468 1503 iufulsit
2498 1448 2738 1503 fidelibus
2766 1468 2775 1503 :
2805 1460 2860 1502 ut
2888 1450 3127 1505 dicentes
3148 1452 3258 1506 Deo
3282 1455 3538 1507 maximas

1957 1537 2143 1593 laudes
2185 1541 2414 1608 majores
2443 1558 2540 1594 nos
2570 1541 2766 1594 debere
2792 1542 3075 1607 fateamur,
3109 1543 3332 1612 plusque
3355 1560 3384 1597 a
3430 1544 3537 1597 Deo

1951 1629 2231 1697 jocundati
2281 1646 2486 1695 sumus,
2530 1632 2675 1698 quod
2716 1632 2969 1687 discussis
2998 1634 3246 1688 omnibus
3286 1636 3539 1689 lateribus

1958 1721 2228 1775 actionum
2261 1730 2362 1775 tua:
2392 1721 2770 1783 fraternitatis,
2812 1723 2882 1775 ita
2914 1731 3085 1777 totum
3111 1725 3309 1793 pietate
3354 1741 3417 1781 ac
3447 1742 3539 1795 pa-

1961 1812 2144 1866 tientia
2174 1821 2379 1879 gcstum
2411 1814 2778 1881 cognovimus,
2816 1824 2873 1867 ut
2900 1815 2954 1868 in
2978 1817 3225 1870 omnibus
3256 1816 3536 1871 Dominum

1959 1901 2330 1966 laudaremus,
2388 1919 2802 1973 successumque
2846 1906 3022 1974 ipsum
3074 1907 3193 1961 ideo
3243 1909 3537 1976 prmstittun

1960 1994 2065 2051 tuis
2109 1994 2379 2048 laboribus
2432 1994 2750 2061 videamus,
2802 1997 2947 2065 quod
2997 2004 3109 2052 tota
3153 1998 3347 2052 virtute
3393 2000 3537 2067 pacis

1959 2094 2169 2139 amator
2196 2086 2431 2139 existens
2459 2102 2582 2140 eam
2611 2087 2923 2155 requisitam
2954 2088 3240 2152 inveneris,
3268 2097 3324 2142 ct
3352 2104 3537 2159 reper-

1959 2184 2068 2229 tam
2095 2191 2301 2230 sunnna
2324 2177 2593 2231 charitate
2635 2178 2960 2242 servaveris,
3004 2194 3124 2231 cum
3174 2195 3299 2248 erga
3330 2198 3535 2243 omnes,

1961 2274 2070 2324 tum
2094 2266 2357 2339 prtecipue
2379 2266 2527 2323 circa
2548 2265 2668 2323 illos
2686 2267 2781 2338 qui
2830 2265 3096 2338 quondam
3128 2265 3333 2325 Paulini
3378 2279 3538 2340 atque

1960 2359 2172 2428 Evagrii
2214 2362 2587 2430 episcoporum
2614 2363 2806 2416 consiti
2852 2363 3063 2415 fuerant
3090 2366 3321 2417 nomine.
3354 2364 3537 2419 Ilabco

1960 2467 2222 2507 summam
2256 2462 2500 2509 votorum
2530 2471 2804 2522 meorum,
2850 2471 2971 2510 cum
3016 2457 3220 2525 antiqui
3253 2458 3384 2511 naivi
3414 2475 3538 2527 pur-

1959 2549 2105 2616 gatio
2156 2549 2267 2603 tuis
2310 2549 2639 2617 temporibus
2692 2550 2902 2619 tuisque
2948 2551 3153 2607 meritis
3199 2561 3533 2621 prorogatur.

1963 2638 2204 2703 Quorum
2234 2640 2405 2693 etiam
2435 2640 2555 2695 illos
2608 2640 2844 2709 ejusdem
2885 2642 3114 2697 nominis
3157 2643 3249 2710 qui
3296 2644 3348 2696 in
3390 2643 3537 2696 Italia

1962 2730 2152 2783 merita
2194 2730 2477 2785 clericatus
2521 2739 2875 2801 acceperant,
2925 2734 3107 2787 censui
3155 2733 3299 2793 bono
3345 2735 3540 2802 quietis

1961 2824 2187 2889 gratiam
2232 2822 2465 2877 retinere
2509 2833 2832 2893 susceptam.
2881 2823 2947 2877 Et
2992 2826 3116 2894 quia
3161 2835 3344 2880 noster
3390 2842 3538 2879 cotu-

1961 2912 2242 2980 presbyt-er
2254 2909 2541 2966 Cassianus
2562 2921 2769 2979 gratum
2788 2913 2921 2966 dixit
2942 2922 3045 2967 tua:
3067 2914 3182 2968 fore
3216 2915 3537 2983 dignationi.

1961 2999 2006 3052 si
2036 3014 2158 3054 meo
2188 2999 2412 3054 consilio
2441 3001 2494 3053 in
2524 3002 2741 3056 civitate
2770 3011 2944 3057 vestra
2982 3003 3269 3058 clericatus
3297 3004 3538 3058 ordinem

1962 3090 2157 3145 ducere
2206 3100 2595 3159 censerentur,
2645 3094 2808 3146 statui
2856 3080 3075 3163 propter
3112 3096 3537 3150 benevolentiam

1956 3188 2131 3244 tuam,
2160 3181 2533 3247 promissaque
2550 3181 2854 3245 memorati,
2880 3191 2940 3234 ut
2960 3182 3099 3236 inter
3117 3192 3344 3238 cancros
3370 3198 3541 3237 saccr‘

1960 3268 2118 3324 dotes
2146 3268 2531 3337 ministrosque
2556 3270 2647 3337 qui
2691 3270 2744 3322 in
2774 3270 2994 3324 etvitate
3013 3281 3155 3337 sunt,
3184 3287 3539 3327 annumeran-

1962 3368 2066 3423 tur,
2092 3359 2259 3416 frater
2276 3360 2611 3415 charissima.
2636 3359 2892 3415 Libenter
2909 3371 3166 3429 praeterea
3185 3362 3253 3416 de
3274 3364 3540 3432 episcopis

1958 3448 2169 3519 Elpidio
2222 3458 2386 3517 atque
2412 3448 2597 3519 Pappo
2626 3450 2875 3518 cognovi,
2921 3451 3065 3519 quod
3095 3452 3210 3505 sine
3245 3455 3543 3520 quiestione

1957 3554 2082 3594 suas
2116 3526 2391 3594 Ecclesias
2412 3540 2877 3608 recuperaverint,
2911 3549 2965 3594 et
3004 3541 3231 3595 multum
3271 3542 3325 3595 in
3354 3545 3539 3610 gestis,

1959 3638 2018 3685 ut
2058 3629 2306 3697 stibjecta
2352 3638 2661 3696 testantur,
2720 3631 2983 3686 sollicitus
3032 3632 3311 3699 inquisivi,
3362 3643 3538 3687 utrum

1958 3719 2207 3773 omnibus
2253 3726 2399 3774 esset
2448 3712 2845 3775 conditionibus
2888 3720 3221 3774 satisfactum
3272 3722 3324 3775 in
3376 3737 3537 3775 causa

1956 3808 2099 3862 beati
2140 3816 2201 3861 et
2246 3824 2374 3865 vere
2400 3808 2512 3865 Deo
2541 3810 2684 3877 digni
2726 3808 3020 3865 sacerdotis
3048 3807 3286 3862 Joannis.
3323 3808 3537 3863 Etcum

1955 3912 2052 3965 per
2071 3898 2278 3964 singula
2307 3898 2534 3953 assertio
2564 3899 2862 3966 legatorum
2885 3914 2951 3952 ex
2978 3905 3105 3952 voto
3128 3898 3393 3965 completa
3418 3914 3538 3953 esse

1958 3988 2234 4053 fateretur,
2257 3988 2456 4054 gratias
2479 4001 2643 4053 agens
2670 3987 2897 4041 Domino
2918 3986 3346 4040 communionem
3363 3985 3539 4040 Eccle.

1955 4080 2048 4135 size
2093 4088 2284 4134 vestrae
2312 4079 2383 4131 ita
2414 4077 2617 4145 recepi,
2663 4085 2721 4130 ut
2748 4092 2856 4146 pro:
2902 4092 2985 4130 me
3037 4072 3202 4129 feram
3228 4076 3538 4145 apostolica)

1954 4168 2094 4223 sedis
2121 4168 2517 4236 condiscipulos
2542 4167 2746 4236 primos
2774 4166 2986 4221 dedisse
3018 4166 3232 4221 caeteris
3275 4167 3418 4221 viain
3444 4183 3539 4235 pa-

1953 4260 2031 4316 cis
2064 4277 2076 4312 :
2109 4260 2160 4313 in
2182 4273 2293 4327 qua
2325 4257 2559 4315 ﬁrmatos
2588 4272 2685 4311 γωδ
2722 4271 2928 4324 nosque
2966 4256 3177 4309 Domini
3215 4255 3418 4311 Christi
3456 4258 3529 4311 ita

1952 4350 2256 4417 benignitas
2284 4348 2698 4417 amplexabitur,
2728 4355 2892 4416 utque
2913 4347 3240 4410 communio,
3283 4355 3446 4417 atque
3478 4356 3538 4402 ut

1953 4441 2100 4496 nullo
2128 4440 2195 4495 de
2221 4448 2414 4494 ccetero
2448 4437 2806 4502 titillamento,
2836 4436 2920 4490 vel
2943 4436 3046 4490 levi
3069 4435 3384 4505 cujusquam
3408 4454 3537 4493 con-

1956 4530 2211 4585 tentionis
2239 4528 2442 4597 pudore
2472 4527 2731 4597 pulsetur.
2762 4527 2973 4595 Scripta
3005 4538 3181 4583 autem
3211 4530 3389 4585 Aeaeii
3418 4530 3531 4599 cpi»

1957 4621 2128 4689 seopi,
2159 4620 2412 4689 quoniam
2443 4636 2563 4676 cum
2594 4620 2789 4676 vestris
2826 4629 2951 4674 sunt
2980 4632 3256 4688 porrecta,
3296 4626 3533 4691 suscepis

1958 4728 2075 4765 mus
2109 4730 2120 4764 :
2150 4727 2218 4765 ne
2245 4726 2340 4780 per
2368 4721 2602 4765 vestram
2636 4711 2882 4779 injuriam
2912 4712 3022 4777 ille,
3051 4713 3143 4780 qui
3172 4713 3299 4767 olim
3323 4728 3352 4766 a
3382 4714 3542 4767 nobis

1957 4818 2249 4872 suspensus
2268 4802 2464 4869 fuerat,
2487 4802 2879 4871 repudiaretur,
2904 4809 3152 4856 ct-tamen
3178 4802 3312 4857 satis
3326 4803 3540 4856 abunde

1959 4894 2013 4947 in
2042 4893 2175 4948 actis
2201 4892 2500 4955 statuimus,
2524 4892 2679 4947 sicuti
2706 4890 2990 4960 dignanter
3016 4892 3256 4959 relegere
3286 4908 3537 4960 procura~

1959 4982 2061 5047 bis,
2087 4980 2216 5048 quid
2246 4981 2301 5035 in
2329 4979 2446 5048 ejus
2468 4994 2693 5048 persona
2735 4979 2931 5037 debeat
2972 4978 3254 5043 custodiri,
3289 4987 3343 5030 ut
3372 4977 3415 5031 si
3438 4992 3535 5044 per

1958 5071 2137 5125 omnia
2163 5071 2351 5124 vestris
2378 5071 2616 5127 consiliis
2647 5071 2961 5138 actibusque
2989 5078 3094 5122 tam
3122 5069 3324 5122 sanctis
3353 5084 3413 5123 sc
3443 5085 3536 5122 τι).

1958 5161 2164 5228 gaverit
2203 5176 2324 5216 esse
2360 5176 2721 5227 communem,
2771 5167 3054 5227 pra-stetur
3082 5158 3195 5211 seni
3226 5158 3409 5212 Eivore
3439 5175 3533 5214 vc”

1958 5262 2091 5315 stro,
2138 5260 2431 5319 nostroque
2454 5251 2659 5319 judicio
2688 5249 3111 5304 communionis.
3144 5264 3208 5301 ac
3236 5248 3541 5309 litterarum

1961 5359 1989 5397 a
2016 5342 2173 5397 nobis
2201 5343 2369 5411 gratia
2395 5347 2701 5409 prorogata.
2732 5338 3173 5407 Sabaei-ipsorum
3201 5338 3266 5392 ξι)
3297 5340 3536 5409 episcopi

1959 5432 2142 5487 Italim.

2198 5522 2328 5576 Item
2357 5522 2652 5576 Alexandro
2680 5523 2915 5589 cpiarum
2944 5523 3277 5575 Antiocheam.

1964 5614 2111 5678 Quod
2144 5614 2308 5683 prium
2340 5613 2481 5666 sales
2512 5613 2642 5665 benti
2682 5611 2824 5664 Petri
2871 5613 3008 5674 apud
3054 5613 3375 5667 Amice/tiam
3426 5632 3537 5668 esse

2584 5692 2905 5735 tllt’ttt‘ul‘t’fltl'.

2036 5776 2187 5834 .‘LLY.
2237 5776 2297 5829 iit
2331 5790 2461 5831 unus
2513 5782 2559 5831 ct
2593 5776 2763 5831 lzenor
2809 5777 2960 5834 nobis
3020 5792 3049 5829 ιι
3081 5785 3167 5829 tua
3200 5774 3532 5829 fi‘ateinitatc
