  <div class='ocr_page' id='page_1' title='image "/cluster/home/n/w/nwhite01/storage/ocr_20150623/67/hvd.32044073505273/135.png"; bbox 0 0 3982 6196; ppageno 0'>
   <div class='ocr_carea' id='block_1_1' title="bbox 497 322 602 376">
    <p class='ocr_par' dir='ltr' id='par_1_1' title="bbox 497 322 602 376">
     <span class='ocr_line' id='line_1_1' title="bbox 497 322 602 376; baseline 0 -1"><span class='ocrx_word' id='word_1_1' title='bbox 497 322 602 376; x_wconf 74' lang='grc'><strong>255</strong></span> 
     </span>
    </p>
   </div>
   <div class='ocr_carea' id='block_1_2' title="bbox 497 436 1908 509">
    <p class='ocr_par' dir='ltr' id='par_1_2' title="bbox 497 436 1908 509">
     <span class='ocr_line' id='line_1_2' title="bbox 497 436 1908 509; baseline -0.004 -17"><span class='ocrx_word' id='word_1_2' title='bbox 497 438 776 509; x_wconf 78' lang='lat' dir='ltr'><strong>impositus</strong></span> <span class='ocrx_word' id='word_1_3' title='bbox 806 437 1088 491; x_wconf 74' lang='lat' dir='ltr'><strong>necessarii</strong></span> <span class='ocrx_word' id='word_1_4' title='bbox 1122 444 1379 489; x_wconf 85' lang='lat' dir='ltr'><strong>tractatus</strong></span> <span class='ocrx_word' id='word_1_5' title='bbox 1419 450 1607 489; x_wconf 82' lang='lat' dir='ltr'><strong>causas</strong></span> <span class='ocrx_word' id='word_1_6' title='bbox 1649 436 1853 489; x_wconf 72' lang='lat' dir='ltr'><strong>induxit</strong></span> <span class='ocrx_word' id='word_1_7' title='bbox 1898 454 1908 487; x_wconf 89' lang='lat'>:</span> 
     </span>
    </p>
   </div>
   <div class='ocr_carea' id='block_1_3' title="bbox 497 526 2068 596">
    <p class='ocr_par' dir='ltr' id='par_1_3' title="bbox 497 526 2068 596">
     <span class='ocr_line' id='line_1_3' title="bbox 497 526 2068 596; baseline -0.003 -14"><span class='ocrx_word' id='word_1_8' title='bbox 497 528 708 596; x_wconf 87' lang='lat' dir='ltr'><strong>litteris,</strong></span> <span class='ocrx_word' id='word_1_9' title='bbox 740 528 823 582; x_wconf 88' lang='lat' dir='ltr'><strong>vel</strong></span> <span class='ocrx_word' id='word_1_10' title='bbox 853 527 1264 581; x_wconf 87' lang='lat' dir='ltr'><strong>conunonitorio</strong></span> <span class='ocrx_word' id='word_1_11' title='bbox 1294 536 1496 594; x_wconf 87' lang='lat' dir='ltr'><strong>vestro,</strong></span> <span class='ocrx_word' id='word_1_12' title='bbox 1546 534 1604 579; x_wconf 92' lang='lat' dir='ltr'><strong>ut</strong></span> <span class='ocrx_word' id='word_1_13' title='bbox 1632 526 1723 578; x_wconf 87' lang='lat' dir='ltr'><strong>dat</strong></span> <span class='ocrx_word' id='word_1_14' title='bbox 1751 527 1919 578; x_wconf 91' lang='lat' dir='ltr'><strong>sancti</strong></span> <span class='ocrx_word' id='word_1_15' title='bbox 1948 526 2068 592; x_wconf 82' lang='lat' dir='ltr'><strong>Spi-</strong></span> 
     </span>
    </p>
   </div>
   <div class='ocr_carea' id='block_1_4' title="bbox 497 614 2069 686">
    <p class='ocr_par' dir='ltr' id='par_1_4' title="bbox 497 614 2069 686">
     <span class='ocr_line' id='line_1_4' title="bbox 497 614 2069 686; baseline -0.003 -14"><span class='ocrx_word' id='word_1_16' title='bbox 497 620 629 672; x_wconf 74' lang='lat' dir='ltr'><strong>rizus</strong></span> <span class='ocrx_word' id='word_1_17' title='bbox 654 619 852 686; x_wconf 90' lang='lat' dir='ltr'><strong>gratia,</strong></span> <span class='ocrx_word' id='word_1_18' title='bbox 905 616 1233 685; x_wconf 87' lang='lat' dir='ltr'><strong>respondere</strong></span> <span class='ocrx_word' id='word_1_19' title='bbox 1264 616 1551 685; x_wconf 87' lang='lat' dir='ltr'><strong>possimus.</strong></span> <span class='ocrx_word' id='word_1_20' title='bbox 1585 614 1940 669; x_wconf 83' lang='lat' dir='ltr'><strong>Rcvolventes</strong></span> <span class='ocrx_word' id='word_1_21' title='bbox 1968 615 2069 668; x_wconf 90' lang='lat' dir='ltr'><strong>ita-</strong></span> 
     </span>
    </p>
   </div>
   <div class='ocr_carea' id='block_1_5' title="bbox 495 705 2071 776">
    <p class='ocr_par' dir='ltr' id='par_1_5' title="bbox 495 705 2071 776">
     <span class='ocr_line' id='line_1_5' title="bbox 495 705 2071 776; baseline -0.001 -16"><span class='ocrx_word' id='word_1_22' title='bbox 495 724 600 775; x_wconf 87' lang='lat' dir='ltr'><strong>que</strong></span> <span class='ocrx_word' id='word_1_23' title='bbox 623 706 995 761; x_wconf 88' lang='lat' dir='ltr'><strong>auctoritatem</strong></span> <span class='ocrx_word' id='word_1_24' title='bbox 1026 705 1250 759; x_wconf 67' lang='lat' dir='ltr'><strong>Nicaeum</strong></span> <span class='ocrx_word' id='word_1_25' title='bbox 1271 707 1479 776; x_wconf 85' lang='lat' dir='ltr'><strong>synodi,</strong></span> <span class='ocrx_word' id='word_1_26' title='bbox 1503 721 1620 776; x_wconf 73' lang='lat' dir='ltr'><strong>qua:</strong></span> <span class='ocrx_word' id='word_1_27' title='bbox 1642 722 1799 760; x_wconf 89' lang='lat' dir='ltr'><strong>uuam</strong></span> <span class='ocrx_word' id='word_1_28' title='bbox 1832 705 2071 759; x_wconf 87' lang='lat' dir='ltr'><strong>omnium</strong></span> 
     </span>
    </p>
   </div>
   <div class='ocr_carea' id='block_1_6' title="bbox 496 795 2065 866">
    <p class='ocr_par' dir='ltr' id='par_1_6' title="bbox 496 795 2065 866">
     <span class='ocr_line' id='line_1_6' title="bbox 496 795 2065 866; baseline -0.001 -17"><span class='ocrx_word' id='word_1_29' title='bbox 496 813 591 865; x_wconf 91' lang='lat' dir='ltr'><strong>per</strong></span> <span class='ocrx_word' id='word_1_30' title='bbox 622 797 805 851; x_wconf 81' lang='lat' dir='ltr'><strong>orbem</strong></span> <span class='ocrx_word' id='word_1_31' title='bbox 853 804 1114 849; x_wconf 89' lang='lat' dir='ltr'><strong>terrarum</strong></span> <span class='ocrx_word' id='word_1_32' title='bbox 1147 805 1383 850; x_wconf 88' lang='lat' dir='ltr'><strong>mentem</strong></span> <span class='ocrx_word' id='word_1_33' title='bbox 1433 797 1667 866; x_wconf 80' lang='lat' dir='ltr'><strong>explicat</strong></span> <span class='ocrx_word' id='word_1_34' title='bbox 1704 795 2065 860; x_wconf 82' lang='lat' dir='ltr'><strong>sacerdotum,</strong></span> 
     </span>
    </p>
   </div>
   <div class='ocr_carea' id='block_1_7' title="bbox 492 883 2067 956">
    <p class='ocr_par' dir='ltr' id='par_1_7' title="bbox 492 883 2067 956">
     <span class='ocr_line' id='line_1_7' title="bbox 492 883 2067 956; baseline 0.002 -18"><span class='ocrx_word' id='word_1_35' title='bbox 492 900 611 956; x_wconf 71' lang='lat' dir='ltr'><strong>qum</strong></span> <span class='ocrx_word' id='word_1_36' title='bbox 640 886 847 939; x_wconf 87' lang='lat' dir='ltr'><strong>censuit</strong></span> <span class='ocrx_word' id='word_1_37' title='bbox 874 884 940 939; x_wconf 85' lang='lat' dir='ltr'><strong>de</strong></span> <span class='ocrx_word' id='word_1_38' title='bbox 971 886 1303 941; x_wconf 79' lang='lat' dir='ltr'><strong>Autiochena</strong></span> <span class='ocrx_word' id='word_1_39' title='bbox 1321 883 1555 943; x_wconf 83' lang='lat' dir='ltr'><strong>Ecclesia</strong></span> <span class='ocrx_word' id='word_1_40' title='bbox 1578 888 1783 942; x_wconf 89' lang='lat' dir='ltr'><strong>cunctis</strong></span> <span class='ocrx_word' id='word_1_41' title='bbox 1806 887 2067 950; x_wconf 88' lang='lat' dir='ltr'><strong>lidelibus,</strong></span> 
     </span>
    </p>
   </div>
   <div class='ocr_carea' id='block_1_8' title="bbox 493 972 2066 1041">
    <p class='ocr_par' dir='ltr' id='par_1_8' title="bbox 493 972 2066 1041">
     <span class='ocr_line' id='line_1_8' title="bbox 493 972 2066 1041; baseline 0 -12"><span class='ocrx_word' id='word_1_42' title='bbox 493 990 561 1029; x_wconf 88' lang='lat' dir='ltr'><strong>ne</strong></span> <span class='ocrx_word' id='word_1_43' title='bbox 590 972 815 1028; x_wconf 78' lang='lat' dir='ltr'><strong>dixerim</strong></span> <span class='ocrx_word' id='word_1_44' title='bbox 845 974 1213 1031; x_wconf 81' lang='lat' dir='ltr'><strong>sacerdotibus</strong></span> <span class='ocrx_word' id='word_1_45' title='bbox 1240 991 1358 1032; x_wconf 88' lang='lat' dir='ltr'><strong>esse</strong></span> <span class='ocrx_word' id='word_1_46' title='bbox 1389 976 1747 1031; x_wconf 89' lang='lat' dir='ltr'><strong>necessarium</strong></span> <span class='ocrx_word' id='word_1_47' title='bbox 1777 975 2066 1041; x_wconf 83' lang='lat' dir='ltr'><strong>custodire,</strong></span> 
     </span>
    </p>
   </div>
   <div class='ocr_carea' id='block_1_9' title="bbox 476 1058 2067 1145">
    <p class='ocr_par' dir='ltr' id='par_1_9' title="bbox 476 1058 2067 1145">
     <span class='ocr_line' id='line_1_9' title="bbox 476 1058 2067 1145; baseline 0.002 -27"><span class='ocrx_word' id='word_1_48' title='bbox 476 1058 597 1145; x_wconf 53' lang='lat' dir='ltr'><strong>(qua</strong></span> <span class='ocrx_word' id='word_1_49' title='bbox 627 1082 787 1135; x_wconf 83' lang='lat' dir='ltr'><strong>super</strong></span> <span class='ocrx_word' id='word_1_50' title='bbox 827 1064 1100 1121; x_wconf 74' lang='lat' dir='ltr'><strong>ditecesim</strong></span> <span class='ocrx_word' id='word_1_51' title='bbox 1136 1082 1285 1119; x_wconf 91' lang='lat' dir='ltr'><strong>suam</strong></span> <span class='ocrx_word' id='word_1_52' title='bbox 1315 1066 1620 1135; x_wconf 71' lang='lat' dir='ltr'><strong>pmdictam</strong></span> <span class='ocrx_word' id='word_1_53' title='bbox 1644 1066 1932 1122; x_wconf 85' lang='lat' dir='ltr'><strong>Ecclesiam</strong></span> <span class='ocrx_word' id='word_1_54' title='bbox 1963 1082 2067 1121; x_wconf 93' lang='lat' dir='ltr'><strong>non</strong></span> 
     </span>
    </p>
   </div>
   <div class='ocr_carea' id='block_1_10' title="bbox 493 1154 2071 1225">
    <p class='ocr_par' dir='ltr' id='par_1_10' title="bbox 493 1154 2071 1225">
     <span class='ocr_line' id='line_1_10' title="bbox 493 1154 2071 1225; baseline 0.001 -18"><span class='ocrx_word' id='word_1_55' title='bbox 493 1170 656 1225; x_wconf 85' lang='lat' dir='ltr'><strong>super</strong></span> <span class='ocrx_word' id='word_1_56' title='bbox 695 1154 927 1223; x_wconf 86' lang='lat' dir='ltr'><strong>aliquam</strong></span> <span class='ocrx_word' id='word_1_57' title='bbox 976 1154 1306 1222; x_wconf 76' lang='lat' dir='ltr'><strong>provinciam</strong></span> <span class='ocrx_word' id='word_1_58' title='bbox 1344 1155 1778 1221; x_wconf 79' lang='lat' dir='ltr'><strong>recognoscimus</strong></span> <span class='ocrx_word' id='word_1_59' title='bbox 1808 1155 2071 1209; x_wconf 83' lang='lat' dir='ltr'><strong>constitu-</strong></span> 
     </span>
    </p>
   </div>
   <div class='ocr_carea' id='block_1_11' title="bbox 496 1241 2073 1314">
    <p class='ocr_par' dir='ltr' id='par_1_11' title="bbox 496 1241 2073 1314">
     <span class='ocr_line' id='line_1_11' title="bbox 496 1241 2073 1314; baseline 0.001 -17"><span class='ocrx_word' id='word_1_60' title='bbox 496 1254 626 1298; x_wconf 90' lang='lat' dir='ltr'><strong>tum.</strong></span> <span class='ocrx_word' id='word_1_61' title='bbox 666 1241 814 1298; x_wconf 87' lang='lat' dir='ltr'><strong>Unde</strong></span> <span class='ocrx_word' id='word_1_62' title='bbox 845 1244 1170 1297; x_wconf 83' lang='lat' dir='ltr'><strong>advertimus</strong></span> <span class='ocrx_word' id='word_1_63' title='bbox 1202 1260 1307 1297; x_wconf 92' lang='lat' dir='ltr'><strong>non</strong></span> <span class='ocrx_word' id='word_1_64' title='bbox 1337 1252 1444 1298; x_wconf 87' lang='lat' dir='ltr'><strong>tam</strong></span> <span class='ocrx_word' id='word_1_65' title='bbox 1478 1260 1576 1314; x_wconf 91' lang='lat' dir='ltr'><strong>pro</strong></span> <span class='ocrx_word' id='word_1_66' title='bbox 1615 1246 1848 1300; x_wconf 84' lang='lat' dir='ltr'><strong>civitatis</strong></span> <span class='ocrx_word' id='word_1_67' title='bbox 1868 1247 2073 1313; x_wconf 85' lang='lat' dir='ltr'><strong>magni-</strong></span> 
     </span>
    </p>
   </div>
   <div class='ocr_carea' id='block_1_12' title="bbox 496 1335 2071 1406">
    <p class='ocr_par' dir='ltr' id='par_1_12' title="bbox 496 1335 2071 1406">
     <span class='ocr_line' id='line_1_12' title="bbox 496 1335 2071 1406; baseline 0.003 -19"><span class='ocrx_word' id='word_1_68' title='bbox 496 1336 705 1390; x_wconf 76' lang='lat' dir='ltr'><strong>ficentia</strong></span> <span class='ocrx_word' id='word_1_69' title='bbox 749 1337 849 1390; x_wconf 89' lang='lat' dir='ltr'><strong>hoc</strong></span> <span class='ocrx_word' id='word_1_70' title='bbox 895 1335 1066 1389; x_wconf 89' lang='lat' dir='ltr'><strong>eidem</strong></span> <span class='ocrx_word' id='word_1_71' title='bbox 1102 1337 1414 1389; x_wconf 87' lang='lat' dir='ltr'><strong>attributum</strong></span> <span class='ocrx_word' id='word_1_72' title='bbox 1442 1377 1455 1398; x_wconf 93' lang='lat'><strong>,</strong></span> <span class='ocrx_word' id='word_1_73' title='bbox 1505 1352 1665 1403; x_wconf 91' lang='lat' dir='ltr'><strong>quam</strong></span> <span class='ocrx_word' id='word_1_74' title='bbox 1712 1337 1856 1404; x_wconf 86' lang='lat' dir='ltr'><strong>quod</strong></span> <span class='ocrx_word' id='word_1_75' title='bbox 1900 1338 2071 1406; x_wconf 87' lang='lat' dir='ltr'><strong>prima</strong></span> 
     </span>
    </p>
   </div>
   <div class='ocr_carea' id='block_1_13' title="bbox 496 1423 2072 1495">
    <p class='ocr_par' dir='ltr' id='par_1_13' title="bbox 496 1423 2072 1495">
     <span class='ocr_line' id='line_1_13' title="bbox 496 1423 2072 1495; baseline 0.002 -18"><span class='ocrx_word' id='word_1_76' title='bbox 496 1426 652 1495; x_wconf 84' lang='lat' dir='ltr'><strong>primi</strong></span> <span class='ocrx_word' id='word_1_77' title='bbox 688 1424 917 1493; x_wconf 87' lang='lat' dir='ltr'><strong>apostoli</strong></span> <span class='ocrx_word' id='word_1_78' title='bbox 949 1423 1103 1479; x_wconf 84' lang='lat' dir='ltr'><strong>sedes</strong></span> <span class='ocrx_word' id='word_1_79' title='bbox 1133 1439 1252 1478; x_wconf 85' lang='lat' dir='ltr'><strong>esse</strong></span> <span class='ocrx_word' id='word_1_80' title='bbox 1280 1433 1609 1478; x_wconf 87' lang='lat' dir='ltr'><strong>monstretur</strong></span> <span class='ocrx_word' id='word_1_81' title='bbox 1628 1465 1643 1489; x_wconf 92' lang='lat'><strong>,</strong></span> <span class='ocrx_word' id='word_1_82' title='bbox 1674 1425 1763 1478; x_wconf 82' lang='lat' dir='ltr'><strong>ubi</strong></span> <span class='ocrx_word' id='word_1_83' title='bbox 1792 1435 1846 1479; x_wconf 90' lang='lat' dir='ltr'><strong>et</strong></span> <span class='ocrx_word' id='word_1_84' title='bbox 1876 1442 2072 1480; x_wconf 89' lang='lat' dir='ltr'><strong>nomen</strong></span> 
     </span>
    </p>
   </div>
   <div class='ocr_carea' id='block_1_14' title="bbox 495 1513 2071 1587">
    <p class='ocr_par' dir='ltr' id='par_1_14' title="bbox 495 1513 2071 1587">
     <span class='ocr_line' id='line_1_14' title="bbox 495 1513 2071 1587; baseline 0.004 -20"><span class='ocrx_word' id='word_1_85' title='bbox 495 1516 705 1583; x_wconf 86' lang='lat' dir='ltr'><strong>accepit</strong></span> <span class='ocrx_word' id='word_1_86' title='bbox 750 1515 937 1583; x_wconf 80' lang='lat' dir='ltr'><strong>religio</strong></span> <span class='ocrx_word' id='word_1_87' title='bbox 966 1513 1272 1571; x_wconf 84' lang='lat' dir='ltr'><strong>Christiana</strong></span> <span class='ocrx_word' id='word_1_88' title='bbox 1295 1556 1310 1582; x_wconf 93' lang='lat'><strong>,</strong></span> <span class='ocrx_word' id='word_1_89' title='bbox 1355 1523 1409 1568; x_wconf 92' lang='lat' dir='ltr'><strong>et</strong></span> <span class='ocrx_word' id='word_1_90' title='bbox 1437 1530 1555 1583; x_wconf 76' lang='lat' dir='ltr'><strong>qua:</strong></span> <span class='ocrx_word' id='word_1_91' title='bbox 1585 1525 1905 1571; x_wconf 86' lang='lat' dir='ltr'><strong>conventum</strong></span> <span class='ocrx_word' id='word_1_92' title='bbox 1937 1533 2071 1587; x_wconf 85' lang='lat' dir='ltr'><strong>apo-</strong></span> 
     </span>
    </p>
   </div>
   <div class='ocr_carea' id='block_1_15' title="bbox 494 1605 2072 1677">
    <p class='ocr_par' dir='ltr' id='par_1_15' title="bbox 494 1605 2072 1677">
     <span class='ocr_line' id='line_1_15' title="bbox 494 1605 2072 1677; baseline 0.003 -19"><span class='ocrx_word' id='word_1_93' title='bbox 494 1607 751 1659; x_wconf 86' lang='lat' dir='ltr'><strong>stolorum</strong></span> <span class='ocrx_word' id='word_1_94' title='bbox 774 1606 913 1674; x_wconf 88' lang='lat' dir='ltr'><strong>apud</strong></span> <span class='ocrx_word' id='word_1_95' title='bbox 943 1622 1001 1659; x_wconf 89' lang='lat' dir='ltr'><strong>se</strong></span> <span class='ocrx_word' id='word_1_96' title='bbox 1033 1606 1145 1659; x_wconf 90' lang='lat' dir='ltr'><strong>lieri</strong></span> <span class='ocrx_word' id='word_1_97' title='bbox 1166 1605 1572 1660; x_wconf 84' lang='lat' dir='ltr'><strong>celeberrimum</strong></span> <span class='ocrx_word' id='word_1_98' title='bbox 1602 1608 1816 1671; x_wconf 87' lang='lat' dir='ltr'><strong>meruit,</strong></span> <span class='ocrx_word' id='word_1_99' title='bbox 1848 1623 2072 1677; x_wconf 85' lang='lat' dir='ltr'><strong>quaeque</strong></span> 
     </span>
    </p>
   </div>
   <div class='ocr_carea' id='block_1_16' title="bbox 496 1697 2070 1767">
    <p class='ocr_par' dir='ltr' id='par_1_16' title="bbox 496 1697 2070 1767">
     <span class='ocr_line' id='line_1_16' title="bbox 496 1697 2070 1767; baseline 0.003 -18"><span class='ocrx_word' id='word_1_100' title='bbox 496 1698 640 1750; x_wconf 86' lang='lat' dir='ltr'><strong>urbis</strong></span> <span class='ocrx_word' id='word_1_101' title='bbox 658 1697 841 1751; x_wconf 77' lang='lat' dir='ltr'><strong>Roma:</strong></span> <span class='ocrx_word' id='word_1_102' title='bbox 868 1698 979 1752; x_wconf 89' lang='lat' dir='ltr'><strong>sedi</strong></span> <span class='ocrx_word' id='word_1_103' title='bbox 1012 1698 1369 1764; x_wconf 83' lang='lat' dir='ltr'><strong>noncederet,</strong></span> <span class='ocrx_word' id='word_1_104' title='bbox 1399 1698 1501 1754; x_wconf 89' lang='lat' dir='ltr'><strong>nisi</strong></span> <span class='ocrx_word' id='word_1_105' title='bbox 1526 1700 1667 1767; x_wconf 87' lang='lat' dir='ltr'><strong>quod</strong></span> <span class='ocrx_word' id='word_1_106' title='bbox 1700 1700 1788 1753; x_wconf 91' lang='lat' dir='ltr'><strong>illa</strong></span> <span class='ocrx_word' id='word_1_107' title='bbox 1818 1700 1870 1753; x_wconf 93' lang='lat' dir='ltr'><strong>in</strong></span> <span class='ocrx_word' id='word_1_108' title='bbox 1899 1711 2070 1754; x_wconf 85' lang='lat' dir='ltr'><strong>trans-</strong></span> 
     </span>
    </p>
   </div>
   <div class='ocr_carea' id='block_1_17' title="bbox 1764 317 2470 375">
    <p class='ocr_par' dir='ltr' id='par_1_17' title="bbox 1764 317 2470 375">
     <span class='ocr_line' id='line_1_17' title="bbox 1764 317 2470 375; baseline 0 -3"><span class='ocrx_word' id='word_1_109' title='bbox 1764 317 2113 375; x_wconf 71' lang='lat' dir='ltr'><strong>l‘lUNYSIUS</strong></span> <span class='ocrx_word' id='word_1_110' title='bbox 2154 320 2470 373; x_wconf 68' lang='lat' dir='ltr'><strong>EXIGUIIS.</strong></span> 
     </span>
    </p>
   </div>
   <div class='ocr_carea' id='block_1_18' title="bbox 1960 432 2061 505">
    <p class='ocr_par' dir='ltr' id='par_1_18' title="bbox 1960 452 2061 505">
     <span class='ocr_line' id='line_1_18' title="bbox 1960 452 2061 505; baseline 0.02 -18"><span class='ocrx_word' id='word_1_111' title='bbox 1960 452 2061 505; x_wconf 84' lang='lat' dir='ltr'><strong>quo</strong></span> 
     </span>
    </p>
   </div>
   <div class='ocr_carea' id='block_1_19' title="bbox 2167 432 3757 505">
    <p class='ocr_par' dir='ltr' id='par_1_19' title="bbox 2174 432 3757 501">
     <span class='ocr_line' id='line_1_19' title="bbox 2174 432 3757 501; baseline 0.006 -16"><span class='ocrx_word' id='word_1_112' title='bbox 2174 432 2555 501; x_wconf 88' lang='lat' dir='ltr'><strong>plenitudinem</strong></span> <span class='ocrx_word' id='word_1_113' title='bbox 2588 441 2832 500; x_wconf 66' lang='lat' dir='ltr'><strong>possunt,</strong></span> <span class='ocrx_word' id='word_1_114' title='bbox 2860 449 2977 501; x_wconf 69' lang='lat' dir='ltr'><strong>qua:</strong></span> <span class='ocrx_word' id='word_1_115' title='bbox 3004 434 3230 487; x_wconf 71' lang='lat' dir='ltr'><strong>maxime</strong></span> <span class='ocrx_word' id='word_1_116' title='bbox 3254 435 3305 487; x_wconf 85' lang='lat' dir='ltr'><strong>in</strong></span> <span class='ocrx_word' id='word_1_117' title='bbox 3330 436 3757 495; x_wconf 79' lang='lat' dir='ltr'><strong>ordinationibus</strong></span> 
     </span>
    </p>
   </div>
   <div class='ocr_carea' id='block_1_20' title="bbox 3652 325 3764 380">
    <p class='ocr_par' dir='ltr' id='par_1_20' title="bbox 3652 325 3764 380">
     <span class='ocr_line' id='line_1_20' title="bbox 3652 325 3764 380; baseline 0.036 -4"><span class='ocrx_word' id='word_1_118' title='bbox 3652 325 3764 380; x_wconf 65' lang='lat'><strong>236</strong></span> 
     </span>
    </p>
   </div>
   <div class='ocr_carea' id='block_1_21' title="bbox 2173 524 3757 599">
    <p class='ocr_par' dir='ltr' id='par_1_21' title="bbox 2173 524 3757 599">
     <span class='ocr_line' id='line_1_21' title="bbox 2173 524 3757 599; baseline 0.007 -25"><span class='ocrx_word' id='word_1_119' title='bbox 2173 529 2455 589; x_wconf 84' lang='lat' dir='ltr'><strong>cperatur,</strong></span> <span class='ocrx_word' id='word_1_120' title='bbox 2490 536 2648 589; x_wconf 87' lang='lat' dir='ltr'><strong>quam</strong></span> <span class='ocrx_word' id='word_1_121' title='bbox 2680 537 2775 591; x_wconf 89' lang='lat' dir='ltr'><strong>per</strong></span> <span class='ocrx_word' id='word_1_122' title='bbox 2804 524 3092 591; x_wconf 81' lang='lat' dir='ltr'><strong>impietatis</strong></span> <span class='ocrx_word' id='word_1_123' title='bbox 3118 540 3228 577; x_wconf 69' lang='lat' dir='ltr'><strong>sua:</strong></span> <span class='ocrx_word' id='word_1_124' title='bbox 3258 528 3532 593; x_wconf 86' lang='lat' dir='ltr'><strong>perfidiam</strong></span> <span class='ocrx_word' id='word_1_125' title='bbox 3577 532 3757 599; x_wconf 88' lang='lat' dir='ltr'><strong>potius</strong></span> 
     </span>
    </p>
   </div>
   <div class='ocr_carea' id='block_1_22' title="bbox 2171 612 3753 686">
    <p class='ocr_par' dir='ltr' id='par_1_22' title="bbox 2171 612 3753 686">
     <span class='ocr_line' id='line_1_22' title="bbox 2171 612 3753 686; baseline 0.008 -20"><span class='ocrx_word' id='word_1_126' title='bbox 2171 628 2332 681; x_wconf 91' lang='lat' dir='ltr'><strong>quam</strong></span> <span class='ocrx_word' id='word_1_127' title='bbox 2376 612 2531 668; x_wconf 87' lang='lat' dir='ltr'><strong>Iidem</strong></span> <span class='ocrx_word' id='word_1_128' title='bbox 2571 614 2836 677; x_wconf 78' lang='lat' dir='ltr'><strong>dixerim,</strong></span> <span class='ocrx_word' id='word_1_129' title='bbox 2891 616 3254 686; x_wconf 84' lang='lat' dir='ltr'><strong>perdiderunt.</strong></span> <span class='ocrx_word' id='word_1_130' title='bbox 3305 620 3586 685; x_wconf 82' lang='lat' dir='ltr'><strong>Quomodo</strong></span> <span class='ocrx_word' id='word_1_131' title='bbox 3639 623 3753 679; x_wconf 84' lang='lat' dir='ltr'><strong>fieri</strong></span> 
     </span>
    </p>
   </div>
   <div class='ocr_carea' id='block_1_23' title="bbox 2174 706 3755 780">
    <p class='ocr_par' dir='ltr' id='par_1_23' title="bbox 2174 706 3755 780">
     <span class='ocr_line' id='line_1_23' title="bbox 2174 706 3755 780; baseline 0.008 -21"><span class='ocrx_word' id='word_1_132' title='bbox 2174 713 2374 775; x_wconf 78' lang='lat' dir='ltr'><strong>potest,</strong></span> <span class='ocrx_word' id='word_1_133' title='bbox 2406 715 2465 759; x_wconf 91' lang='lat' dir='ltr'><strong>ut</strong></span> <span class='ocrx_word' id='word_1_134' title='bbox 2504 721 2689 760; x_wconf 89' lang='lat' dir='ltr'><strong>eorum</strong></span> <span class='ocrx_word' id='word_1_135' title='bbox 2722 706 2976 777; x_wconf 89' lang='lat' dir='ltr'><strong>profanos</strong></span> <span class='ocrx_word' id='word_1_136' title='bbox 3004 709 3312 763; x_wconf 85' lang='lat' dir='ltr'><strong>sacerdotes</strong></span> <span class='ocrx_word' id='word_1_137' title='bbox 3339 712 3529 780; x_wconf 89' lang='lat' dir='ltr'><strong>dignos</strong></span> <span class='ocrx_word' id='word_1_138' title='bbox 3558 714 3755 771; x_wconf 84' lang='lat' dir='ltr'><strong>Christi</strong></span> 
     </span>
    </p>
   </div>
   <div class='ocr_carea' id='block_1_24' title="bbox 2171 798 3752 873">
    <p class='ocr_par' dir='ltr' id='par_1_24' title="bbox 2171 798 3752 873">
     <span class='ocr_line' id='line_1_24' title="bbox 2171 798 3752 873; baseline 0.006 -22"><span class='ocrx_word' id='word_1_139' title='bbox 2171 798 2470 852; x_wconf 82' lang='lat' dir='ltr'><strong>honoribus</strong></span> <span class='ocrx_word' id='word_1_140' title='bbox 2520 798 2863 865; x_wconf 85' lang='lat' dir='ltr'><strong>arbitremur,</strong></span> <span class='ocrx_word' id='word_1_141' title='bbox 2906 813 3133 866; x_wconf 89' lang='lat' dir='ltr'><strong>quorum</strong></span> <span class='ocrx_word' id='word_1_142' title='bbox 3180 801 3342 855; x_wconf 87' lang='lat' dir='ltr'><strong>laicos</strong></span> <span class='ocrx_word' id='word_1_143' title='bbox 3388 803 3752 873; x_wconf 88' lang='lat' dir='ltr'><strong>imperfectos,</strong></span> 
     </span>
    </p>
   </div>
   <div class='ocr_carea' id='block_1_25' title="bbox 2173 889 3751 961">
    <p class='ocr_par' dir='ltr' id='par_1_25' title="bbox 2173 889 3751 961">
     <span class='ocr_line' id='line_1_25' title="bbox 2173 889 3751 961; baseline 0.004 -17"><span class='ocrx_word' id='word_1_144' title='bbox 2173 898 2231 944; x_wconf 90' lang='lat' dir='ltr'><strong>ut</strong></span> <span class='ocrx_word' id='word_1_145' title='bbox 2253 889 2382 953; x_wconf 82' lang='lat' dir='ltr'><strong>dixi,</strong></span> <span class='ocrx_word' id='word_1_146' title='bbox 2416 890 2481 944; x_wconf 89' lang='lat' dir='ltr'><strong>ad</strong></span> <span class='ocrx_word' id='word_1_147' title='bbox 2508 890 2678 945; x_wconf 89' lang='lat' dir='ltr'><strong>sancti</strong></span> <span class='ocrx_word' id='word_1_148' title='bbox 2707 891 2939 959; x_wconf 86' lang='lat' dir='ltr'><strong>Spiritus</strong></span> <span class='ocrx_word' id='word_1_149' title='bbox 2970 892 3361 961; x_wconf 86' lang='lat' dir='ltr'><strong>percipiendam</strong></span> <span class='ocrx_word' id='word_1_150' title='bbox 3384 895 3607 961; x_wconf 85' lang='lat' dir='ltr'><strong>gratiam</strong></span> <span class='ocrx_word' id='word_1_151' title='bbox 3631 912 3751 950; x_wconf 90' lang='lat' dir='ltr'><strong>cum</strong></span> 
     </span>
    </p>
   </div>
   <div class='ocr_carea' id='block_1_26' title="bbox 2168 980 3751 1053">
    <p class='ocr_par' dir='ltr' id='par_1_26' title="bbox 2168 980 3751 1053">
     <span class='ocr_line' id='line_1_26' title="bbox 2168 980 3751 1053; baseline 0.006 -21"><span class='ocrx_word' id='word_1_152' title='bbox 2168 980 2495 1050; x_wconf 69' lang='lat' dir='ltr'><strong>poenitentia:</strong></span> <span class='ocrx_word' id='word_1_153' title='bbox 2524 980 2750 1047; x_wconf 82' lang='lat' dir='ltr'><strong>imagine</strong></span> <span class='ocrx_word' id='word_1_154' title='bbox 2778 981 3139 1049; x_wconf 88' lang='lat' dir='ltr'><strong>recipiamus?</strong></span> <span class='ocrx_word' id='word_1_155' title='bbox 3163 982 3407 1036; x_wconf 77' lang='lat' dir='ltr'><strong>Gravitas</strong></span> <span class='ocrx_word' id='word_1_156' title='bbox 3432 983 3611 1053; x_wconf 87' lang='lat' dir='ltr'><strong>itaque</strong></span> <span class='ocrx_word' id='word_1_157' title='bbox 3664 994 3751 1042; x_wconf 87' lang='lat' dir='ltr'><strong>tua</strong></span> 
     </span>
    </p>
   </div>
   <div class='ocr_carea' id='block_1_27' title="bbox 2173 1068 3749 1143">
    <p class='ocr_par' dir='ltr' id='par_1_27' title="bbox 2173 1068 3749 1143">
     <span class='ocr_line' id='line_1_27' title="bbox 2173 1068 3749 1143; baseline 0.005 -22"><span class='ocrx_word' id='word_1_158' title='bbox 2173 1068 2287 1123; x_wconf 74' lang='lat' dir='ltr'><strong>hzcc</strong></span> <span class='ocrx_word' id='word_1_159' title='bbox 2312 1069 2377 1123; x_wconf 89' lang='lat' dir='ltr'><strong>ad</strong></span> <span class='ocrx_word' id='word_1_160' title='bbox 2403 1069 2648 1124; x_wconf 89' lang='lat' dir='ltr'><strong>notitiam</strong></span> <span class='ocrx_word' id='word_1_161' title='bbox 2678 1071 3125 1138; x_wconf 90' lang='lat' dir='ltr'><strong>coepiscoporum</strong></span> <span class='ocrx_word' id='word_1_162' title='bbox 3155 1072 3239 1124; x_wconf 87' lang='lat' dir='ltr'><strong>vel</strong></span> <span class='ocrx_word' id='word_1_163' title='bbox 3266 1087 3360 1140; x_wconf 90' lang='lat' dir='ltr'><strong>per</strong></span> <span class='ocrx_word' id='word_1_164' title='bbox 3381 1074 3640 1143; x_wconf 75' lang='lat' dir='ltr'><strong>synodum</strong></span> <span class='ocrx_word' id='word_1_165' title='bbox 3660 1117 3675 1139; x_wconf 94' lang='lat'><strong>,</strong></span> <span class='ocrx_word' id='word_1_166' title='bbox 3704 1077 3749 1130; x_wconf 86' lang='lat' dir='ltr'><strong>si</strong></span> 
     </span>
    </p>
   </div>
   <div class='ocr_carea' id='block_1_28' title="bbox 2171 1158 3748 1230">
    <p class='ocr_par' dir='ltr' id='par_1_28' title="bbox 2171 1158 3748 1230">
     <span class='ocr_line' id='line_1_28' title="bbox 2171 1158 3748 1230; baseline 0.004 -19"><span class='ocrx_word' id='word_1_167' title='bbox 2171 1166 2377 1227; x_wconf 85' lang='lat' dir='ltr'><strong>potest,</strong></span> <span class='ocrx_word' id='word_1_168' title='bbox 2410 1158 2495 1211; x_wconf 87' lang='lat' dir='ltr'><strong>vel</strong></span> <span class='ocrx_word' id='word_1_169' title='bbox 2525 1174 2618 1227; x_wconf 89' lang='lat' dir='ltr'><strong>per</strong></span> <span class='ocrx_word' id='word_1_170' title='bbox 2646 1158 2832 1211; x_wconf 90' lang='lat' dir='ltr'><strong>harum</strong></span> <span class='ocrx_word' id='word_1_171' title='bbox 2862 1160 3230 1212; x_wconf 86' lang='lat' dir='ltr'><strong>recitationem</strong></span> <span class='ocrx_word' id='word_1_172' title='bbox 3260 1160 3418 1214; x_wconf 78' lang='lat' dir='ltr'><strong>faciat</strong></span> <span class='ocrx_word' id='word_1_173' title='bbox 3449 1164 3748 1230; x_wconf 83' lang='lat' dir='ltr'><strong>pervenire,</strong></span> 
     </span>
    </p>
   </div>
   <div class='ocr_carea' id='block_1_29' title="bbox 2172 1242 3747 1319">
    <p class='ocr_par' dir='ltr' id='par_1_29' title="bbox 2172 1242 3747 1319">
     <span class='ocr_line' id='line_1_29' title="bbox 2172 1242 3747 1319; baseline 0.005 -19"><span class='ocrx_word' id='word_1_174' title='bbox 2172 1258 2233 1300; x_wconf 93' lang='lat' dir='ltr'><strong>ut</strong></span> <span class='ocrx_word' id='word_1_175' title='bbox 2260 1262 2377 1315; x_wconf 75' lang='lat' dir='ltr'><strong>quze</strong></span> <span class='ocrx_word' id='word_1_176' title='bbox 2405 1249 2516 1317; x_wconf 90' lang='lat' dir='ltr'><strong>ipse</strong></span> <span class='ocrx_word' id='word_1_177' title='bbox 2558 1257 2664 1301; x_wconf 91' lang='lat' dir='ltr'><strong>tam</strong></span> <span class='ocrx_word' id='word_1_178' title='bbox 2706 1242 3011 1303; x_wconf 77' lang='lat' dir='ltr'><strong>necessario</strong></span> <span class='ocrx_word' id='word_1_179' title='bbox 3052 1261 3397 1318; x_wconf 87' lang='lat' dir='ltr'><strong>percontatus</strong></span> <span class='ocrx_word' id='word_1_180' title='bbox 3427 1267 3515 1319; x_wconf 89' lang='lat' dir='ltr'><strong>es,</strong></span> <span class='ocrx_word' id='word_1_181' title='bbox 3555 1262 3611 1307; x_wconf 90' lang='lat' dir='ltr'><strong>et</strong></span> <span class='ocrx_word' id='word_1_182' title='bbox 3654 1269 3747 1308; x_wconf 67' lang='lat' dir='ltr'><strong>nos</strong></span> 
     </span>
    </p>
   </div>
   <div class='ocr_carea' id='block_1_30' title="bbox 2174 1337 3745 1406">
    <p class='ocr_par' dir='ltr' id='par_1_30' title="bbox 2174 1337 3745 1406">
     <span class='ocr_line' id='line_1_30' title="bbox 2174 1337 3745 1406; baseline 0.003 -15"><span class='ocrx_word' id='word_1_183' title='bbox 2174 1337 2392 1391; x_wconf 88' lang='lat' dir='ltr'><strong>climate</strong></span> <span class='ocrx_word' id='word_1_184' title='bbox 2433 1338 2837 1406; x_wconf 84' lang='lat' dir='ltr'><strong>respondimus,</strong></span> <span class='ocrx_word' id='word_1_185' title='bbox 2888 1340 3157 1393; x_wconf 90' lang='lat' dir='ltr'><strong>communi</strong></span> <span class='ocrx_word' id='word_1_186' title='bbox 3198 1341 3433 1395; x_wconf 88' lang='lat' dir='ltr'><strong>omnium</strong></span> <span class='ocrx_word' id='word_1_187' title='bbox 3479 1358 3745 1397; x_wconf 83' lang='lat' dir='ltr'><strong>consensu</strong></span> 
     </span>
    </p>
   </div>
   <div class='ocr_carea' id='block_1_31' title="bbox 2174 1428 2790 1498">
    <p class='ocr_par' dir='ltr' id='par_1_31' title="bbox 2174 1428 2790 1498">
     <span class='ocr_line' id='line_1_31' title="bbox 2174 1428 2790 1498; baseline -0.002 -16"><span class='ocrx_word' id='word_1_188' title='bbox 2174 1428 2461 1498; x_wconf 88' lang='lat' dir='ltr'><strong>studioque</strong></span> <span class='ocrx_word' id='word_1_189' title='bbox 2489 1438 2790 1484; x_wconf 87' lang='lat' dir='ltr'><strong>serventur.</strong></span> 
     </span>
    </p>
   </div>
   <div class='ocr_carea' id='block_1_32' title="bbox 2256 1566 3652 1643">
    <p class='ocr_par' dir='ltr' id='par_1_32' title="bbox 2256 1566 3652 1643">
     <span class='ocr_line' id='line_1_32' title="bbox 2256 1566 3652 1643; baseline 0.004 -23"><span class='ocrx_word' id='word_1_190' title='bbox 2256 1566 2335 1620; x_wconf 81' lang='lat' dir='ltr'><strong>De</strong></span> <span class='ocrx_word' id='word_1_191' title='bbox 2362 1578 2540 1623; x_wconf 66' lang='lat' dir='ltr'><strong>sancto</strong></span> <span class='ocrx_word' id='word_1_192' title='bbox 2570 1569 2774 1623; x_wconf 87' lang='lat' dir='ltr'><strong>Joanne</strong></span> <span class='ocrx_word' id='word_1_193' title='bbox 2804 1567 3374 1640; x_wconf 73' lang='lat' dir='ltr'><strong>Constantinopolitano</strong></span> <span class='ocrx_word' id='word_1_194' title='bbox 3395 1574 3652 1643; x_wconf 81' lang='lat' dir='ltr'><strong>episcopo.</strong></span> 
     </span>
    </p>
   </div>
   <div class='ocr_carea' id='block_1_33' title="bbox 2244 1680 3620 1752">
    <p class='ocr_par' dir='ltr' id='par_1_33' title="bbox 2244 1680 3620 1752">
     <span class='ocr_line' id='line_1_33' title="bbox 2244 1680 3620 1752; baseline 0.003 -20"><span class='ocrx_word' id='word_1_195' title='bbox 2244 1680 2473 1734; x_wconf 77' lang='lat' dir='ltr'><strong>XLVIII.</strong></span> <span class='ocrx_word' id='word_1_196' title='bbox 2500 1680 2840 1736; x_wconf 80' lang='lat' dir='ltr'><strong>Innocentius</strong></span> <span class='ocrx_word' id='word_1_197' title='bbox 2865 1682 3081 1748; x_wconf 86' lang='lat' dir='ltr'><strong>Acacio,</strong></span> <span class='ocrx_word' id='word_1_198' title='bbox 3113 1681 3315 1735; x_wconf 65' lang='lat' dir='ltr'><strong>Beroea:</strong></span> <span class='ocrx_word' id='word_1_199' title='bbox 3343 1685 3620 1752; x_wconf 90' lang='lat' dir='ltr'><strong>episeopo.</strong></span> 
     </span>
    </p>
   </div>
   <div class='ocr_carea' id='block_1_34' title="bbox 494 1769 2061 1858">
    <p class='ocr_par' dir='ltr' id='par_1_34' title="bbox 494 1787 2061 1858">
     <span class='ocr_line' id='line_1_34' title="bbox 494 1787 2061 1858; baseline 0.003 -19"><span class='ocrx_word' id='word_1_200' title='bbox 494 1787 570 1841; x_wconf 90' lang='lat' dir='ltr'><strong>itu</strong></span> <span class='ocrx_word' id='word_1_201' title='bbox 601 1788 829 1851; x_wconf 89' lang='lat' dir='ltr'><strong>meruit,</strong></span> <span class='ocrx_word' id='word_1_202' title='bbox 863 1788 960 1840; x_wconf 84' lang='lat' dir='ltr'><strong>ista</strong></span> <span class='ocrx_word' id='word_1_203' title='bbox 1010 1796 1318 1856; x_wconf 88' lang='lat' dir='ltr'><strong>susceptum</strong></span> <span class='ocrx_word' id='word_1_204' title='bbox 1348 1789 1488 1858; x_wconf 90' lang='lat' dir='ltr'><strong>apud</strong></span> <span class='ocrx_word' id='word_1_205' title='bbox 1516 1800 2061 1851; x_wconf 62' lang='lat' dir='ltr'><strong>seconsummatum-</strong></span> 
     </span>
    </p>
   </div>
   <div class='ocr_carea' id='block_1_35' title="bbox 2167 1769 3743 1858">
    <p class='ocr_par' dir='ltr' id='par_1_35' title="bbox 2246 1769 3743 1839">
     <span class='ocr_line' id='line_1_35' title="bbox 2246 1769 3743 1839; baseline 0.005 -17"><span class='ocrx_word' id='word_1_206' title='bbox 2246 1769 2563 1839; x_wconf 86' lang='lat' dir='ltr'><strong>Adgandere</strong></span> <span class='ocrx_word' id='word_1_207' title='bbox 2612 1771 2804 1824; x_wconf 88' lang='lat' dir='ltr'><strong>litteris</strong></span> <span class='ocrx_word' id='word_1_208' title='bbox 2858 1772 3244 1825; x_wconf 81' lang='lat' dir='ltr'><strong>fraternitatem</strong></span> <span class='ocrx_word' id='word_1_209' title='bbox 3296 1781 3442 1825; x_wconf 90' lang='lat' dir='ltr'><strong>tuam</strong></span> <span class='ocrx_word' id='word_1_210' title='bbox 3482 1773 3549 1828; x_wconf 89' lang='lat' dir='ltr'><strong>de</strong></span> <span class='ocrx_word' id='word_1_211' title='bbox 3591 1789 3743 1829; x_wconf 86' lang='lat' dir='ltr'><strong>rece-</strong></span> 
     </span>
    </p>
   </div>
   <div class='ocr_carea' id='block_1_36' title="bbox 491 1878 2067 1947">
    <p class='ocr_par' dir='ltr' id='par_1_36' title="bbox 491 1878 2067 1947">
     <span class='ocr_line' id='line_1_36' title="bbox 491 1878 2067 1947; baseline 0.003 -17"><span class='ocrx_word' id='word_1_212' title='bbox 491 1893 596 1946; x_wconf 88' lang='lat' dir='ltr'><strong>que</strong></span> <span class='ocrx_word' id='word_1_213' title='bbox 622 1878 835 1945; x_wconf 79' lang='lat' dir='ltr'><strong>gaudet.</strong></span> <span class='ocrx_word' id='word_1_214' title='bbox 866 1879 1050 1947; x_wconf 89' lang='lat' dir='ltr'><strong>Itaque</strong></span> <span class='ocrx_word' id='word_1_215' title='bbox 1080 1880 1426 1947; x_wconf 83' lang='lat' dir='ltr'><strong>arbitramur,</strong></span> <span class='ocrx_word' id='word_1_216' title='bbox 1457 1880 1621 1936; x_wconf 81' lang='lat' dir='ltr'><strong>frater</strong></span> <span class='ocrx_word' id='word_1_217' title='bbox 1643 1882 1974 1946; x_wconf 88' lang='lat' dir='ltr'><strong>charissimc,</strong></span> <span class='ocrx_word' id='word_1_218' title='bbox 2010 1893 2067 1936; x_wconf 90' lang='lat' dir='ltr'><strong>ut</strong></span> 
     </span>
    </p>
   </div>
   <div class='ocr_carea' id='block_1_37' title="bbox 491 1971 2064 2041">
    <p class='ocr_par' dir='ltr' id='par_1_37' title="bbox 491 1971 2064 2041">
     <span class='ocr_line' id='line_1_37' title="bbox 491 1971 2064 2041; baseline 0.003 -18"><span class='ocrx_word' id='word_1_219' title='bbox 491 1972 629 2024; x_wconf 88' lang='lat' dir='ltr'><strong>sicut</strong></span> <span class='ocrx_word' id='word_1_220' title='bbox 667 1971 1113 2040; x_wconf 86' lang='lat' dir='ltr'><strong>metropolitanos</strong></span> <span class='ocrx_word' id='word_1_221' title='bbox 1157 1972 1480 2025; x_wconf 89' lang='lat' dir='ltr'><strong>auctoritate</strong></span> <span class='ocrx_word' id='word_1_222' title='bbox 1518 1973 1733 2027; x_wconf 89' lang='lat' dir='ltr'><strong>ordinas</strong></span> <span class='ocrx_word' id='word_1_223' title='bbox 1780 1975 2064 2041; x_wconf 83' lang='lat' dir='ltr'><strong>singulari,</strong></span> 
     </span>
    </p>
   </div>
   <div class='ocr_carea' id='block_1_38' title="bbox 489 2062 2064 2134">
    <p class='ocr_par' dir='ltr' id='par_1_38' title="bbox 489 2062 2064 2134">
     <span class='ocr_line' id='line_1_38' title="bbox 489 2062 2064 2134; baseline 0.003 -19"><span class='ocrx_word' id='word_1_224' title='bbox 489 2062 568 2115; x_wconf 89' lang='lat' dir='ltr'><strong>sic</strong></span> <span class='ocrx_word' id='word_1_225' title='bbox 595 2071 649 2115; x_wconf 91' lang='lat' dir='ltr'><strong>et</strong></span> <span class='ocrx_word' id='word_1_226' title='bbox 676 2070 901 2117; x_wconf 67' lang='lat' dir='ltr'><strong>ceteros</strong></span> <span class='ocrx_word' id='word_1_227' title='bbox 936 2078 1040 2115; x_wconf 90' lang='lat' dir='ltr'><strong>non</strong></span> <span class='ocrx_word' id='word_1_228' title='bbox 1070 2063 1187 2115; x_wconf 89' lang='lat' dir='ltr'><strong>sine</strong></span> <span class='ocrx_word' id='word_1_229' title='bbox 1215 2063 1482 2132; x_wconf 90' lang='lat' dir='ltr'><strong>permissu</strong></span> <span class='ocrx_word' id='word_1_230' title='bbox 1512 2065 1949 2134; x_wconf 83' lang='lat' dir='ltr'><strong>conscientiaque</strong></span> <span class='ocrx_word' id='word_1_231' title='bbox 1976 2075 2064 2120; x_wconf 91' lang='lat' dir='ltr'><strong>tua</strong></span> 
     </span>
    </p>
   </div>
   <div class='ocr_carea' id='block_1_39' title="bbox 488 2152 2064 2221">
    <p class='ocr_par' dir='ltr' id='par_1_39' title="bbox 488 2152 2064 2221">
     <span class='ocr_line' id='line_1_39' title="bbox 488 2152 2064 2221; baseline 0.001 -14"><span class='ocrx_word' id='word_1_232' title='bbox 488 2153 633 2207; x_wconf 90' lang='lat' dir='ltr'><strong>sinas</strong></span> <span class='ocrx_word' id='word_1_233' title='bbox 661 2153 943 2221; x_wconf 84' lang='lat' dir='ltr'><strong>episcopos</strong></span> <span class='ocrx_word' id='word_1_234' title='bbox 972 2152 1284 2220; x_wconf 89' lang='lat' dir='ltr'><strong>procreari,</strong></span> <span class='ocrx_word' id='word_1_235' title='bbox 1336 2152 1388 2206; x_wconf 91' lang='lat' dir='ltr'><strong>in</strong></span> <span class='ocrx_word' id='word_1_236' title='bbox 1429 2153 1622 2221; x_wconf 88' lang='lat' dir='ltr'><strong>quibus</strong></span> <span class='ocrx_word' id='word_1_237' title='bbox 1662 2155 1803 2208; x_wconf 89' lang='lat' dir='ltr'><strong>hunc</strong></span> <span class='ocrx_word' id='word_1_238' title='bbox 1848 2156 2064 2209; x_wconf 87' lang='lat' dir='ltr'><strong>modum</strong></span> 
     </span>
    </p>
   </div>
   <div class='ocr_carea' id='block_1_40' title="bbox 489 2241 2063 2313">
    <p class='ocr_par' dir='ltr' id='par_1_40' title="bbox 489 2241 2063 2313">
     <span class='ocr_line' id='line_1_40' title="bbox 489 2241 2063 2313; baseline 0.004 -18"><span class='ocrx_word' id='word_1_239' title='bbox 489 2252 634 2298; x_wconf 83' lang='lat' dir='ltr'><strong>recte</strong></span> <span class='ocrx_word' id='word_1_240' title='bbox 663 2243 923 2308; x_wconf 85' lang='lat' dir='ltr'><strong>servabis,</strong></span> <span class='ocrx_word' id='word_1_241' title='bbox 949 2253 1002 2296; x_wconf 91' lang='lat' dir='ltr'><strong>ut</strong></span> <span class='ocrx_word' id='word_1_242' title='bbox 1033 2243 1187 2311; x_wconf 87' lang='lat' dir='ltr'><strong>longe</strong></span> <span class='ocrx_word' id='word_1_243' title='bbox 1213 2247 1421 2313; x_wconf 83' lang='lat' dir='ltr'><strong>positos</strong></span> <span class='ocrx_word' id='word_1_244' title='bbox 1450 2241 1639 2299; x_wconf 79' lang='lat' dir='ltr'><strong>Iitteﬁs</strong></span> <span class='ocrx_word' id='word_1_245' title='bbox 1664 2245 1804 2302; x_wconf 86' lang='lat' dir='ltr'><strong>datis</strong></span> <span class='ocrx_word' id='word_1_246' title='bbox 1824 2246 2063 2301; x_wconf 90' lang='lat' dir='ltr'><strong>ordinari</strong></span> 
     </span>
    </p>
   </div>
   <div class='ocr_carea' id='block_1_41' title="bbox 488 2320 2066 2400">
    <p class='ocr_par' dir='ltr' id='par_1_41' title="bbox 488 2320 2066 2400">
     <span class='ocr_line' id='line_1_41' title="bbox 488 2320 2066 2400; baseline 0.001 -13"><span class='ocrx_word' id='word_1_247' title='bbox 488 2348 711 2387; x_wconf 89' lang='lat' dir='ltr'><strong>censeas</strong></span> <span class='ocrx_word' id='word_1_248' title='bbox 746 2333 811 2386; x_wconf 91' lang='lat' dir='ltr'><strong>ab</strong></span> <span class='ocrx_word' id='word_1_249' title='bbox 857 2320 937 2386; x_wconf 89' lang='lat' dir='ltr'><strong>his</strong></span> <span class='ocrx_word' id='word_1_250' title='bbox 981 2333 1071 2400; x_wconf 86' lang='lat' dir='ltr'><strong>qui</strong></span> <span class='ocrx_word' id='word_1_251' title='bbox 1115 2349 1257 2387; x_wconf 82' lang='lat' dir='ltr'><strong>nunc</strong></span> <span class='ocrx_word' id='word_1_252' title='bbox 1295 2350 1389 2387; x_wconf 89' lang='lat' dir='ltr'><strong>eos</strong></span> <span class='ocrx_word' id='word_1_253' title='bbox 1430 2350 1527 2388; x_wconf 92' lang='lat' dir='ltr'><strong>suo</strong></span> <span class='ocrx_word' id='word_1_254' title='bbox 1570 2343 1776 2388; x_wconf 88' lang='lat' dir='ltr'><strong>tantum</strong></span> <span class='ocrx_word' id='word_1_255' title='bbox 1815 2337 2066 2389; x_wconf 79' lang='lat' dir='ltr'><strong>ordinant</strong></span> 
     </span>
    </p>
   </div>
   <div class='ocr_carea' id='block_1_42' title="bbox 490 2423 2063 2495">
    <p class='ocr_par' dir='ltr' id='par_1_42' title="bbox 490 2423 2063 2495">
     <span class='ocr_line' id='line_1_42' title="bbox 490 2423 2063 2495; baseline 0.004 -21"><span class='ocrx_word' id='word_1_256' title='bbox 490 2423 780 2485; x_wconf 86' lang='lat' dir='ltr'><strong>arbitratu;</strong></span> <span class='ocrx_word' id='word_1_257' title='bbox 809 2423 1015 2476; x_wconf 90' lang='lat' dir='ltr'><strong>vicinos</strong></span> <span class='ocrx_word' id='word_1_258' title='bbox 1037 2431 1239 2487; x_wconf 88' lang='lat' dir='ltr'><strong>autem,</strong></span> <span class='ocrx_word' id='word_1_259' title='bbox 1264 2424 1307 2476; x_wconf 91' lang='lat' dir='ltr'><strong>si</strong></span> <span class='ocrx_word' id='word_1_260' title='bbox 1331 2424 1564 2478; x_wconf 69' lang='lat' dir='ltr'><strong>aestimas</strong></span> <span class='ocrx_word' id='word_1_261' title='bbox 1586 2424 1650 2477; x_wconf 88' lang='lat' dir='ltr'><strong>ad</strong></span> <span class='ocrx_word' id='word_1_262' title='bbox 1674 2438 1864 2479; x_wconf 90' lang='lat' dir='ltr'><strong>manus</strong></span> <span class='ocrx_word' id='word_1_263' title='bbox 1894 2426 2063 2495; x_wconf 88' lang='lat' dir='ltr'><strong>impo-</strong></span> 
     </span>
    </p>
   </div>
   <div class='ocr_carea' id='block_1_43' title="bbox 488 2512 2060 2584">
    <p class='ocr_par' dir='ltr' id='par_1_43' title="bbox 488 2512 2060 2584">
     <span class='ocr_line' id='line_1_43' title="bbox 488 2512 2060 2584; baseline 0.003 -17"><span class='ocrx_word' id='word_1_264' title='bbox 488 2512 737 2567; x_wconf 85' lang='lat' dir='ltr'><strong>sitionem</strong></span> <span class='ocrx_word' id='word_1_265' title='bbox 768 2521 870 2566; x_wconf 77' lang='lat' dir='ltr'><strong>tua:</strong></span> <span class='ocrx_word' id='word_1_266' title='bbox 894 2512 1075 2581; x_wconf 65' lang='lat' dir='ltr'><strong>gratiae</strong></span> <span class='ocrx_word' id='word_1_267' title='bbox 1098 2522 1304 2567; x_wconf 86' lang='lat' dir='ltr'><strong>statuas</strong></span> <span class='ocrx_word' id='word_1_268' title='bbox 1326 2515 1608 2582; x_wconf 88' lang='lat' dir='ltr'><strong>pervenire</strong></span> <span class='ocrx_word' id='word_1_269' title='bbox 1635 2532 1648 2566; x_wconf 94' lang='lat'>:</span> <span class='ocrx_word' id='word_1_270' title='bbox 1676 2531 1901 2584; x_wconf 90' lang='lat' dir='ltr'><strong>quorum</strong></span> <span class='ocrx_word' id='word_1_271' title='bbox 1920 2518 2060 2572; x_wconf 90' lang='lat' dir='ltr'><strong>enim</strong></span> 
     </span>
    </p>
   </div>
   <div class='ocr_carea' id='block_1_44' title="bbox 490 2603 2063 2674">
    <p class='ocr_par' dir='ltr' id='par_1_44' title="bbox 490 2603 2063 2674">
     <span class='ocr_line' id='line_1_44' title="bbox 490 2603 2063 2674; baseline 0.004 -18"><span class='ocrx_word' id='word_1_272' title='bbox 490 2610 545 2657; x_wconf 89' lang='lat' dir='ltr'><strong>te</strong></span> <span class='ocrx_word' id='word_1_273' title='bbox 585 2603 814 2655; x_wconf 78' lang='lat' dir='ltr'><strong>maxima</strong></span> <span class='ocrx_word' id='word_1_274' title='bbox 844 2611 1121 2671; x_wconf 79' lang='lat' dir='ltr'><strong>exspectat</strong></span> <span class='ocrx_word' id='word_1_275' title='bbox 1147 2620 1274 2658; x_wconf 89' lang='lat' dir='ltr'><strong>cura</strong></span> <span class='ocrx_word' id='word_1_276' title='bbox 1299 2644 1313 2669; x_wconf 91' lang='lat'><strong>,</strong></span> <span class='ocrx_word' id='word_1_277' title='bbox 1364 2604 1632 2674; x_wconf 70' lang='lat' dir='ltr'><strong>prmcipue</strong></span> <span class='ocrx_word' id='word_1_278' title='bbox 1675 2614 1820 2659; x_wconf 90' lang='lat' dir='ltr'><strong>tuum</strong></span> <span class='ocrx_word' id='word_1_279' title='bbox 1866 2605 2063 2662; x_wconf 88' lang='lat' dir='ltr'><strong>debent</strong></span> 
     </span>
    </p>
   </div>
   <div class='ocr_carea' id='block_1_45' title="bbox 488 2691 990 2760">
    <p class='ocr_par' dir='ltr' id='par_1_45' title="bbox 488 2691 990 2760">
     <span class='ocr_line' id='line_1_45' title="bbox 488 2691 990 2760; baseline -0.006 -14"><span class='ocrx_word' id='word_1_280' title='bbox 488 2693 683 2747; x_wconf 88' lang='lat' dir='ltr'><strong>mereri</strong></span> <span class='ocrx_word' id='word_1_281' title='bbox 709 2691 990 2760; x_wconf 88' lang='lat' dir='ltr'><strong>judicium.</strong></span> 
     </span>
    </p>
   </div>
   <div class='ocr_carea' id='block_1_46' title="bbox 489 2806 2062 2883">
    <p class='ocr_par' dir='ltr' id='par_1_46' title="bbox 489 2806 2062 2883">
     <span class='ocr_line' id='line_1_46' title="bbox 489 2806 2062 2883; baseline 0.006 -25"><span class='ocrx_word' id='word_1_282' title='bbox 489 2806 638 2870; x_wconf 82' lang='lat' dir='ltr'><strong>Quod</strong></span> <span class='ocrx_word' id='word_1_283' title='bbox 673 2823 774 2860; x_wconf 86' lang='lat' dir='ltr'><strong>non</strong></span> <span class='ocrx_word' id='word_1_284' title='bbox 790 2814 1037 2883; x_wconf 84' lang='lat' dir='ltr'><strong>_0porteat</strong></span> <span class='ocrx_word' id='word_1_285' title='bbox 1065 2808 1342 2883; x_wconf 67' lang='lat' dir='ltr'><strong>secundum</strong></span> <span class='ocrx_word' id='word_1_286' title='bbox 1376 2811 1653 2883; x_wconf 79' lang='lat' dir='ltr'><strong>constituta</strong></span> <span class='ocrx_word' id='word_1_287' title='bbox 1697 2812 2062 2883; x_wconf 77' lang='lat' dir='ltr'><strong>imperatorum</strong></span> 
     </span>
    </p>
   </div>
   <div class='ocr_carea' id='block_1_47' title="bbox 764 2877 1778 2951">
    <p class='ocr_par' dir='ltr' id='par_1_47' title="bbox 764 2877 1778 2951">
     <span class='ocr_line' id='line_1_47' title="bbox 764 2877 1778 2951; baseline 0.006 -22"><span class='ocrx_word' id='word_1_288' title='bbox 764 2877 891 2930; x_wconf 87' lang='lat' dir='ltr'><strong>duos</strong></span> <span class='ocrx_word' id='word_1_289' title='bbox 916 2894 1026 2931; x_wconf 83' lang='lat' dir='ltr'><strong>esse</strong></span> <span class='ocrx_word' id='word_1_290' title='bbox 1046 2879 1465 2947; x_wconf 70' lang='lat' dir='ltr'><strong>metropolitano:</strong></span> <span class='ocrx_word' id='word_1_291' title='bbox 1496 2877 1778 2951; x_wconf 69' lang='grc' dir='ltr'><strong>ερίδσοροδζ</strong></span> 
     </span>
    </p>
   </div>
   <div class='ocr_carea' id='block_1_48' title="bbox 557 2965 2059 3044">
    <p class='ocr_par' dir='ltr' id='par_1_48' title="bbox 557 2965 2059 3044">
     <span class='ocr_line' id='line_1_48' title="bbox 557 2965 2059 3044; baseline 0.006 -25"><span class='ocrx_word' id='word_1_292' title='bbox 557 2965 737 3021; x_wconf 75' lang='lat' dir='ltr'><strong>XLVI.</strong></span> <span class='ocrx_word' id='word_1_293' title='bbox 768 2966 900 3021; x_wconf 87' lang='lat' dir='ltr'><strong>Nam</strong></span> <span class='ocrx_word' id='word_1_294' title='bbox 930 2966 1075 3036; x_wconf 91' lang='lat' dir='ltr'><strong>quod</strong></span> <span class='ocrx_word' id='word_1_295' title='bbox 1116 2968 1437 3034; x_wconf 88' lang='lat' dir='ltr'><strong>sciscitaris,</strong></span> <span class='ocrx_word' id='word_1_296' title='bbox 1469 2980 1647 3024; x_wconf 87' lang='lat' dir='ltr'><strong>utrum</strong></span> <span class='ocrx_word' id='word_1_297' title='bbox 1676 2972 1860 3027; x_wconf 87' lang='lat' dir='ltr'><strong>divisis</strong></span> <span class='ocrx_word' id='word_1_298' title='bbox 1890 2975 2059 3044; x_wconf 88' lang='lat' dir='ltr'><strong>impc-</strong></span> 
     </span>
    </p>
   </div>
   <div class='ocr_carea' id='block_1_49' title="bbox 486 3056 2061 3130">
    <p class='ocr_par' dir='ltr' id='par_1_49' title="bbox 486 3056 2061 3130">
     <span class='ocr_line' id='line_1_49' title="bbox 486 3056 2061 3130; baseline 0.006 -20"><span class='ocrx_word' id='word_1_299' title='bbox 486 3057 605 3110; x_wconf 87' lang='lat' dir='ltr'><strong>riali</strong></span> <span class='ocrx_word' id='word_1_300' title='bbox 623 3057 825 3125; x_wconf 81' lang='lat' dir='ltr'><strong>judicio</strong></span> <span class='ocrx_word' id='word_1_301' title='bbox 854 3056 1159 3124; x_wconf 88' lang='lat' dir='ltr'><strong>provinciis,</strong></span> <span class='ocrx_word' id='word_1_302' title='bbox 1194 3065 1251 3110; x_wconf 90' lang='lat' dir='ltr'><strong>ut</strong></span> <span class='ocrx_word' id='word_1_303' title='bbox 1282 3056 1399 3113; x_wconf 70' lang='lat' dir='ltr'><strong>duae</strong></span> <span class='ocrx_word' id='word_1_304' title='bbox 1427 3062 1754 3130; x_wconf 89' lang='lat' dir='ltr'><strong>metropoles</strong></span> <span class='ocrx_word' id='word_1_305' title='bbox 1784 3063 1935 3128; x_wconf 88' lang='lat' dir='ltr'><strong>tiant,</strong></span> <span class='ocrx_word' id='word_1_306' title='bbox 1982 3066 2061 3120; x_wconf 90' lang='lat' dir='ltr'><strong>sic</strong></span> 
     </span>
    </p>
   </div>
   <div class='ocr_carea' id='block_1_50' title="bbox 2171 1860 3742 1933">
    <p class='ocr_par' dir='ltr' id='par_1_50' title="bbox 2171 1860 3742 1933">
     <span class='ocr_line' id='line_1_50' title="bbox 2171 1860 3742 1933; baseline 0.004 -20"><span class='ocrx_word' id='word_1_307' title='bbox 2171 1862 2274 1931; x_wconf 90' lang='lat' dir='ltr'><strong>ptis</strong></span> <span class='ocrx_word' id='word_1_308' title='bbox 2341 1860 2547 1915; x_wconf 84' lang='lat' dir='ltr'><strong>Paulini</strong></span> <span class='ocrx_word' id='word_1_309' title='bbox 2642 1863 2725 1916; x_wconf 89' lang='lat' dir='ltr'><strong>vel</strong></span> <span class='ocrx_word' id='word_1_310' title='bbox 2796 1860 3006 1929; x_wconf 81' lang='lat' dir='ltr'><strong>Evagrii</strong></span> <span class='ocrx_word' id='word_1_311' title='bbox 3062 1864 3435 1932; x_wconf 87' lang='lat' dir='ltr'><strong>episcoporum</strong></span> <span class='ocrx_word' id='word_1_312' title='bbox 3498 1864 3742 1933; x_wconf 87' lang='lat' dir='ltr'><strong>clericis,</strong></span> 
     </span>
    </p>
   </div>
   <div class='ocr_carea' id='block_1_51' title="bbox 2169 1952 3742 2025">
    <p class='ocr_par' dir='ltr' id='par_1_51' title="bbox 2169 1952 3742 2025">
     <span class='ocr_line' id='line_1_51' title="bbox 2169 1952 3742 2025; baseline 0.001 -18"><span class='ocrx_word' id='word_1_313' title='bbox 2169 1954 2531 2022; x_wconf 89' lang='lat' dir='ltr'><strong>populisque,</strong></span> <span class='ocrx_word' id='word_1_314' title='bbox 2586 1962 2642 2007; x_wconf 90' lang='lat' dir='ltr'><strong>et</strong></span> <span class='ocrx_word' id='word_1_315' title='bbox 2703 1953 2770 2008; x_wconf 91' lang='lat' dir='ltr'><strong>de</strong></span> <span class='ocrx_word' id='word_1_316' title='bbox 2814 1954 3072 2009; x_wconf 89' lang='lat' dir='ltr'><strong>restitutis</strong></span> <span class='ocrx_word' id='word_1_317' title='bbox 3125 1952 3332 2022; x_wconf 87' lang='lat' dir='ltr'><strong>Elpidio</strong></span> <span class='ocrx_word' id='word_1_318' title='bbox 3392 1961 3552 2023; x_wconf 89' lang='lat' dir='ltr'><strong>atque</strong></span> <span class='ocrx_word' id='word_1_319' title='bbox 3609 1953 3742 2025; x_wconf 89' lang='lat' dir='ltr'><strong>Pap-</strong></span> 
     </span>
    </p>
   </div>
   <div class='ocr_carea' id='block_1_52' title="bbox 2169 2043 3745 2115">
    <p class='ocr_par' dir='ltr' id='par_1_52' title="bbox 2169 2043 3745 2115">
     <span class='ocr_line' id='line_1_52' title="bbox 2169 2043 3745 2115; baseline 0.003 -18"><span class='ocrx_word' id='word_1_320' title='bbox 2169 2058 2239 2111; x_wconf 92' lang='lat' dir='ltr'><strong>po</strong></span> <span class='ocrx_word' id='word_1_321' title='bbox 2279 2044 2616 2113; x_wconf 89' lang='lat' dir='ltr'><strong>coepiscopis</strong></span> <span class='ocrx_word' id='word_1_322' title='bbox 2654 2044 3077 2113; x_wconf 88' lang='lat' dir='ltr'><strong>percensuimus,</strong></span> <span class='ocrx_word' id='word_1_323' title='bbox 3112 2053 3165 2097; x_wconf 90' lang='lat' dir='ltr'><strong>et</strong></span> <span class='ocrx_word' id='word_1_324' title='bbox 3210 2043 3295 2099; x_wconf 87' lang='lat' dir='ltr'><strong>vel</strong></span> <span class='ocrx_word' id='word_1_325' title='bbox 3344 2059 3464 2098; x_wconf 90' lang='lat' dir='ltr'><strong>sero</strong></span> <span class='ocrx_word' id='word_1_326' title='bbox 3509 2054 3745 2115; x_wconf 62' lang='lat' dir='ltr'><strong>recepta}</strong></span> 
     </span>
    </p>
   </div>
   <div class='ocr_carea' id='block_1_53' title="bbox 2168 2134 3742 2204">
    <p class='ocr_par' dir='ltr' id='par_1_53' title="bbox 2168 2134 3742 2204">
     <span class='ocr_line' id='line_1_53' title="bbox 2168 2134 3742 2204; baseline 0.004 -19"><span class='ocrx_word' id='word_1_327' title='bbox 2168 2134 2316 2201; x_wconf 89' lang='lat' dir='ltr'><strong>pacis</strong></span> <span class='ocrx_word' id='word_1_328' title='bbox 2341 2136 2567 2201; x_wconf 85' lang='lat' dir='ltr'><strong>gratiam</strong></span> <span class='ocrx_word' id='word_1_329' title='bbox 2598 2143 2651 2189; x_wconf 91' lang='lat' dir='ltr'><strong>te</strong></span> <span class='ocrx_word' id='word_1_330' title='bbox 2683 2135 2864 2190; x_wconf 85' lang='lat' dir='ltr'><strong>fovere</strong></span> <span class='ocrx_word' id='word_1_331' title='bbox 2893 2136 3191 2204; x_wconf 90' lang='lat' dir='ltr'><strong>postposita</strong></span> <span class='ocrx_word' id='word_1_332' title='bbox 3220 2136 3366 2190; x_wconf 92' lang='lat' dir='ltr'><strong>omni</strong></span> <span class='ocrx_word' id='word_1_333' title='bbox 3399 2138 3742 2191; x_wconf 86' lang='lat' dir='ltr'><strong>contentione</strong></span> 
     </span>
    </p>
   </div>
   <div class='ocr_carea' id='block_1_54' title="bbox 2166 2223 3751 2295">
    <p class='ocr_par' dir='ltr' id='par_1_54' title="bbox 2166 2223 3751 2295">
     <span class='ocr_line' id='line_1_54' title="bbox 2166 2223 3751 2295; baseline 0.004 -18"><span class='ocrx_word' id='word_1_334' title='bbox 2166 2226 2515 2295; x_wconf 85' lang='lat' dir='ltr'><strong>pervidimus.</strong></span> <span class='ocrx_word' id='word_1_335' title='bbox 2568 2223 2719 2280; x_wconf 90' lang='lat' dir='ltr'><strong>Unde</strong></span> <span class='ocrx_word' id='word_1_336' title='bbox 2750 2226 2846 2279; x_wconf 90' lang='lat' dir='ltr'><strong>has</strong></span> <span class='ocrx_word' id='word_1_337' title='bbox 2875 2224 2940 2279; x_wconf 91' lang='lat' dir='ltr'><strong>ad</strong></span> <span class='ocrx_word' id='word_1_338' title='bbox 2984 2226 3499 2295; x_wconf 62' lang='lat' dir='ltr'><strong>praestantissimum’</strong></span> <span class='ocrx_word' id='word_1_339' title='bbox 3525 2226 3751 2283; x_wconf 86' lang='lat' dir='ltr'><strong>fratrem-</strong></span> 
     </span>
    </p>
   </div>
   <div class='ocr_carea' id='block_1_55' title="bbox 2165 2315 3741 2385">
    <p class='ocr_par' dir='ltr' id='par_1_55' title="bbox 2165 2315 3741 2385">
     <span class='ocr_line' id='line_1_55' title="bbox 2165 2315 3741 2385; baseline 0.001 -16"><span class='ocrx_word' id='word_1_340' title='bbox 2165 2324 2220 2369; x_wconf 87' lang='lat' dir='ltr'><strong>ct</strong></span> <span class='ocrx_word' id='word_1_341' title='bbox 2260 2316 2638 2385; x_wconf 89' lang='lat' dir='ltr'><strong>coepiscopum</strong></span> <span class='ocrx_word' id='word_1_342' title='bbox 2666 2324 2907 2369; x_wconf 90' lang='lat' dir='ltr'><strong>nostrum</strong></span> <span class='ocrx_word' id='word_1_343' title='bbox 2936 2315 3294 2369; x_wconf 74' lang='lat' dir='ltr'><strong>Alexandrum</strong></span> <span class='ocrx_word' id='word_1_344' title='bbox 3315 2315 3611 2372; x_wconf 87' lang='lat' dir='ltr'><strong>reddendas</strong></span> <span class='ocrx_word' id='word_1_345' title='bbox 3640 2326 3741 2371; x_wconf 63' lang='lat' dir='ltr'><strong>tum</strong></span> 
     </span>
    </p>
   </div>
   <div class='ocr_carea' id='block_1_56' title="bbox 2168 2404 3740 2471">
    <p class='ocr_par' dir='ltr' id='par_1_56' title="bbox 2168 2404 3740 2471">
     <span class='ocr_line' id='line_1_56' title="bbox 2168 2404 3740 2471; baseline 0.001 -12"><span class='ocrx_word' id='word_1_346' title='bbox 2168 2406 2558 2459; x_wconf 89' lang='lat' dir='ltr'><strong>transmisimus</strong></span> <span class='ocrx_word' id='word_1_347' title='bbox 2586 2405 2943 2471; x_wconf 88' lang='lat' dir='ltr'><strong>unanimitati,</strong></span> <span class='ocrx_word' id='word_1_348' title='bbox 2975 2405 3221 2460; x_wconf 87' lang='lat' dir='ltr'><strong>videlicet</strong></span> <span class='ocrx_word' id='word_1_349' title='bbox 3258 2412 3315 2458; x_wconf 92' lang='lat' dir='ltr'><strong>ut</strong></span> <span class='ocrx_word' id='word_1_350' title='bbox 3348 2404 3393 2458; x_wconf 93' lang='lat' dir='ltr'><strong>si</strong></span> <span class='ocrx_word' id='word_1_351' title='bbox 3426 2419 3613 2460; x_wconf 88' lang='lat' dir='ltr'><strong>omnes</strong></span> <span class='ocrx_word' id='word_1_352' title='bbox 3642 2407 3740 2460; x_wconf 89' lang='lat' dir='ltr'><strong>ini-</strong></span> 
     </span>
    </p>
   </div>
   <div class='ocr_carea' id='block_1_57' title="bbox 2164 2496 3753 2561">
    <p class='ocr_par' dir='ltr' id='par_1_57' title="bbox 2164 2496 3753 2561">
     <span class='ocr_line' id='line_1_57' title="bbox 2164 2496 3753 2561; baseline 0.002 -13"><span class='ocrx_word' id='word_1_353' title='bbox 2164 2496 2400 2561; x_wconf 78' lang='lat' dir='ltr'><strong>micitiae,</strong></span> <span class='ocrx_word' id='word_1_354' title='bbox 2426 2499 2601 2552; x_wconf 85' lang='lat' dir='ltr'><strong>omnis</strong></span> <span class='ocrx_word' id='word_1_355' title='bbox 2623 2499 2896 2553; x_wconf 67' lang='lat' dir='ltr'><strong>aemulatio</strong></span> <span class='ocrx_word' id='word_1_356' title='bbox 2920 2505 3026 2551; x_wconf 88' lang='lat' dir='ltr'><strong>tam</strong></span> <span class='ocrx_word' id='word_1_357' title='bbox 3054 2496 3123 2551; x_wconf 89' lang='lat' dir='ltr'><strong>de</strong></span> <span class='ocrx_word' id='word_1_358' title='bbox 3148 2498 3365 2552; x_wconf 88' lang='lat' dir='ltr'><strong>nomine</strong></span> <span class='ocrx_word' id='word_1_359' title='bbox 3390 2498 3561 2551; x_wconf 92' lang='lat' dir='ltr'><strong>sancti</strong></span> <span class='ocrx_word' id='word_1_360' title='bbox 3584 2497 3753 2551; x_wconf 84' lang='lat' dir='ltr'><strong>Joan-</strong></span> 
     </span>
    </p>
   </div>
   <div class='ocr_carea' id='block_1_58' title="bbox 2165 2584 3739 2657">
    <p class='ocr_par' dir='ltr' id='par_1_58' title="bbox 2165 2584 3739 2657">
     <span class='ocr_line' id='line_1_58' title="bbox 2165 2584 3739 2657; baseline -0.001 -17"><span class='ocrx_word' id='word_1_361' title='bbox 2165 2588 2249 2641; x_wconf 86' lang='lat' dir='ltr'><strong>nis</strong></span> <span class='ocrx_word' id='word_1_362' title='bbox 2274 2588 2500 2641; x_wconf 88' lang='lat' dir='ltr'><strong>mirandi</strong></span> <span class='ocrx_word' id='word_1_363' title='bbox 2524 2589 2787 2657; x_wconf 88' lang='lat' dir='ltr'><strong>episcopi,</strong></span> <span class='ocrx_word' id='word_1_364' title='bbox 2809 2603 2967 2656; x_wconf 89' lang='lat' dir='ltr'><strong>quam</strong></span> <span class='ocrx_word' id='word_1_365' title='bbox 2988 2587 3056 2641; x_wconf 90' lang='lat' dir='ltr'><strong>de</strong></span> <span class='ocrx_word' id='word_1_366' title='bbox 3075 2586 3322 2641; x_wconf 88' lang='lat' dir='ltr'><strong>omnibus</strong></span> <span class='ocrx_word' id='word_1_367' title='bbox 3342 2584 3575 2654; x_wconf 86' lang='lat' dir='ltr'><strong>ejusdem</strong></span> <span class='ocrx_word' id='word_1_368' title='bbox 3598 2601 3739 2641; x_wconf 81' lang='lat' dir='ltr'><strong>coin-</strong></span> 
     </span>
    </p>
   </div>
   <div class='ocr_carea' id='block_1_59' title="bbox 2163 2675 3740 2747">
    <p class='ocr_par' dir='ltr' id='par_1_59' title="bbox 2163 2675 3740 2747">
     <span class='ocr_line' id='line_1_59' title="bbox 2163 2675 3740 2747; baseline -0.002 -17"><span class='ocrx_word' id='word_1_369' title='bbox 2163 2677 2431 2731; x_wconf 89' lang='lat' dir='ltr'><strong>munionis</strong></span> <span class='ocrx_word' id='word_1_370' title='bbox 2486 2677 2831 2747; x_wconf 89' lang='lat' dir='ltr'><strong>participibus</strong></span> <span class='ocrx_word' id='word_1_371' title='bbox 2871 2692 2902 2730; x_wconf 91' lang='lat' dir='ltr'><strong>a</strong></span> <span class='ocrx_word' id='word_1_372' title='bbox 2944 2685 3033 2730; x_wconf 92' lang='lat' dir='ltr'><strong>tua</strong></span> <span class='ocrx_word' id='word_1_373' title='bbox 3089 2675 3429 2729; x_wconf 86' lang='lat' dir='ltr'><strong>animositate</strong></span> <span class='ocrx_word' id='word_1_374' title='bbox 3472 2675 3740 2742; x_wconf 87' lang='lat' dir='ltr'><strong>discessit,</strong></span> 
     </span>
    </p>
   </div>
   <div class='ocr_carea' id='block_1_60' title="bbox 2163 2767 3740 2837">
    <p class='ocr_par' dir='ltr' id='par_1_60' title="bbox 2163 2767 3740 2837">
     <span class='ocr_line' id='line_1_60' title="bbox 2163 2767 3740 2837; baseline -0.002 -15"><span class='ocrx_word' id='word_1_375' title='bbox 2163 2770 2259 2823; x_wconf 88' lang='lat' dir='ltr'><strong>has</strong></span> <span class='ocrx_word' id='word_1_376' title='bbox 2287 2778 2484 2823; x_wconf 69' lang='lat' dir='ltr'><strong>nostrm</strong></span> <span class='ocrx_word' id='word_1_377' title='bbox 2512 2770 2785 2824; x_wconf 88' lang='lat' dir='ltr'><strong>societatis</strong></span> <span class='ocrx_word' id='word_1_378' title='bbox 2826 2767 3051 2837; x_wconf 90' lang='lat' dir='ltr'><strong>recipias</strong></span> <span class='ocrx_word' id='word_1_379' title='bbox 3090 2767 3311 2832; x_wconf 88' lang='lat' dir='ltr'><strong>litteras,</strong></span> <span class='ocrx_word' id='word_1_380' title='bbox 3346 2767 3509 2820; x_wconf 82' lang='lat' dir='ltr'><strong>frater</strong></span> <span class='ocrx_word' id='word_1_381' title='bbox 3535 2767 3740 2821; x_wconf 89' lang='lat' dir='ltr'><strong>charis-</strong></span> 
     </span>
    </p>
   </div>
   <div class='ocr_carea' id='block_1_61' title="bbox 2160 2854 3737 2926">
    <p class='ocr_par' dir='ltr' id='par_1_61' title="bbox 2160 2854 3737 2926">
     <span class='ocr_line' id='line_1_61' title="bbox 2160 2854 3737 2926; baseline -0.004 -12"><span class='ocrx_word' id='word_1_382' title='bbox 2160 2859 2315 2924; x_wconf 90' lang='lat' dir='ltr'><strong>sime,</strong></span> <span class='ocrx_word' id='word_1_383' title='bbox 2359 2858 2521 2913; x_wconf 86' lang='lat' dir='ltr'><strong>modo</strong></span> <span class='ocrx_word' id='word_1_384' title='bbox 2568 2866 2627 2912; x_wconf 89' lang='lat' dir='ltr'><strong>ut</strong></span> <span class='ocrx_word' id='word_1_385' title='bbox 2654 2857 2831 2911; x_wconf 90' lang='lat' dir='ltr'><strong>omnia</strong></span> <span class='ocrx_word' id='word_1_386' title='bbox 2873 2872 2993 2926; x_wconf 76' lang='lat' dir='ltr'><strong>qua:</strong></span> <span class='ocrx_word' id='word_1_387' title='bbox 3022 2856 3107 2909; x_wconf 92' lang='lat' dir='ltr'><strong>hic</strong></span> <span class='ocrx_word' id='word_1_388' title='bbox 3153 2855 3287 2909; x_wconf 91' lang='lat' dir='ltr'><strong>actis</strong></span> <span class='ocrx_word' id='word_1_389' title='bbox 3342 2854 3545 2908; x_wconf 89' lang='lat' dir='ltr'><strong>lirmata</strong></span> <span class='ocrx_word' id='word_1_390' title='bbox 3590 2863 3737 2922; x_wconf 87' lang='lat' dir='ltr'><strong>sunt,</strong></span> 
     </span>
    </p>
   </div>
   <div class='ocr_carea' id='block_1_62' title="bbox 2160 2945 3739 3019">
    <p class='ocr_par' dir='ltr' id='par_1_62' title="bbox 2160 2945 3739 3019">
     <span class='ocr_line' id='line_1_62' title="bbox 2160 2945 3739 3019; baseline -0.001 -16"><span class='ocrx_word' id='word_1_391' title='bbox 2160 2950 2301 3019; x_wconf 90' lang='lat' dir='ltr'><strong>apud</strong></span> <span class='ocrx_word' id='word_1_392' title='bbox 2332 2949 2679 3003; x_wconf 88' lang='lat' dir='ltr'><strong>mediatorem</strong></span> <span class='ocrx_word' id='word_1_393' title='bbox 2706 2956 2948 3002; x_wconf 90' lang='lat' dir='ltr'><strong>nostrum</strong></span> <span class='ocrx_word' id='word_1_394' title='bbox 2966 2946 3247 3005; x_wconf 86' lang='lat' dir='ltr'><strong>amabilem</strong></span> <span class='ocrx_word' id='word_1_395' title='bbox 3263 2945 3621 3001; x_wconf 77' lang='lat' dir='ltr'><strong>Alexandrum</strong></span> <span class='ocrx_word' id='word_1_396' title='bbox 3638 2961 3739 3001; x_wconf 88' lang='lat' dir='ltr'><strong>ore</strong></span> 
     </span>
    </p>
   </div>
   <div class='ocr_carea' id='block_1_63' title="bbox 2160 3036 3739 3111">
    <p class='ocr_par' dir='ltr' id='par_1_63' title="bbox 2160 3036 3739 3111">
     <span class='ocr_line' id='line_1_63' title="bbox 2160 3036 3739 3111; baseline -0.001 -17"><span class='ocrx_word' id='word_1_397' title='bbox 2160 3043 2399 3111; x_wconf 85' lang='lat' dir='ltr'><strong>proprio,</strong></span> <span class='ocrx_word' id='word_1_398' title='bbox 2452 3049 2510 3096; x_wconf 90' lang='lat' dir='ltr'><strong>ut</strong></span> <span class='ocrx_word' id='word_1_399' title='bbox 2533 3040 3015 3096; x_wconf 88' lang='lat' dir='ltr'><strong>communicantcm</strong></span> <span class='ocrx_word' id='word_1_400' title='bbox 3047 3041 3332 3103; x_wconf 90' lang='lat' dir='ltr'><strong>convenit,</strong></span> <span class='ocrx_word' id='word_1_401' title='bbox 3382 3036 3616 3091; x_wconf 81' lang='lat' dir='ltr'><strong>fatearis.</strong></span> <span class='ocrx_word' id='word_1_402' title='bbox 3668 3037 3739 3092; x_wconf 88' lang='lat' dir='ltr'><strong>Ut</strong></span> 
     </span>
    </p>
   </div>
   <div class='ocr_carea' id='block_1_64' title="bbox 486 3129 3734 3218">
    <p class='ocr_par' dir='ltr' id='par_1_64' title="bbox 486 3129 3734 3218">
     <span class='ocr_line' id='line_1_64' title="bbox 486 3129 3734 3218; baseline 0 -38"><span class='ocrx_word' id='word_1_403' title='bbox 486 3147 595 3201; x_wconf 73' lang='lat' dir='ltr'><strong>duo</strong></span> <span class='ocrx_word' id='word_1_404' title='bbox 624 3146 1023 3215; x_wconf 54' lang='lat' dir='ltr'><strong>metropolitani</strong></span> <span class='ocrx_word' id='word_1_405' title='bbox 1067 3148 1307 3218; x_wconf 63' lang='lat' dir='ltr'><strong>episcopi</strong></span> <span class='ocrx_word' id='word_1_406' title='bbox 1334 3150 1569 3205; x_wconf 62' lang='lat' dir='ltr'><strong>debeam</strong></span> <span class='ocrx_word' id='word_1_407' title='bbox 1605 3129 1911 3208; x_wconf 53' lang='grc' dir='ltr'><strong>ξιοηιίηπίε</strong></span> <span class='ocrx_word' id='word_1_408' title='bbox 1948 3172 2055 3211; x_wconf 71' lang='lat' dir='ltr'><strong>non</strong></span> <span class='ocrx_word' id='word_1_409' title='bbox 2084 3152 2130 3214; x_wconf 71' lang='grc' dir='ltr'><strong>ρ</strong></span> <span class='ocrx_word' id='word_1_410' title='bbox 2160 3134 2304 3187; x_wconf 90' lang='lat' dir='ltr'><strong>enim</strong></span> <span class='ocrx_word' id='word_1_411' title='bbox 2347 3134 2461 3187; x_wconf 74' lang='lat' dir='ltr'><strong>lucc</strong></span> <span class='ocrx_word' id='word_1_412' title='bbox 2509 3132 2667 3186; x_wconf 91' lang='lat' dir='ltr'><strong>nobis</strong></span> <span class='ocrx_word' id='word_1_413' title='bbox 2712 3130 3078 3185; x_wconf 89' lang='lat' dir='ltr'><strong>unanimitatis</strong></span> <span class='ocrx_word' id='word_1_414' title='bbox 3144 3129 3522 3197; x_wconf 88' lang='lat' dir='ltr'><strong>charitatisque</strong></span> <span class='ocrx_word' id='word_1_415' title='bbox 3568 3144 3734 3183; x_wconf 88' lang='lat' dir='ltr'><strong>causa</strong></span> 
     </span>
    </p>
   </div>
   <div class='ocr_carea' id='block_1_65' title="bbox 484 3240 2059 3307">
    <p class='ocr_par' dir='ltr' id='par_1_65' title="bbox 484 3240 2059 3307">
     <span class='ocr_line' id='line_1_65' title="bbox 484 3240 2059 3307; baseline 0.007 -13"><span class='ocrx_word' id='word_1_416' title='bbox 484 3255 615 3307; x_wconf 88' lang='lat' dir='ltr'><strong>ergo</strong></span> <span class='ocrx_word' id='word_1_417' title='bbox 640 3240 810 3295; x_wconf 89' lang='lat' dir='ltr'><strong>visum</strong></span> <span class='ocrx_word' id='word_1_418' title='bbox 839 3247 923 3295; x_wconf 91' lang='lat' dir='ltr'><strong>est</strong></span> <span class='ocrx_word' id='word_1_419' title='bbox 950 3242 1015 3295; x_wconf 91' lang='lat' dir='ltr'><strong>ad</strong></span> <span class='ocrx_word' id='word_1_420' title='bbox 1047 3242 1396 3296; x_wconf 82' lang='lat' dir='ltr'><strong>mobilitatem</strong></span> <span class='ocrx_word' id='word_1_421' title='bbox 1424 3246 1803 3301; x_wconf 88' lang='lat' dir='ltr'><strong>necessitatum</strong></span> <span class='ocrx_word' id='word_1_422' title='bbox 1834 3251 2059 3305; x_wconf 88' lang='lat' dir='ltr'><strong>munda-</strong></span> 
     </span>
    </p>
   </div>
   <div class='ocr_carea' id='block_1_66' title="bbox 485 3329 2061 3404">
    <p class='ocr_par' dir='ltr' id='par_1_66' title="bbox 485 3329 2061 3404">
     <span class='ocr_line' id='line_1_66' title="bbox 485 3329 2061 3404; baseline 0.006 -19"><span class='ocrx_word' id='word_1_423' title='bbox 485 3346 671 3385; x_wconf 88' lang='lat' dir='ltr'><strong>narum</strong></span> <span class='ocrx_word' id='word_1_424' title='bbox 696 3331 788 3385; x_wconf 90' lang='lat' dir='ltr'><strong>Dei</strong></span> <span class='ocrx_word' id='word_1_425' title='bbox 812 3329 1102 3385; x_wconf 87' lang='lat' dir='ltr'><strong>Ecclesiam</strong></span> <span class='ocrx_word' id='word_1_426' title='bbox 1126 3333 1464 3398; x_wconf 90' lang='lat' dir='ltr'><strong>commutari,</strong></span> <span class='ocrx_word' id='word_1_427' title='bbox 1489 3334 1829 3404; x_wconf 90' lang='lat' dir='ltr'><strong>honoresque</strong></span> <span class='ocrx_word' id='word_1_428' title='bbox 1857 3349 1951 3393; x_wconf 91' lang='lat' dir='ltr'><strong>aut</strong></span> <span class='ocrx_word' id='word_1_429' title='bbox 1978 3341 2061 3394; x_wconf 90' lang='lat' dir='ltr'><strong>di-</strong></span> 
     </span>
    </p>
   </div>
   <div class='ocr_carea' id='block_1_67' title="bbox 486 3420 2061 3490">
    <p class='ocr_par' dir='ltr' id='par_1_67' title="bbox 486 3420 2061 3490">
     <span class='ocr_line' id='line_1_67' title="bbox 486 3420 2061 3490; baseline 0.006 -16"><span class='ocrx_word' id='word_1_430' title='bbox 486 3422 716 3475; x_wconf 87' lang='lat' dir='ltr'><strong>visiones</strong></span> <span class='ocrx_word' id='word_1_431' title='bbox 736 3420 975 3489; x_wconf 88' lang='lat' dir='ltr'><strong>perpeti,</strong></span> <span class='ocrx_word' id='word_1_432' title='bbox 999 3436 1132 3490; x_wconf 89' lang='lat' dir='ltr'><strong>quas</strong></span> <span class='ocrx_word' id='word_1_433' title='bbox 1154 3436 1250 3490; x_wconf 93' lang='lat' dir='ltr'><strong>pro</strong></span> <span class='ocrx_word' id='word_1_434' title='bbox 1271 3421 1382 3475; x_wconf 90' lang='lat' dir='ltr'><strong>suis</strong></span> <span class='ocrx_word' id='word_1_435' title='bbox 1407 3423 1584 3477; x_wconf 90' lang='lat' dir='ltr'><strong>causis</strong></span> <span class='ocrx_word' id='word_1_436' title='bbox 1606 3423 1878 3482; x_wconf 89' lang='lat' dir='ltr'><strong>faciendas</strong></span> <span class='ocrx_word' id='word_1_437' title='bbox 1898 3428 2061 3485; x_wconf 82' lang='lat' dir='ltr'><strong>duxe-</strong></span> 
     </span>
    </p>
   </div>
   <div class='ocr_carea' id='block_1_68' title="bbox 484 3511 2056 3586">
    <p class='ocr_par' dir='ltr' id='par_1_68' title="bbox 484 3511 2056 3586">
     <span class='ocr_line' id='line_1_68' title="bbox 484 3511 2056 3586; baseline 0.006 -23"><span class='ocrx_word' id='word_1_438' title='bbox 484 3511 554 3564; x_wconf 89' lang='lat' dir='ltr'><strong>rit</strong></span> <span class='ocrx_word' id='word_1_439' title='bbox 602 3511 890 3579; x_wconf 89' lang='lat' dir='ltr'><strong>imperator</strong></span> <span class='ocrx_word' id='word_1_440' title='bbox 940 3524 1116 3577; x_wconf 89' lang='lat' dir='ltr'><strong>:ergo</strong></span> <span class='ocrx_word' id='word_1_441' title='bbox 1165 3511 1462 3565; x_wconf 80' lang='lat' dir='ltr'><strong>secundum</strong></span> <span class='ocrx_word' id='word_1_442' title='bbox 1508 3514 1788 3583; x_wconf 89' lang='lat' dir='ltr'><strong>pristinum</strong></span> <span class='ocrx_word' id='word_1_443' title='bbox 1834 3519 2056 3586; x_wconf 83' lang='lat' dir='ltr'><strong>provin-</strong></span> 
     </span>
    </p>
   </div>
   <div class='ocr_carea' id='block_1_69' title="bbox 483 3600 2056 3675">
    <p class='ocr_par' dir='ltr' id='par_1_69' title="bbox 483 3600 2056 3675">
     <span class='ocr_line' id='line_1_69' title="bbox 483 3600 2056 3675; baseline 0.008 -23"><span class='ocrx_word' id='word_1_444' title='bbox 483 3600 684 3653; x_wconf 88' lang='lat' dir='ltr'><strong>ciarum</strong></span> <span class='ocrx_word' id='word_1_445' title='bbox 732 3614 937 3653; x_wconf 89' lang='lat' dir='ltr'><strong>morcm</strong></span> <span class='ocrx_word' id='word_1_446' title='bbox 981 3601 1429 3668; x_wconf 79' lang='lat' dir='ltr'><strong>metropolitanos</strong></span> <span class='ocrx_word' id='word_1_447' title='bbox 1474 3605 1759 3675; x_wconf 89' lang='lat' dir='ltr'><strong>episcopos</strong></span> <span class='ocrx_word' id='word_1_448' title='bbox 1806 3612 2056 3665; x_wconf 91' lang='lat' dir='ltr'><strong>convenit</strong></span> 
     </span>
    </p>
   </div>
   <div class='ocr_carea' id='block_1_70' title="bbox 483 3691 2057 3773">
    <p class='ocr_par' dir='ltr' id='par_1_70' title="bbox 483 3691 2057 3773">
     <span class='ocr_line' id='line_1_70' title="bbox 483 3691 2057 3773; baseline 0.008 -28"><span class='ocrx_word' id='word_1_449' title='bbox 483 3692 772 3745; x_wconf 87' lang='lat' dir='ltr'><strong>numerari.</strong></span> <span class='ocrx_word' id='word_1_450' title='bbox 804 3691 1028 3762; x_wconf 84' lang='lat' dir='ltr'><strong>Cyprios</strong></span> <span class='ocrx_word' id='word_1_451' title='bbox 1056 3706 1185 3747; x_wconf 89' lang='lat' dir='ltr'><strong>sane</strong></span> <span class='ocrx_word' id='word_1_452' title='bbox 1215 3695 1428 3761; x_wconf 90' lang='lat' dir='ltr'><strong>asseris,</strong></span> <span class='ocrx_word' id='word_1_453' title='bbox 1461 3698 1588 3751; x_wconf 90' lang='lat' dir='ltr'><strong>olim</strong></span> <span class='ocrx_word' id='word_1_454' title='bbox 1630 3699 1840 3755; x_wconf 79' lang='lat' dir='ltr'><strong>Arianae</strong></span> <span class='ocrx_word' id='word_1_455' title='bbox 1868 3703 2057 3773; x_wconf 86' lang='lat' dir='ltr'><strong>impie-</strong></span> 
     </span>
    </p>
   </div>
   <div class='ocr_carea' id='block_1_71' title="bbox 483 3783 2057 3852">
    <p class='ocr_par' dir='ltr' id='par_1_71' title="bbox 483 3783 2057 3852">
     <span class='ocr_line' id='line_1_71' title="bbox 483 3783 2057 3852; baseline 0.011 -17"><span class='ocrx_word' id='word_1_456' title='bbox 483 3783 608 3837; x_wconf 87' lang='lat' dir='ltr'><strong>tatis</strong></span> <span class='ocrx_word' id='word_1_457' title='bbox 633 3784 871 3852; x_wconf 89' lang='lat' dir='ltr'><strong>potentia</strong></span> <span class='ocrx_word' id='word_1_458' title='bbox 902 3784 1186 3851; x_wconf 87' lang='lat' dir='ltr'><strong>fatigatos,</strong></span> <span class='ocrx_word' id='word_1_459' title='bbox 1231 3802 1336 3842; x_wconf 93' lang='lat' dir='ltr'><strong>non</strong></span> <span class='ocrx_word' id='word_1_460' title='bbox 1367 3790 1601 3847; x_wconf 89' lang='lat' dir='ltr'><strong>tenuisse</strong></span> <span class='ocrx_word' id='word_1_461' title='bbox 1629 3792 1869 3849; x_wconf 67' lang='lat' dir='ltr'><strong>Niaenos</strong></span> <span class='ocrx_word' id='word_1_462' title='bbox 1892 3811 2057 3852; x_wconf 87' lang='lat' dir='ltr'><strong>cano-</strong></span> 
     </span>
    </p>
   </div>
   <div class='ocr_carea' id='block_1_72' title="bbox 482 3872 2054 3954">
    <p class='ocr_par' dir='ltr' id='par_1_72' title="bbox 482 3872 2054 3954">
     <span class='ocr_line' id='line_1_72' title="bbox 482 3872 2054 3954; baseline 0.01 -28"><span class='ocrx_word' id='word_1_463' title='bbox 482 3888 577 3927; x_wconf 90' lang='lat' dir='ltr'><strong>nes</strong></span> <span class='ocrx_word' id='word_1_464' title='bbox 632 3874 685 3926; x_wconf 91' lang='lat' dir='ltr'><strong>in</strong></span> <span class='ocrx_word' id='word_1_465' title='bbox 732 3872 1045 3929; x_wconf 89' lang='lat' dir='ltr'><strong>ordinandis</strong></span> <span class='ocrx_word' id='word_1_466' title='bbox 1090 3875 1191 3931; x_wconf 92' lang='lat' dir='ltr'><strong>sibi</strong></span> <span class='ocrx_word' id='word_1_467' title='bbox 1241 3879 1543 3949; x_wconf 83' lang='lat' dir='ltr'><strong>episcOpis,</strong></span> <span class='ocrx_word' id='word_1_468' title='bbox 1595 3891 1649 3937; x_wconf 90' lang='lat' dir='ltr'><strong>et</strong></span> <span class='ocrx_word' id='word_1_469' title='bbox 1677 3900 1845 3954; x_wconf 90' lang='lat' dir='ltr'><strong>usque</strong></span> <span class='ocrx_word' id='word_1_470' title='bbox 1880 3886 2054 3943; x_wconf 85' lang='lat' dir='ltr'><strong>adhuc</strong></span> 
     </span>
    </p>
   </div>
   <div class='ocr_carea' id='block_1_73' title="bbox 483 3962 2054 4041">
    <p class='ocr_par' dir='ltr' id='par_1_73' title="bbox 483 3962 2054 4041">
     <span class='ocr_line' id='line_1_73' title="bbox 483 3962 2054 4041; baseline 0.01 -25"><span class='ocrx_word' id='word_1_471' title='bbox 483 3962 680 4017; x_wconf 84' lang='lat' dir='ltr'><strong>habere</strong></span> <span class='ocrx_word' id='word_1_472' title='bbox 709 3974 1107 4034; x_wconf 75' lang='lat' dir='ltr'><strong>prmsumptum,</strong></span> <span class='ocrx_word' id='word_1_473' title='bbox 1148 3975 1207 4020; x_wconf 93' lang='lat' dir='ltr'><strong>ut</strong></span> <span class='ocrx_word' id='word_1_474' title='bbox 1233 3982 1331 4021; x_wconf 91' lang='lat' dir='ltr'><strong>suo</strong></span> <span class='ocrx_word' id='word_1_475' title='bbox 1366 3970 1626 4026; x_wconf 90' lang='lat' dir='ltr'><strong>arbitratu</strong></span> <span class='ocrx_word' id='word_1_476' title='bbox 1652 3974 1919 4041; x_wconf 90' lang='lat' dir='ltr'><strong>ordinent,</strong></span> <span class='ocrx_word' id='word_1_477' title='bbox 1955 3992 2054 4032; x_wconf 87' lang='lat' dir='ltr'><strong>ne-</strong></span> 
     </span>
    </p>
   </div>
   <div class='ocr_carea' id='block_1_74' title="bbox 482 4054 2054 4134">
    <p class='ocr_par' dir='ltr' id='par_1_74' title="bbox 482 4054 2054 4134">
     <span class='ocr_line' id='line_1_74' title="bbox 482 4054 2054 4134; baseline 0.012 -28"><span class='ocrx_word' id='word_1_478' title='bbox 482 4054 680 4107; x_wconf 88' lang='lat' dir='ltr'><strong>minem</strong></span> <span class='ocrx_word' id='word_1_479' title='bbox 708 4056 1049 4112; x_wconf 87' lang='lat' dir='ltr'><strong>consulentes</strong></span> <span class='ocrx_word' id='word_1_480' title='bbox 1080 4075 1093 4110; x_wconf 92' lang='lat'>:</span> <span class='ocrx_word' id='word_1_481' title='bbox 1126 4061 1379 4127; x_wconf 88' lang='lat' dir='ltr'><strong>quocirca</strong></span> <span class='ocrx_word' id='word_1_482' title='bbox 1418 4064 1807 4130; x_wconf 87' lang='lat' dir='ltr'><strong>persuademus</strong></span> <span class='ocrx_word' id='word_1_483' title='bbox 1848 4069 1945 4134; x_wconf 87' lang='lat' dir='ltr'><strong>eis,</strong></span> <span class='ocrx_word' id='word_1_484' title='bbox 1994 4080 2054 4125; x_wconf 90' lang='lat' dir='ltr'><strong>ut</strong></span> 
     </span>
    </p>
   </div>
   <div class='ocr_carea' id='block_1_75' title="bbox 484 4143 2054 4226">
    <p class='ocr_par' dir='ltr' id='par_1_75' title="bbox 484 4143 2054 4226">
     <span class='ocr_line' id='line_1_75' title="bbox 484 4143 2054 4226; baseline 0.01 -28"><span class='ocrx_word' id='word_1_485' title='bbox 484 4152 670 4198; x_wconf 83' lang='lat' dir='ltr'><strong>curent</strong></span> <span class='ocrx_word' id='word_1_486' title='bbox 684 4143 835 4211; x_wconf 79' lang='lat' dir='ltr'><strong>juxta</strong></span> <span class='ocrx_word' id='word_1_487' title='bbox 856 4160 1121 4199; x_wconf 89' lang='lat' dir='ltr'><strong>canonum</strong></span> <span class='ocrx_word' id='word_1_488' title='bbox 1146 4147 1301 4202; x_wconf 78' lang='lat' dir='ltr'><strong>[idem</strong></span> <span class='ocrx_word' id='word_1_489' title='bbox 1323 4150 1645 4206; x_wconf 87' lang='lat' dir='ltr'><strong>catholicam</strong></span> <span class='ocrx_word' id='word_1_490' title='bbox 1675 4170 1866 4223; x_wconf 85' lang='lat' dir='ltr'><strong>sapere</strong></span> <span class='ocrx_word' id='word_1_491' title='bbox 1892 4166 2054 4226; x_wconf 88' lang='lat' dir='ltr'><strong>atque</strong></span> 
     </span>
    </p>
   </div>
   <div class='ocr_carea' id='block_1_76' title="bbox 484 4235 2053 4315">
    <p class='ocr_par' dir='ltr' id='par_1_76' title="bbox 484 4235 2053 4315">
     <span class='ocr_line' id='line_1_76' title="bbox 484 4235 2053 4315; baseline 0.011 -30"><span class='ocrx_word' id='word_1_492' title='bbox 484 4248 648 4285; x_wconf 91' lang='lat' dir='ltr'><strong>unum</strong></span> <span class='ocrx_word' id='word_1_493' title='bbox 694 4248 816 4286; x_wconf 90' lang='lat' dir='ltr'><strong>cum</strong></span> <span class='ocrx_word' id='word_1_494' title='bbox 860 4235 1068 4288; x_wconf 67' lang='lat' dir='ltr'><strong>eteteris</strong></span> <span class='ocrx_word' id='word_1_495' title='bbox 1094 4237 1293 4291; x_wconf 89' lang='lat' dir='ltr'><strong>sentire</strong></span> <span class='ocrx_word' id='word_1_496' title='bbox 1333 4240 1653 4308; x_wconf 87' lang='lat' dir='ltr'><strong>provinciis,</strong></span> <span class='ocrx_word' id='word_1_497' title='bbox 1695 4253 1754 4297; x_wconf 90' lang='lat' dir='ltr'><strong>ut</strong></span> <span class='ocrx_word' id='word_1_498' title='bbox 1798 4257 2053 4315; x_wconf 90' lang='lat' dir='ltr'><strong>appareat</strong></span> 
     </span>
    </p>
   </div>
   <div class='ocr_carea' id='block_1_77' title="bbox 483 4320 2054 4399">
    <p class='ocr_par' dir='ltr' id='par_1_77' title="bbox 483 4320 2054 4399">
     <span class='ocr_line' id='line_1_77' title="bbox 483 4320 2054 4399; baseline 0.013 -27"><span class='ocrx_word' id='word_1_499' title='bbox 483 4320 711 4389; x_wconf 83' lang='lat' dir='ltr'><strong>Spiritus</strong></span> <span class='ocrx_word' id='word_1_500' title='bbox 737 4322 909 4377; x_wconf 90' lang='lat' dir='ltr'><strong>sancti</strong></span> <span class='ocrx_word' id='word_1_501' title='bbox 938 4324 1107 4392; x_wconf 85' lang='lat' dir='ltr'><strong>gratia</strong></span> <span class='ocrx_word' id='word_1_502' title='bbox 1150 4324 1295 4395; x_wconf 89' lang='lat' dir='ltr'><strong>ipsos</strong></span> <span class='ocrx_word' id='word_1_503' title='bbox 1323 4341 1537 4399; x_wconf 82' lang='lat' dir='ltr'><strong>quoque</strong></span> <span class='ocrx_word' id='word_1_504' title='bbox 1569 4340 1628 4385; x_wconf 89' lang='lat' dir='ltr'><strong>ut</strong></span> <span class='ocrx_word' id='word_1_505' title='bbox 1656 4346 1845 4390; x_wconf 88' lang='lat' dir='ltr'><strong>omnes</strong></span> <span class='ocrx_word' id='word_1_506' title='bbox 1873 4335 2054 4393; x_wconf 89' lang='lat' dir='ltr'><strong>Eccle-</strong></span> 
     </span>
    </p>
   </div>
   <div class='ocr_carea' id='block_1_78' title="bbox 483 4411 1353 4478">
    <p class='ocr_par' dir='ltr' id='par_1_78' title="bbox 483 4411 1353 4478">
     <span class='ocr_line' id='line_1_78' title="bbox 483 4411 1353 4478; baseline 0.007 -15"><span class='ocrx_word' id='word_1_507' title='bbox 483 4411 591 4464; x_wconf 86' lang='lat' dir='ltr'><strong>sias</strong></span> <span class='ocrx_word' id='word_1_508' title='bbox 610 4411 916 4478; x_wconf 83' lang='lat' dir='ltr'><strong>gubernari.</strong></span> <span class='ocrx_word' id='word_1_509' title='bbox 1350 4440 1353 4445; x_wconf 60' lang='grc' dir='ltr'><strong><em>ν</em></strong></span> 
     </span>
    </p>
   </div>
   <div class='ocr_carea' id='block_1_79' title="bbox 488 4519 2058 4608">
    <p class='ocr_par' dir='ltr' id='par_1_79' title="bbox 488 4519 2058 4608">
     <span class='ocr_line' id='line_1_79' title="bbox 488 4519 2058 4608; baseline 0.018 -38"><span class='ocrx_word' id='word_1_510' title='bbox 488 4519 638 4608; x_wconf 55' lang='lat' dir='ltr'><strong>Quod</strong></span> <span class='ocrx_word' id='word_1_511' title='bbox 674 4523 996 4608; x_wconf 32' lang='lat' dir='ltr'><strong>odrianorunt</strong></span> <span class='ocrx_word' id='word_1_512' title='bbox 1035 4530 1207 4585; x_wconf 83' lang='lat' dir='ltr'><strong>clerici</strong></span> <span class='ocrx_word' id='word_1_513' title='bbox 1236 4548 1337 4608; x_wconf 78' lang='lat' dir='ltr'><strong>non</strong></span> <span class='ocrx_word' id='word_1_514' title='bbox 1375 4536 1483 4608; x_wconf 72' lang='lat' dir='ltr'><strong>sint</strong></span> <span class='ocrx_word' id='word_1_515' title='bbox 1519 4540 1831 4608; x_wconf 80' lang='lat' dir='ltr'><strong>suscipiendi</strong></span> <span class='ocrx_word' id='word_1_516' title='bbox 1870 4544 1924 4596; x_wconf 88' lang='lat' dir='ltr'><strong>in</strong></span> <span class='ocrx_word' id='word_1_517' title='bbox 1951 4546 2058 4599; x_wconf 90' lang='lat' dir='ltr'><strong>suis</strong></span> 
     </span>
    </p>
   </div>
   <div class='ocr_carea' id='block_1_80' title="bbox 551 4592 2057 4677">
    <p class='ocr_par' dir='ltr' id='par_1_80' title="bbox 551 4592 2057 4677">
     <span class='ocr_line' id='line_1_80' title="bbox 551 4592 2057 4677; baseline 0.017 -35"><span class='ocrx_word' id='word_1_518' title='bbox 551 4592 755 4677; x_wconf 78' lang='lat' dir='ltr'><strong>o/ﬁciis,</strong></span> <span class='ocrx_word' id='word_1_519' title='bbox 779 4598 1007 4677; x_wconf 36' lang='lat' dir='ltr'><strong>quantivis</strong></span> <span class='ocrx_word' id='word_1_520' title='bbox 1043 4616 1217 4677; x_wconf 53' lang='lat' dir='ltr'><strong>eorum</strong></span> <span class='ocrx_word' id='word_1_521' title='bbox 1244 4601 1523 4677; x_wconf 80' lang='lat' dir='ltr'><strong>baptisma,</strong></span> <span class='ocrx_word' id='word_1_522' title='bbox 1567 4592 1721 4677; x_wconf 70' lang='grc' dir='ltr'><strong>(μιάά</strong></span> <span class='ocrx_word' id='word_1_523' title='bbox 1751 4592 2057 4669; x_wconf 50' lang='lat' dir='ltr'><strong>catholicum</strong></span> 
     </span>
    </p>
   </div>
   <div class='ocr_carea' id='block_1_81' title="bbox 554 4666 1342 4734">
    <p class='ocr_par' dir='ltr' id='par_1_81' title="bbox 554 4666 1342 4734">
     <span class='ocr_line' id='line_1_81' title="bbox 554 4666 1342 4734; baseline 0.014 -20"><span class='ocrx_word' id='word_1_524' title='bbox 554 4672 773 4729; x_wconf 83' lang='lat' dir='ltr'><strong>constat,</strong></span> <span class='ocrx_word' id='word_1_525' title='bbox 800 4666 1066 4734; x_wconf 80' lang='lat' dir='ltr'><strong>conﬁrmet</strong></span> <span class='ocrx_word' id='word_1_526' title='bbox 1089 4666 1342 4725; x_wconf 79' lang='lat' dir='ltr'><strong>Ecclesia.</strong></span> 
     </span>
    </p>
   </div>
   <div class='ocr_carea' id='block_1_82' title="bbox 554 4767 2056 4854">
    <p class='ocr_par' dir='ltr' id='par_1_82' title="bbox 554 4767 2056 4854">
     <span class='ocr_line' id='line_1_82' title="bbox 554 4767 2056 4854; baseline 0.017 -32"><span class='ocrx_word' id='word_1_527' title='bbox 554 4767 759 4825; x_wconf 85' lang='lat' dir='ltr'><strong>XLVII.</strong></span> <span class='ocrx_word' id='word_1_528' title='bbox 777 4773 1003 4829; x_wconf 82' lang='lat' dir='ltr'><strong>Arianos</strong></span> <span class='ocrx_word' id='word_1_529' title='bbox 1018 4787 1298 4845; x_wconf 73' lang='lat' dir='ltr'><strong>prmterea,</strong></span> <span class='ocrx_word' id='word_1_530' title='bbox 1313 4770 1643 4852; x_wconf 57' lang='lat' dir='ltr'><strong>exterasque</strong></span> <span class='ocrx_word' id='word_1_531' title='bbox 1657 4784 1895 4854; x_wconf 88' lang='lat' dir='ltr'><strong>ejusdem</strong></span> <span class='ocrx_word' id='word_1_532' title='bbox 1910 4792 2056 4848; x_wconf 90' lang='lat' dir='ltr'><strong>modi</strong></span> 
     </span>
    </p>
   </div>
   <div class='ocr_carea' id='block_1_83' title="bbox 483 4861 2055 4935">
    <p class='ocr_par' dir='ltr' id='par_1_83' title="bbox 483 4861 2055 4935">
     <span class='ocr_line' id='line_1_83' title="bbox 483 4861 2055 4935; baseline 0.015 -22"><span class='ocrx_word' id='word_1_533' title='bbox 483 4868 683 4931; x_wconf 89' lang='lat' dir='ltr'><strong>pestes,</strong></span> <span class='ocrx_word' id='word_1_534' title='bbox 732 4861 855 4929; x_wconf 88' lang='lat' dir='ltr'><strong>quia</strong></span> <span class='ocrx_word' id='word_1_535' title='bbox 903 4877 1090 4918; x_wconf 87' lang='lat' dir='ltr'><strong>eorum</strong></span> <span class='ocrx_word' id='word_1_536' title='bbox 1137 4865 1305 4923; x_wconf 91' lang='lat' dir='ltr'><strong>laicos</strong></span> <span class='ocrx_word' id='word_1_537' title='bbox 1344 4884 1636 4927; x_wconf 89' lang='lat' dir='ltr'><strong>conversos</strong></span> <span class='ocrx_word' id='word_1_538' title='bbox 1666 4875 1732 4929; x_wconf 91' lang='lat' dir='ltr'><strong>ad</strong></span> <span class='ocrx_word' id='word_1_539' title='bbox 1773 4877 2055 4935; x_wconf 90' lang='lat' dir='ltr'><strong>Dominum</strong></span> 
     </span>
    </p>
   </div>
   <div class='ocr_carea' id='block_1_84' title="bbox 483 4950 2059 5032">
    <p class='ocr_par' dir='ltr' id='par_1_84' title="bbox 483 4950 2059 5032">
     <span class='ocr_line' id='line_1_84' title="bbox 483 4950 2059 5032; baseline 0.013 -29"><span class='ocrx_word' id='word_1_540' title='bbox 483 4950 584 5005; x_wconf 90' lang='lat' dir='ltr'><strong>sub</strong></span> <span class='ocrx_word' id='word_1_541' title='bbox 613 4951 841 5019; x_wconf 86' lang='lat' dir='ltr'><strong>imagine</strong></span> <span class='ocrx_word' id='word_1_542' title='bbox 894 4954 1223 5022; x_wconf 76' lang='lat' dir='ltr'><strong>pcenitcntia:</strong></span> <span class='ocrx_word' id='word_1_543' title='bbox 1277 4972 1343 5012; x_wconf 92' lang='lat' dir='ltr'><strong>ac</strong></span> <span class='ocrx_word' id='word_1_544' title='bbox 1386 4963 1559 5016; x_wconf 89' lang='lat' dir='ltr'><strong>sancti</strong></span> <span class='ocrx_word' id='word_1_545' title='bbox 1588 4961 1820 5032; x_wconf 89' lang='lat' dir='ltr'><strong>Spiritus</strong></span> <span class='ocrx_word' id='word_1_546' title='bbox 1859 4972 2059 5026; x_wconf 87' lang='lat' dir='ltr'><strong>sancti-</strong></span> 
     </span>
    </p>
   </div>
   <div class='ocr_carea' id='block_1_85' title="bbox 488 5039 2057 5122">
    <p class='ocr_par' dir='ltr' id='par_1_85' title="bbox 488 5039 2057 5122">
     <span class='ocr_line' id='line_1_85' title="bbox 488 5039 2057 5122; baseline 0.016 -33"><span class='ocrx_word' id='word_1_547' title='bbox 488 5039 735 5095; x_wconf 89' lang='lat' dir='ltr'><strong>Iieatione</strong></span> <span class='ocrx_word' id='word_1_548' title='bbox 769 5057 866 5111; x_wconf 91' lang='lat' dir='ltr'><strong>per</strong></span> <span class='ocrx_word' id='word_1_549' title='bbox 906 5057 1096 5099; x_wconf 90' lang='lat' dir='ltr'><strong>manus</strong></span> <span class='ocrx_word' id='word_1_550' title='bbox 1124 5044 1521 5115; x_wconf 89' lang='lat' dir='ltr'><strong>impositionem</strong></span> <span class='ocrx_word' id='word_1_551' title='bbox 1567 5054 1917 5122; x_wconf 88' lang='lat' dir='ltr'><strong>suscipimus,</strong></span> <span class='ocrx_word' id='word_1_552' title='bbox 1949 5074 2057 5114; x_wconf 93' lang='lat' dir='ltr'><strong>non</strong></span> 
     </span>
    </p>
   </div>
   <div class='ocr_carea' id='block_1_86' title="bbox 487 5126 2060 5203">
    <p class='ocr_par' dir='ltr' id='par_1_86' title="bbox 487 5126 2060 5203">
     <span class='ocr_line' id='line_1_86' title="bbox 487 5126 2060 5203; baseline 0.015 -23"><span class='ocrx_word' id='word_1_553' title='bbox 487 5126 700 5183; x_wconf 89' lang='lat' dir='ltr'><strong>videtur</strong></span> <span class='ocrx_word' id='word_1_554' title='bbox 719 5131 942 5187; x_wconf 90' lang='lat' dir='ltr'><strong>clericos</strong></span> <span class='ocrx_word' id='word_1_555' title='bbox 962 5147 1148 5188; x_wconf 91' lang='lat' dir='ltr'><strong>eorum</strong></span> <span class='ocrx_word' id='word_1_556' title='bbox 1178 5152 1300 5191; x_wconf 91' lang='lat' dir='ltr'><strong>cum</strong></span> <span class='ocrx_word' id='word_1_557' title='bbox 1331 5136 1617 5193; x_wconf 89' lang='lat' dir='ltr'><strong>sacerdotii</strong></span> <span class='ocrx_word' id='word_1_558' title='bbox 1647 5150 1740 5195; x_wconf 91' lang='lat' dir='ltr'><strong>aut</strong></span> <span class='ocrx_word' id='word_1_559' title='bbox 1778 5145 2060 5203; x_wconf 86' lang='lat' dir='ltr'><strong>ministerii</strong></span> 
     </span>
    </p>
   </div>
   <div class='ocr_carea' id='block_1_87' title="bbox 490 5218 2059 5301">
    <p class='ocr_par' dir='ltr' id='par_1_87' title="bbox 490 5218 2059 5301">
     <span class='ocr_line' id='line_1_87' title="bbox 490 5218 2059 5301; baseline 0.011 -28"><span class='ocrx_word' id='word_1_560' title='bbox 490 5218 783 5288; x_wconf 88' lang='lat' dir='ltr'><strong>cujuspiam</strong></span> <span class='ocrx_word' id='word_1_561' title='bbox 800 5224 1073 5294; x_wconf 90' lang='lat' dir='ltr'><strong>suscipere</strong></span> <span class='ocrx_word' id='word_1_562' title='bbox 1091 5225 1349 5295; x_wconf 82' lang='lat' dir='ltr'><strong>dignitate</strong></span> <span class='ocrx_word' id='word_1_563' title='bbox 1368 5246 1380 5280; x_wconf 90' lang='lat'><strong><em>:</em></strong></span> <span class='ocrx_word' id='word_1_564' title='bbox 1404 5229 1656 5296; x_wconf 91' lang='lat' dir='ltr'><strong>quoniam</strong></span> <span class='ocrx_word' id='word_1_565' title='bbox 1678 5233 1871 5301; x_wconf 91' lang='lat' dir='ltr'><strong>quibus</strong></span> <span class='ocrx_word' id='word_1_566' title='bbox 1887 5236 2059 5291; x_wconf 91' lang='lat' dir='ltr'><strong>solum</strong></span> 
     </span>
    </p>
   </div>
   <div class='ocr_carea' id='block_1_88' title="bbox 486 5307 2059 5394">
    <p class='ocr_par' dir='ltr' id='par_1_88' title="bbox 486 5307 2059 5394">
     <span class='ocr_line' id='line_1_88' title="bbox 486 5307 2059 5394; baseline 0.013 -34"><span class='ocrx_word' id='word_1_567' title='bbox 486 5307 748 5375; x_wconf 83' lang='lat' dir='ltr'><strong>baptisma</strong></span> <span class='ocrx_word' id='word_1_568' title='bbox 778 5319 950 5367; x_wconf 89' lang='lat' dir='ltr'><strong>ratum</strong></span> <span class='ocrx_word' id='word_1_569' title='bbox 980 5330 1098 5371; x_wconf 86' lang='lat' dir='ltr'><strong>esse</strong></span> <span class='ocrx_word' id='word_1_570' title='bbox 1141 5317 1535 5387; x_wconf 89' lang='lat' dir='ltr'><strong>permittimus,</strong></span> <span class='ocrx_word' id='word_1_571' title='bbox 1589 5322 1733 5390; x_wconf 91' lang='lat' dir='ltr'><strong>quod</strong></span> <span class='ocrx_word' id='word_1_572' title='bbox 1779 5325 1963 5394; x_wconf 89' lang='lat' dir='ltr'><strong>utique</strong></span> <span class='ocrx_word' id='word_1_573' title='bbox 2004 5327 2059 5382; x_wconf 92' lang='lat' dir='ltr'><strong>in</strong></span> 
     </span>
    </p>
   </div>
   <div class='ocr_carea' id='block_1_89' title="bbox 488 5397 2057 5484">
    <p class='ocr_par' dir='ltr' id='par_1_89' title="bbox 488 5397 2057 5484">
     <span class='ocr_line' id='line_1_89' title="bbox 488 5397 2057 5484; baseline 0.013 -34"><span class='ocrx_word' id='word_1_574' title='bbox 488 5398 704 5452; x_wconf 89' lang='lat' dir='ltr'><strong>nomine</strong></span> <span class='ocrx_word' id='word_1_575' title='bbox 735 5397 924 5463; x_wconf 85' lang='lat' dir='ltr'><strong>Patris,</strong></span> <span class='ocrx_word' id='word_1_576' title='bbox 969 5412 1023 5457; x_wconf 92' lang='lat' dir='ltr'><strong>et</strong></span> <span class='ocrx_word' id='word_1_577' title='bbox 1051 5405 1187 5472; x_wconf 90' lang='lat' dir='ltr'><strong>Filii,</strong></span> <span class='ocrx_word' id='word_1_578' title='bbox 1220 5415 1274 5461; x_wconf 91' lang='lat' dir='ltr'><strong>et</strong></span> <span class='ocrx_word' id='word_1_579' title='bbox 1302 5406 1533 5477; x_wconf 90' lang='lat' dir='ltr'><strong>Spiritus</strong></span> <span class='ocrx_word' id='word_1_580' title='bbox 1555 5414 1723 5467; x_wconf 89' lang='lat' dir='ltr'><strong>sancti</strong></span> <span class='ocrx_word' id='word_1_581' title='bbox 1751 5416 2057 5484; x_wconf 81' lang='lat' dir='ltr'><strong>perﬁcitur;</strong></span> 
     </span>
    </p>
   </div>
   <div class='ocr_carea' id='block_1_90' title="bbox 488 5489 2053 5573">
    <p class='ocr_par' dir='ltr' id='par_1_90' title="bbox 488 5489 2053 5573">
     <span class='ocr_line' id='line_1_90' title="bbox 488 5489 2053 5573; baseline 0.014 -35"><span class='ocrx_word' id='word_1_582' title='bbox 488 5500 588 5540; x_wconf 90' lang='lat' dir='ltr'><strong>nec</strong></span> <span class='ocrx_word' id='word_1_583' title='bbox 607 5496 849 5543; x_wconf 91' lang='lat' dir='ltr'><strong>sanctum</strong></span> <span class='ocrx_word' id='word_1_584' title='bbox 876 5489 1130 5559; x_wconf 90' lang='lat' dir='ltr'><strong>Spiritum</strong></span> <span class='ocrx_word' id='word_1_585' title='bbox 1152 5510 1247 5550; x_wconf 91' lang='lat' dir='ltr'><strong>eos</strong></span> <span class='ocrx_word' id='word_1_586' title='bbox 1270 5497 1471 5553; x_wconf 90' lang='lat' dir='ltr'><strong>habere</strong></span> <span class='ocrx_word' id='word_1_587' title='bbox 1500 5515 1567 5554; x_wconf 80' lang='lat' dir='ltr'><strong>ex</strong></span> <span class='ocrx_word' id='word_1_588' title='bbox 1596 5502 1685 5556; x_wconf 94' lang='lat' dir='ltr'><strong>illo</strong></span> <span class='ocrx_word' id='word_1_589' title='bbox 1714 5503 2053 5573; x_wconf 88' lang='lat' dir='ltr'><strong>baptismate,</strong></span> 
     </span>
    </p>
   </div>
   <div class='ocr_carea' id='block_1_91' title="bbox 487 5574 2059 5657">
    <p class='ocr_par' dir='ltr' id='par_1_91' title="bbox 487 5574 2059 5657">
     <span class='ocr_line' id='line_1_91' title="bbox 487 5574 2059 5657; baseline 0.017 -32"><span class='ocrx_word' id='word_1_590' title='bbox 487 5574 696 5641; x_wconf 89' lang='lat' dir='ltr'><strong>illisque</strong></span> <span class='ocrx_word' id='word_1_591' title='bbox 725 5580 991 5649; x_wconf 79' lang='lat' dir='ltr'><strong>mysteriis</strong></span> <span class='ocrx_word' id='word_1_592' title='bbox 1014 5582 1357 5654; x_wconf 89' lang='lat' dir='ltr'><strong>arbitramur,</strong></span> <span class='ocrx_word' id='word_1_593' title='bbox 1387 5590 1637 5657; x_wconf 90' lang='lat' dir='ltr'><strong>quoniam</strong></span> <span class='ocrx_word' id='word_1_594' title='bbox 1666 5608 1785 5646; x_wconf 90' lang='lat' dir='ltr'><strong>cum</strong></span> <span class='ocrx_word' id='word_1_595' title='bbox 1819 5609 1849 5646; x_wconf 91' lang='lat' dir='ltr'><strong>a</strong></span> <span class='ocrx_word' id='word_1_596' title='bbox 1873 5596 2059 5650; x_wconf 88' lang='lat' dir='ltr'><strong>catho-</strong></span> 
     </span>
    </p>
   </div>
   <div class='ocr_carea' id='block_1_92' title="bbox 489 5668 2057 5750">
    <p class='ocr_par' dir='ltr' id='par_1_92' title="bbox 489 5668 2057 5750">
     <span class='ocr_line' id='line_1_92' title="bbox 489 5668 2057 5750; baseline 0.013 -30"><span class='ocrx_word' id='word_1_597' title='bbox 489 5668 587 5721; x_wconf 84' lang='lat' dir='ltr'><strong>lica</strong></span> <span class='ocrx_word' id='word_1_598' title='bbox 622 5668 722 5723; x_wconf 88' lang='lat' dir='ltr'><strong>lide</strong></span> <span class='ocrx_word' id='word_1_599' title='bbox 751 5687 936 5725; x_wconf 87' lang='lat' dir='ltr'><strong>eorum</strong></span> <span class='ocrx_word' id='word_1_600' title='bbox 977 5683 1222 5728; x_wconf 87' lang='lat' dir='ltr'><strong>auctores</strong></span> <span class='ocrx_word' id='word_1_601' title='bbox 1252 5676 1640 5747; x_wconf 78' lang='lat' dir='ltr'><strong>desciscerent,</strong></span> <span class='ocrx_word' id='word_1_602' title='bbox 1673 5682 2057 5750; x_wconf 86' lang='lat' dir='ltr'><strong>perfectionem</strong></span> 
     </span>
    </p>
   </div>
   <div class='ocr_carea' id='block_1_93' title="bbox 489 5760 2059 5846">
    <p class='ocr_par' dir='ltr' id='par_1_93' title="bbox 489 5760 2059 5846">
     <span class='ocr_line' id='line_1_93' title="bbox 489 5760 2059 5846; baseline 0.013 -32"><span class='ocrx_word' id='word_1_603' title='bbox 489 5760 716 5831; x_wconf 84' lang='lat' dir='ltr'><strong>Spiritus</strong></span> <span class='ocrx_word' id='word_1_604' title='bbox 755 5778 915 5831; x_wconf 88' lang='lat' dir='ltr'><strong>quam</strong></span> <span class='ocrx_word' id='word_1_605' title='bbox 938 5775 1255 5834; x_wconf 82' lang='lat' dir='ltr'><strong>acceperant</strong></span> <span class='ocrx_word' id='word_1_606' title='bbox 1288 5771 1608 5839; x_wconf 73' lang='lat' dir='ltr'><strong>amiserunt,</strong></span> <span class='ocrx_word' id='word_1_607' title='bbox 1649 5790 1747 5832; x_wconf 80' lang='lat' dir='ltr'><strong>nec</strong></span> <span class='ocrx_word' id='word_1_608' title='bbox 1790 5776 1915 5831; x_wconf 79' lang='lat' dir='ltr'><strong>dare</strong></span> <span class='ocrx_word' id='word_1_609' title='bbox 1947 5778 2059 5846; x_wconf 80' lang='lat' dir='ltr'><strong>ejus</strong></span> 
     </span>
    </p>
   </div>
   <div class='ocr_carea' id='block_1_94' title="bbox 2162 3220 3732 3289">
    <p class='ocr_par' dir='ltr' id='par_1_94' title="bbox 2162 3220 3732 3289">
     <span class='ocr_line' id='line_1_94' title="bbox 2162 3220 3732 3289; baseline -0.005 -9"><span class='ocrx_word' id='word_1_610' title='bbox 2162 3225 2487 3280; x_wconf 79' lang='lat' dir='ltr'><strong>venerabilis</strong></span> <span class='ocrx_word' id='word_1_611' title='bbox 2515 3232 2627 3287; x_wconf 86' lang='lat' dir='ltr'><strong>est,</strong></span> <span class='ocrx_word' id='word_1_612' title='bbox 2672 3224 2749 3278; x_wconf 92' lang='lat' dir='ltr'><strong>sic</strong></span> <span class='ocrx_word' id='word_1_613' title='bbox 2794 3223 3018 3277; x_wconf 68' lang='lat' dir='ltr'><strong>inhmret</strong></span> <span class='ocrx_word' id='word_1_614' title='bbox 3043 3222 3270 3277; x_wconf 91' lang='lat' dir='ltr'><strong>sollicita</strong></span> <span class='ocrx_word' id='word_1_615' title='bbox 3290 3263 3304 3288; x_wconf 76' lang='lat'><strong>,</strong></span> <span class='ocrx_word' id='word_1_616' title='bbox 3347 3237 3415 3275; x_wconf 91' lang='lat' dir='ltr'><strong>ne</strong></span> <span class='ocrx_word' id='word_1_617' title='bbox 3440 3220 3564 3289; x_wconf 91' lang='lat' dir='ltr'><strong>quid</strong></span> <span class='ocrx_word' id='word_1_618' title='bbox 3589 3220 3732 3275; x_wconf 87' lang='lat' dir='ltr'><strong>obli-</strong></span> 
     </span>
    </p>
   </div>
   <div class='ocr_carea' id='block_1_95' title="bbox 2161 3311 3729 3383">
    <p class='ocr_par' dir='ltr' id='par_1_95' title="bbox 2161 3311 3729 3383">
     <span class='ocr_line' id='line_1_95' title="bbox 2161 3311 3729 3383; baseline -0.003 -14"><span class='ocrx_word' id='word_1_619' title='bbox 2161 3330 2344 3383; x_wconf 90' lang='lat' dir='ltr'><strong>quum,</strong></span> <span class='ocrx_word' id='word_1_620' title='bbox 2386 3324 2477 3368; x_wconf 88' lang='lat' dir='ltr'><strong>aut</strong></span> <span class='ocrx_word' id='word_1_621' title='bbox 2522 3313 2846 3371; x_wconf 81' lang='lat' dir='ltr'><strong>subsicivum</strong></span> <span class='ocrx_word' id='word_1_622' title='bbox 2880 3313 2932 3366; x_wconf 90' lang='lat' dir='ltr'><strong>in</strong></span> <span class='ocrx_word' id='word_1_623' title='bbox 2961 3325 3227 3380; x_wconf 87' lang='lat' dir='ltr'><strong>quoquam</strong></span> <span class='ocrx_word' id='word_1_624' title='bbox 3262 3311 3497 3365; x_wconf 87' lang='lat' dir='ltr'><strong>residere</strong></span> <span class='ocrx_word' id='word_1_625' title='bbox 3532 3324 3729 3365; x_wconf 87' lang='lat' dir='ltr'><strong>nosca-</strong></span> 
     </span>
    </p>
   </div>
   <div class='ocr_carea' id='block_1_96' title="bbox 2161 3413 3605 3458">
    <p class='ocr_par' dir='ltr' id='par_1_96' title="bbox 2161 3413 3605 3458">
     <span class='ocr_line' id='line_1_96' title="bbox 2161 3413 3605 3458; baseline 0.015 -1"><span class='ocrx_word' id='word_1_626' title='bbox 2161 3413 2268 3458; x_wconf 88' lang='lat' dir='ltr'><strong>tur.</strong></span> <span class='ocrx_word' id='word_1_627' title='bbox 3600 3417 3605 3421; x_wconf 70' lang='grc'><em>’</em></span> 
     </span>
    </p>
   </div>
   <div class='ocr_carea' id='block_1_97' title="bbox 2274 3541 3602 3615">
    <p class='ocr_par' dir='ltr' id='par_1_97' title="bbox 2274 3541 3602 3615">
     <span class='ocr_line' id='line_1_97' title="bbox 2274 3541 3602 3615; baseline -0.002 -19"><span class='ocrx_word' id='word_1_628' title='bbox 2274 3541 2352 3596; x_wconf 87' lang='lat' dir='ltr'><strong>De</strong></span> <span class='ocrx_word' id='word_1_629' title='bbox 2387 3541 2706 3609; x_wconf 77' lang='lat' dir='ltr'><strong>Bonosiacis,</strong></span> <span class='ocrx_word' id='word_1_630' title='bbox 2737 3543 2869 3615; x_wconf 84' lang='lat' dir='ltr'><strong>quod</strong></span> <span class='ocrx_word' id='word_1_631' title='bbox 2888 3541 3088 3596; x_wconf 81' lang='lat' dir='ltr'><strong>Judwis</strong></span> <span class='ocrx_word' id='word_1_632' title='bbox 3119 3542 3217 3594; x_wconf 85' lang='lat' dir='ltr'><strong>sint</strong></span> <span class='ocrx_word' id='word_1_633' title='bbox 3247 3542 3602 3611; x_wconf 82' lang='lat' dir='ltr'><strong>comparandi.</strong></span> 
     </span>
    </p>
   </div>
   <div class='ocr_carea' id='block_1_98' title="bbox 2228 3653 3727 3723">
    <p class='ocr_par' dir='ltr' id='par_1_98' title="bbox 2228 3653 3727 3723">
     <span class='ocr_line' id='line_1_98' title="bbox 2228 3653 3727 3723; baseline -0.001 -14"><span class='ocrx_word' id='word_1_634' title='bbox 2228 3655 2411 3712; x_wconf 75' lang='lat' dir='ltr'><strong>XLIX.</strong></span> <span class='ocrx_word' id='word_1_635' title='bbox 2461 3656 2805 3712; x_wconf 89' lang='lat' dir='ltr'><strong>Innocentius</strong></span> <span class='ocrx_word' id='word_1_636' title='bbox 2848 3654 3139 3709; x_wconf 87' lang='lat' dir='ltr'><strong>Laurentio</strong></span> <span class='ocrx_word' id='word_1_637' title='bbox 3179 3653 3433 3723; x_wconf 78' lang='lat' dir='ltr'><strong>episcopo</strong></span> <span class='ocrx_word' id='word_1_638' title='bbox 3461 3653 3727 3708; x_wconf 84' lang='lat' dir='ltr'><strong>Seniensi.</strong></span> 
     </span>
    </p>
   </div>
   <div class='ocr_carea' id='block_1_99' title="bbox 2228 3746 3730 3803">
    <p class='ocr_par' dir='ltr' id='par_1_99' title="bbox 2228 3746 3730 3803">
     <span class='ocr_line' id='line_1_99' title="bbox 2228 3746 3730 3803; baseline -0.001 -2"><span class='ocrx_word' id='word_1_639' title='bbox 2228 3747 2328 3802; x_wconf 87' lang='lat' dir='ltr'><strong>Diu</strong></span> <span class='ocrx_word' id='word_1_640' title='bbox 2378 3750 2555 3803; x_wconf 90' lang='lat' dir='ltr'><strong>mirati</strong></span> <span class='ocrx_word' id='word_1_641' title='bbox 2602 3764 2785 3803; x_wconf 88' lang='lat' dir='ltr'><strong>sumus</strong></span> <span class='ocrx_word' id='word_1_642' title='bbox 2829 3748 3129 3802; x_wconf 88' lang='lat' dir='ltr'><strong>dilectionis</strong></span> <span class='ocrx_word' id='word_1_643' title='bbox 3174 3754 3278 3800; x_wconf 72' lang='lat' dir='ltr'><strong>tua:</strong></span> <span class='ocrx_word' id='word_1_644' title='bbox 3334 3746 3523 3799; x_wconf 79' lang='lat' dir='ltr'><strong>litteris</strong></span> <span class='ocrx_word' id='word_1_645' title='bbox 3574 3747 3730 3800; x_wconf 83' lang='lat' dir='ltr'><strong>lectis</strong></span> 
     </span>
    </p>
   </div>
   <div class='ocr_carea' id='block_1_100' title="bbox 2156 3836 3731 3894">
    <p class='ocr_par' dir='ltr' id='par_1_100' title="bbox 2156 3836 3731 3894">
     <span class='ocr_line' id='line_1_100' title="bbox 2156 3836 3731 3894; baseline -0.001 -3"><span class='ocrx_word' id='word_1_646' title='bbox 2156 3837 2439 3894; x_wconf 64' lang='lat' dir='ltr'><strong>haereticos</strong></span> <span class='ocrx_word' id='word_1_647' title='bbox 2468 3838 2680 3892; x_wconf 90' lang='lat' dir='ltr'><strong>Photini</strong></span> <span class='ocrx_word' id='word_1_648' title='bbox 2708 3853 2913 3891; x_wconf 90' lang='lat' dir='ltr'><strong>venena</strong></span> <span class='ocrx_word' id='word_1_649' title='bbox 2942 3846 3210 3891; x_wconf 85' lang='lat' dir='ltr'><strong>sectantes</strong></span> <span class='ocrx_word' id='word_1_650' title='bbox 3238 3836 3289 3888; x_wconf 91' lang='lat' dir='ltr'><strong>in</strong></span> <span class='ocrx_word' id='word_1_651' title='bbox 3341 3836 3606 3889; x_wconf 88' lang='lat' dir='ltr'><strong>territorio</strong></span> <span class='ocrx_word' id='word_1_652' title='bbox 3644 3836 3731 3889; x_wconf 85' lang='lat' dir='ltr'><strong>di-</strong></span> 
     </span>
    </p>
   </div>
   <div class='ocr_carea' id='block_1_101' title="bbox 2156 3926 3734 3995">
    <p class='ocr_par' dir='ltr' id='par_1_101' title="bbox 2156 3926 3734 3995">
     <span class='ocr_line' id='line_1_101' title="bbox 2156 3926 3734 3995; baseline -0.001 -14"><span class='ocrx_word' id='word_1_653' title='bbox 2156 3927 2402 3983; x_wconf 90' lang='lat' dir='ltr'><strong>lectionis</strong></span> <span class='ocrx_word' id='word_1_654' title='bbox 2431 3936 2535 3982; x_wconf 66' lang='lat' dir='ltr'><strong>tua:</strong></span> <span class='ocrx_word' id='word_1_655' title='bbox 2562 3944 2669 3982; x_wconf 92' lang='lat' dir='ltr'><strong>non</strong></span> <span class='ocrx_word' id='word_1_656' title='bbox 2698 3929 2872 3982; x_wconf 91' lang='lat' dir='ltr'><strong>solum</strong></span> <span class='ocrx_word' id='word_1_657' title='bbox 2903 3942 3040 3992; x_wconf 88' lang='lat' dir='ltr'><strong>esse,</strong></span> <span class='ocrx_word' id='word_1_658' title='bbox 3066 3927 3158 3981; x_wconf 90' lang='lat' dir='ltr'><strong>sed</strong></span> <span class='ocrx_word' id='word_1_659' title='bbox 3182 3935 3236 3981; x_wconf 90' lang='lat' dir='ltr'><strong>ct</strong></span> <span class='ocrx_word' id='word_1_660' title='bbox 3258 3927 3467 3995; x_wconf 89' lang='lat' dir='ltr'><strong>publice</strong></span> <span class='ocrx_word' id='word_1_661' title='bbox 3485 3926 3584 3979; x_wconf 91' lang='lat' dir='ltr'><strong>sibi</strong></span> <span class='ocrx_word' id='word_1_662' title='bbox 3605 3942 3734 3980; x_wconf 86' lang='lat' dir='ltr'><strong>con-</strong></span> 
     </span>
    </p>
   </div>
   <div class='ocr_carea' id='block_1_102' title="bbox 2155 4017 3731 4097">
    <p class='ocr_par' dir='ltr' id='par_1_102' title="bbox 2155 4017 3731 4097">
     <span class='ocr_line' id='line_1_102' title="bbox 2155 4017 3731 4097; baseline -0.001 -25"><span class='ocrx_word' id='word_1_663' title='bbox 2155 4018 2422 4097; x_wconf 84' lang='lat' dir='ltr'><strong>venticula</strong></span> <span class='ocrx_word' id='word_1_664' title='bbox 2476 4018 2528 4071; x_wconf 91' lang='lat' dir='ltr'><strong>in</strong></span> <span class='ocrx_word' id='word_1_665' title='bbox 2576 4019 2874 4086; x_wconf 86' lang='lat' dir='ltr'><strong>aliquorum</strong></span> <span class='ocrx_word' id='word_1_666' title='bbox 2931 4017 3352 4086; x_wconf 90' lang='lat' dir='ltr'><strong>possessionibus</strong></span> <span class='ocrx_word' id='word_1_667' title='bbox 3403 4031 3731 4085; x_wconf 76' lang='lat' dir='ltr'><strong>praeparare,</strong></span> 
     </span>
    </p>
   </div>
   <div class='ocr_carea' id='block_1_103' title="bbox 2156 4110 3731 4182">
    <p class='ocr_par' dir='ltr' id='par_1_103' title="bbox 2156 4110 3731 4182">
     <span class='ocr_line' id='line_1_103' title="bbox 2156 4110 3731 4182; baseline -0.004 -14"><span class='ocrx_word' id='word_1_668' title='bbox 2156 4129 2277 4168; x_wconf 89' lang='lat' dir='ltr'><strong>cum</strong></span> <span class='ocrx_word' id='word_1_669' title='bbox 2303 4114 2369 4169; x_wconf 91' lang='lat' dir='ltr'><strong>de</strong></span> <span class='ocrx_word' id='word_1_670' title='bbox 2409 4122 2521 4168; x_wconf 92' lang='lat' dir='ltr'><strong>toto</strong></span> <span class='ocrx_word' id='word_1_671' title='bbox 2546 4128 2683 4182; x_wconf 87' lang='lat' dir='ltr'><strong>pene</strong></span> <span class='ocrx_word' id='word_1_672' title='bbox 2740 4112 2873 4168; x_wconf 91' lang='lat' dir='ltr'><strong>orbe</strong></span> <span class='ocrx_word' id='word_1_673' title='bbox 2914 4127 3172 4179; x_wconf 89' lang='lat' dir='ltr'><strong>nusquam</strong></span> <span class='ocrx_word' id='word_1_674' title='bbox 3222 4120 3327 4163; x_wconf 90' lang='lat' dir='ltr'><strong>tam</strong></span> <span class='ocrx_word' id='word_1_675' title='bbox 3382 4110 3531 4163; x_wconf 86' lang='lat' dir='ltr'><strong>multi</strong></span> <span class='ocrx_word' id='word_1_676' title='bbox 3567 4124 3731 4178; x_wconf 90' lang='lat' dir='ltr'><strong>quam</strong></span> 
     </span>
    </p>
   </div>
   <div class='ocr_carea' id='block_1_104' title="bbox 2156 4201 3734 4271">
    <p class='ocr_par' dir='ltr' id='par_1_104' title="bbox 2156 4201 3734 4271">
     <span class='ocr_line' id='line_1_104' title="bbox 2156 4201 3734 4271; baseline -0.001 -16"><span class='ocrx_word' id='word_1_677' title='bbox 2156 4202 2227 4255; x_wconf 89' lang='lat' dir='ltr'><strong>ad</strong></span> <span class='ocrx_word' id='word_1_678' title='bbox 2250 4218 2345 4257; x_wconf 90' lang='lat' dir='ltr'><strong>vos</strong></span> <span class='ocrx_word' id='word_1_679' title='bbox 2364 4202 2664 4271; x_wconf 82' lang='lat' dir='ltr'><strong>delegerint</strong></span> <span class='ocrx_word' id='word_1_680' title='bbox 2684 4204 2945 4257; x_wconf 89' lang='lat' dir='ltr'><strong>habitare.</strong></span> <span class='ocrx_word' id='word_1_681' title='bbox 2962 4202 3200 4267; x_wconf 82' lang='lat' dir='ltr'><strong>Quorum</strong></span> <span class='ocrx_word' id='word_1_682' title='bbox 3229 4201 3485 4255; x_wconf 73' lang='lat' dir='ltr'><strong>doctrinm</strong></span> <span class='ocrx_word' id='word_1_683' title='bbox 3514 4201 3734 4254; x_wconf 77' lang='lat' dir='ltr'><strong>nefaria:</strong></span> 
     </span>
    </p>
   </div>
   <div class='ocr_carea' id='block_1_105' title="bbox 2157 4291 3737 4361">
    <p class='ocr_par' dir='ltr' id='par_1_105' title="bbox 2157 4291 3737 4361">
     <span class='ocr_line' id='line_1_105' title="bbox 2157 4291 3737 4361; baseline 0.001 -16"><span class='ocrx_word' id='word_1_684' title='bbox 2157 4300 2347 4346; x_wconf 90' lang='lat' dir='ltr'><strong>auctor</strong></span> <span class='ocrx_word' id='word_1_685' title='bbox 2396 4291 2607 4348; x_wconf 87' lang='lat' dir='ltr'><strong>Marcus</strong></span> <span class='ocrx_word' id='word_1_686' title='bbox 2647 4292 2845 4347; x_wconf 88' lang='lat' dir='ltr'><strong>dudum</strong></span> <span class='ocrx_word' id='word_1_687' title='bbox 2892 4292 2960 4347; x_wconf 89' lang='lat' dir='ltr'><strong>de</strong></span> <span class='ocrx_word' id='word_1_688' title='bbox 3008 4293 3137 4346; x_wconf 88' lang='lat' dir='ltr'><strong>urbe</strong></span> <span class='ocrx_word' id='word_1_689' title='bbox 3187 4292 3369 4361; x_wconf 89' lang='lat' dir='ltr'><strong>pulsus</strong></span> <span class='ocrx_word' id='word_1_690' title='bbox 3418 4291 3737 4348; x_wconf 84' lang='lat' dir='ltr'><strong>temeritatis</strong></span> 
     </span>
    </p>
   </div>
   <div class='ocr_carea' id='block_1_106' title="bbox 2159 4381 3736 4450">
    <p class='ocr_par' dir='ltr' id='par_1_106' title="bbox 2159 4381 3736 4450">
     <span class='ocr_line' id='line_1_106' title="bbox 2159 4381 3736 4450; baseline 0.002 -17"><span class='ocrx_word' id='word_1_691' title='bbox 2159 4387 2319 4434; x_wconf 61' lang='lat' dir='ltr'><strong>tanta:</strong></span> <span class='ocrx_word' id='word_1_692' title='bbox 2364 4389 2445 4435; x_wconf 87' lang='lat' dir='ltr'><strong>est</strong></span> <span class='ocrx_word' id='word_1_693' title='bbox 2472 4381 2663 4437; x_wconf 90' lang='lat' dir='ltr'><strong>ductus</strong></span> <span class='ocrx_word' id='word_1_694' title='bbox 2697 4381 2944 4445; x_wconf 89' lang='lat' dir='ltr'><strong>audacia,</strong></span> <span class='ocrx_word' id='word_1_695' title='bbox 2995 4390 3051 4435; x_wconf 90' lang='lat' dir='ltr'><strong>ut</strong></span> <span class='ocrx_word' id='word_1_696' title='bbox 3074 4382 3301 4450; x_wconf 87' lang='lat' dir='ltr'><strong>primum</strong></span> <span class='ocrx_word' id='word_1_697' title='bbox 3332 4381 3429 4434; x_wconf 90' lang='lat' dir='ltr'><strong>sibi</strong></span> <span class='ocrx_word' id='word_1_698' title='bbox 3470 4381 3608 4434; x_wconf 89' lang='lat' dir='ltr'><strong>inter</strong></span> <span class='ocrx_word' id='word_1_699' title='bbox 3636 4398 3736 4436; x_wconf 89' lang='lat' dir='ltr'><strong>eos</strong></span> 
     </span>
    </p>
   </div>
   <div class='ocr_carea' id='block_1_107' title="bbox 2162 4470 3736 4538">
    <p class='ocr_par' dir='ltr' id='par_1_107' title="bbox 2162 4470 3736 4538">
     <span class='ocr_line' id='line_1_107' title="bbox 2162 4470 3736 4538; baseline 0.003 -15"><span class='ocrx_word' id='word_1_700' title='bbox 2162 4470 2399 4527; x_wconf 83' lang='lat' dir='ltr'><strong>vindicet</strong></span> <span class='ocrx_word' id='word_1_701' title='bbox 2422 4472 2620 4538; x_wconf 90' lang='lat' dir='ltr'><strong>locum,</strong></span> <span class='ocrx_word' id='word_1_702' title='bbox 2645 4473 2738 4528; x_wconf 89' lang='lat' dir='ltr'><strong>sed</strong></span> <span class='ocrx_word' id='word_1_703' title='bbox 2769 4488 2836 4527; x_wconf 89' lang='lat' dir='ltr'><strong>ne</strong></span> <span class='ocrx_word' id='word_1_704' title='bbox 2859 4472 3080 4528; x_wconf 88' lang='lat' dir='ltr'><strong>ulterius</strong></span> <span class='ocrx_word' id='word_1_705' title='bbox 3108 4473 3471 4527; x_wconf 88' lang='lat' dir='ltr'><strong>debacchandi</strong></span> <span class='ocrx_word' id='word_1_706' title='bbox 3498 4473 3736 4528; x_wconf 86' lang='lat' dir='ltr'><strong>habeant</strong></span> 
     </span>
    </p>
   </div>
   <div class='ocr_carea' id='block_1_108' title="bbox 2159 4551 3735 4633">
    <p class='ocr_par' dir='ltr' id='par_1_108' title="bbox 2159 4551 3735 4633">
     <span class='ocr_line' id='line_1_108' title="bbox 2159 4551 3735 4633; baseline 0.006 -20"><span class='ocrx_word' id='word_1_707' title='bbox 2159 4555 2499 4631; x_wconf 81' lang='lat' dir='ltr'><strong>facultatem,</strong></span> <span class='ocrx_word' id='word_1_708' title='bbox 2547 4571 2604 4619; x_wconf 90' lang='lat' dir='ltr'><strong>et</strong></span> <span class='ocrx_word' id='word_1_709' title='bbox 2645 4564 2849 4618; x_wconf 88' lang='lat' dir='ltr'><strong>animas</strong></span> <span class='ocrx_word' id='word_1_710' title='bbox 2876 4551 3215 4633; x_wconf 82' lang='lat' dir='ltr'><strong>simplicium</strong></span> <span class='ocrx_word' id='word_1_711' title='bbox 3248 4581 3312 4619; x_wconf 88' lang='lat' dir='ltr'><strong>ac</strong></span> <span class='ocrx_word' id='word_1_712' title='bbox 3341 4567 3735 4622; x_wconf 84' lang='lat' dir='ltr'><strong>rusticanorum</strong></span> 
     </span>
    </p>
   </div>
   <div class='ocr_carea' id='block_1_109' title="bbox 2162 4651 3732 4721">
    <p class='ocr_par' dir='ltr' id='par_1_109' title="bbox 2162 4651 3732 4721">
     <span class='ocr_line' id='line_1_109' title="bbox 2162 4651 3732 4721; baseline 0.006 -18"><span class='ocrx_word' id='word_1_713' title='bbox 2162 4664 2345 4705; x_wconf 88' lang='lat' dir='ltr'><strong>secum</strong></span> <span class='ocrx_word' id='word_1_714' title='bbox 2391 4651 2445 4706; x_wconf 91' lang='lat' dir='ltr'><strong>in</strong></span> <span class='ocrx_word' id='word_1_715' title='bbox 2492 4654 2830 4721; x_wconf 89' lang='lat' dir='ltr'><strong>gehennam,</strong></span> <span class='ocrx_word' id='word_1_716' title='bbox 2877 4655 2962 4708; x_wconf 92' lang='lat' dir='ltr'><strong>cui</strong></span> <span class='ocrx_word' id='word_1_717' title='bbox 2992 4654 3238 4709; x_wconf 89' lang='lat' dir='ltr'><strong>destinati</strong></span> <span class='ocrx_word' id='word_1_718' title='bbox 3267 4664 3423 4721; x_wconf 90' lang='lat' dir='ltr'><strong>sunt,</strong></span> <span class='ocrx_word' id='word_1_719' title='bbox 3470 4657 3732 4712; x_wconf 88' lang='lat' dir='ltr'><strong>trahant:</strong></span> 
     </span>
    </p>
   </div>
   <div class='ocr_carea' id='block_1_110' title="bbox 2161 4742 3739 4804">
    <p class='ocr_par' dir='ltr' id='par_1_110' title="bbox 2161 4742 3739 4804">
     <span class='ocr_line' id='line_1_110' title="bbox 2161 4742 3739 4804; baseline 0.006 -11"><span class='ocrx_word' id='word_1_720' title='bbox 2161 4748 2344 4796; x_wconf 90' lang='lat' dir='ltr'><strong>actum</strong></span> <span class='ocrx_word' id='word_1_721' title='bbox 2368 4750 2451 4797; x_wconf 87' lang='lat' dir='ltr'><strong>est</strong></span> <span class='ocrx_word' id='word_1_722' title='bbox 2479 4742 2735 4799; x_wconf 89' lang='lat' dir='ltr'><strong>adversus</strong></span> <span class='ocrx_word' id='word_1_723' title='bbox 2762 4760 2856 4800; x_wconf 90' lang='lat' dir='ltr'><strong>eos</strong></span> <span class='ocrx_word' id='word_1_724' title='bbox 2881 4760 2912 4798; x_wconf 94' lang='lat' dir='ltr'><strong>a</strong></span> <span class='ocrx_word' id='word_1_725' title='bbox 2936 4744 3303 4800; x_wconf 89' lang='lat' dir='ltr'><strong>defensoribus</strong></span> <span class='ocrx_word' id='word_1_726' title='bbox 3344 4745 3590 4801; x_wconf 77' lang='lat' dir='ltr'><strong>Ecclesizc</strong></span> <span class='ocrx_word' id='word_1_727' title='bbox 3632 4766 3739 4804; x_wconf 87' lang='lat' dir='ltr'><strong>no-</strong></span> 
     </span>
    </p>
   </div>
   <div class='ocr_carea' id='block_1_111' title="bbox 2161 4835 3737 4908">
    <p class='ocr_par' dir='ltr' id='par_1_111' title="bbox 2161 4835 3737 4908">
     <span class='ocr_line' id='line_1_111' title="bbox 2161 4835 3737 4908; baseline 0.007 -22"><span class='ocrx_word' id='word_1_728' title='bbox 2161 4839 2315 4899; x_wconf 65' lang='lat' dir='ltr'><strong>strae,</strong></span> <span class='ocrx_word' id='word_1_729' title='bbox 2366 4835 2509 4902; x_wconf 90' lang='lat' dir='ltr'><strong>quod</strong></span> <span class='ocrx_word' id='word_1_730' title='bbox 2548 4850 2643 4890; x_wconf 90' lang='lat' dir='ltr'><strong>eos</strong></span> <span class='ocrx_word' id='word_1_731' title='bbox 2670 4837 2876 4905; x_wconf 88' lang='lat' dir='ltr'><strong>possint</strong></span> <span class='ocrx_word' id='word_1_732' title='bbox 2904 4838 3197 4907; x_wconf 76' lang='lat' dir='ltr'><strong>expellere,</strong></span> <span class='ocrx_word' id='word_1_733' title='bbox 3242 4841 3417 4908; x_wconf 90' lang='lat' dir='ltr'><strong>utqui</strong></span> <span class='ocrx_word' id='word_1_734' title='bbox 3462 4841 3737 4898; x_wconf 82' lang='lat' dir='ltr'><strong>Christum</strong></span> 
     </span>
    </p>
   </div>
   <div class='ocr_carea' id='block_1_112' title="bbox 2162 4924 3741 4998">
    <p class='ocr_par' dir='ltr' id='par_1_112' title="bbox 2162 4924 3741 4998">
     <span class='ocr_line' id='line_1_112' title="bbox 2162 4924 3741 4998; baseline 0.006 -20"><span class='ocrx_word' id='word_1_735' title='bbox 2162 4924 2329 4978; x_wconf 89' lang='lat' dir='ltr'><strong>Deum</strong></span> <span class='ocrx_word' id='word_1_736' title='bbox 2356 4940 2425 4979; x_wconf 77' lang='lat' dir='ltr'><strong>ex</strong></span> <span class='ocrx_word' id='word_1_737' title='bbox 2455 4924 2624 4980; x_wconf 88' lang='lat' dir='ltr'><strong>Patris</strong></span> <span class='ocrx_word' id='word_1_738' title='bbox 2656 4927 2952 4983; x_wconf 87' lang='lat' dir='ltr'><strong>substantia</strong></span> <span class='ocrx_word' id='word_1_739' title='bbox 2979 4937 3103 4983; x_wconf 91' lang='lat' dir='ltr'><strong>ante</strong></span> <span class='ocrx_word' id='word_1_740' title='bbox 3131 4930 3321 4983; x_wconf 72' lang='lat' dir='ltr'><strong>sa3cula</strong></span> <span class='ocrx_word' id='word_1_741' title='bbox 3350 4940 3545 4997; x_wconf 86' lang='lat' dir='ltr'><strong>negant</strong></span> <span class='ocrx_word' id='word_1_742' title='bbox 3580 4935 3741 4998; x_wconf 78' lang='lat' dir='ltr'><strong>geni-</strong></span> 
     </span>
    </p>
   </div>
   <div class='ocr_carea' id='block_1_113' title="bbox 2163 5014 3741 5090">
    <p class='ocr_par' dir='ltr' id='par_1_113' title="bbox 2163 5014 3741 5090">
     <span class='ocr_line' id='line_1_113' title="bbox 2163 5014 3741 5090; baseline 0.006 -24"><span class='ocrx_word' id='word_1_743' title='bbox 2163 5020 2277 5066; x_wconf 91' lang='lat' dir='ltr'><strong>tum</strong></span> <span class='ocrx_word' id='word_1_744' title='bbox 2296 5054 2310 5079; x_wconf 96' lang='lat'><strong>,</strong></span> <span class='ocrx_word' id='word_1_745' title='bbox 2355 5014 2409 5068; x_wconf 91' lang='lat' dir='ltr'><strong>hi</strong></span> <span class='ocrx_word' id='word_1_746' title='bbox 2438 5030 2559 5069; x_wconf 89' lang='lat' dir='ltr'><strong>cum</strong></span> <span class='ocrx_word' id='word_1_747' title='bbox 2585 5014 2811 5084; x_wconf 73' lang='lat' dir='ltr'><strong>Iudaeis,</strong></span> <span class='ocrx_word' id='word_1_748' title='bbox 2844 5018 2935 5087; x_wconf 89' lang='lat' dir='ltr'><strong>qui</strong></span> <span class='ocrx_word' id='word_1_749' title='bbox 2958 5033 3076 5072; x_wconf 89' lang='lat' dir='ltr'><strong>cum</strong></span> <span class='ocrx_word' id='word_1_750' title='bbox 3106 5016 3357 5072; x_wconf 91' lang='lat' dir='ltr'><strong>deitatem</strong></span> <span class='ocrx_word' id='word_1_751' title='bbox 3385 5033 3741 5090; x_wconf 83' lang='lat' dir='ltr'><strong>negaverunt,</strong></span> 
     </span>
    </p>
   </div>
   <div class='ocr_carea' id='block_1_114' title="bbox 2166 5107 3741 5176">
    <p class='ocr_par' dir='ltr' id='par_1_114' title="bbox 2166 5107 3741 5176">
     <span class='ocr_line' id='line_1_114' title="bbox 2166 5107 3741 5176; baseline 0.006 -21"><span class='ocrx_word' id='word_1_752' title='bbox 2166 5110 2222 5156; x_wconf 88' lang='lat' dir='ltr'><strong>et</strong></span> <span class='ocrx_word' id='word_1_753' title='bbox 2249 5118 2390 5157; x_wconf 90' lang='lat' dir='ltr'><strong>nunc</strong></span> <span class='ocrx_word' id='word_1_754' title='bbox 2418 5120 2586 5173; x_wconf 90' lang='lat' dir='ltr'><strong>usque</strong></span> <span class='ocrx_word' id='word_1_755' title='bbox 2619 5115 2845 5174; x_wconf 84' lang='lat' dir='ltr'><strong>negant,</strong></span> <span class='ocrx_word' id='word_1_756' title='bbox 2892 5107 3228 5176; x_wconf 88' lang='lat' dir='ltr'><strong>participium</strong></span> <span class='ocrx_word' id='word_1_757' title='bbox 3256 5108 3486 5161; x_wconf 89' lang='lat' dir='ltr'><strong>habeant</strong></span> <span class='ocrx_word' id='word_1_758' title='bbox 3510 5108 3741 5165; x_wconf 77' lang='lat' dir='ltr'><strong>damna-</strong></span> 
     </span>
    </p>
   </div>
   <div class='ocr_carea' id='block_1_115' title="bbox 2164 5190 3744 5266">
    <p class='ocr_par' dir='ltr' id='par_1_115' title="bbox 2164 5190 3744 5266">
     <span class='ocr_line' id='line_1_115' title="bbox 2164 5190 3744 5266; baseline 0.008 -25"><span class='ocrx_word' id='word_1_759' title='bbox 2164 5190 2345 5245; x_wconf 88' lang='lat' dir='ltr'><strong>tionis.</strong></span> <span class='ocrx_word' id='word_1_760' title='bbox 2377 5191 2546 5246; x_wconf 89' lang='lat' dir='ltr'><strong>Tuum</strong></span> <span class='ocrx_word' id='word_1_761' title='bbox 2576 5200 2677 5258; x_wconf 90' lang='lat' dir='ltr'><strong>est,</strong></span> <span class='ocrx_word' id='word_1_762' title='bbox 2728 5194 2895 5249; x_wconf 87' lang='lat' dir='ltr'><strong>frater</strong></span> <span class='ocrx_word' id='word_1_763' title='bbox 2937 5195 3283 5262; x_wconf 75' lang='lat' dir='ltr'><strong>charissima,</strong></span> <span class='ocrx_word' id='word_1_764' title='bbox 3325 5210 3443 5263; x_wconf 69' lang='lat' dir='ltr'><strong>qua:</strong></span> <span class='ocrx_word' id='word_1_765' title='bbox 3468 5208 3744 5266; x_wconf 62' lang='lat' dir='ltr'><strong>praecepta</strong></span> 
     </span>
    </p>
   </div>
   <div class='ocr_carea' id='block_1_116' title="bbox 2163 5284 3744 5353">
    <p class='ocr_par' dir='ltr' id='par_1_116' title="bbox 2163 5284 3744 5353">
     <span class='ocr_line' id='line_1_116' title="bbox 2163 5284 3744 5353; baseline 0.006 -20"><span class='ocrx_word' id='word_1_766' title='bbox 2163 5288 2287 5334; x_wconf 90' lang='lat' dir='ltr'><strong>sunt</strong></span> <span class='ocrx_word' id='word_1_767' title='bbox 2316 5297 2421 5336; x_wconf 91' lang='lat' dir='ltr'><strong>non</strong></span> <span class='ocrx_word' id='word_1_768' title='bbox 2444 5284 2659 5350; x_wconf 87' lang='lat' dir='ltr'><strong>segnius</strong></span> <span class='ocrx_word' id='word_1_769' title='bbox 2679 5298 2859 5352; x_wconf 88' lang='lat' dir='ltr'><strong>agere,</strong></span> <span class='ocrx_word' id='word_1_770' title='bbox 2891 5299 2958 5339; x_wconf 89' lang='lat' dir='ltr'><strong>ne</strong></span> <span class='ocrx_word' id='word_1_771' title='bbox 2985 5285 3196 5353; x_wconf 89' lang='lat' dir='ltr'><strong>plebem</strong></span> <span class='ocrx_word' id='word_1_772' title='bbox 3227 5285 3320 5338; x_wconf 90' lang='lat' dir='ltr'><strong>tibi</strong></span> <span class='ocrx_word' id='word_1_773' title='bbox 3350 5286 3603 5342; x_wconf 76' lang='lat' dir='ltr'><strong>creditam</strong></span> <span class='ocrx_word' id='word_1_774' title='bbox 3627 5288 3744 5343; x_wconf 83' lang='lat' dir='ltr'><strong>dis-</strong></span> 
     </span>
    </p>
   </div>
   <div class='ocr_carea' id='block_1_117' title="bbox 2162 5369 3750 5447">
    <p class='ocr_par' dir='ltr' id='par_1_117' title="bbox 2162 5369 3750 5447">
     <span class='ocr_line' id='line_1_117' title="bbox 2162 5369 3750 5447; baseline 0.008 -22"><span class='ocrx_word' id='word_1_775' title='bbox 2162 5369 2506 5427; x_wconf 88' lang='lat' dir='ltr'><strong>simulatione</strong></span> <span class='ocrx_word' id='word_1_776' title='bbox 2545 5373 2843 5442; x_wconf 90' lang='lat' dir='ltr'><strong>deperdas,</strong></span> <span class='ocrx_word' id='word_1_777' title='bbox 2894 5388 2949 5430; x_wconf 91' lang='lat' dir='ltr'><strong>et</strong></span> <span class='ocrx_word' id='word_1_778' title='bbox 2993 5376 3217 5444; x_wconf 87' lang='lat' dir='ltr'><strong>incipias</strong></span> <span class='ocrx_word' id='word_1_779' title='bbox 3253 5375 3365 5432; x_wconf 92' lang='lat' dir='ltr'><strong>Deo</strong></span> <span class='ocrx_word' id='word_1_780' title='bbox 3404 5377 3470 5431; x_wconf 88' lang='lat' dir='ltr'><strong>de</strong></span> <span class='ocrx_word' id='word_1_781' title='bbox 3510 5381 3750 5447; x_wconf 86' lang='lat' dir='ltr'><strong>perditis</strong></span> 
     </span>
    </p>
   </div>
   <div class='ocr_carea' id='block_1_118' title="bbox 2161 5464 2693 5521">
    <p class='ocr_par' dir='ltr' id='par_1_118' title="bbox 2161 5464 2693 5521">
     <span class='ocr_line' id='line_1_118' title="bbox 2161 5464 2693 5521; baseline 0.008 -4"><span class='ocrx_word' id='word_1_782' title='bbox 2161 5464 2389 5519; x_wconf 87' lang='lat' dir='ltr'><strong>reddere</strong></span> <span class='ocrx_word' id='word_1_783' title='bbox 2410 5466 2693 5521; x_wconf 90' lang='lat' dir='ltr'><strong>rationem.</strong></span> 
     </span>
    </p>
   </div>
   <div class='ocr_carea' id='block_1_119' title="bbox 2165 5600 3743 5677">
    <p class='ocr_par' dir='ltr' id='par_1_119' title="bbox 2165 5600 3743 5677">
     <span class='ocr_line' id='line_1_119' title="bbox 2165 5600 3743 5677; baseline 0.007 -23"><span class='ocrx_word' id='word_1_784' title='bbox 2165 5600 2310 5655; x_wconf 87' lang='lat' dir='ltr'><strong>Idem</strong></span> <span class='ocrx_word' id='word_1_785' title='bbox 2334 5621 2467 5672; x_wconf 84' lang='lat' dir='ltr'><strong>papa</strong></span> <span class='ocrx_word' id='word_1_786' title='bbox 2491 5605 2909 5677; x_wconf 81' lang='lat' dir='ltr'><strong>dc_suscipiendis</strong></span> <span class='ocrx_word' id='word_1_787' title='bbox 2932 5607 3149 5673; x_wconf 80' lang='lat' dir='ltr'><strong>clericis,</strong></span> <span class='ocrx_word' id='word_1_788' title='bbox 3172 5625 3293 5677; x_wconf 81' lang='lat' dir='ltr'><strong>quos</strong></span> <span class='ocrx_word' id='word_1_789' title='bbox 3322 5608 3568 5671; x_wconf 78' lang='lat' dir='ltr'><strong>Bonosus,</strong></span> <span class='ocrx_word' id='word_1_790' title='bbox 3596 5628 3666 5664; x_wconf 85' lang='lat' dir='ltr'><strong>an</strong></span> <span class='ocrx_word' id='word_1_791' title='bbox 3679 5624 3743 5669; x_wconf 77' lang='lat' dir='ltr'><strong>te.</strong></span> 
     </span>
    </p>
   </div>
   <div class='ocr_carea' id='block_1_120' title="bbox 2338 5674 3549 5747">
    <p class='ocr_par' dir='ltr' id='par_1_120' title="bbox 2338 5674 3549 5747">
     <span class='ocr_line' id='line_1_120' title="bbox 2338 5674 3549 5747; baseline 0.007 -25"><span class='ocrx_word' id='word_1_792' title='bbox 2338 5690 2488 5739; x_wconf 76' lang='lat' dir='ltr'><strong>quam</strong></span> <span class='ocrx_word' id='word_1_793' title='bbox 2528 5674 2856 5728; x_wconf 85' lang='lat' dir='ltr'><strong>damnaretur</strong></span> <span class='ocrx_word' id='word_1_794' title='bbox 2870 5717 2884 5743; x_wconf 89' lang='lat'><strong>,</strong></span> <span class='ocrx_word' id='word_1_795' title='bbox 2910 5674 3191 5731; x_wconf 74' lang='lat' dir='ltr'><strong>ordinasse</strong></span> <span class='ocrx_word' id='word_1_796' title='bbox 3208 5682 3549 5747; x_wconf 80' lang='lat' dir='ltr'><strong>cognoscitur.</strong></span> 
     </span>
    </p>
   </div>
   <div class='ocr_carea' id='block_1_121' title="bbox 2236 5779 3590 5857">
    <p class='ocr_par' dir='ltr' id='par_1_121' title="bbox 2236 5779 3590 5857">
     <span class='ocr_line' id='line_1_121' title="bbox 2236 5779 3590 5857; baseline 0.007 -21"><span class='ocrx_word' id='word_1_797' title='bbox 2236 5780 2298 5837; x_wconf 85' lang='lat' dir='ltr'><strong>L.</strong></span> <span class='ocrx_word' id='word_1_798' title='bbox 2328 5779 2666 5839; x_wconf 82' lang='lat' dir='ltr'><strong>Innocentius</strong></span> <span class='ocrx_word' id='word_1_799' title='bbox 2694 5783 2955 5843; x_wconf 74' lang='lat' dir='ltr'><strong>Martiano</strong></span> <span class='ocrx_word' id='word_1_800' title='bbox 2984 5788 3236 5857; x_wconf 84' lang='lat' dir='ltr'><strong>episeopo</strong></span> <span class='ocrx_word' id='word_1_801' title='bbox 3267 5786 3590 5847; x_wconf 76' lang='lat' dir='ltr'><strong>Naissitano.</strong></span> 
     </span>
    </p>
   </div>
  </div>
