3976 6196
291 298 399 352 937
1379 304 1748 361 COLIECTIO
1787 307 2253 368 DECRETORUM
2287 314 2389 370 PP.
2433 316 2549 374 RR.
3456 330 3563 387 9.53

361 411 638 480 Snperiori
669 418 937 481 tempore,
971 413 1014 466 si
1056 419 1232 466 tamen
1267 423 1412 468 recte
1442 415 1733 483 recordor,
1763 434 1876 472 me-
1909 431 1945 483 ,κ
1984 420 2052 475 Ut
2099 424 2158 503 si.
2184 427 2423 503 sacerdos
2446 498 2456 503 _
2479 430 2557 503 vel
2606 433 2818 503 quilibet
2843 453 2909 491 ea:
2934 439 3072 495 clero
3105 441 3309 497 viduum
3355 460 3568 500 uxorem

289 502 422 556 mini
452 519 558 570 me,
588 511 694 558 tam
723 503 790 557 ad
825 504 1166 559 dilectionem
1205 515 1349 560 tuam
1385 522 1544 576 quam
1585 509 1653 562 ad
1686 511 1862 566 fratres

2123 492 2350 563 duxerit,
2380 498 2456 551 vel
2481 492 2756 570 objector»,
2779 521 2924 560 suum
2949 492 3408 584 perdat

288 603 344 648 et
369 596 721 666 coepiscopos
750 604 998 665 nostros,
1041 594 1264 663 Rufum,
1297 599 1586 654 Eusebium
1616 611 1670 656 ct
1717 612 1878 657 ecete-

287 699 400 748 ros,
427 684 730 754 hujusmodi
753 687 959 742 litteras
988 687 1054 743 de
1076 689 1284 744 clericis
1305 689 1675 746 Naissensibus
1703 683 1876 749 trans-

287 774 518 827 misisse.
577 773 671 830 llis
725 776 977 832 videlicet
1039 778 1130 846 qui
1202 794 1260 832 se
1304 788 1430 833 ante
1474 779 1875 837 damnationem

287 861 484 917 Bonosi
515 875 823 920 assererem
850 867 917 921 ab
946 867 1139 922 eodem
1187 877 1295 924 tam
1323 871 1667 942 presbyteros
1715 891 1874 945 quam

281 955 550 1009 diaconos
568 956 845 1012 ordinatos
872 976 884 1010 :
913 967 968 1012 ut
992 960 1034 1014 si
1065 961 1255 1016 relicto
1295 972 1457 1032 atque
1485 963 1738 1022 damnato
1759 967 1875 1037 ejus

283 1063 475 1101 errore
489 1049 687 1102 vellent
697 1047 948 1104 Ecclesia:
962 1051 1224 1120 copulari,
1246 1052 1471 1108 libenter
1486 1055 1871 1126 reciperentur.

285 1137 360 1191 Ne
385 1138 523 1193 forte
547 1139 638 1207 qui
662 1146 842 1193 essent
867 1139 1012 1207 digni
1052 1142 1433 1210 recuperandre
1455 1143 1666 1210 salutis,
1698 1146 1750 1199 in
1779 1162 1874 1200 eo-

280 1230 402 1281 dem
428 1229 754 1298 tit-perirent.
788 1229 989 1283 Verum
1021 1231 1231 1284 nuncin
1257 1231 1558 1288 Ravennati
1587 1235 1718 1289 urbe
1739 1237 1868 1290 mihi

279 1321 580 1382 constituto
591 1328 812 1390 propter
827 1318 1051 1374 Romani
1071 1322 1252 1391 populi
1270 1323 1618 1378 necessitates
1643 1340 1734 1379 cre
1744 1325 1870 1380 ber-

279 1412 447 1467 rimas
461 1410 774 1480 Germania,
790 1411 881 1480 qui
901 1427 960 1466 se
976 1413 1294 1468 asseritesse
1302 1417 1695 1486 presbyterum,
1711 1427 1872 1488 atque

279 1501 600 1570 Lupentins,
633 1502 722 1570 qui
751 1517 811 1557 se
839 1502 1126 1558 diaconum
1155 1503 1308 1571 dicit,
1339 1507 1630 1561 multorum
1662 1510 1865 1575 talium,

274 1595 432 1664 quasi
461 1594 734 1662 legatione
759 1604 1011 1664 suscepta
1042 1612 1204 1665 prece
1233 1597 1346 1651 fusa
1379 1598 1595 1654 dolores
1621 1604 1869 1672 proprios

275 1687 587 1755 exprimere
626 1687 987 1754 gestiverunt,
1018 1697 1325 1744 asserentes
1350 1705 1408 1745 se
1435 1691 1648 1760 quidem
1678 1692 1866 1748 Eccle-

2053 580 2136 636 Ll.
2193 583 2299 640 Eos
2336 588 2426 656 qui
2452 589 2638 645 viduas
2659 595 2936 663 accepisse
2964 580 3318 667 suggeruntur
3346 619 3562 668 uxores.

1980 687 2086 727 non
2113 675 2288 729 solum
2317 679 2546 736 clericos
2575 681 2796 738 effectos
2827 689 3055 755 agnovi,
3086 705 3272 746 verum
3303 695 3464 748 etiam
3495 694 3562 749 ad

1979 762 2173 821 infulas
2219 770 2413 824 summi
2451 773 2739 831 sacerdotii
2784 782 3134 850 pervenisse,
3180 787 3326 854 quod
3374 799 3562 844 contra

1978 852 2111 922 legis
2133 871 2251 912 esse
2274 871 2544 931 praecepta
2575 865 2751 922 nullus
2780 868 3011 936 ignorat.
3035 872 3167 928 Nam
3198 852 3320 929 eum
3350 877 3564 949 Moyses

1977 943 2254 1012 legislator
2281 949 2519 1006 clamitet
2551 971 2564 1006 :
2593 953 2856 1013 Sacerdos
2878 976 3102 1016 uxorem
3131 963 3392 1032 virginem
3417 943 3562 1021 acci-

1975 1036 2110 1105 piat,
2140 1052 2204 1092 ac
2233 1055 2300 1094 ne
2327 1041 2378 1095 in
2409 1041 2515 1098 hoc
2543 1057 2814 1118 prmcepto
2843 1051 3046 1120 aliquid
3075 1062 3358 1123 putaretur
3389 1058 3562 1110 ambi-

1975 1140 2158 1195 guum,
2191 1130 2392 1186 addidit
2421 1151 2433 1186 :
2463 1134 2579 1190 Non
2613 1137 2848 1206 viduam,
2878 1156 3054 1212 neque
3080 1143 3328 1212 cjectam.
3360 1144 3558 1202 Contra

1973 1219 2118 1285 quod
2164 1233 2490 1292 prmceptum
2515 1226 2693 1283 divina
2729 1234 3050 1290 auctoritate
3080 1237 3366 1292 subnixum
3414 1241 3559 1296 nulla

1974 1307 2218 1366 defensio
2257 1315 2495 1369 mandati
2544 1318 2770 1375 alterius
2811 1325 3105 1392 opponitur
3137 1344 3150 1378 :
3185 1328 3287 1382 nisi
3329 1345 3558 1384 consue-

1974 1400 2104 1454 tudo
2133 1411 2310 1457 vestra
2331 1444 2344 1468 ,
2371 1420 2490 1473 qum
2519 1409 2600 1479 (ut
2629 1411 2728 1480 ipsi
2756 1411 3018 1484 fatemini)
3052 1432 3118 1470 ex
3151 1418 3470 1486 ignorantia,
3501 1429 3558 1475 et

1973 1499 2032 1544 ut
2063 1495 2414 1552 verecundius
2439 1497 2644 1568 dicam,
2687 1517 2794 1556 non
2826 1519 2890 1557 ex
2934 1508 3228 1574 apostolica
3271 1510 3558 1567 traditione

1973 1591 2028 1636 et
2057 1586 2268 1640 ratione
2291 1589 2498 1658 integra
2529 1593 2820 1650 constituta
2849 1605 2951 1650 est.
2977 1597 3084 1652 Nos
3111 1609 3308 1667 autem,
3339 1618 3558 1657 omnes-

1970 1687 2075 1742 que
2103 1691 2200 1746 per
2220 1677 2492 1734 Orientem
2543 1680 2996 1756 Occidentemque
3025 1686 3312 1758 Ecclesias,
3343 1694 3555 1748 noverit

275 1780 382 1832 sias
413 1780 464 1833 in
495 1780 800 1835 dilcctionis
830 1789 935 1835 tua:
962 1783 1282 1836 constitutas
1313 1786 1583 1853 parocbiis
1609 1789 1864 1860 retinere,
1900 1801 1944 1860 Β
1970 1775 2148 1821 νθδιτδ
2179 1767 2397 1825 δίκαίο
2426 1772 2539 1828 hinc
2568 1777 2784 1844 Ροηίῑυδ
2815 1794 2922 1834 ηοη
2973 1779 3285 1849 δίιῐηίιῑετθν
3339 1800 3439 1839 "CC
3485 1785 3554 1839 ad

274 1869 367 1926 sed
395 1879 540 1923 tuam
566 1871 1002 1927 communionem
1033 1888 1137 1927 non
1162 1874 1402 1942 potuisse
1429 1877 1622 1930 mereri
1651 1896 1662 1929 :
1694 1893 1755 1930 ea
1788 1881 1868 1933 vi-

276 1959 478 2012 delicet
527 1958 738 2014 ratione
765 1974 869 2028 qua
895 1959 1156 2016 Rustitius
1187 1962 1403 2032 quidam
1431 1967 1648 2020 nomine
1675 1967 1865 2024 iterata

274 2051 617 2104 ordinatione
642 2052 1031 2122 presbyterium
1054 2055 1400 2123 suscepisset.
1417 2055 1482 2110 Et
1504 2073 1610 2110 non
1637 2058 1739 2113 levi
1769 2061 1866 2114 im-

273 2143 585 2212 pedimento
609 2140 683 2207 fit,
709 2142 836 2216 dum
858 2151 949 2198 aut
972 2145 1046 2198 illi
1071 2145 1257 2200 dolent
1273 2146 1576 2216 huiusmodi
1593 2149 1863 2204 hominem

273 2233 324 2286 in
359 2231 603 2287 Ecclesia
654 2213 874 2287 retineri
902 2275 917 2301 ,
961 2241 1055 2287 aut
1085 2233 1174 2289 ille
1203 2235 1282 2288 sic
1323 2250 1554 2304 peccare
1582 2236 1780 2293 debere
1811 2239 1864 2292 in

273 2325 410 2378 alios
438 2322 748 2389 arbitretur,
795 2323 886 2392 qui
915 2324 967 2377 in
1007 2338 1066 2379 se
1094 2324 1340 2394 agnoscit
1387 2339 1507 2380 esse
1554 2335 1860 2396 peccatum.

273 2415 338 2469 lat
367 2415 616 2486 quamvis
641 2415 708 2470 de
736 2415 924 2469 eadem
951 2431 1011 2470 re
1037 2416 1251 2486 plenius
1278 2416 1470 2472 litterae
1511 2432 1645 2472 mea:
1686 2420 1863 2474 conti-

274 2515 468 2569 neant,
513 2522 652 2576 quas
675 2507 924 2576 superius
950 2508 1277 2574 memoravi,
1318 2516 1500 2564 tamen
1528 2509 1689 2564 etiam
1721 2526 1864 2566 nunc

273 2599 670 2654 admonendam
691 2599 939 2654 duximus
967 2599 1357 2655 fraternitatem
1387 2608 1552 2668 tuam,
1580 2609 1639 2657 ut
1666 2602 1711 2656 si
1735 2617 1861 2658 vere

273 2696 491 2743 constat
519 2688 732 2757 aliquos
759 2697 885 2742 ante
910 2688 1312 2744 damnationem
1341 2689 1540 2746 Bonosi
1569 2691 1636 2745 ab
1669 2691 1862 2761 eodem

274 2779 554 2834 ordinatos
583 2787 773 2848 postea
801 2778 1059 2848 voluisse,
1079 2780 1166 2836 vel
1184 2795 1328 2835 nunc
1355 2780 1494 2836 velle
1519 2781 1740 2846 reverti,
1767 2797 1863 2838 eos

275 2873 615 2942 recipiendos
641 2887 761 2928 esse
789 2887 1072 2929 censemus
1113 2890 1127 2926 :
1160 2875 1393 2929 maxime
1422 2890 1544 2929 cum
1574 2875 1859 2930 memorati

273 2973 522 3021 asset-ant
567 2979 628 3019 se
668 2965 722 3020 in
752 2973 957 3018 tantum
985 2965 1244 3019 anteriori
1273 2972 1519 3034 tempore
1559 2965 1858 3032 ordinatos,

276 3065 332 3107 ut
354 3064 556 3108 sancta:
586 3053 976 3108 recordationis
1003 3053 1175 3108 virum
1205 3054 1512 3109 Cornelium
1545 3054 1862 3124 episcopum

273 3143 582 3199 Sinniensis
612 3144 778 3208 urbis,
821 3159 921 3199 nec
948 3159 1054 3199 non
1084 3153 1139 3199 et
1166 3143 1384 3199 fratrem
1415 3153 1658 3199 nostrum
1701 3145 1862 3200 Nice-

277 3245 409 3302 tam,
437 3235 680 3304 aliosque
701 3233 989 3289 nonnullos
1017 3234 1180 3290 fuisse
1209 3245 1520 3305 praisentcs,
1547 3251 1667 3289 cum
1692 3235 1864 3289 hono-

275 3328 443 3392 ribus,
476 3342 612 3397 quos
639 3341 698 3382 se
726 3326 928 3382 habere
953 3334 1278 3394 memorant,
1307 3337 1653 3395 augerentur.
1688 3325 1859 3394 Unde,

275 3417 445 3472 frater
485 3417 830 3481 charissima,
879 3417 924 3471 si
957 3431 1144 3471 eorum
1174 3413 1422 3472 assertio
1453 3415 1610 3471 fidem
1667 3418 1861 3488 recipit

277 3509 416 3569 veri,
447 3507 820 3577 suscipiendos
848 3522 969 3562 esse
997 3507 1269 3577 ambigere
1315 3523 1421 3562 non
1470 3506 1636 3561 debes
1659 3546 1674 3571 ,
1723 3523 1860 3575 quos

277 3599 461 3653 tandin
485 3597 756 3652 Ecclesias
777 3595 877 3652 sibi
908 3597 1138 3651 creditas
1158 3612 1347 3668 passus
1375 3611 1434 3652 es
1454 3597 1710 3652 retinere.

344 3738 691 3793 Innocentius
719 3736 880 3804 Rufo,
918 3747 972 3792 et
998 3735 1250 3802 Eusebio,
1280 3747 1336 3793 et
1357 3737 1568 3793 caeteris
1591 3738 1860 3808 episcopis

277 3825 679 3896 Macedonibus,
709 3836 764 3883 et
789 3827 1106 3882 diaconibus
1131 3827 1186 3881 in
1216 3828 1444 3884 Domino
1473 3826 1723 3883 salutem.

346 3967 534 4036 Magna
577 3982 662 4022 me
691 3969 980 4037 gratulatio
1019 3967 1226 4033 habuit,
1259 3983 1378 4021 cum
1409 3976 1532 4038 post
1561 3975 1642 4022 tot
1666 3967 1858 4021 discri-

277 4061 420 4114 mina
450 4058 617 4112 totius
648 4063 740 4125 (ut
768 4059 840 4111 ita
870 4058 1134 4129 dixerim)
1166 4057 1350 4112 mundi
1384 4057 1568 4114 Vitalis
1595 4056 1861 4111 archidia-

278 4165 448 4206 conus
485 4156 784 4204 vestrarum
814 4149 1043 4218 portitor
1067 4149 1366 4203 litterarum
1395 4164 1458 4202 ex
1491 4147 1592 4202 illis
1620 4145 1862 4217 partibus

277 4241 343 4296 ad
373 4257 472 4297 nos
497 4256 666 4310 usque
691 4240 926 4295 directus
951 4239 1182 4305 advenit,
1213 4253 1372 4308 quem
1395 4254 1516 4293 cum
1539 4238 1860 4292 vidissemus

278 4332 458 4395 illico,
493 4340 550 4384 ut
589 4330 908 4400 oportebat,
952 4329 1252 4400 percontati
1289 4329 1357 4384 de
1383 4336 1563 4384 vestro
1604 4336 1748 4383 statu
1774 4344 1863 4383 su—

277 4439 416 4477 mus.
458 4421 658 4476 Verum
683 4421 772 4475 ubi
804 4423 1100 4492 reperimus
1129 4436 1225 4476 vos
1258 4436 1326 4475 ex
1353 4421 1620 4475 sententia
1641 4420 1859 4489 degere,

1970 1860 2215 1915 ultimum
2243 1864 2596 1921 ecclesiastici
2632 1869 2835 1924 ordinis
2870 1870 3050 1926 locum
3077 1873 3209 1928 tales
3235 1889 3508 1930 assumere
3533 1914 3550 1938 ,

1967 1959 2020 2002 et
2045 1951 2088 2005 si
2119 1955 2321 2024 reperti
2353 1955 2577 2023 fuerint,
2600 1959 2944 2017 submovere.

1969 2062 2037 2119 Ut
2064 2066 2108 2118 si
2133 2067 2249 2146 guis
2279 2069 2666 2151 calca/tumeant
2691 2073 2924 2128 [tabuerit
2949 2092 3194 2151 tutorem,
3222 2089 3272 2132 et
3298 2081 3546 2151 defuncta

2032 2151 2093 2188 ea
2114 2136 2229 2204 jam
2258 2146 2372 2205 post
2411 2138 2716 2219 baptismum
2758 2147 3014 2214 acceperit
3051 2136 3300 2212 niterent,
3333 2136 3548 2207 clericus

2035 2221 2145 2259 esse
2173 2221 2274 2259 non
2297 2217 2481 2277 possit.

2035 2313 2141 2370 ιιι.
2176 2317 2379 2373 Deinde
2419 2321 2665 2389 ponitur,
2722 2340 2830 2380 non
2858 2326 2963 2381 dici
2999 2337 3252 2399 oportere
3279 2331 3550 2401 digamum

1964 2419 2086 2459 eum
2117 2407 2210 2475 qui
2236 2411 2658 2466 catcchumcnus
2679 2413 2944 2480 habuerit,
2961 2425 3122 2486 atque
3151 2420 3392 2476 amiserit
3419 2439 3549 2479 uxo-

1963 2511 2100 2561 rem,
2155 2499 2200 2552 si
2229 2507 2352 2570 post
2374 2501 2697 2571 baptismum
2729 2503 2889 2560 fuerit
2929 2508 3088 2563 aliam
3118 2513 3367 2580 sortitus,
3399 2530 3549 2570 eam-

1961 2603 2069 2658 quc
2109 2591 2334 2660 primam
2371 2593 2541 2648 videri
2586 2610 2706 2664 qum
2749 2613 2891 2652 novo
2933 2599 3138 2655 homini
3177 2605 3428 2674 copulata
3456 2608 3546 2675 sit,

1962 2681 2086 2749 quia
2118 2681 2245 2736 illud
2273 2682 2579 2752 conjugium
2603 2701 2700 2755 per
2721 2687 2974 2758 baptismi
3005 2703 3398 2749 sacramentum
3422 2713 3544 2751 cum

1963 2772 2172 2826 ueteris
2201 2773 2515 2828 criminibus
2543 2777 2612 2830 sit
2658 2777 2931 2844 ablatum,
2985 2781 3127 2850 quod
3159 2799 3282 2837 cum
3330 2785 3400 2840 de
3443 2803 3548 2842 una

1963 2860 2149 2929 utique
2179 2861 2396 2930 dicitur,
2419 2873 2568 2919 certe
2598 2866 2643 2920 si
2673 2875 2781 2922 tres
2809 2869 3057 2925 habuerit
3078 2872 3130 2926 in
3152 2875 3320 2928 veteri
3341 2877 3548 2946 positus

1963 2947 2180 3004 homine
2212 2966 2427 3017 uxores,
2461 2953 2563 3008 erit
2593 2955 2660 3019 ei,
2693 2969 2813 3024 qua:
2856 2966 2976 3027 post
3006 2959 3327 3030 baptismum
3359 2974 3550 3034 quarta

1964 3051 2066 3107 est,
2091 3044 2170 3097 sic
2198 3044 2674 3114 interpretantibus
2703 3049 2895 3118 prima,
2929 3051 3147 3120 virginis
3174 3069 3327 3124 aeque
3353 3073 3548 3115 nomen

1891 3163 1936 3225 Ο
1967 3130 2216 3225 accipiet,
2242 3150 2360 3204 qua:
2389 3144 2581 3204 quarto
2610 3136 2769 3193 ducta
2799 3149 2882 3194 est
2911 3141 3050 3196 loco.
3083 3143 3233 3210 Quis,
3256 3161 3377 3212 oro,
3409 3149 3548 3204 istud

1969 3239 2077 3278 non
2103 3224 2281 3279 videat
2302 3235 2487 3281 contra
2515 3227 2760 3298 Apostoli
2786 3246 2906 3286 esse
2935 3244 3293 3305 pncceptum,
3323 3240 3415 3309 qui
3437 3241 3548 3308 ait,

1968 3316 2123 3369 unius
2151 3317 2331 3371 uxoris
2358 3318 2530 3372 virum
2560 3329 2819 3389 oportere
2847 3323 2960 3379 lieri
2988 3327 3327 3384 sacerdotem
3376 3331 3428 3400 (Ι
3463 3331 3549 3387 Ti-

1921 3402 1924 3406 ’
1962 3406 2120 3460 math.
2153 3408 2278 3474 in)?
2321 3407 2428 3463 Sed
2475 3410 2730 3480 objicitur
2776 3417 2920 3484 quod
2973 3417 3024 3471 in
3068 3419 3338 3489 baptismo
3377 3431 3549 3480 totum

1962 3495 2218 3565 quidquid
2247 3498 2302 3552 in
2335 3501 2505 3555 veteri
2537 3501 2756 3559 homine
2793 3514 3004 3574 gestum
3049 3519 3151 3576 est,
3200 3512 3270 3566 sit
3294 3514 3547 3570 solutum.

1962 3587 2134 3643 Dicite
2155 3589 2286 3644 mihi
2309 3592 2452 3661 (cum
2476 3609 2610 3664 pace
2632 3605 2809 3652 vestra
2832 3598 3073 3671 loquor),
3099 3603 3324 3658 crimina
3343 3614 3548 3662 tantum

1960 3679 2300 3744 dimittuntur
2328 3681 2383 3736 in
2441 3683 2738 3754 baptismo,
2772 3702 2840 3741 an
2869 3698 2924 3743 et
2961 3689 3049 3745 illa
3083 3706 3202 3761 qua:
3253 3697 3545 3751 secundum

1961 3768 2173 3826 Domini
2201 3783 2468 3845 praecepta
2516 3792 2581 3831 ac
2605 3779 2697 3854 Dei
2720 3779 2962 3835 instituta
2989 3784 3371 3852 complentur?
3404 3785 3547 3840 Uxo-

1959 3875 2074 3914 rem
2103 3861 2301 3918 ducere
2329 3866 2532 3920 crimen
2561 3857 2671 3931 est,
2697 3877 2790 3922 aut
2815 3885 2924 3924 non
2955 3879 3036 3926 est
3062 3873 3264 3926 crimen
3289 3875 3311 3927 ?
3359 3875 3412 3928 Si
3442 3878 3547 3929 cri-

1961 3969 2084 4007 men
2108 3964 2209 4019 est,
2242 3970 2393 4024 ergo,
2424 3960 2640 4028 pnefata
2669 3963 2824 4016 venia
2848 3963 3107 4029 dixerim,
3140 3967 3244 4020 erit
3272 3977 3463 4022 auctor
3492 3971 3544 4025 in

1962 4045 2140 4114 culpa,
2201 4047 2291 4113 qui
2323 4055 2381 4100 ut
2411 4049 2636 4104 crimina
2663 4053 3130 4110 committerentur
3174 4058 3225 4110 in
3274 4061 3544 4128 paradiso,

1962 4147 2083 4186 cum
2110 4134 2224 4203 ipse
2253 4149 2348 4190 eos
2372 4135 2655 4206 jungeret,
2689 4141 2968 4197 benedixit
2997 4143 3161 4212 (Gen.
3193 4147 3288 4215 ιι).
3321 4147 3375 4202 Si
3421 4167 3547 4204 vero

1961 4237 2069 4277 non
2101 4232 2184 4278 est
2208 4224 2432 4291 crimen,
2461 4227 2586 4297 quia
2615 4227 2760 4297 quod
2787 4229 2930 4285 Deus
2951 4229 3132 4298 junxit
3156 4235 3377 4306 (Matth.
3412 4242 3543 4308 xix),

1964 4314 2112 4371 nefas
2139 4317 2209 4370 sit
2235 4317 2439 4372 crimen
2479 4319 2773 4391 appellari,
2805 4329 2860 4375 et
2886 4321 3141 4378 Salomon
3172 4327 3378 4384 addidit
3411 4347 3424 4382 :
3457 4329 3547 4384 lit-

1963 4407 2104 4460 enim
2133 4422 2161 4460 a
2194 4392 2663 4479 Deo'prazparatur
2720 4412 2834 4468 viro
2876 4429 3013 4469 uxor
3060 4416 3347 4486 (Proverb.
3382 4437 3470 4479 ιιι
3499 4424 3544 4492 ),

277 4513 507 4568 Domino
546 4511 661 4568 Deo
691 4520 877 4568 nostro
904 4513 1096 4568 uberes
1121 4513 1320 4580 gratias
1356 4511 1667 4573 retulimus,
1714 4509 1859 4579 quod

1968 4496 2234 4566 quomodo
2259 4498 2499 4552 creditur
2520 4499 2661 4554 inter
2676 4501 2901 4556 crimina
2929 4517 3048 4558 esse
3079 4505 3375 4572 dimissum,
3405 4511 3547 4579 quod

278 4620 377 4659 vos
405 4603 634 4658 famulos
657 4618 802 4668 suos,
834 4603 1051 4674 suisque
1093 4603 1351 4658 altaribus
1380 4601 1677 4656 servientes
1712 4609 1766 4654 et
1804 4600 1859 4656 in

277 4695 516 4750 adversis
544 4702 780 4761 tueatur,
805 4695 932 4750 etin
961 4693 1236 4765 prosperis
1263 4694 1562 4763 gubernare
1587 4694 1855 4764 dignetur.

279 4785 383 4852 Qui
412 4801 533 4840 cum
565 4785 871 4840 tradidisset
899 4784 1158 4855 epistolas
1187 4798 1298 4848 eas,
1329 4783 1563 4853 prmcepi
1596 4782 1739 4836 illico
1769 4797 1860 4836 re-

279 4876 486 4931 censeri
509 4917 526 4944 ,
579 4877 634 4931 in
661 4877 854 4946 quibus
894 4876 1059 4930 multa
1089 4876 1262 4945 posita
1293 4890 1412 4930 esse
1456 4874 1692 4946 pervidi,
1740 4889 1860 4942 qua:

279 4976 556 5038 stuporem
600 4969 867 5024 mentibus
905 4968 1102 5023 nostris
1143 4967 1424 5037 injicerent
1447 5007 1462 5034 ,
1511 4967 1857 5034 facerentque

280 5074 378 5112 nos
407 5073 513 5112 non
543 5057 815 5112 modicum
844 5057 1090 5113 dubitare
1111 5064 1286 5111 utrum
1314 5057 1471 5111 aliter
1511 5064 1851 5126 putaremus,

279 5162 346 5200 an
369 5148 442 5200 ita
464 5147 552 5201 illa
577 5155 759 5202 essent
777 5148 971 5217 posita,
998 5147 1445 5218 quemadmodum
1467 5146 1850 5217 personabant.

279 5236 407 5303 Qua:
437 5253 562 5293 cum
590 5237 786 5306 saepius
811 5239 982 5308 repeti
1004 5237 1278 5301 fecissem,
1309 5237 1546 5304 adverti,
1577 5237 1689 5291 sedi
1721 5251 1855 5307 apo.-

279 5327 499 5390 stoiicae,
525 5325 592 5379 ad
623 5341 782 5396 quam
803 5326 1012 5390 relatio,
1043 5325 1194 5394 quasi
1221 5324 1287 5378 ad
1310 5334 1470 5394 caput
1496 5321 1855 5377 Ecclesiarum

281 5416 440 5470 missa
462 5416 978 5484 eurrebat,aliquam
1000 5415 1115 5471 fieri
1143 5415 1406 5485 injuriam,
1427 5414 1578 5484 cujus
1607 5413 1780 5468 adhuc
1801 5415 1857 5468 in

278 5508 588 5578 ambiguum
618 5507 883 5562 sententia
912 5507 1216 5562 duceretur.
1259 5505 1409 5560 Unde
1437 5505 1503 5560 de
1530 5505 1720 5574 quibus
1744 5504 1856 5574 jam

277 5598 477 5654 dudum
506 5600 787 5670 scripsisse
813 5599 1066 5667 memini,
1114 5615 1255 5654 nunc
1285 5600 1481 5652 iterare
1511 5597 1732 5652 formam
1765 5613 1853 5653 ar-

276 5694 546 5762 gumentis
585 5693 1004 5752 evidentioribus
1045 5692 1318 5748 relationis
1351 5697 1542 5746 vestrae
1586 5689 1855 5758 geminata

275 5787 620 5856 percontatio
646 5785 939 5856 compellit.

1964 4587 2074 4640 Deo
2101 4595 2322 4642 auctore
2353 4587 2549 4656 legitur
2575 4596 3053 4648 consummatum?
3100 4595 3237 4664 Quid
3272 4599 3338 4654 de
3363 4601 3546 4658 talium

1963 4677 2082 4732 liliis
2111 4681 2501 4748 percensetur?
2541 4681 2792 4752 Nunquid
2821 4699 2930 4741 non
2960 4695 3118 4740 erunt
3146 4687 3459 4745 admittcndi
3491 4692 3544 4746 in

1961 4768 2287 4824 barreditatis
2315 4771 2610 4836 consortio,
2643 4773 2736 4841 qui
2765 4787 2833 4828 ex
2862 4788 2924 4829 ea
2977 4777 3215 4848 suscepti
3259 4786 3382 4834 sunt
3427 4793 3546 4848 quae

1961 4869 2086 4916 ante
2110 4861 2436 4932 baptismum
2465 4863 2565 4918 fuit
2590 4880 2761 4930 uxor,
2802 4875 3067 4939 eruntque
3109 4869 3412 4937 appellandi
3462 4870 3544 4924 vel

1960 4955 2254 5018 naturales,
2288 4955 2374 5009 vel
2403 4957 2591 5026 spurii,
2623 4958 2748 5026 quia
2781 4974 2890 5014 non
2919 4969 3002 5015 est
3030 4960 3327 5028 legitimum
3358 4961 3544 5014 matri-

1962 5045 2200 5099 monium
2219 5086 2234 5112 ,
2265 5045 2370 5100 nisi
2401 5045 2530 5100 illud
2556 5046 2639 5117 (ut.
2666 5048 2818 5103 vobis
2849 5047 3082 5119 videtur)
3127 5049 3272 5117 quod
3296 5056 3418 5118 post
3446 5048 3543 5104 ba-

1960 5136 2212 5206 ptismum
2240 5137 2570 5193 assumitur?
2597 5137 2716 5207 Ipse
2739 5137 3017 5203 Dominus,
3042 5151 3165 5192 cum
3189 5137 3544 5206 interrogare-

1964 5236 2048 5280 tur
2077 5243 2106 5280 a
2135 5225 2347 5294 Iudaeis,
2381 5229 2426 5282 si
2453 5228 2639 5281 liceret
2667 5227 2937 5282 dimittere
2960 5239 3215 5290 uxorem,
3259 5234 3421 5296 atque
3450 5243 3544 5283 ex-

1962 5328 2188 5389 poneret
2216 5319 2331 5374 fieri
2361 5334 2467 5373 non
2498 5319 2716 5386 debere,
2748 5318 2952 5373 addidit
2985 5335 2996 5369 ε
3029 5317 3185 5384 Quod
3229 5333 3357 5388 ergo
3403 5321 3544 5377 Deus

1957 5406 2152 5476 junxit,
2179 5408 2340 5461 homo
2363 5422 2470 5461 non
2499 5414 2710 5476 separet
2738 5404 2951 5477 (Matth.
2982 5408 3094 5478 χιχ)
3121 5424 3135 5473 ;
3178 5423 3244 5463 ac
3279 5423 3348 5463 ne
3369 5409 3436 5463 de
3460 5409 3544 5463 his

1960 5500 2164 5567 copulis
2193 5499 2404 5552 locutus
2433 5513 2550 5551 esse
2578 5497 2852 5566 credatur,
2898 5511 3019 5566 qua:
3046 5506 3172 5579 post
3217 5499 3541 5570 baptismum

1959 5590 2271 5653 sortiuntur,
2298 5588 2640 5642 meminerint
2661 5589 2764 5649 hoc
2785 5596 2841 5643 et
2863 5604 2893 5643 τι
2912 5587 3109 5644 Iudaeis
3129 5589 3539 5657 interrogatum,

1959 5679 2218 5738 etJudzeis
2234 5696 2352 5736 esse
2373 5696 2708 5750 responsum.
2736 5682 2950 5748 Quzero,
2975 5691 3029 5737 et
3051 5682 3315 5738 sollicitus
3335 5696 3537 5753 quaero,

1959 5777 2004 5833 si
2030 5792 2134 5832 una
2156 5775 2454 5847 eademque
2482 5775 2550 5832 sit
2577 5791 2712 5834 uxor
2759 5775 2876 5847 ejus
2903 5776 2994 5848 qui
3020 5783 3145 5830 ante
3194 5773 3538 5830 catechume-
