3982 6196
461 284 564 338 ‘259

1737 236 2088 326 mouvsms
2126 264 2445 323 cxxcuus.

3621 263 3730 318 260

462 411 579 458 uus,
612 401 799 466 postea
829 392 898 446 sit
927 389 1116 454 fidelis,
1160 386 1402 455 ﬁliosque
1432 400 1496 440 ex
1529 399 1588 439 ea
1620 397 1739 439 cum
1771 390 1914 439 esset
1943 396 2036 436 ca-
2069 389 2112 444 Α
2145 389 2398 450 pmstarc
2429 378 2945 434 consuevit.Nostr:c
2972 393 3100 433 vero
3123 378 3209 433 lex
3232 386 3314 434 est
3337 376 3616 442 Ecclesize,
3645 392 3728 433 ve—

462 487 811 541 tecliumenus
832 480 1150 549 susceperit,
1182 493 1245 532 ac
1275 486 1461 547 postea
1510 476 1668 539 alios,
1697 489 1816 528 eum
1851 471 2040 538 ﬁdelis,

462 589 638 634 utrum
665 577 772 631 sint
791 575 983 628 fratres
1004 569 1308 641 appellandi
1331 585 1400 622 an
1423 583 1528 620 non
1548 569 1570 619 ?
1604 567 1834 620 habeant
1856 573 2042 633 postea

461 667 712 724 defuncto
767 673 919 734 patre
953 661 1284 718 erciscunda:
1331 658 1658 713 haerctlitatis
1686 657 2040 715 consortium,

461 761 653 830 quibus
681 757 907 809 liliorutn
940 767 1136 807 nomen
1166 749 1504 818 regeneratio
1531 747 1788 817 spiritalis
1809 746 2045 801 creditur

460 849 778 904 abstulisse?
805 843 957 912 Quod
984 857 1105 897 cum
1137 841 1206 894 ita
1235 840 1436 895 sentire
1489 848 1650 908 atque
1674 837 1917 906 judicare
1945 836 2044 889 ab-

461 940 678 996 surdum
709 945 808 1002 est,
861 951 981 1005 qua:
1016 931 1258 1006 (malum)
1303 931 1440 985 ratio
1469 939 1552 985 est
1597 931 1701 983 hoc
1727 927 1960 992 defendi,
1992 935 2046 980 et

462 1045 630 1083 vacua
648 1027 816 1094 magis
834 1024 1086 1094 opinione
1099 1019 1311 1091 jactari,
1337 1034 1497 1087 quam
1519 1019 1694 1088 aliqua
1717 1017 2039 1073 auctoritate

461 1119 753 1174 roborari?
800 1131 921 1171 cum
971 1131 1078 1168 non
1116 1113 1288 1183 possit
1337 1111 1476 1165 inter
1503 1119 1725 1180 peccata
1771 1107 2040 1178 deputari,

462 1212 604 1283 quod
636 1212 719 1265 lex
761 1207 1048 1280 praecepit,
1077 1213 1133 1258 ct
1173 1203 1315 1257 Deus
1352 1195 1548 1271 jungit.
1581 1201 1827 1269 Nunquid
1854 1200 1897 1254 si
1927 1200 2048 1268 quis

462 1302 881 1359 catechumenos
903 1296 1187 1350 virtutibus
1207 1293 1491 1359 studuerit,
1516 1293 1871 1346 humilitatem
1893 1305 2046 1344 secu-

463 1403 548 1448 tus
587 1392 764 1454 fuerit,
796 1387 1110 1460 patientiam
1143 1385 1394 1448 tenuerit,
1427 1384 1801 1452 eleemosynas
1836 1381 2045 1445 fecerit,

462 1482 624 1536 morti
653 1479 950 1534 destinatos
975 1474 1214 1545 qualibet
1242 1473 1454 1526 ratione
1480 1470 1758 1540 eripuerit,
1784 1469 2046 1524 adulteria

463 1572 825 1635 exhorruerit,
852 1570 1155 1624 castitatem
1187 1567 1445 1631 tenuerit,
1469 1580 1652 1634 quaero
1683 1567 1727 1619 si
1759 1564 1894 1629 lucc,
1928 1579 2050 1624 cum

462 1645 635 1715 factus
662 1659 822 1714 fuerit
853 1658 1044 1722 ﬁdelis,
1069 1658 1286 1723 amittit,
1338 1657 1464 1725 quia
1493 1671 1591 1725 per
1618 1656 1945 1726 baptismum
1975 1662 2053 1710 to-

2147 473 2416 527 nientibus
2444 473 2510 526 ab
2538 468 2824 536 hrcreticis,
2846 473 2934 540 qui
2959 481 3136 527 tamen
3169 472 3276 526 illic
3299 470 3555 540 baptizati
3583 478 3725 533 sunt,

2149 578 2245 632 per
2296 576 2489 617 manus
2541 562 2962 631 impositioncm,
3011 562 3207 616 laicam
3242 570 3445 615 tantum
3495 561 3731 615 tribuere

2148 653 2604 718 communionem,
2635 667 2735 707 nec
2760 664 2826 707 ex
2846 651 2932 706 his
2958 652 3190 722 aliquem
3215 653 3264 706 in
3308 651 3595 707 clericatus
3635 651 3732 704 ho-

2146 755 2333 796 norem
2361 742 2446 796 vel
2473 741 2722 811 exiguum
2751 742 3063 811 subrogare.

2150 851 2300 918 Quod
2331 855 2382 906 hi
2423 854 2508 924 qui
2534 871 2564 906 a
2595 853 2796 908 Bonoso
2823 855 3063 907 hmretiro
3092 854 3322 907 ordinati
3346 867 3464 924 sinit
3515 862 3727 922 propte-

2217 940 2306 978 rea
2335 923 2442 977 sint
2454 925 2661 992 recepti,
2677 940 2739 977 ne
2761 924 3064 978 scandalum
3089 933 3376 978 remaneret
3399 923 3668 978 Ecclesiae.

2220 1029 2328 1086 LV.
2363 1032 2431 1086 At
2462 1047 2589 1088 vero
2623 1032 2717 1103 qui
2753 1047 2784 1087 a
2822 1032 3090 1088 catholica
3127 1032 3195 1087 ad
3229 1033 3472 1088 hmresim
3501 1031 3730 1088 transie-

2150 1132 2292 1189 runt,
2324 1139 2462 1192 quos
2507 1141 2616 1178 non
2641 1125 2797 1178 aliter
2837 1131 3054 1192 oportet
3095 1123 3195 1177 nisi
3235 1137 3334 1192 per
3361 1123 3731 1192 pamitentiam

2151 1216 2373 1285 suscipi,
2392 1215 2532 1284 apud
2557 1231 2651 1270 vos
2680 1229 2786 1268 non
2813 1215 2985 1268 solum
3016 1215 3384 1284 pmuitentiam
3413 1230 3518 1269 non
3545 1225 3732 1284 agunt,

2151 1322 2333 1362 verum
2364 1307 2525 1360 etiam
2575 1307 2782 1360 honore
2810 1305 3171 1369 cumulantur.
3206 1304 3310 1360 Sed
3345 1306 3509 1361 Anisii
3541 1304 3734 1360 'fratris

2151 1397 2422 1469 quondam
2452 1396 2642 1458 nostri,
2677 1395 3014 1464 aliorumque
3053 1398 3496 1451 consacerdotum
3524 1412 3734 1450 summa
3768 1451 3775 1457 ,

2179 1487 2500 1544 deliberatio
2529 1487 2641 1540 lucc
2668 1485 2788 1552 fuit,
2836 1494 2895 1540 ut
2923 1501 3059 1554 quos
3089 1487 3330 1541 Bonosus
3370 1487 3734 1549 ordinaverat,

2153 1592 2220 1632 ne
2249 1593 2369 1630 cum
2417 1576 2606 1631 eodem
2635 1585 2995 1642 remanerent,
3030 1593 3092 1632 ac
3143 1577 3292 1632 ﬁeret
3325 1593 3428 1631 non
3461 1577 3734 1631 mediocre

2153 1667 2485 1734 scandalum,
2510 1668 2550 1720 si
2575 1667 2803 1721 ordinati
2831 1668 3233 1737 reciperentur;
3263 1669 3510 1736 vicimus,
3535 1680 3592 1722 ut
3619 1670 3736 1738 opi-

463 1762 573 1804 tum
617 1750 761 1820 quod
808 1758 964 1806 vetus
1012 1751 1176 1804 homo
1231 1757 1475 1818 gesserat
1525 1757 1746 1819 putatur
1797 1747 2045 1802 auferri?
2077 1760 2124 1820 Β
2152 1771 2271 1822 nor,
2303 1756 2571 1826 ambigua.
2605 1754 2724 1810 Jam
2769 1771 2897 1826 ergo
2954 1755 3097 1826 quod
3126 1773 3224 1828 pro
3253 1757 3490 1815 remedio
3549 1773 3612 1810 ac
3642 1773 3738 1812 ne-

464 1844 798 1912 Aspiciamus
811 1843 1064 1911 gentilem
1087 1842 1360 1895 hominem
1379 1839 1689 1894 Corneliqu
1712 1839 2048 1894 orationibus

463 1944 624 2003 atque
653 1934 1010 2005 electnosynis
1037 1922 1348 1998 vacantem,
1381 1947 1480 2001 per
1513 1932 1903 1985 revelationem
1951 1945 2049 1984 an-

461 2026 638 2093 gelum
682 2025 1008 2094 Petrumque
1067 2023 1238 2092 ipsum
1294 2021 1512 2083 vidisse,
1561 2021 1799 2090 nunquid
1831 2034 1928 2089 per
1955 2020 2050 2073 ba-

463 2117 713 2185 ptismum
742 2116 856 2169 haec
887 2116 960 2168 illi
985 2116 1161 2170 ablata
1185 2123 1329 2179 sunt,
1355 2122 1578 2184 propter
1605 2129 1724 2182 qua:
1764 2114 1813 2168 ei
1841 2113 2049 2182 baptis—

464 2221 608 2258 mum
653 2205 866 2260 videtur
907 2221 1027 2261 esse
1058 2221 1374 2260 concessum
1398 2207 1421 2258 ?
1449 2203 1506 2258 Si
1538 2204 1608 2258 ita
1634 2203 1889 2267 creditur,
1923 2203 2049 2257 mild

463 2297 696 2362 credite,
741 2313 848 2351 non
880 2297 1152 2350 modicum
1184 2304 1427 2363 erratur,
1474 2296 1600 2364 quia
1632 2295 1888 2364 quidquid
1914 2295 2051 2350 bene

461 2392 668 2450 gestum
689 2385 865 2450 fuerit,
885 2395 942 2438 et
961 2384 1254 2439 secundum
1271 2385 1402 2452 legis
1415 2393 1682 2456 praecepta
1702 2385 2053 2454 custoditum,

465 2494 572 2532 non
627 2487 805 2547 potest
859 2479 1181 2533 facientibus
1231 2479 1499 2548 deperire.
1560 2477 1876 2548 Nuptiarum
1921 2494 2051 2549 ergo

463 2571 677 2640 copula,
702 2571 826 2640 quia
859 2571 952 2625 Dei
982 2569 1237 2624 mandato
1261 2568 1567 2639 perﬁcitur,
1601 2585 1707 2624 non
1739 2577 1918 2640 potest
1945 2570 2050 2624 dici

466 2670 785 2731 peccatum,
835 2661 1058 2729 etquod
1087 2669 1368 2730 peccatum
1417 2670 1674 2725 nonest,
1725 2661 1863 2716 solvi
1911 2662 2054 2716 inter

464 2762 688 2819 peccata
719 2754 866 2808 credi
898 2754 1120 2808 omnino
1165 2769 1272 2808 non
1301 2753 1464 2808 debet
1495 2771 1508 2805 :
1542 2754 1752 2822 eritque
1783 2755 2052 2822 integrum

464 2843 729 2898 :estimare
775 2845 980 2898 aboleri
1021 2860 1128 2898 non
1176 2859 1336 2914 posse
1377 2845 1573 2914 prioris
1614 2861 1809 2900 nomen
1843 2848 2049 2912 uxoris,

466 2953 587 2992 cum
632 2952 737 2990 non
769 2935 1050 2992 dimissum
1081 2938 1150 2990 sit
1179 2951 1279 3005 pro
1310 2944 1572 3006 peccato,
1605 2938 1730 3010 quia
1758 2953 1823 2992 ex
1857 2937 1950 2993 Dei
1982 2939 2052 2994 sit

464 3028 744 3082 voluntate
774 3027 1123 3096 completum.

501 3165 652 3232 Quod
680 3183 784 3221 non
812 3167 1157 3222 admittuntur
1184 3169 1359 3223 clerici
1387 3170 1451 3223 ab
1481 3169 1736 3240 hwreticis
1765 3170 2012 3224 ordinati.

541 3279 668 3334 Ll‘ll.
701 3281 930 3336 Ventum
959 3290 1040 3336 est
1069 3279 1134 3336 ad
1171 3284 1382 3338 tertiam
1413 3281 1788 3353 quaestionem,
1810 3298 1930 3353 quae
1955 3298 2052 3353 pro

463 3372 544 3427 sui
569 3371 885 3425 diﬁieultate
933 3371 1228 3441 longiorem
1270 3374 1438 3442 exigit
1465 3373 1904 3442 dispumtionem,
1930 3389 2052 3427 cum

465 3479 565 3517 nos
590 3463 834 3518 dicamus
874 3461 942 3517 ab
971 3464 1234 3518 hmreticis
1263 3465 1540 3520 ordinatos
1568 3465 1906 3520 vulneratum
1958 3480 2057 3536 per

465 3555 607 3608 illam
638 3569 828 3608 manus
859 3555 1253 3623 impositionem
1285 3555 1484 3631 habere
1514 3565 1693 3625 caput.
1732 3554 1830 3610 Ubi
1861 3555 2056 3610 vulnus

466 3643 684 3698 inﬁxum
716 3654 816 3709 est,
849 3645 1113 3700 medicina
1166 3657 1248 3701 cst
1271 3647 1590 3714 adhibenda,
1622 3657 1679 3700 ut
1723 3645 1891 3716 possit
1917 3647 2055 3701 reci-

465 3751 594 3806 pere
623 3736 911 3792 sanitatem
938 3756 948 3790 :
982 3752 1101 3806 qua!
1126 3741 1479 3808 sanitas-post
1509 3739 1699 3792 vulnus
1727 3747 1914 3792 secuta
1941 3737 2056 3793 sine

465 3828 720 3882 cicatrice
742 3843 988 3883 essenon
1041 3829 1256 3900 poterit,
1305 3837 1466 3898 atque
1496 3828 1584 3883 ubi
1613 3828 1944 3898 poenitentire
1974 3842 2056 3882 rc-

467 3922 699 3976 medium
731 3921 1094 3978 necessarium
1118 3930 1217 3988 est,
1259 3922 1367 3975 illic
1417 3921 1768 3976 ordinationis
1796 3922 2052 3974 honorem

465 4009 642 4064 locum
666 4011 866 4064 habere
899 4027 1004 4065 non
1032 4026 1208 4080 posse.
1237 4010 1365 4063 Nam
1395 4011 1460 4076 si,
1486 4019 1542 4063 ut
1571 4010 1762 4076 legitur
1790 4008 1972 4079 (Levii.
2007 4026 2051 4073 t;

469 4098 629 4153 Num.
649 4103 782 4168 xix),
806 4098 948 4167 quod
972 4099 1205 4167 tetigerit
1229 4099 1551 4166 immundus,
1570 4099 1898 4154 immundum
1930 4102 2053 4164 erit,

466 4189 739 4258 quomodo
768 4188 819 4242 id
860 4187 908 4241 ei
942 4187 1225 4251 tribuetur,
1261 4188 1404 4257 quod
1435 4188 1691 4242 munditia
1746 4205 1810 4242 ac
1851 4190 2055 4259 puritas

467 4280 747 4333 consuevit
802 4278 1100 4346 accipere?
1147 4277 1242 4330 sed
1283 4285 1472 4331 contra
1503 4280 1758 4332 {ISSCl'lllll‘
1785 4295 1926 4343 eum,
1961 4281 2050 4348 qui

466 4369 729 4423 honorem
759 4369 955 4428 amisit,
991 4369 1248 4422 honorem
1271 4368 1399 4422 dare
1431 4385 1536 4422 non
1565 4385 1754 4438 posse:
1784 4385 1882 4424 nec
1905 4371 2050 4424 illum

2154 1847 2405 1902 cessitate
2432 1845 2691 1917 temporis
2710 1855 2967 1901 statutum
2995 1855 3097 1913 est,
3121 1856 3334 1902 constat
3357 1847 3603 1917 primitus
3627 1863 3736 1902 non

2153 1938 2338 2000 fuisse,
2359 1953 2422 1992 ac
2455 1937 2618 1994 fuisse
2642 1940 2853 2008 regulas
2865 1949 3094 2004 veteres,
3111 1955 3247 2010 quas
3269 1943 3336 1995 ab
3357 1939 3616 2012 apostolis
3644 1951 3739 1995 aut

2153 2028 2464 2098 apostolicns
2482 2029 2610 2084 viris
2628 2030 2848 2085 traditas
2863 2029 3101 2085 Ecclesia
3121 2031 3359 2085 Romana
3376 2033 3628 2097 custodit,
3643 2047 3740 2086 cu-

2153 2119 2568 2189 stodiendasque
2605 2121 2823 2175 mandat
2852 2122 2935 2176 his
2966 2123 3057 2191 qui
3080 2139 3197 2175 eam
3220 2121 3406 2176 audire
3436 2138 3735 2176 consueve-

2155 2217 2298 2272 runt,
2333 2209 2424 2265 sed
2457 2211 2749 2266 necessitas
2781 2213 3036 2282 temporis
3058 2207 3113 2266 id
3137 2211 3250 2266 ﬁeri
3287 2226 3612 2282 magnopere
3641 2227 3738 2282 po-

2155 2298 2408 2354 stulabat.
2442 2298 2582 2369 Ergo
2610 2302 2754 2370 quod
2789 2301 3084 2356 necessitas
3125 2316 3223 2372 pro
3252 2300 3493 2356 remedio
3514 2303 3737 2372 reperit,

2155 2399 2402 2444 cessante
2450 2391 2772 2446 necessitate
2821 2391 2981 2446 debet
3033 2389 3216 2462 utique
3247 2407 3461 2447 cessare
3513 2391 3736 2462 pariter,

2153 2480 2296 2553 quod
2325 2481 2567 2549 urgebat,
2592 2483 2717 2551 quia
2740 2481 2876 2536 alius
2892 2491 2973 2537 est
2994 2482 3129 2537 ordo
3157 2481 3448 2553 legitimus,
3465 2482 3566 2536 alia
3591 2497 3740 2535 usur-

2155 2570 2322 2640 patio,
2374 2585 2534 2640 quam
2582 2570 2648 2623 ad
2680 2586 2912 2640 praesens
2969 2567 3082 2624 ﬁeri
3114 2579 3322 2640 tempus
3353 2569 3597 2640 impellit.
3629 2568 3740 2622 Sed

2156 2669 2394 2716 Canones
2431 2661 2575 2732 apud
2614 2661 2847 2715 Nicmam
2883 2661 3160 2716 constituti
3187 2660 3255 2715 de
3287 2660 3594 2715 Novatianis
3623 2659 3739 2714 ﬁeri

2155 2752 2532 2822 permiserunt,
2577 2753 2723 2822 prius
2771 2751 2858 2807 ille
2889 2765 3063 2806 canon
3109 2767 3138 2806 a
3167 2749 3416 2805 l‘atribus
3462 2751 3740 2805 institutus

2158 2842 2438 2910 ponendus
2475 2852 2586 2908 est,
2636 2851 2694 2897 ut
2731 2843 2997 2913 possimus
3029 2841 3311 2897 advertere
3357 2841 3443 2897 vel
3479 2841 3606 2911 quid
3649 2841 3738 2896 vel

2156 2934 2392 3001 qualiter
2442 2936 2509 2988 ab
2545 2934 2746 2989 eisdem
2792 2949 3008 2988 sensum
3049 2934 3117 2987 sit
3154 2932 3239 2987 vel
3270 2940 3618 3003 prteceptum.
3661 2931 3740 2986 De

2157 3025 2257 3090 his,
2286 3026 2477 3096 inquit,
2529 3027 2619 3094 qui
2677 3027 2954 3080 nominant
2991 3026 3200 3096 seipsos
3239 3019 3544 3091 eatharos,’
3570 3027 3618 3080 id
3658 3037 3741 3081 est

2083 3129 2126 3191 ρ
2160 3117 2406 3181 mmnlos,
2438 3123 2494 3170 et
2523 3115 2812 3186 aliquando
2841 3117 3066 3169 veniunt
3095 3115 3160 3168 ad
3191 3115 3511 3170 catholicam
3554 3112 3742 3168 Eccle-

2157 3209 2314 3276 siam,
2354 3208 2553 3278 placuit
2580 3218 2780 3262 sancta:
2829 3215 2884 3262 et
2927 3221 3132 3276 magore
3157 3208 3386 3279 synodo,
3433 3216 3493 3261 ut
3520 3215 3742 3276 accepta

2157 3311 2346 3354 manus
2371 3298 2717 3368 impositione
2746 3298 2823 3352 sic
2852 3306 3104 3352 maneant
3143 3299 3194 3352 in
3224 3299 3393 3354 clero.

2232 3388 2524 3444 Possumus
2549 3403 2679 3442 vero
2703 3387 2880 3443 dicere
2905 3387 2972 3442 de
3001 3387 3129 3442 solis
3156 3388 3258 3442 hoc
3288 3386 3596 3441 Novatianis
3619 3399 3743 3441 esse

2157 3487 2505 3550 prteceptum,
2538 3494 2637 3534 nec
2667 3478 2732 3532 ad
2762 3478 2986 3532 aliarum
3017 3478 3277 3532 luerosum
3311 3477 3538 3532 clericos
3567 3478 3741 3546 perti-

2160 3587 2311 3636 nere;
2345 3586 2468 3624 nam
2497 3571 2539 3624 si
2571 3570 2755 3638 utique
2777 3569 2844 3623 de
2871 3569 3124 3624 omnibus
3157 3568 3228 3622 ita
3258 3566 3559 3632 deﬁnirent,
3589 3566 3742 3620 addi—

2155 3663 2363 3717 disscnt
2405 3661 2789 3716 a-Novatianis
2823 3661 3048 3730 aliisque
3091 3661 3359 3716 haereticis
3407 3669 3746 3715 revertentes

2158 3755 2358 3810 debere
2389 3755 2441 3807 in
2486 3768 2640 3808 suum
2689 3754 2930 3809 ordinem
2961 3754 3130 3823 recipi
3171 3771 3182 3806 :
3216 3753 3360 3822 quod
3386 3755 3429 3807 si
3474 3753 3545 3807 ita
3573 3762 3741 3811 esset.

2157 3845 2318 3898 etiam
2343 3843 2472 3898 illud
2504 3844 2755 3909 maxime,
2782 3845 2925 3914 quod
2954 3844 3020 3899 de
3046 3843 3383 3898 Pauliauistis
3409 3844 3607 3898 dictum
3636 3854 3743 3906 cst,

2158 3936 2355 4006 poterit
2385 3935 2725 3999 conﬁrmare,
2775 3951 2804 3986 a
2831 3934 3023 4003 quibus
3052 3935 3332 3988 venientes
3374 3934 3533 3988 etiam
3565 3933 3747 4002 bapti-

2159 4026 2265 4080 zari
2317 4025 2653 4095 praecipiunt.
2686 4024 3058 4094 Nunquidnam
3107 4039 3229 4078 cum
3279 4023 3349 4077 de
3398 4022 3749 4078 Pauliauistis

2153 4117 2375 4184 jubent,
2423 4129 2611 4168 omnes
2653 4114 2743 4183 qui
2792 4115 2859 4168 ab
2888 4114 3154 4168 haereticis
3178 4121 3539 4180 revertuntur,
3579 4125 3748 4168 erunt

2159 4207 2263 4260 hoc
2304 4206 2551 4275 exemplo
2601 4205 3122 4275 baptizandi?quod
3168 4220 3288 4260 cum
3339 4205 3511 4259 nullus
3541 4204 3748 4259 audeat

2160 4296 2354 4358 facere,
2385 4296 2451 4349 de
2498 4295 2625 4364 ipsis
2673 4302 2878 4348 tantum
2933 4310 3052 4349 esse
3088 4305 3414 4366 praeceptum
3456 4295 3593 4348 ratio
3623 4296 3745 4364 ipsa

2157 4386 2511 4438 demonstrat.
2562 4382 2802 4453 Denique
2846 4385 3145 4454 baptizatos
3187 4387 3286 4440 rite
3315 4385 3382 4439 ab
3411 4385 3748 4453 evangelista

469 4458 667 4526 aliquid
693 4459 984 4527 accepisse,
1015 4459 1136 4528 quia
1188 4459 1316 4512 nihil
1348 4460 1399 4513 in
1423 4460 1584 4514 dante
1605 4470 1738 4527 erat,
1771 4462 1915 4530 quod
1965 4463 2048 4518 illc

2159 4477 2407 4546 Philippo
2438 4476 2624 4531 Petrus
2655 4484 2709 4530 ct
2737 4475 2971 4530 Joannes
2999 4476 3111 4531 sola
3159 4492 3347 4530 manus
3398 4476 3751 4546 impositione

470 4558 651 4620 posset
677 4550 956 4620 accipere,
1009 4550 1432 4619 acquiescimus,
1463 4559 1516 4606 ct
1547 4567 1730 4605 verum
1775 4562 1856 4606 est
1887 4563 2049 4619 certe,

467 4643 591 4714 quia
623 4641 765 4712 quod
790 4658 894 4695 nor.
920 4639 1123 4708 habuit,
1148 4641 1277 4696 dare
1303 4659 1406 4696 non
1435 4643 1624 4711 potuit.
1648 4641 2051 4698 Damnationem

471 4715 672 4800 utique,
691 4747 848 4799 quam
866 4731 1053 4784 habuit
1082 4747 1414 4802 pcrpravam
1443 4748 1631 4786 manus
1658 4733 2052 4801 impositionem

466 4823 632 4900 dedit,
664 4831 718 4878 et
753 4824 841 4892 qui
867 4823 1136 4894 particeps
1167 4824 1335 4878 factus
1358 4838 1441 4879 est
1480 4824 2055 4898 datnnato,_quomotlo

464 4914 663 4968 debeat
686 4915 946 4968 honorem
971 4915 1237 4984 accipere,
1273 4915 1513 4969 invenire
1546 4932 1650 4970 non
1679 4931 1916 4984 possum.
1949 4913 2055 4970 Sed

465 5005 664 5060 dicitur
690 5021 818 5059 vera
871 5021 935 5059 ac
957 5004 1097 5073 justa
1145 5003 1369 5072 legitimi
1425 5004 1720 5058 sacerdotis
1749 5005 2053 5058 benedictio

469 5093 681 5149 auferre
711 5111 869 5150 omne
892 5096 1101 5160 vitium,
1121 5093 1264 5163 quod
1289 5110 1316 5148 a
1341 5093 1534 5149 vitioso
1567 5095 1739 5148 fuerat
1771 5095 2046 5162 injectum.

506 5205 659 5269 Quod
697 5208 751 5259 in
779 5206 1190 5261 ordinationibus
1221 5209 1438 5260 crimina
1488 5207 1562 5260 rei
1593 5207 1713 5260 ritia
1757 5222 1856 5259 non
1891 5209 2015 5261 bene

1001 5277 1279 5331 credantur
1308 5294 1370 5328 au
1378 5278 1501 5348 ferri
1509 5318 1522 5330 .

544 5385 672 5440 LIV.
697 5384 856 5454 Ergo,
887 5387 930 5441 si
955 5387 1024 5442 ita
1051 5396 1152 5453 est,
1186 5387 1524 5457 applicentur
1563 5387 1630 5441 ad
1656 5389 2050 5442 ordinationem

469 5477 738 5543 sacrilegi,
760 5477 1014 5546 adulteri,
1046 5489 1208 5548 atque
1229 5479 1466 5534 onmium
1492 5480 1773 5534 criminum
1803 5481 1900 5544 rei,
1929 5481 2050 5547 quia

470 5579 568 5632 per
624 5567 1052 5624 benedictionem
1111 5570 1464 5626 ordinationis
1516 5571 1738 5625 crimina
1795 5572 1880 5626 vel
1927 5571 2051 5625 vitia

470 5664 727 5725 putantur
756 5658 974 5714 auferri.
1006 5661 1194 5716 Nullus
1238 5663 1306 5716 sit
1349 5664 1677 5734 pmnitentia:
1725 5665 1894 5727 locus,
1926 5664 2048 5735 quia

471 5745 527 5826 id
550 5754 729 5817 potest
770 5759 1024 5820 praestare
1053 5752 1341 5816 ordinatio,
1394 5754 1539 5822 quod
1569 5755 1722 5824 longa
1753 5755 2048 5811 satisfactio

2160 4575 2533 4621 consuunnaut
2577 4567 2710 4630 (Art.
2753 4583 2901 4634 viui:
2962 4567 3080 4620 illos
3134 4579 3259 4621 vero
3300 4581 3436 4636 quos
3464 4567 3750 4635 apostolus

2160 4657 2355 4711 Paulus
2394 4656 2616 4712 Joannis
2656 4658 2976 4726 baptismate
3018 4658 3316 4727 baptizatos
3366 4658 3566 4727 reperit
3597 4657 3741 4727 (Act.

2161 4747 2290 4818 xm),
2326 4747 2778 4818 interrogavitque
2823 4764 2889 4800 au
2918 4747 3172 4818 Spiritum
3197 4755 3440 4801 sanctum
3470 4748 3750 4816 suscepis-

2158 4848 2296 4904 sent,
2331 4839 2723 4909 fateutibusque
2747 4855 2802 4894 se
2833 4840 2959 4893 illud
2995 4856 3061 4894 ne
3090 4840 3304 4910 quidem
3331 4851 3526 4894 nomen
3558 4840 3752 4893 audis-

2157 4947 2235 4996 se,
2259 4930 2418 5000 jussit
2448 4947 2540 4987 eos
2567 4932 2846 5002 baptizari.
2877 4930 3082 4986 Videtis
3111 4943 3239 4998 ergo
3266 4931 3372 4985 rite
3417 4931 3753 5000 baptizatos,

2159 5024 2248 5077 illo
2278 5023 2419 5078 dono
2451 5023 2633 5078 iterari
2659 5039 2766 5078 non
2800 5039 2959 5093 posse
2985 5042 2994 5076 :
3027 5031 3079 5077 et
3109 5023 3262 5078 aliter
3285 5021 3398 5078 sola
3429 5034 3566 5092 aqua
3597 5020 3757 5076 lotos

2156 5115 2415 5184 baptizari
2472 5115 2523 5168 in
2576 5115 2788 5170 nomine
2837 5115 3038 5181 Patris,
3089 5124 3143 5170 et
3197 5113 3351 5181 Filii,
3410 5121 3464 5170 et
3508 5111 3756 5182 Spiritus

2154 5204 2325 5259 sancti
2378 5205 2740 5261 necessarium
2773 5206 3058 5275 pervideri.
3087 5205 3160 5259 Ita
3211 5215 3262 5259 et
3311 5205 3377 5259 de
3427 5204 3757 5260 Novatianis

2155 5305 2360 5350 tantum
2386 5296 2592 5366 jussum
2621 5312 2739 5352 esse
2763 5297 2934 5352 lucida
2959 5298 3395 5353 manifestatione
3424 5297 3753 5368 perlegitur,

2153 5386 2294 5456 quod
2328 5387 2525 5441 idcirco
2555 5388 2863 5444 distinctum
2895 5404 3013 5444 esse
3062 5389 3188 5458 ipsis
3217 5389 3422 5443 duabus
3446 5387 3757 5444 hzeresibns

2165 5479 2300 5532 ratio
2328 5477 2604 5532 manifesta
2635 5478 2889 5543 declarat,
2923 5479 3047 5548 quia
3078 5477 3416 5532 Pauliauier
3442 5479 3491 5530 in
3523 5477 3758 5533 nomine

2163 5569 2353 5635 Patris,
2387 5577 2440 5622 et
2468 5567 2602 5632 Filii,
2635 5579 2690 5623 et
2719 5570 2948 5640 Spiritus
2990 5571 3162 5626 sancti
3194 5571 3414 5625 minime
3443 5570 3751 5640 baptizant.

2158 5660 2225 5717 Et
2252 5662 2535 5716 Novatiani
2566 5663 2750 5718 iisdem
2782 5663 3084 5717 nominibus
3129 5663 3421 5718 tremendis
3477 5668 3758 5715 veneran-

2155 5755 2340 5826 disque
2362 5753 2656 5826 baptizaut,
2689 5768 2788 5810 nec.
2818 5754 2958 5824 apud
3009 5753 3139 5808 istos
3167 5751 3233 5807 de
3265 5752 3469 5807 unitate
3497 5758 3757 5820 potesta-
