3976 6196
379 326 487 380 263

1647 310 2001 367 DDNYslllS
2042 311 2362 369 EXIGUUS.

3538 312 3647 368 264

383 442 435 495 in
464 439 652 508 quibus
690 435 992 506 regionibus
1026 430 1297 486 familiaris
1322 437 1407 485 est
1436 430 1536 484 ista
1565 425 1908 498 praesumptio
1940 443 1951 478 :
1986 435 2032 492 Α
2062 427 2194 481 bitet
2207 426 2307 479 sibi
2338 439 2444 480 non
2465 432 2715 480 constare
2735 424 3019 488 rationem,
3046 422 3090 478 si
3120 423 3224 479 hoc
3246 431 3399 494 putat
3418 432 3542 495 post
3568 434 3649 479 tot

384 530 626 600 quamvis
671 543 769 581 nec
809 525 981 579 Africa
1018 538 1179 592 super
1218 522 1321 576 hac
1366 519 1732 575 admonitione
1780 526 1961 572 nostra

387 619 650 673 habeatur
674 616 867 679 aliena,
894 628 959 667 ne
981 613 1100 680 quis
1129 611 1340 681 penitus
1368 616 1555 663 contra
1586 606 1803 660 Patrum
1826 620 1964 675 pra:-

390 718 565 778 ccpta,
594 706 683 775 qui
724 703 1095 759 ecclesiasticis
1122 700 1412 770 disciplinis
1440 699 1672 753 imbutus
1700 713 1796 766 per
1823 697 1966 751 ordi-

393 814 513 852 nem
559 811 663 849 non
709 793 915 861 fuisset,
954 801 1010 847 et
1050 792 1310 862 temporis
1348 789 1736 860 approbatione
1774 787 1968 843 divinis

393 887 667 958 stipendiis
694 885 951 946 eruditus,
977 896 1312 952 nequaquam
1335 881 1400 933 ad
1425 894 1690 934 summum
1717 877 1970 932 Ecclesia:

394 976 752 1035 sacerdotium
781 973 1015 1043 aspirare
1057 979 1424 1042 prmsumeret,
1454 978 1509 1024 et
1552 985 1660 1024 non
1702 969 1873 1023 solum
1918 969 1972 1022 in

396 1088 461 1123 eo
493 1068 712 1121 ambitio
738 1064 985 1119 inefﬁcax
1014 1064 1320 1126 haberetur,
1345 1076 1531 1117 verum
1556 1061 1717 1116 etiam
1748 1061 1800 1113 in
1830 1060 1975 1114 ordi-

400 1171 614 1216 natores
636 1158 767 1227 ejus,
793 1166 853 1210 ut
871 1162 1120 1211 carerent
1150 1169 1215 1207 eo
1244 1152 1432 1207 ordine
1454 1167 1614 1221 quem
1642 1151 1759 1206 sine
1787 1150 1976 1206 ordine

401 1260 586 1304 contra
618 1256 881 1319 pnecepta
911 1245 1131 1300 Patrum
1161 1244 1496 1299 crediderant
1524 1243 1972 1314 prtesumendum.

406 1341 556 1395 Unde
605 1341 860 1394 miramur
890 1333 957 1389 a‘d
984 1337 1326 1390 dilectionem
1356 1341 1502 1387 tuam
1530 1341 1729 1389 statuta
1758 1342 1978 1402 aposto»

406 1429 520 1482 lica:
549 1428 690 1482 sedis
719 1443 825 1481 non
865 1425 1027 1479 fuisse
1061 1425 1287 1493 perlata.
1321 1423 1621 1478 Laudamus
1660 1423 1822 1492 igitur
1849 1438 1978 1492 pro-

406 1520 638 1588 positum
668 1518 980 1572 constantia)
1009 1526 1132 1585 tute,
1163 1515 1327 1571 frater
1351 1516 1681 1582 charissime,
1710 1531 1811 1570 nec
1838 1514 1982 1569 aliud

407 1610 473 1663 de
520 1608 773 1677 pontiﬁcii
816 1622 1040 1662 censura
1078 1606 1277 1661 veteris
1318 1605 1653 1661 auctoritatis
1694 1619 1861 1673 genus
1887 1619 1982 1659 ex-

408 1697 757 1767 spectandum
799 1696 916 1760 fuit,
948 1711 1107 1765 quam
1154 1704 1214 1751 ut
1257 1695 1454 1750 talibus
1482 1695 1860 1750 ambitionibus
1884 1710 1982 1765 pro

2063 519 2453 589 prohibitiones
2474 519 2690 588 impune
2708 531 2870 588 posse
2891 516 3087 572 tentari
3112 533 3124 569 :
3148 517 3486 572 contumelia:
3504 517 3651 573 enim

2066 608 2245 664 studio
2275 607 2335 661 ﬁt
2359 607 2617 677 quidquid
2644 608 2987 663 interdictum
3016 607 3177 662 toties
3205 615 3515 677 usurpatur.

2104 716 2234 781 Qum
2252 719 2303 772 in
2330 719 2547 789 singulis
2571 719 2690 773 cferi
2718 717 2964 787 gradibus
2987 726 3219 789 tempora
3244 719 3351 773 sint
3372 720 3618 789 pra/im.

2143 807 2228 862 Ill.
2272 808 2399 864 ilice
2427 818 2604 863 autem
2629 810 2852 879 singulis
2882 810 3135 878 gradibus
3165 810 3497 864 observanda
3532 818 3659 863 sunt

2070 908 2313 968 tempora
2330 916 2342 951 :
2358 897 2413 951 Si
2426 898 2492 952 ab
2505 899 2722 952 infantia
2735 899 3114 953 ecclesiasticis
3128 898 3439 953 ministeriis
3453 914 3652 953 nomen

2072 988 2303 1053 dederit,
2349 989 2491 1043 inter
2532 989 2763 1043 lectores
2805 1003 2977 1057 usque
3018 988 3085 1042 ad
3124 987 3436 1043 vicesimum
3481 988 3661 1042 aetatis

2075 1096 2275 1136 annum
2320 1082 2631 1137 continuata
2662 1082 3043 1138 observatione
3087 1082 3359 1151 perduret.
3398 1080 3456 1137 Si
3481 1083 3661 1151 major

2071 1173 2183 1242 jam
2241 1181 2297 1228 et
2354 1171 2663 1240 grandmvus
2716 1173 3042 1240 accesserit,
3089 1173 3161 1226 ita
3209 1180 3386 1226 tamen
3435 1179 3492 1226 ut
3534 1182 3660 1242 post

2077 1265 2399 1335 baptismum
2427 1264 2607 1318 statim
2635 1278 2694 1321 se
2721 1263 2912 1317 divina:
2936 1264 3134 1317 militiae
3160 1262 3428 1319 desideret
3454 1264 3662 1317 manci-

2078 1356 2215 1426 pari,
2247 1355 2362 1410 sive
2390 1357 2529 1409 inter
2572 1354 2825 1417 lectores,
2851 1354 2963 1409 sive
3003 1353 3144 1407 inter
3163 1354 3459 1408 exorcistas
3495 1354 3659 1422 quin-

2081 1448 2317 1516 quennio
2346 1454 2609 1511 teneatur,
2639 1445 2834 1501 exinde
2862 1446 3143 1517 acolythus
3173 1446 3261 1500 vel
3301 1444 3663 1501 subdiaconus

2081 1547 2315 1607 quatuor
2343 1538 2517 1603 annis,
2547 1546 2601 1592 et
2629 1537 2706 1593 sic
2744 1536 2810 1590 ad
2846 1537 3276 1592 benedictionem
3319 1537 3661 1602 diaconatus,

2082 1630 2129 1684 si
2152 1638 2409 1694 meretur,
2441 1629 2680 1693 accedat,
2712 1629 2768 1683 in
2794 1644 2903 1698 quo
2933 1630 3121 1685 ordine
3153 1630 3386 1699 quinque
3414 1630 3590 1695 annis,
3619 1629 3665 1685 si

2086 1718 2357 1788 iueulpate
2382 1734 2440 1774 se
2464 1718 2709 1786 gesserit,
2730 1719 2933 1774 hmrere
2964 1718 3196 1773 debebit.
3217 1717 3440 1785 Exinde,
3466 1717 3664 1773 suffra-

410 1786 944 1880 pncceptisPatrum
974 1787 1034 1880 in
1059 1785 1354 1880 procinctu
1390 1785 1512 1880 ﬁdei
1540 1785 1862 1880 constitutus
1891 1799 1985 1839 oc-
2018 1797 2059 1855 B
2087 1785 2333 1879 sami'bus
2357 1810 2654 1880 stipendiis,
2683 1824 2780 1880 per
2805 1817 2885 1865 ιοι
2906 1808 3102 1880 gradus
3122 1808 3261 1864 dalis
3284 1808 3511 1879 propria,
3540 1807 3665 1863 ﬁdei

411 1891 675 1931 curreres.
701 1875 864 1944 igitur
884 1874 926 1929 si
949 1874 1075 1943 quid
1099 1874 1405 1929 auctoritati
1431 1883 1550 1939 ture,
1580 1874 1724 1943 quod
1752 1889 1851 1929 nos
1880 1889 1987 1927 non

414 1969 713 2036 Opiuamur,
731 1966 964 2019 mstimas
990 1964 1244 2031 defuisse,
1265 1964 1597 2034 supplemus.
1621 1962 1875 2020 Obsistite
1902 1971 1987 2017 ta-

415 2059 551 2112 libus
586 2055 1043 2119 ordinationibus,
1074 2054 1322 2109 obsistite
1358 2052 1620 2123 superbiae
1650 2062 1707 2109 et
1734 2066 1990 2121 arrogam

416 2148 502 2201 tia:
526 2146 773 2200 venienti.
798 2143 995 2198 Tecum
1027 2143 1228 2196 faciunt
1252 2150 1519 2213 praecepta
1550 2141 1788 2209 Patrum,
1813 2151 1988 2197 tecum

417 2235 720 2307 apostolica:
745 2233 885 2288 sedis
909 2232 1220 2287 auctoritas.
1253 2231 1310 2287 Si
1340 2233 1482 2287 enim
1511 2231 1686 2287 ofﬁcia
1715 2232 1992 2287 smcularia

417 2327 709 2399 principem
740 2323 936 2388 locum,
972 2338 1076 2377 non
1109 2323 1428 2378 vestibulum
1460 2322 1690 2377 actionis
1718 2322 1990 2391 ingressis,

417 2418 511 2474 sed
541 2432 635 2486 per
663 2413 921 2484 plurimos
950 2411 1145 2479 gradus
1170 2411 1507 2478 examinatis,
1541 2413 1870 2481 temporibus
1898 2413 1994 2467 de-

420 2511 620 2572 ferunt,
660 2504 779 2571 quis
808 2502 897 2555 ille
935 2509 1044 2553 tam
1072 2515 1347 2569 arrogans,
1382 2510 1488 2556 tam
1518 2499 1797 2569 impudens
1840 2501 1992 2555 inve-

421 2597 585 2662 nitur,
613 2604 672 2649 ut
701 2595 752 2648 in
795 2593 1003 2648 caelesti
1045 2592 1256 2658 militia,
1285 2607 1403 2661 quae
1442 2593 1763 2663 prOpensius
1792 2592 1996 2662 ponde-

422 2686 587 2742 randa
616 2691 717 2749 est,
743 2692 799 2739 et
824 2684 962 2738 sicut
989 2698 1176 2737 aurum
1204 2682 1445 2753 repetitis
1473 2682 1681 2751 ignibus
1706 2683 1995 2753 exploran-

422 2778 569 2843 dum,
597 2776 776 2831 statim
804 2774 911 2828 dux
939 2788 1057 2828 esse
1080 2772 1379 2827 desideret?
1410 2772 1543 2828 Cum
1585 2775 1692 2827 tiro
1732 2782 1856 2829 ante
1884 2789 1992 2829 non

424 2870 604 2934 fuerit,
634 2878 689 2922 et
718 2868 869 2937 prius
896 2865 1026 2920 velit
1052 2865 1229 2919 dicere
1255 2879 1414 2933 quam
1450 2864 1682 2921 discere?
1709 2865 1996 2923 Assuescat

425 2960 477 3014 in
506 2957 714 3014 Domini
741 2957 949 3022 castris,
976 2957 1028 3010 in
1066 2955 1325 3011 lectorum
1356 2956 1602 3025 primitus
1629 2958 1796 3027 gradu
1828 2959 1995 3015 divini

426 3048 724 3105 rudimenta
752 3046 973 3123 servitii,
1008 3060 1107 3101 nec
1137 3046 1213 3101 illi
1238 3046 1344 3102 vile
1369 3046 1457 3115 sit,
1486 3048 1830 3114 exorcistam,
1863 3063 1993 3103 aco-

2087 1898 2446 1973 documentis,
2476 1900 2798 1971 presbyterii
2826 1900 3183 1955 sacerdotium
3220 1901 3419 1969 poterit
3452 1914 3667 1970 prome-

2088 1993 2216 2047 reri.
2257 1992 2334 2048 De
2362 2007 2470 2061 quo
2498 1992 2618 2047 loco
2659 1991 2705 2045 si
2740 2006 2864 2046 eum
2905 1991 3146 2046 exactior
3172 1991 3241 2045 ad
3275 1990 3447 2046 bonos
3488 2005 3670 2045 mores

2087 2081 2197 2136 vita
2228 2081 2558 2151 produxerit,
2584 2095 2847 2135 summum
2873 2078 3239 2149 pontiﬁcatum
3259 2092 3477 2150 sperare
3499 2077 3671 2133 debe-

2089 2171 2199 2239 bit,
2225 2171 2325 2225 hac
2349 2178 2525 2225 tamen
2548 2170 2665 2239 lege
2684 2178 2916 2237 servata,
2941 2178 2999 2223 ut
3018 2184 3192 2238 neque
3212 2169 3470 2237 digamus,
3495 2183 3672 2238 neque

2089 2261 2355 2331 paenitens
2382 2260 2447 2314 ad
2467 2261 2567 2314 hos
2585 2264 2779 2327 gradus
2799 2260 2964 2330 possit
2984 2258 3215 2313 admitti.
3239 2257 3400 2322 Sane,
3426 2266 3485 2311 ut
3507 2257 3672 2313 etiam

2090 2351 2402 2406 defensores
2428 2350 2702 2413 Ecclesiaa,
2744 2351 2836 2420 qui
2881 2365 2948 2405 ex
2993 2349 3143 2404 laicis
3170 2347 3324 2417 ﬁunt,
3368 2349 3673 2419 supradicta

2092 2441 2472 2496 observatione
2512 2449 2813 2507 teneantur,
2842 2440 2887 2495 si
2934 2439 3225 2494 meruerint
3251 2452 3371 2493 esse
3405 2438 3458 2491 in
3483 2438 3675 2492 ordine

2093 2531 2396 2587 clericatus.
2423 2532 2556 2586 Data
2585 2549 2636 2587 ix
2661 2532 2764 2587 cal.
2791 2533 2966 2595 Marh,
3002 2529 3231 2586 dominis
3268 2527 3464 2584 nostris
3490 2526 3676 2583 Hono-

2094 2622 2175 2679 rio
2202 2638 2276 2678 xn
2303 2632 2359 2679 et
2386 2623 2691 2680 Theodosio
2720 2639 2810 2678 vm
2838 2621 3010 2690 Augg.
3042 2635 3221 2676 conss.

2453 2713 2536 2766 Ad
2562 2714 2883 2782 presbyteros
2918 2708 3317 2763 Ravetmatium.

2164 2802 2255 2860 IV.
2295 2801 2494 2859 Zosimi
2514 2799 2756 2871 episcopi
2784 2796 3253 2853 commonitorium
3282 2793 3607 2865 presbyteris
3624 2802 3680 2848 et

2096 2892 2410 2949 diaconibus
2456 2892 2546 2962 qui
2586 2890 2858 2944 Ravenna
2898 2896 3042 2943 sunt.
3087 2886 3166 2940 Ex
3197 2886 3460 2941 relatione
3499 2883 3682 2937 fratris

2097 2984 2266 3041 nostri
2304 2981 2610 3037 Archidami
2654 2980 2955 3052 presbyteri
2991 2979 3224 3048 qualiter
3261 2976 3495 3045 suscepti
3542 2976 3681 3041 sitis,

2100 3072 2186 3127 vel
2222 3073 2350 3141 quid
2376 3072 2614 3141 egeritis,
2645 3072 2997 3139 agnovimus;
3029 3068 3114 3123 vel
3141 3067 3371 3136 qualiter
3398 3067 3470 3120 illi
3486 3068 3685 3121 Susce-

425 3143 650 3214 lythum,
685 3139 1090 3201 subdiaconum,
1126 3137 1412 3193 diaconum
1445 3153 1543 3209 per
1583 3138 1825 3193 ordinem
1861 3138 1992 3204 fieri,

2104 3162 2179 3232 pti
2208 3169 2350 3227 sunt,
2379 3162 2471 3231 qui
2494 3170 2681 3217 contra
2704 3175 2940 3216 canones
2964 3159 3247 3214 adversum
3287 3172 3387 3211 nos
3412 3156 3480 3209 ad
3509 3157 3686 3212 comi-

427 3249 527 3288 nec
553 3232 657 3287 hoc
678 3231 836 3296 saltu,
861 3231 957 3286 sed
976 3232 1188 3287 statutis
1216 3232 1477 3301 majorum
1501 3232 1837 3288 ordinatione
1863 3240 2001 3288 tem-

427 3325 666 3394 poribus.
695 3321 812 3376 .lam
845 3337 973 3377 vero
1015 3323 1081 3377 ad
1123 3323 1438 3391 presbyterii
1467 3321 1732 3390 fastigium
1764 3323 1884 3377 talis
1908 3339 2003 3378 ac-

427 3411 604 3477 cedat,
639 3419 772 3465 utet
816 3425 1011 3465 nomen
1038 3418 1170 3466 tetas
1200 3410 1439 3480 impleat,
1465 3419 1519 3465 et
1544 3414 1791 3465 meritum
1822 3414 2005 3482 probi-

429 3502 555 3557 tatis
582 3501 843 3571 stipendia
882 3510 1007 3557 ante
1034 3510 1150 3556 acta
1183 3510 1463 3556 testentur.
1497 3501 1623 3556 Jure
1649 3502 1771 3558 inde
1811 3504 2004 3558 summi

431 3591 693 3663 pontiﬁcis
717 3592 892 3647 locum
921 3606 1140 3661 sperare
1166 3590 1401 3653 debebit,
1434 3591 1561 3647 facit
1587 3593 1691 3647 hoc
1726 3593 1888 3647 nimia
1920 3608 2006 3649 re-

432 3684 612 3738 missio
635 3682 1079 3738 consacerdotum
1122 3692 1446 3747 nostrorum,
1472 3686 1563 3753 qui
1593 3699 1842 3754 pompam
1870 3686 2006 3740 mul-

433 3772 669 3826 titudinis
690 3780 956 3840 quaerunt,
984 3780 1038 3825 et
1060 3779 1248 3840 putant
1277 3787 1340 3825 ex
1371 3773 1472 3827 hac
1504 3773 1657 3827 turba
1685 3774 1881 3842 aliquid
1905 3776 2005 3829 sibi

430 3863 700 3933 dignitatis
729 3863 951 3934 acquiri.
977 3862 1109 3917 llinc
1133 3862 1329 3933 passim
1361 3879 1644 3918 numerosa
1676 3866 2007 3935 popularitas

430 3955 591 4006 etiam
638 3952 722 4006 his
774 3951 905 4007 locis
945 3953 1033 4007 ubi
1071 3952 1301 4007 solitudo
1329 3962 1440 4018 est,
1486 3953 1673 4008 talium
1712 3956 2003 4025 reperitur,

432 4043 556 4098 dum
604 4042 884 4111 parochias
935 4041 1156 4098 extendi
1201 4043 1443 4114 cupiunt,
1485 4053 1577 4097 aut
1625 4044 1817 4112 quibus
1861 4045 2005 4100 aliud

432 4142 682 4202 pnestare
723 4148 827 4185 non
872 4142 1125 4200 possunt,
1175 4134 1384 4189 divinos
1428 4135 1645 4189 ordines
1687 4135 2003 4203 largiuntur.

431 4220 583 4287 Quod
608 4228 819 4291 oportet
848 4220 1073 4277 districti
1099 4236 1311 4290 semper
1340 4238 1459 4277 esse
1474 4222 1681 4290 judicii,
1714 4239 1894 4278 rarum
1923 4234 2008 4282 est

433 4310 572 4363 enim
600 4323 759 4363 omne
780 4309 924 4377 quod
957 4321 1205 4375 magnum
1234 4317 1334 4364 est.

436 4418 581 4483 Quod
604 4420 650 4472 si
675 4421 786 4489 quis
814 4420 1089 4473 interdicta
1116 4420 1423 4493 (ἐξερρίφει-ξι,
1449 4422 1640 4492 gradus
1669 4424 1748 4477 sui
1777 4408 2033 4493 pericufo‘

1063 4491 1364 4559 subjacebit.

501 4597 563 4653 ll.
607 4596 835 4653 Proinde
880 4614 1008 4662 nos,
1051 4615 1117 4654 ne
1155 4601 1281 4668 quid
1322 4602 1528 4657 meritis
1558 4604 1858 4661 dilectionis
1900 4614 2002 4661 tua:

432 4690 769 4757 derogemus,
799 4690 864 4744 ad
889 4698 939 4744 te
969 4689 1301 4759 potissimum
1323 4691 1521 4761 scripta
1548 4692 1859 4760 direximus,
1884 4709 2003 4763 quae

433 4778 485 4832 in
543 4777 779 4833 omnium
824 4777 1048 4832 fratrum
1098 4786 1155 4833 et
1202 4779 1646 4848 coepiscoporum
1695 4789 2002 4837 nostrorum

434 4870 597 4927 facies
622 4870 698 4926 ire
720 4870 984 4938 notitiam,
1022 4885 1128 4924 non
1152 4878 1355 4927 tantum
1376 4886 1561 4926 eorum
1592 4874 1684 4941 qui
1710 4874 1763 4926 in
1790 4889 1852 4929 ea
1877 4890 2003 4943 pro-

434 4962 601 5017 vincia
629 4970 769 5028 sunt,
796 4962 891 5016 sed
914 4960 1072 5016 etiam
1097 4962 1188 5031 qui
1212 4953 1406 5017 vicinis
1430 4963 1730 5018 dilectionis
1756 4973 1859 5023 tua:
1879 4980 2003 5035 pro-

432 5053 619 5108 vinciis
656 5053 1032 5123 adjunguntur.
1075 5051 1239 5119 Sciet,
1284 5053 1525 5122 quisquis
1552 5054 1675 5120 hoc,
1706 5058 2004 5126 postposita

433 5139 647 5195 Patrum
677 5153 731 5197 et
757 5142 1063 5215 apostolica:
1091 5142 1231 5197 sedis
1260 5144 1595 5208 auctoritate,
1627 5146 1939 5214 neglexerit,
1971 5164 2003 5204 a

434 5230 587 5283 nobis
613 5230 902 5288 districtius
926 5231 1315 5297 vindicandum,
1340 5242 1398 5287 ut
1423 5232 1526 5289 loci
1551 5234 1633 5289 sui
1661 5236 1881 5290 minime
1909 5238 2007 5291 du-

2106 3259 2295 3317 tatum,
2317 3251 2501 3306 nescio
2520 3265 2625 3320 qua
2646 3249 2905 3305 audentes
2934 3247 3254 3310 temeritate,
3279 3244 3356 3300 ire
3376 3245 3683 3299 voluerunt.

2105 3343 2186 3397 Ad
2213 3357 2348 3413 quos
2376 3341 2514 3407 haec,
2539 3357 2658 3412 qua:
2690 3357 2833 3397 nunc
2855 3340 3117 3408 misimus,
3148 3339 3275 3393 olim
3307 3338 3505 3407 scripta
3542 3336 3688 3393 fece-

2103 3446 2319 3495 ramus,
2342 3418 2565 3497 Ieorum,
2604 3446 2739 3500 quas
2767 3430 3025 3499 injuriose
3052 3427 3327 3492 miserant,
3358 3426 3689 3495 responden-

2108 3531 2188 3576 tes
2217 3521 2475 3591 epistolis.
2504 3520 2613 3576 Sed
2642 3520 2895 3589 quoniam
2922 3534 3028 3573 non
3059 3525 3348 3588 potuerunt
3375 3516 3452 3571 rei
3482 3518 3536 3571 in
3566 3504 3689 3581 sua,

2106 3613 2208 3667 hoc
2231 3622 2315 3667 est
2335 3612 2387 3665 in
2413 3619 2595 3665 nostra
2617 3608 2854 3663 Ecclesia
2885 3606 3147 3670 Romana,
3177 3621 3296 3659 cum
3319 3605 3513 3659 nostris
3539 3620 3691 3660 com-

2106 3702 2435 3773 presbyteris
2484 3700 2827 3765 commorari,
2878 3698 2978 3755 bas
3019 3697 3085 3751 ad
3132 3712 3230 3752 vos
3258 3696 3361 3751 illis
3400 3695 3692 3750 tradendas

2106 3794 2314 3849 litteras
2341 3792 2745 3854 destinavimus,
2769 3790 2823 3843 in
2844 3789 3036 3858 quibus
3055 3787 3275 3843 decreto
3296 3794 3481 3841 nostro
3508 3787 3691 3842 sanxi-

2105 3898 2224 3938 mus
2260 3890 2588 3936 memoratos
2626 3880 3030 3950 perturbatores
3071 3890 3309 3933 ommum
3338 3876 3405 3929 ab
3432 3876 3692 3945 apostoli-

2108 3988 2185 4027 ca:
2226 3981 2422 4027 nostra:
2460 3970 2603 4027 sedis
2642 3968 3020 4025 communione
3066 3968 3270 4023 alienos
3305 3967 3487 4033 fuisse,
3528 3976 3692 4036 atque

2108 4070 2291 4117 nostra
2309 4061 2699 4131 subscriptione
2726 4060 2994 4130 prolatam
3024 4059 3341 4113 sententiam
3362 4059 3688 4127 suscepisse.

2105 4152 2229 4207 lllos
2258 4152 2421 4206 etiam
2452 4152 2541 4221 qui
2571 4150 2829 4205 effrenato
2874 4148 3038 4218 hujus
3065 4148 3208 4204 facto
3239 4149 3573 4217 consilioque
3602 4165 3690 4204 as-

2106 4257 2320 4298 sensum
2352 4241 2698 4297 commodare
2724 4241 3031 4305 voluerunt,
3077 4250 3268 4295 vestra:
3304 4240 3581 4297 charitatis
3607 4250 3694 4295 est

2106 4334 2370 4389 aestimare
2393 4334 2621 4402 qualiter
2641 4332 2957 4387 habeantur.
2982 4330 3186 4397 Quibus
3208 4331 3311 4385 hoc
3335 4329 3573 4399 objicere
3594 4347 3693 4386 vos

2106 4423 2332 4489 debetis,
2357 4423 2500 4493 quod
2519 4422 2671 4493 juxta
2700 4436 2965 4477 canonum
2988 4429 3255 4491 praecepta
3276 4421 3485 4475 fortiter
3508 4423 3692 4476 incur-

2033 4506 2083 4564 D
2109 4530 2247 4581 rere,
2280 4524 2336 4570 et
2378 4514 2608 4584 qualiter
2648 4513 2992 4583 presbyteros
3028 4526 3135 4566 non
3178 4511 3420 4576 decebat,
3460 4511 3689 4566 rebelles

2106 4604 2339 4657 existere
2366 4609 2724 4656 tentaverunt.
2746 4601 2856 4656 Vos
2884 4608 3062 4655 tamen
3091 4614 3391 4667 monemus,
3414 4601 3465 4654 in
3495 4615 3691 4670 specu-

2106 4696 2172 4749 lis
2208 4710 2327 4749 esse
2367 4693 2590 4760 debere,
2641 4707 2710 4747 ne
2746 4706 2851 4760 qua
2877 4706 3063 4747 eorum
3098 4699 3411 4761 prorumpat
3438 4691 3686 4751 audacia.

2105 4800 2241 4855 quos
2265 4783 2744 4838 auathematizatos
2766 4782 2867 4836 scit
2906 4792 3091 4837 sancta
3114 4790 3169 4836 ct
3188 4782 3478 4852 apostolica
3499 4781 3691 4838 Eccle-

2106 4873 2203 4929 sia.
2238 4872 2315 4927 De
2352 4872 2433 4926 bis
2461 4887 2592 4927 vero
2635 4872 2727 4939 qui
2770 4886 2957 4926 eorum
2995 4886 3054 4926 se
3092 4871 3334 4926 societati
3371 4870 3687 4939 junxerunt,

2106 4963 2233 5031 quid
2273 4962 2342 5017 de
2384 4961 2468 5018 his
2507 4974 2666 5028 agere
2710 4960 3018 5027 debeamus,
3049 4975 3173 5015 cum
3215 4961 3417 5016 reversi
3458 4960 3686 5024 fueritis,

2109 5056 2333 5111 consilio
2359 5056 2567 5111 meliori
2598 5056 2966 5109 tractabimus.
2996 5053 3063 5108 Et
3089 5053 3193 5107 alia
3222 5069 3415 5109 manu:
3438 5054 3631 5108 Datum
3659 5073 3690 5110 v

2109 5162 2279 5202 nonas
2306 5148 2521 5211 0ctob.,
2555 5146 2792 5201 llonorio
2834 5162 2906 5201 xu
2943 5153 2998 5201 ct
3039 5144 3342 5201 Theodosio
3384 5162 3470 5201 vm
3507 5144 3681 5215 Augg.

2110 5253 2287 5293 conss.
2323 5239 2444 5308 (Au.
2476 5237 2663 5291 Christi
2690 5235 2840 5307 M8.)

1504 5365 1865 5425 DECRE'I‘A
1910 5328 2311 5429 nomine”
2360 5370 2603 5431 raras.

435 5526 753 5607 Supplicalio
778 5542 928 5607 papa:
954 5527 1225 5607 Bqnifacii,
1261 5540 1313 5582 ut
1333 5533 1719 5607 coustitualurin
1743 5533 1994 5607 principe,

501 5606 619 5665 quat
652 5612 744 5648 uus
768 5596 825 5677 in
848 5596 969 5648 urbe
1000 5596 1161 5651 lloina
1191 5617 1449 5669 nunquam
1470 5596 1821 5669 perumbititm
1846 5596 1959 5655 σι’ἄὶ
1977 5631 1992 5640 -

502 5674 648 5717 netur
669 5674 901 5718 antistes.

502 5772 539 5828 ι.
572 5770 869 5828 Bonifacius
896 5773 1175 5845 episc0pus
1222 5775 1457 5832 llonorio
1510 5779 1765 5847 Augusto.
1802 5777 1990 5836 Eccle-

2101 5516 2192 5568 sia:
2222 5530 2372 5579 mem,
2405 5518 2487 5573 cui
2537 5517 2674 5571 Deus
2705 5526 2886 5571 noster
2916 5534 3091 5573 meum
3118 5516 3497 5578 sacerdotium,
3527 5515 3684 5569 vobis

2100 5619 2189 5658 res
2211 5604 2468 5659 humanas
2496 5605 2823 5672 regentibus,
2848 5606 3142 5675 deputavit,
3176 5618 3301 5660 cura
3335 5603 3679 5670 constringit,

2102 5708 2168 5748 ne
2189 5694 2365 5749 causis
2394 5697 2530 5763 ejus,
2552 5696 2793 5765 quamvis
2834 5698 3007 5752 adhuc
3037 5698 3278 5767 corporis
3310 5697 3664 5752 incommodi-

2100 5790 2210 5837 tate
2238 5782 2498 5852 detincar,
2534 5794 2756 5854 propter
2789 5795 3083 5844 conventus
3112 5788 3200 5852 qui
3229 5802 3258 5841 a
3300 5788 3676 5843 sacerdotibus
