1991 3098
164 171 219 201 265

691 168 879 198 COLLECTIO
895 168 1125 197 DECRETORUM
1143 167 1193 195 PP.
1216 168 1273 196 RR.

1754 168 1805 195 93'?

168 226 310 259 universis,
327 226 479 259 etilcricis,
496 231 523 254 et
546 225 706 255 Christianae
721 227 805 262 plebis
820 226 958 262 pcttnrba-
978 230 998 256 Λ
1014 226 1185 253 nttestatione
1212 226 1347 259 siguamus
1369 233 1401 252 ac
1430 226 1554 261 petimus,
1576 225 1614 253 uti
1643 225 1809 260 quotidiauis

167 274 284 301 tionibus
299 273 443 308 agitantur,
457 272 526 308 apud
538 280 618 300 aures
629 272 847 301 Christianissimi
863 272 961 308 princi-

167 319 208 354 pis
222 318 316 346 desim.
334 318 361 345 Si
379 318 487 353 quidem
502 325 594 352 secus,
620 326 699 353 quam
716 323 832 353 oportet,
845 318 962 351 eveniat,

167 372 220 391 non
229 371 278 391 vos
289 362 315 390 id
326 362 427 396 facere,
440 363 485 398 qui
493 367 590 390 cuncta
602 370 679 398 mqua
691 363 878 391 moderatione
893 371 964 390 com-

166 410 266 441 oonitis
281 418 288 436 :
300 408 347 436 sed
363 416 412 437 nos
423 416 472 443 per
483 413 602 437 nostram
616 413 738 437 tacentes
749 409 878 437 desidiam
890 409 963 436 vide-

166 457 265 487 bimur,
280 455 353 491 quod
376 455 494 482 civitatis
512 455 642 491 quietem,
659 454 784 483 Ecclesiae
796 463 890 490 pacem
902 462 960 490 pcr-

166 507 273 530 vertere
297 502 397 534 valeat,
413 502 544 529 amisisse.
561 502 628 529 Cum
644 502 715 529 enim
744 501 869 529 humanis
884 502 963 529 rebus

162 547 263 575 divina:
277 547 366 574 cultor
379 546 526 581 religionis,
537 547 653 575 Domino
666 547 781 577 favente.
808 547 962 582 pratsideas,

167 597 259 619 nostra
275 592 353 626 culpa
365 592 427 623 erit,
442 592 464 619 si
479 600 531 619 non
547 592 573 619 id
588 592 638 620 sub
653 597 740 620 vestra
765 593 849 626 gloria
872 593 962 627 (quam

175 642 271 664 -ertum
286 641 327 663 est
341 636 437 664 divinis
462 644 570 671 semper
594 636 674 664 rebus
689 637 779 664 animo
796 638 963 672 promptiore

167 683 274 717 favisse)
290 682 369 710 firmo
379 687 407 710 et
416 683 504 710 stabili
517 683 578 716 jure
589 683 767 713 custodiatur.
777 683 847 717 quod
863 691 911 718 per
925 687 964 710 tot

165 737 300 756 annorum
314 729 428 762 seriem,
444 732 471 755 et
485 729 534 755 sub
549 728 601 755 illis
614 729 696 756 etiam
712 728 879 764 principibus
895 728 964 756 obti-

164 774 234 806 nuit,
251 781 321 808 quos
346 773 417 800 nulla
442 777 540 800 nostra:
559 773 696 808 religionis
711 781 775 801 cura
794 773 968 804 constrinxit,

166 819 191 846 id
207 824 250 847 est
265 823 294 845 ut
307 818 542 851 serventurlicita,
560 825 588 846 et
614 819 663 846 sub
678 823 773 846 vestra:
788 819 899 854 imperio
914 820 966 847 cic-

165 864 284 895 mentize,
312 864 434 898 minime,
460 872 519 899 qua:
557 869 620 891 sunt
642 864 745 893 illicita.
776 864 962 891 formidentur.

1015 271 1182 299 orationibus
1196 270 1361 305 apostolatus
1373 275 1433 298 tuus
1443 271 1569 302 studium,
1580 278 1611 299 ac
1623 276 1715 299 votum
1729 278 1808 298 suum

1015 315 1087 343 circa
1112 316 1236 348 salutem,
1261 320 1342 350 atque
1370 315 1510 351 imperium
1534 320 1656 343 nostrum
1683 316 1807 350 dignetur

1016 362 1179 396 impendere.
1197 361 1263 388 Illud
1280 366 1369 388 autem
1383 362 1477 397 pietati
1489 366 1588 389 nostra:
1603 360 1667 389 satis
1678 362 1806 396 placitum

1015 415 1075 435 esse
1086 414 1230 441 cognosce,
1243 407 1315 442 quod
1326 408 1505 434 sanctimonia
1518 411 1561 434 tua
1572 407 1605 435 de
1615 406 1805 440 Ecclesiarum,

1015 456 1060 478 aut
1073 452 1163 486 populi
1179 452 1380 487 perturbatione
1395 452 1511 480 sollicita
1523 456 1573 480 est.
1589 451 1653 485 Quae
1668 457 1698 479 ut
1710 460 1745 480 ne
1759 453 1807 480 ali~

1014 505 1066 533 qua
1089 498 1193 525 ratione
1214 498 1298 533 possit
1320 498 1449 530 invenire,
1464 498 1529 525 satis
1548 498 1698 533 clementia»
1716 503 1807 526 nostra

1016 531 1129 570 credidit
1154 531 1221 571 esse
1243 544 1389 578 provisum.
1421 544 1541 578 Denique
1568 531 1735 571 beatitudine
1762 549 1807 571 tua

1016 590 1190 625 pratdicante,
1208 590 1235 618 id
1258 590 1290 617 ad
1313 594 1471 618 cunctorum
1499 590 1657 618 clericorum
1687 590 1807 617 notitiatn

1016 636 1148 663 voluimus
1159 637 1311 670 pervenire,
1328 640 1356 663 ut
1384 636 1405 662 si
1431 635 1495 670 quid
1519 635 1587 664 forte
1615 635 1736 670 religioni
1758 641 1808 663 tum

1017 682 1099 716 (quod
1117 690 1169 708 non
1183 682 1320 716 optamus)
1332 682 1448 709 humana
1464 685 1537 709 sorte
1553 682 1706 716 contigerit,
1722 682 1809 710 sciant

1015 734 1109 754 omnes
1132 727 1166 754 ah
1189 727 1379 755 ambitionibus
1403 734 1464 755 esse
1484 727 1653 755 cessandum.
1671 728 1704 755 At
1719 728 1742 755 sl
1756 728 1810 755 duo

1015 776 1109 799 contra
1124 771 1164 799 fas
1178 772 1329 799 temeritate
1338 776 1483 804 certantes,
1498 771 1597 799 fuerint
1609 773 1734 806 ordinati,
1751 774 1810 801 nui-

1016 817 1069 843 lum
1096 824 1129 844 ex
1167 817 1209 844 bis
1238 817 1355 844 futurum
1372 818 1477 852 penitus
1489 817 1667 850 sacerdotem,
1679 818 1724 845 sed
1736 818 1810 846 illum

1015 861 1102 889 solum
1118 863 1143 889 in
1158 862 1221 889 sede
1235 862 1382 897 apostolica
1399 870 1610 897 permansurum,
1622 871 1701 898 quem
1714 871 1747 890 ex
1763 872 1810 890 nn-

167 910 225 945 lpsa
237 910 311 937 enim
321 908 440 937 Ecclesia
457 910 629 937 devotionem
642 915 724 941 tuam,
736 910 963 937 Cbristianissime
981 914 1000 942 ιι
1015 916 1090 936 utero
1107 909 1267 936 clericorum
1284 917 1352 936 nova
1369 909 1539 937 ordinatione
1549 909 1666 936 divinum
1680 909 1809 943 judicium

167 958 326 990 imperator,
342 963 404 983 meo
418 956 527 990 quidem
541 964 674 987 sermone,
688 955 736 983 sed
750 963 800 983 suo
815 954 962 983 venerabili

167 1001 285 1036 appellat
301 1000 408 1031 allecto.
423 1009 503 1035 quam
522 1000 644 1029 Christus
668 1001 738 1028 Deus
765 1004 869 1035 noster,
881 1002 963 1029 vestri

168 1047 236 1073 fidus
250 1051 351 1076 rector.
368 1051 394 1073 el
409 1046 571 1080 gubernator
586 1047 692 1080 imperii
712 1047 756 1072 uni
771 1046 963 1080 desponsatam

166 1092 229 1125 sibi,
245 1096 272 1118 et
286 1092 416 1118 intactam
433 1092 560 1125 virginem
585 1095 677 1119 servat
691 1100 697 1117 :
710 1099 760 1119 nec
776 1091 801 1118 in
817 1099 847 1118 ea
859 1091 964 1126 aliquos

168 1138 310 1173 patiamini
330 1138 513 1165 insidiantium
529 1139 708 1173 procellarum
726 1138 822 1165 fluctus
839 1138 903 1165 illidi
915 1158 922 1171 ,
937 1142 964 1165 et

144 1200 149 1205 .
167 1184 289 1217 quietam
303 1183 397 1210 faciem
414 1184 580 1217 tempestatis
595 1184 710 1210 insolito
727 1189 830 1210 tumore
852 1183 963 1216 turbari,

168 1228 361 1262 gloriosissime
373 1231 400 1254 et
418 1228 635 1262 tranquillissime
659 1229 806 1262 imperator
821 1230 939 1262 Auguste
957 1237 963 1255 :

169 1274 226 1308 ipsa
239 1281 316 1306 vero,
332 1280 392 1307 qua:
416 1272 460 1300 ιιιιί
485 1273 657 1308 desponsata,
673 1279 762 1301 vestra
779 1279 867 1301 tamen
879 1279 966 1301 ma‘cr

168 1324 211 1347 cst
230 1318 364 1351 Ecclesia,
381 1319 432 1346 bac
447 1319 574 1353 pietatem
591 1324 706 1347 vestram
725 1320 868 1353 legatione,
885 1328 965 1355 quant

168 1366 223 1393 suis
235 1366 421 1393 sacerdotibus
445 1365 588 1397 Commisit,
606 1367 733 1400 appellat,
748 1366 882 1401 praeterita
897 1374 966 1401 prat-

168 1412 312 1447 sentiaque
323 1412 429 1446 repetit.
448 1411 527 1438 Vobis
549 1413 655 1446 (inquit)
673 1413 796 1446 religiose
809 1414 966 1447 imperanti-

169 1457 220 1484 bus
245 1457 328 1484 modo
351 1460 423 1483 tutus
446 1462 488 1483 est
515 1457 638 1492 populus,
653 1462 705 1483 tam
723 1457 789 1484 fidus
806 1458 859 1484 Deo
887 1464 968 1491 quam

170 1502 288 1537 tibi,qui
309 1509 339 1529 es
368 1502 493 1536 princeps
516 1502 694 1530 Christianus.
711 1502 781 1530 Ecce
805 1503 877 1530 enim
898 1503 969 1530 inter

170 1546 226 1583 ipsa
243 1547 382 1583 mysteria,
399 1548 469 1575 inter
483 1555 576 1583 preces
590 1555 668 1582 suas,
683 1555 750 1582 quas
767 1556 815 1583 pro
830 1549 912 1577 vestri
928 1548 968 1578 fe-

1015 959 1042 981 et
1055 954 1236 982 universitatis
1248 962 1394 982 consensus
1407 955 1528 988 elegerit.
1542 953 1617 982 Unde
1629 955 1654 981 id
1667 955 1811 982 observan-

1016 998 1078 1026 dum
1089 1003 1141 1032 est,
1155 1002 1184 1025 ut
1195 1006 1289 1026 omnes
1302 999 1475 1033 tranquillam
1491 1003 1608 1027 mentem
1618 1019 1626 1032 ,
1642 1004 1669 1027 et
1683 999 1812 1034 paciﬁcos

1016 1044 1119 1072 animos
1126 1052 1159 1072 ex
1167 1044 1319 1071 serenitatis
1335 1048 1434 1070 nostrae
1449 1044 1633 1071 admonitione
1648 1045 1819 1077 custodiant,

1016 1097 1065 1116 nec
1080 1089 1179 1124 aliquid
1190 1089 1325 1116 seditiosis
1334 1088 1578 1124 conspirationibus
1590 1093 1696 1117 tentare
1709 1097 1810 1118 conen-

1017 1141 1076 1163 tur:
1087 1144 1147 1164 cum
1154 1140 1256 1163 certum
1265 1136 1309 1169 sit,
1318 1135 1381 1163 nulli
1390 1136 1503 1171 partium
1511 1143 1559 1163 sua
1567 1136 1652 1164 studia
1662 1137 1808 1171 profutura.

1019 1192 1136 1227 Epistula
1157 1190 1287 1227 Bonifficii
1305 1192 1416 1226 episcopi
1431 1191 1501 1218 urbis
1527 1190 1615 1218 [lamin
1633 1193 1666 1218 ml
1681 1193 1811 1227 episropos

1053 1226 1158 1258 Galliw,
1171 1227 1202 1253 de
1217 1225 1334 1253 Maximo
1349 1227 1468 1262 episropo
1481 1227 1587 1253 diversis
1602 1227 1752 1255 criminibus
1764 1225 1810 1255 or-

1052 1267 1151 1289 cttsato.

1053 1318 1096 1346 llI.
1114 1318 1265 1346 Bonifacius
1278 1319 1428 1355 cpiscopus,
1451 1317 1586 1349 Patroclo.
1603 1318 1733 1353 Remigio,
1758 1318 1813 1346 Ma-

1020 1365 1100 1397 ximo,
1124 1363 1235 1398 Hilario,
1259 1363 1372 1396 Severo,
1399 1364 1518 1397 Valerio,
1539 1363 1656 1396 Juliano,
1678 1364 1812 1397 (iastorio,

1020 1409 1154 1441 Leontio,
1179 1409 1374 1442 Constantino,
1399 1408 1506 1441 Joanui,
1534 1409 1678 1442 Monumo,
1710 1409 1813 1439 Marino

1020 1455 1152 1487 Mauritio,
1166 1456 1308 1483 etcmteris
1328 1457 1461 1490 episcopis
1480 1463 1528 1491 per
1544 1456 1642 1484 Gallias
1656 1462 1683 1484 et
1699 1462 1801 1493 septem

1020 1501 1172 1537 provincias
1187 1501 1350 1529 constitutis.
1392 1530 1394 1532 ,

1057 1548 1206 1575 Valentintc
1222 1556 1270 1575 nos
1283 1547 1372 1575 clerici
1386 1548 1502 1576 civitatis
1521 1549 1644 1577 adierunt
1659 1558 1813 1587 proponcm

173 1594 277 1621 licitate
302 1593 430 1627 dependit
453 1592 568 1627 imperii,
586 1598 664 1625 teste,
679 1593 749 1627 apud
777 1602 856 1629 quem
881 1600 909 1622 et
934 1595 1003 1627 deC
1021 1599 1061 1622 tes
1083 1602 1132 1630 per
1157 1594 1276 1621 libellum
1299 1594 1421 1629 crimina,
1437 1603 1496 1629 qua:
1507 1595 1661 1629 Maximum,
1680 1601 1747 1624 teste
1758 1602 1813 1625 tota

170 1639 247 1673 cujus
261 1639 328 1666 sede
342 1639 439 1673 agitur,
454 1641 546 1665 sancto
559 1638 649 1670 Petro,
662 1639 783 1665 sollicitis
799 1647 846 1673 pro
860 1639 968 1673 religio-

172 1684 211 1710 nis
226 1683 399 1711 observantia
426 1683 537 1710 vocibus
561 1684 668 1710 clamat.
683 1692 742 1710 cum
768 1685 881 1711 sollicita
898 1684 967 1719 peti-

171 1730 244 1756 tione
270 1729 399 1756 miscetur
422 1730 522 1762 oratio,
552 1737 586 1756 ne
602 1737 650 1756 nos
668 1729 693 1756 in
710 1730 796 1756 varias
822 1738 864 1757 res
886 1730 969 1757 semel

171 1775 262 1801 evol-a
280 1774 411 1801 distrahat
425 1782 439 1800 a
454 1777 525 1801 culto
540 1775 629 1807 solito,
648 1779 783 1802 tentatore
795 1775 968 1809 sollicitanteI

171 1820 316 1848 discordia.
335 1820 433 1853 Ageret
449 1819 578 1855 pluribus,
591 1821 716 1856 princeps
731 1821 968 1855 Christianissime,

172 1866 220 1893 nisi
235 1866 308 1900 apud
321 1870 346 1892 te
358 1874 465 1892 suarum
480 1869 552 1893 esset
566 1873 661 1893 secura
673 1873 826 1898 causarum,
839 1870 866 1893 ct
876 1866 926 1894 nisi
943 1867 970 1894 in

173 1910 395 1946 oppressionibus
407 1910 550 1943 idolorum,
567 1911 593 1938 in
615 1911 803 1938 lucreticorum
819 1912 969 1939 conectio-

174 1956 260 1989 nibus,
279 1956 332 1983 fide
361 1961 418 1990 tua,
434 1956 525 1984 divino
552 1957 626 1984 cultu
650 1958 752 1992 pariter
772 1965 833 1985 cum
858 1958 970 1993 ltnperio

173 2009 277 2036 semper
290 2001 415 2034 florente,
432 2002 548 2030 vicisset.
564 2001 652 2029 Habet
663 2002 805 2037 refugium,
821 2003 896 2039 pium
919 2008 971 2031 tua:

174 2048 387 2075 mansuetudinis
403 2047 532 2080 animum,
548 2055 609 2075 cum
621 2056 677 2075 suae
691 2048 829 2083 religionis
855 2056 969 2076 venera—

175 2094 246 2120 tione
260 2093 448 2127 conjunctum.
463 2092 530 2121 Cum
545 2092 676 2128 quidquid
695 2093 758 2121 huic
773 2094 906 2129 proficiat,
922 2102 971 2122 vos

176 2139 270 2174 agatis,
286 2138 434 2166 conferatis
448 2139 584 2173 fratribus,
601 2143 628 2167 et
642 2139 883 2169 consacerdotibus
893 2141 971 2174 meis,

177 2184 376 2219 probatissimis
389 2184 463 2216 viris,
480 2192 494 2211 a
507 2192 550 2212 me
570 2189 598 2212 et
621 2185 655 2211 ab
667 2185 801 2220 omnibus,
816 2186 862 2221 qui
877 2185 981 2216 Becle-.

176 2228 240 2255 siam
270 2228 375 2256 faciunt
401 2228 561 2262 istiusmodi,
577 2228 674 2264 legatis
696 2231 793 2265 quibus
815 2238 970 2266 precamur,

176 2281 257 2301 ncne
271 2281 384 2301 causam
396 2273 532 2308 religionis
543 2273 779 2310 prosequentibus,
799 2275 825 2302 in
843 2275 909 2303 urbe
926 2284 972 2303 ve-

178 2319 533 2354 mmansuetudinis,hoc
540 2321 641 2354 animo,
651 2329 706 2355 quo
722 2321 866 2356 postulatis
879 2322 974 2349 annui-

179 2366 218 2397 lis,
235 2366 262 2393 in
278 2370 439 2401 perpetuum
461 2365 544 2393 statui
559 2366 718 2395 universalis
730 2366 859 2395 Ecclesiae
875 2375 974 2395 consu-

178 2410 246 2439 latu.
260 2411 357 2438 Datum
373 2410 425 2438 cal.
441 2410 527 2438 Juliis.

179 2466 343 2504 chcriptum
359 2466 472 2504 Honorii
495 2468 603 2503 Augusti
617 2468 653 2495 ad
676 2468 850 2504 Bouifaciupt,
876 2477 972 2504 papam

214 2502 361 2539 [lanienam
377 2510 385 2529 :
399 2503 486 2539 iniquo
499 2502 600 2535 ειιῑιιιὶι,
616 2504 682 2539 utsi
697 2502 785 2539 denuo
806 2502 896 2531 Romo:
911 2502 973 2539 'epi-

212 2538 283 2573 scopi
295 2538 409 2564 ordinati
421 2538 516 2572 fuerint
530 2539 590 2572 duo,
603 2538 677 2566 ambo
684 2538 715 2566 de
724 2540 825 2566 ciritulc
832 2539 972 2573 pelluntur.

213 2594 243 2621 Il.
256 2594 349 2622 Victor
364 2593 509 2627 uenerim,
522 2595 639 2630 inclytus
657 2595 846 2630 triumphator.
862 2603 972 2631 semper

179 2640 324 2674 Augustus,
338 2645 434 2668 sancto
457 2647 490 2667 ac
512 2641 658 2668 venerabili
674 2640 822 2672 Bonifacio.
839 2649 913 2676 papae
929 2650 973 2670 ur-

180 2685 491 2721 bismemm.-—Scripta
499 2686 671 2714 beatitudinis
683 2691 735 2714 tua:
749 2687 838 2714 debita
846 2695 973 2716 reveren—

180 2731 224 2758 tia:
237 2729 420 2763 gratulatione
433 2731 602 2766 suscepimus
619 2740 625 2758 :
641 2731 738 2766 quibus
752 2733 902 2767 recensitis,
914 2734 971 2768 egi-

179 2783 238 2803 mus
252 2775 431 2811 Omnipotenti
447 2776 502 2804 Deo
514 2776 643 2804 maximas
653 2777 762 2811 gratias,
775 2777 846 2811 quod
872 2779 974 2806 sancti-

179 2824 298 2850 moniam
310 2828 383 2850 luant
398 2829 458 2858 post
470 2824 576 2857 longum
591 2824 789 2852 iuconunodom
803 2829 902 2861 optatae
914 2826 974 2853 red-

178 2868 263 2896 ditam
278 2869 422 2897 didicimus
433 2871 551 2897 sanitati.
567 2869 600 2897 Et
615 2871 674 2898 ideo
686 2871 882 2900 revertentibus
893 2879 975 2899 vene.

181 2914 314 2942 rabitibus
328 2914 393 2941 viris
419 2916 544 2949 gaudium
567 2921 689 2945 nostrum
714 2924 852 2946 sacrortun
868 2917 975 2954 apicum

290 2961 424 2992 ΡΑτιιοι..
465 2961 588 2995 LXVII.

1020 1639 1169 1675 provincia,
1182 1643 1305 1666 asserunt
1328 1640 1496 1667 commisisse
1516 1649 1522 1666 :
1539 1640 1659 1676 delegata
1675 1642 1755 1670 toties
1768 1650 1815 1670 co-

1020 1685 1139 1721 gnitione
1151 1685 1223 1712 illum
1235 1685 1380 1713 constituta
1390 1694 1495 1721 semper
1505 1686 1696 1722 subterfugisse
1704 1687 1813 1722 judicia,

1021 1738 1072 1758 nec
1093 1730 1223 1758 conlisum
1249 1730 1415 1758 conscientia
1438 1731 1588 1766 festinasse,
1601 1737 1630 1759 ut
1649 1733 1670 1760 si
1686 1738 1758 1761 esset
1772 1733 1814 1761 in-

1021 1783 1132 1808 nocens,
1145 1775 1304 1803 examinatis
1319 1776 1453 1810 onmibus,
1480 1782 1649 1812 purgaretur,
1663 1786 1722 1813 qua:
1735 1779 1815 1806 toties

1020 1824 1141 1858 decreta,
1151 1831 1183 1851 ex
1192 1813 1343 1851 nostrarum
1354 1831 1462 1859 quoque
1473 1825 1625 1852 chartarum
1639 1825 1815 1852 instructionc

1022 1869 1208 1904 cognovimus.
1224 1869 1274 1903 Qui
1286 1870 1440 1897 econtrario
1455 1870 1580 1904 probavit
1591 1870 1624 1898 de
1635 1878 1663 1898 se
1679 1870 1740 1903 illa,
1756 1878 1815 1905 qua:

1021 1915 1091 1942 dicta
1105 1919 1178 1946 sunt,
1191 1916 1253 1949 quia
1269 1915 1301 1941 ad
1317 1923 1348 1942 ea
1363 1915 1535 1948 confutanda,
1552 1924 1613 1943 cum
1633 1920 1724 1943 essent
1736 1916 1814 1943 innu-

1022 1967 1105 1992 mera,
1122 1968 1137 1986 a
1161 1960 1348 1987 decessor-ibus
1371 1960 1439 1987 meis
1459 1960 1630 1995 provincialis
1642 1965 1683 1988 est
1694 1961 1814 1996 delegata

1023 2005 1151 2039 cognitio.
1168 2003 1323 2033 Conventus
1338 2005 1418 2033 etiam
1440 2004 1539 2033 dicitur
1551 2006 1665 2034 evitasse
1678 2011 1707 2034 et
1720 2007 1815 2035 adesse

1023 2051 1133 2080 minime
1142 2050 1271 2085 voluisse,
1283 2056 1311 2079 et
1324 2051 1412 2079 nullus
1425 2051 1529 2079 dubitat
1549 2052 1621 2087 quod
1632 2053 1669 2080 ita
1685 2052 1815 2088 judicium

1024 2105 1126 2124 nocens
1149 2097 1324 2131 subterfugit,
1341 2097 1568 2132 quemadmodum
1596 2103 1626 2126 ut
1651 2099 1814 2133 absolvatur,

1023 2142 1069 2178 qui
1093 2145 1135 2171 est
1155 2142 1295 2176 innocens,
1308 2143 1415 2178 qumrit.
1430 2142 1484 2171 Sed
1506 2148 1593 2172 astuta
1614 2144 1748 2174 cavillatio
1769 2153 1817 2174 eo-

1023 2196 1093 2219 rum.
1106 2189 1152 2223 qui
1173 2189 1289 2216 versutis
1316 2188 1448 2223 agendum
1469 2189 1582 2217 credunt
1603 2196 1662 2218 esse
1687 2191 1817 2224 consiliis,

1025 2241 1162 2268 nunquam
1198 2234 1360 2262 innocentiae
1395 2243 1492 2263 nomen
1522 2236 1647 2272 accipiet.
1668 2236 1818 2266 Confltetor

988 2286 1012 2316 ι)
1026 2279 1096 2305 enim
1111 2278 1145 2307 de
1158 2279 1293 2313 omnibus,
1308 2280 1430 2314 quisquis
1445 2288 1475 2308 se
1488 2281 1675 2317 subterfugere
1686 2282 1815 2318 judiciqu

1025 2324 1200 2352 dilationibus
1212 2329 1298 2360 potat.
1313 2325 1408 2353 \‘enict
1422 2327 1565 2361 aliquando
1591 2333 1679 2356 tamen
1704 2329 1759 2363 ille,
1771 2331 1816 2364 qui

1026 2369 1087 2397 talis
1099 2370 1264 2404 perhibetur,
1279 2371 1305 2398 in
1332 2371 1459 2405 medium.
1477 2381 1526 2402 nec
1551 2375 1660 2409 prodest
1684 2375 1721 2402 illi
1738 2376 1817 2403 toties

1025 2417 1146 2449 latuisse,
1180 2417 1259 2444 toties
1285 2418 1501 2453 subterfugissc,
1524 2428 1603 2455 quem
1629 2421 1668 2448 sui
1690 2426 1766 2448 actus
1789 2426 1818 2447 et.

1027 2462 1171 2489 commissa
1196 2469 1359 2498 quocunque
1388 2465 1496 2500 fugerit,
1517 2473 1547 2492 ea
1570 2473 1630 2499 qua:
1653 2465 1817 2500 objiciuntur

1027 2507 1074 2540 illi,
1086 2508 1109 2535 si
1129 2515 1193 2536 vera
1216 2514 1289 2542 sunt,
1305 2509 1417 2537 crimina
1440 2516 1647 2545 persequuntur.
1664 2512 1816 2540 Debueram

1027 2552 1135 2587 quidem
1156 2553 1212 2587 jam
1227 2562 1299 2582 nunc
1320 2554 1426 2589 dignam
1440 2563 1489 2590 pro
1500 2556 1558 2590 ejus
1574 2558 1707 2585 accusatis
1724 2558 1751 2586 in
1767 2567 1816 2586 no-

1026 2598 1196 2632 strojudicio
1222 2599 1336 2632 actibus,
1349 2600 1396 2634 qui
1420 2601 1601 2635 cognitionem
1627 2607 1655 2630 et
1680 2604 1816 2633 decretum

1025 2642 1145 2677 iudicum
1167 2652 1238 2679 δεῖρε
1252 2645 1411 2673 declinando
1425 2646 1539 2674 credidit
1562 2647 1734 2683 illudcndum,
1747 2650 1816 2679 ferre

1026 2690 1188 2718 Sententiaul
1197 2699 1204 2723 ;
1214 2693 1237 2717 at
1248 2698 1281 2717 ne
1288 2690 1383 2726 aliquis
1393 2699 1542 2726 pnccocem
1553 2692 1663 2722 forsitan
1672 2695 1816 2731 judicarer,

1027 2739 1054 2764 et
1064 2737 1125 2769 sibi,
1140 2736 1186 2771 qui
1198 2737 1294 2764 absens
1307 2740 1359 2769 est,
1375 2737 1438 2765 licet
1450 2738 1484 2765 sit
1496 2740 1623 2774 qutcsitus
1638 2749 1653 2767 ει
1669 2741 1756 2775 nobis,
1772 2751 1819 2771 rc.

1026 2786 1163 2811 servatum
1187 2790 1247 2810 esse
1269 2782 1333 2810 nihil
1356 2782 1469 2818 diceret,
1496 2785 1648 2820 maluimus,
1662 2788 1818 2824 intercape-

1027 2829 1090 2856 dine
1102 2828 1229 2863 temporis
1244 2828 1317 2862 data,
1339 2828 1450 2863 differri,
1467 2839 1526 2858 cum
1542 2832 1594 2860 hoc
1606 2832 1687 2860 etiam
1699 2833 1757 2867 ejus
1768 2841 1819 2860 ar—

1028 2878 1168 2901 cusatores
1190 2879 1350 2902 assererem.
1367 2875 1405 2904 De
1420 2875 1496 2911 cujus
1512 2877 1705 2907 intentionibus
1720 2883 1746 2905 et
1758 2886 1817 2905 mo-

1027 2919 1102 2948 ribus
1122 2919 1158 2948 sit
1180 2927 1315 2955 securum,
1331 2920 1475 2951 Maximum
1487 2926 1561 2951 tanto
1573 2923 1657 2956 magis
1667 2922 1816 2950 damnantia
