3982 6196
336 241 432 295 267

1605 240 1958 298 DIONYSIUS
1995 240 2152 296 EXIG
2164 240 2294 296 UUS

3488 245 3590 299 968

334 359 688 426 committere,
738 371 937 429 quanto
995 360 1196 414 tardius
1250 373 1308 412 se
1364 357 1656 412 constituto
1700 357 1905 426 judicio
1936 363 1976 420 Α
2009 372 2176 427 scopo
2203 356 2556 413 Narbonensi.
2590 352 2872 410 Difﬁcilem
2901 352 3120 424 quidem
3144 351 3299 407 fidem
3320 356 3591 423 querimo-

334 455 698 520 prtcseutaret.
745 449 913 516 Quem
966 447 1378 502 Manichzeorum
1429 445 1727 500 involutum
1782 445 1911 500 eali-

333 541 456 608 gine
494 552 741 608 arguunt,
775 541 912 612 turpi
958 549 1102 596 secta
1159 540 1307 604 olim,
1338 537 1408 594 ita
1455 553 1525 593 ne
1571 553 1694 593 eum
1745 539 1912 608 possit

332 632 552 688 abluere
571 633 806 686 animum
828 631 1042 686 sordida
1065 647 1124 686 se
1146 631 1538 700 improbatione
1561 629 1786 700 objecta:
1807 631 1906 698 rei,

334 732 480 791 gesta
517 722 789 794 synodalia
818 723 1169 793 proferentes,
1196 732 1250 778 et
1290 723 1590 777 commissis
1614 723 1909 778 involutum

333 813 566 882 undique
593 811 839 884 ﬂagitiis;
869 814 1068 869 nullum
1091 815 1231 868 enim
1261 814 1508 869 sanitatis
1531 813 1780 868 habuisse
1825 829 1912 868 re-

334 914 600 975 spectum,
623 921 782 975 quem
812 906 993 961 furore
1042 921 1141 961 suo
1185 914 1240 961 et
1297 907 1484 960 insana
1515 905 1822 960 temeritate
1845 904 1914 959 ad

333 998 666 1053 szeeu'larium
711 1011 927 1066 quoque
987 996 1231 1066 judicum
1300 993 1585 1051 tribunalia
1640 994 1911 1049 subditum

333 1087 637 1156 quaestioni,
669 1086 812 1158 quod
843 1087 893 1140 in
927 1087 1014 1140 vili
1044 1101 1260 1156 quoque
1288 1101 1520 1155 persona
1549 1085 1910 1155 turpissimum

333 1188 434 1244 est,
459 1178 755 1249 objicerent
781 1178 1089 1248 pervenisse
1111 1189 1165 1232 et
1184 1177 1460 1232 homicidii
1481 1165 1796 1231 damnatum
1826 1191 1914 1231 as-

333 1279 522 1328 serunt
563 1272 726 1340 gestis
780 1271 1004 1341 prolatis
1060 1269 1113 1324 in
1169 1270 1424 1326 medium.
1456 1268 1523 1324 Et
1550 1270 1694 1325 hunc
1723 1269 1908 1332 talem,

332 1371 456 1433 post
481 1371 626 1418 tanta
654 1362 885 1431 taliaque
905 1361 1210 1426 commissa,
1241 1360 1583 1430 episcopatus
1612 1360 1788 1414 adhuc
1813 1357 1913 1412 sibi

333 1473 528 1512 nomen
555 1455 607 1510 in
633 1457 742 1511 suis
763 1455 1002 1510 latibulis
1029 1456 1322 1520 vindicare,
1353 1456 1420 1522 in,
1449 1457 1680 1526 proprize
1726 1455 1915 1510 civita-
1939 1486 1944 1492 ι

333 1547 403 1602 tis
458 1547 752 1612 infamiam,
811 1546 991 1603 nimiis
1050 1543 1328 1599 doloribus
1378 1554 1802 1614 eonqueruntur,
1859 1552 1915 1600 et

333 1648 579 1694 sanctum
602 1652 799 1692 nomen
830 1636 1154 1692 vindicando
1179 1636 1279 1690 sibi
1303 1635 1447 1691 velle
1465 1635 1727 1706 polluere.
1761 1635 1917 1689 ldeo—

2015 447 2116 500 niis
2145 446 2566 510 commodamus,
2599 461 2823 516 quarum
2852 446 3160 504 sacerdotes
3183 445 3391 501 Domini
3414 449 3593 518 pulsat

2014 542 2278 596 intentio:
2336 542 2588 606 maxime,
2646 556 2768 596 cum
2822 555 2915 595 eos
2971 541 3260 609 loquuntur
3315 541 3590 611 quidpiam

2014 645 2202 688 contra
2233 632 2451 688 Patrum
2489 641 2688 689 statuta
2718 642 2975 698 tentasse,
3023 631 3116 687 sed
3161 630 3469 702 frequenter
3497 634 3593 688 has

2017 724 2232 792 asserit,
2293 725 2432 780 sicut
2486 739 2649 784 nunc.
2710 723 2996 778 multitudo
3047 723 3407 781 causantium.
3452 721 3592 780 Ecce

2015 817 2180 882 enim,
2212 827 2269 871 ut
2293 817 2532 872 charitas
2561 825 2649 870 tua
2693 817 3025 884 recognoscit
3053 831 3120 870 ex
3150 816 3394 884 subditis,
3429 816 3592 874 Lutuo

2016 906 2198 965 hensis
2236 905 2485 962 Ecclesia:
2520 906 2650 960 cleri
2680 905 2835 972 ordo,
2882 906 2969 961 vel
3017 906 3190 976 plebis
3228 923 3416 977 preces
3443 923 3589 976 suas,

2013 997 2098 1052 vel
2143 997 2408 1068 lacrymas
2433 996 2500 1051 ad
2530 1013 2647 1056 nos.
2697 1005 2955 1066 quantum
2999 998 3156 1053 datur
3186 998 3430 1068 intelligi,
3479 1015 3592 1054 ma-

2014 1102 2119 1157 gno
2159 1105 2278 1153 eum
2321 1087 2507 1145 dolore
2560 1090 2866 1157 miserunt,
2921 1087 3163 1144 dicentes
3208 1091 3588 1160 coepiscopum

2013 1189 2256 1234 nostrum
2277 1178 2602 1244 Patroclum,
2626 1194 2720 1234 sua
2746 1179 3003 1248 petitione
3031 1188 3295 1243 cessante,
3327 1181 3379 1234 in
3412 1181 3589 1236 locum

2015 1269 2324 1325 decedentis
2353 1269 2613 1340 episcopi,
2649 1270 2830 1324 nescio
2858 1284 3042 1338 quem,
3084 1269 3135 1322 in
3167 1269 3338 1322 aliena
3370 1271 3590 1339 provin-

2015 1364 2117 1428 cia,
2158 1362 2517 1434 prmtermisso
2545 1361 2961 1432 metropolitano
2980 1399 2994 1423 ,
3042 1370 3231 1416 contra
3260 1359 3474 1416 Patrum
3505 1378 3592 1417 re-

2015 1455 2164 1525 gulas
2193 1455 2506 1520 ordinasse;
2555 1453 2700 1524 quod
2745 1468 3081 1524 nequaquam
3130 1468 3413 1523 possumus
3451 1451 3590 1508 ferre

2016 1546 2304 1615 patienter,
2335 1545 2460 1614 quia
2483 1545 2736 1600 convenit
2765 1561 2863 1599 nos
2886 1552 3229 1613 paternarum
3253 1543 3590 1600 sanctionum

2016 1636 2297 1705 diligentes
2325 1651 2443 1691 esse
2467 1636 2738 1690 custodes.
2779 1635 2914 1689 Nulli
2958 1635 3156 1690 etenim
3184 1633 3397 1689 videtur
3440 1634 3590 1689 inco-

332 1744 460 1798 que,
487 1728 678 1783 fratres
721 1726 1043 1792 charissimi,
1072 1726 1198 1795 quia
1229 1725 1526 1782 audiendus
1556 1726 1641 1781 hic
1680 1741 1915 1796 prtesen-
1947 1734 1993 1793 Β
2019 1728 2164 1796 gnita
2206 1727 2396 1799 synodi
2425 1727 2735 1782 constitutio
2775 1725 3034 1781 Nictenze:
3084 1739 3204 1794 qua:
3230 1725 3304 1779 ita
3331 1723 3589 1793 przecipit.

333 1829 452 1874 tare
484 1833 543 1872 se
572 1817 764 1885 noluit,
798 1831 865 1870 ne
893 1816 1172 1871 convictus
1193 1815 1414 1870 forsitan
1445 1816 1512 1870 ab
1539 1815 1914 1870 accusantibus

341 1923 401 1962 se
429 1907 662 1973 clericis,
692 1914 874 1976 posset
902 1905 1059 1975 digna
1091 1904 1328 1968 tandem,
1361 1903 1647 1976 aliquando
1677 1918 1914 1973 prmsen-

334 2005 478 2052 tatus
508 2038 522 2059 ,
569 1995 857 2066 episcopali
905 1994 1110 2063 judicio
1167 1994 1622 2063 pronuntiationis
1664 2007 1927 2061 congruat.

333 2087 477 2143 feriri
505 2085 785 2142 sententia.
811 2085 1128 2156 Quanquam
1152 2085 1248 2150 illi,
1282 2099 1403 2139 cum
1427 2085 1544 2139 htec
1570 2084 1763 2139 edocta
1793 2084 1912 2140 fue-

331 2179 458 2244 rint,
490 2193 608 2248 quze
654 2187 828 2250 potest
860 2178 1016 2244 hujus
1044 2177 1276 2232 nominis
1297 2190 1416 2231 esse
1439 2174 1670 2244 jactura,
1697 2175 1785 2244 qui
1815 2191 1915 2244 pu-

330 2269 516 2323 dorem
566 2283 838 2338 nunquam
886 2267 1139 2322 habuisse
1178 2265 1469 2321 sacerdotii
1501 2265 1827 2334 perhibetur,
1861 2273 1915 2319 et

331 2363 508 2417 locum
531 2377 683 2416 suum
713 2374 782 2415 ne
805 2359 1018 2415 modico
1047 2357 1262 2428 quidem
1296 2365 1540 2427 tempore
1570 2355 1869 2412 custodisse
1895 2373 1909 2410 :

334 2453 647 2508 dilationem
677 2451 937 2516 dedimus,
961 2459 1015 2506 et
1048 2451 1383 2505 decrevimus
1435 2459 1670 2504 vestrum
1717 2449 1914 2503 debere

333 2541 470 2596 intra
493 2541 826 2612 provinciam
874 2555 994 2596 esse
1036 2539 1317 2610 judicium,
1343 2548 1400 2594 et
1415 2539 1725 2608 congregari
1758 2555 1914 2610 syno-

331 2633 455 2687 dum
480 2644 604 2688 ante
642 2633 782 2688 diem
830 2633 1172 2688 calendarum
1200 2633 1610 2698 Novembrium,
1661 2642 1719 2687 ut
1743 2634 1787 2688 si
1818 2633 1912 2688 ad-

333 2739 456 2780 esse
504 2724 753 2790 voluerit,
787 2740 1043 2794 praesens,
1076 2725 1118 2780 si
1145 2724 1386 2791 conﬁdit,
1443 2725 1512 2780 ad
1559 2725 1769 2794 objecta
1821 2741 1918 2781 re-.

331 2810 592 2882 spondeat
621 2828 636 2877 ;
668 2812 713 2866 si
743 2812 928 2868 adesse
956 2811 1272 2881 neglexerit,
1303 2814 1611 2869 dilationem
1633 2816 1914 2868 sententiae

331 2899 398 2954 de
427 2900 664 2954 absentia
686 2917 789 2955 non
837 2901 1106 2956 lucretur:
1133 2916 1254 2955 nam
1269 2901 1609 2956 manifestum
1635 2910 1716 2956 est
1745 2901 1911 2956 confi-

333 2989 430 3045 teri
462 3005 583 3044 eum
612 2991 679 3045 de
709 2990 950 3056 crimine,
981 2990 1070 3061 qui
1120 2990 1326 3046 indulto
1372 3001 1427 3045 et
1476 2991 1634 3046 toties
1663 2991 1909 3059 delegato

331 3081 543 3150 judicio,
567 3080 828 3152 purgandi
855 3095 912 3137 se
937 3081 1222 3139 occasione
1254 3097 1359 3137 non
1389 3082 1578 3138 utitur.
1601 3080 1741 3138 Nihil
1769 3083 1910 3138 enim
1940 3092 1980 3149 (ζ

331 3173 572 3240 interest,
624 3183 801 3229 utrum
850 3176 901 3229 in
945 3177 1193 3244 praesenti
1248 3176 1496 3232 examine
1543 3178 1743 3242 omnia,
1793 3193 1911 3246 quae

331 3259 645 3329 dictasunt,
671 3263 1107 3333 comprobeutur,
1134 3280 1253 3320 cum
1286 3265 1399 3336 ipsa
1447 3281 1662 3336 quoque
1692 3265 1907 3322 confes-

313 3352 482 3408 .sione
511 3363 794 3423 procurata
836 3355 997 3412 toties
1045 3366 1256 3412 constet
1299 3357 1563 3414 absentia.
1591 3356 1699 3418 Nos
1730 3369 1909 3416 autem

331 3460 428 3516 per
455 3461 642 3501 onmes
669 3447 971 3517 provincias
1017 3448 1224 3504 litteras
1253 3450 1560 3519 dirigemus,
1593 3466 1661 3506 ne
1689 3467 1913 3508 excusa-

333 3537 532 3592 tionem
557 3536 658 3602 sibi
681 3537 1031 3606 ignorationis
1061 3539 1319 3596 obtendat
1345 3558 1357 3594 :
1393 3551 1448 3595 ut
1473 3542 1539 3596 ad
1584 3542 1912 3612 provinciam

332 3627 517 3681 venire
545 3635 787 3696 cogatur,
813 3634 867 3682 et
908 3627 1015 3682 illic
1044 3643 1102 3682 se
1137 3631 1431 3686 constituto
1472 3638 1800 3700 prasentare
1823 3632 1914 3702 ju-

331 3716 493 3771 dicio.
541 3713 811 3786 Quidquid
841 3726 1020 3772 autem
1048 3725 1227 3773 vestra
1258 3719 1492 3774 charitas
1519 3720 1586 3775 de
1626 3722 1728 3776 hac
1751 3737 1912 3776 causa

331 3809 541 3864 duxerit
570 3809 986 3876 decernendum,
1012 3825 1133 3864 cum
1183 3811 1248 3865 ad
1306 3827 1406 3867 nos
1454 3811 1681 3867 relatum
1731 3811 1909 3880 fuerit,

330 3907 533 3965 nostra,
567 3908 625 3955 ut
647 3900 926 3965 condecet,
949 3917 1171 3956 necesse
1196 3913 1278 3957 est
1299 3903 1621 3958 auctoritate
1651 3901 1910 3959 ﬁrmetur.

332 3991 525 4046 Datum
557 3993 655 4048 sub
694 3993 780 4048 die
829 3993 947 4048 idus
976 3992 1138 4059 Junii,
1165 3993 1414 4066 Monaxio
1442 4010 1494 4049 v.
1527 4010 1577 4050 c.
1601 4009 1750 4051 cons.
1785 3995 1907 4067 (An.

332 4082 520 4140 Christi
549 4083 606 4136 Η
619 4083 698 4155 9.)

335 4191 402 4248 Ut
423 4195 475 4248 in
497 4208 802 4265 unaquaque
828 4190 1094 4265 provincia
1115 4207 1280 4255 nemo,
1294 4199 1598 4265 “contempto
1619 4193 1913 4263 metropoli-

735 4261 877 4323 tano,
910 4262 1175 4332 episcoPus
1207 4261 1495 4315 ordinetur.

2016 1827 2076 1874 ut
2104 1818 2289 1874 eadem
2323 1819 2538 1888 proprie
2567 1817 2728 1872 verba
2765 1831 3050 1886 ponamus,
3096 1831 3194 1887 per
3243 1829 3593 1884 unamquam-

2015 1924 2120 1979 que
2148 1909 2483 1980 provinciam
2506 1908 2596 1978 jus
2623 1908 3067 1977 metropolitanos
3108 1907 3346 1974 singulos
3392 1903 3593 1960 habere

2010 2000 2227 2063 debere,
2255 2016 2355 2056 nec
2383 2001 2633 2069 cuiquam
2661 1999 2793 2054 duas
2822 2013 2942 2054 esse
2973 1997 3260 2066 subjectas,
3306 1996 3448 2066 quod
3477 1995 3578 2062 illi,

2013 2091 2140 2162 quia
2171 2092 2330 2146 aliter
2358 2077 2683 2146 credendum
2715 2104 2819 2144 non
2850 2096 2967 2156 est,
3017 2085 3358 2148 servandum,
3403 2093 3591 2139 sancto

2013 2181 2217 2251 Spiritu
2245 2189 2585 2252 suggerente,
2617 2179 2832 2234 sibimet
2852 2184 3192 2232 censuerunt.
3228 2173 3399 2240 Unde,
3425 2173 3592 2253 frater

2013 2274 2346 2334 charissime,
2378 2273 2421 2328 si
2453 2273 2521 2328 ita
2553 2287 2640 2327 res
2665 2280 2809 2339 sunt,
2841 2279 2895 2325 et
2915 2269 3204 2327 Ecclesiam
3231 2269 3592 2340 supradictam

2014 2366 2302 2436 provinciae
2325 2374 2426 2420 tua:
2446 2366 2600 2420 limes
2623 2364 2878 2428 includat,
2901 2371 3085 2418 nostra
3109 2362 3428 2416 auctoritate
3450 2375 3593 2416 com-

2015 2458 2275 2525 munitus,
2327 2456 2468 2526 quod
2505 2456 2718 2525 quidem
2750 2454 2926 2508 facere
2952 2461 3145 2523 sponte
3172 2451 3417 2516 deberes,
3459 2448 3592 2505 desi-

2013 2547 2176 2602 deriis
2205 2547 2615 2616 supplicantium
2657 2553 2712 2599 et
2760 2543 3037 2597 voluntate
3067 2550 3310 2619 respeela
3340 2539 3406 2594 ad
3449 2554 3592 2594 eum-

2014 2639 2135 2694 dem
2193 2639 2366 2692 locum
2399 2639 2450 2692 in
2481 2652 2588 2707 quo
2619 2635 2888 2690 ordinatio
2931 2633 3050 2686 talis
3080 2632 3346 2686 celebrata
3376 2628 3590 2696 dicitur,

2014 2730 2416 2800 metropolitani
2461 2729 2580 2797 jure
2609 2728 2869 2791 munitus,
2919 2733 2975 2780 et
3010 2721 3462 2794 przeeeptionibus
3489 2737 3591 2774 no-

2013 2821 2139 2876 stris
2164 2821 2328 2875 fretus
2348 2817 2567 2884 accede,
2595 2817 2898 2884 intelligens
2916 2814 3139 2870 arbitrio
3163 2823 3273 2873 tuo,
3299 2808 3591 2865 secundum

2012 2912 2222 2979 regulas
2250 2909 2488 2974 Patrum,
2541 2921 2874 2978 quaecunque
2915 2903 3154 2959 facienda
3190 2909 3332 2967 sunt,
3373 2915 3403 2954 a
3434 2897 3588 2954 nobis

2014 3017 2133 3058 esse
2179 3015 2455 3065 concessa,
2505 2999 2577 3054 ita
2625 3005 2683 3051 ut
2730 2995 2962 3066 peractis
3005 2991 3255 3048 omnibus
3283 2989 3591 3060 apostolica:

2014 3092 2153 3158 sedi,
2184 3091 2440 3160 quidquid
2463 3089 2739 3156 statueris,
2771 3095 2824 3141 te
2864 3084 3132 3140 referente
3175 3081 3452 3144 clarescat,
3503 3077 3590 3134 cui

2017 3183 2182 3237 totius
2205 3180 2492 3252 provincitc
2522 3177 2913 3233 ordinationem
2941 3175 3105 3244 liquet
3125 3187 3243 3228 esse
3264 3171 3588 3226 mandatam.

2016 3272 2187 3327 Nemo
2217 3285 2345 3340 ergo
2374 3285 2560 3325 eorum
2611 3265 2870 3322 terminos
2898 3264 3076 3320 audax
3109 3273 3398 3318 temerator
3426 3274 3591 3316 exce-

2017 3364 2130 3431 dat,
2181 3379 2283 3418 nec
2329 3360 2524 3433 aliquid
2570 3361 2622 3415 in
2670 3360 2882 3415 illorum
2926 3355 3307 3413 contumeliam
3348 3353 3594 3425 partibus

2017 3457 2146 3521 suis,
2205 3470 2325 3525 qua:
2372 3454 2474 3510 sibi
2531 3468 2638 3508 non
2693 3451 2940 3506 videntur
2988 3462 3266 3509 concessa,
3315 3443 3592 3500 defendat.

2017 3543 2205 3601 Cesset
2257 3542 2560 3613 hujusmodi
2608 3555 2792 3611 pressa
2850 3547 3034 3594 nostra
3084 3537 3404 3592 auctoritate
3448 3549 3590 3604 prte-

2017 3637 2251 3706 sumptio
2280 3651 2491 3702 eorum,
2534 3633 2625 3702 qui
2673 3633 2810 3686 ultra
2854 3631 3055 3686 licitum
3106 3645 3216 3684 suae
3257 3627 3479 3682 limitem
3511 3626 3597 3680 di-

2015 3729 2234 3798 gnitatis
2264 3727 2574 3782 extendunt.
2617 3723 2769 3791 Quod
2801 3723 2997 3778 idcirco
3026 3722 3269 3784 dicimus,
3313 3730 3368 3773 ut
3397 3719 3594 3773 adver-

2017 3827 2096 3873 tat
2125 3818 2360 3874 charitas
2391 3824 2478 3870 tua
2507 3815 2642 3869 adeo
2663 3829 2761 3869 nos
2781 3829 3049 3868 canonum
3071 3819 3334 3882 praecepta
3355 3823 3593 3875 servare,

2019 3918 2076 3964 ut
2105 3910 2177 3964 ita
2205 3907 2515 3962 constitutio
2545 3920 2759 3976 quoque
2800 3913 2983 3958 nostra
3025 3901 3278 3957 deﬁniat:
3329 3909 3599 3970 quatenus

2015 3989 2415 4069 metropolitani
2451 3997 2532 4052 sui
2564 4010 2896 4065 unaquaeque
2941 3992 3211 4065 provincia
3262 3991 3312 4046 in
3344 3989 3599 4045 omnibus

2012 4094 2173 4149 rebus
2193 4091 2587 4160 ordinationem
2610 4103 2825 4160 semper
2851 4095 3150 4158 exspectet.
3191 4085 3380 4139 Daturn
3409 4100 3442 4137 γ
3471 4081 3599 4137 ldus

2011 4183 2311 4247 Februarii,
2359 4181 2592 4236 dominis
2631 4181 2827 4236 nostris
2855 4178 3093 4232 Honorio
3142 4193 3232 4231 xm
3261 4185 3313 4229 et
3343 4171 3596 4236 Theodo-

2011 4275 2093 4329 sio
2125 4289 2156 4327 χ
2186 4272 2453 4340 Augustis,
2486 4271 2814 4326 consulibus.
2845 4269 2965 4342 (An.
2993 4267 3182 4322 Christi
3206 4263 3353 4336 ΗΞ..)

400 4353 488 4412 iV.
511 4351 838 4424 Bonifacius,
865 4358 1148 4428 episcopus
1177 4357 1322 4412 urbis
1347 4353 1769 4424 RomteJlilario
1792 4357 1906 4428 epi-
1997 4359 2009 4368 '

352 4487 631 4507 —-—-—-

1393 4591 1754 4653 necas“
1803 4566 2261 4654 ICOELESTINI
2309 4585 2550 4647 eam.

333 4799 409 4854 De
439 4799 693 4863 Prospero
715 4807 762 4854 et
796 4797 1020 4864 Hilario,
1063 4801 1146 4922 Τά
1175 4800 1421 4868 quosdam
1467 4797 1656 4855 Callia:
1681 4796 1902 4869 presby-
1939 4799 1984 4857 Ι)
2009 4792 2241 4862 qualiter
2269 4807 2384 4854 nos,
2408 4791 2498 4858 qui
2529 4788 2798 4842 nemiuem
2827 4784 3004 4854 perire
3031 4783 3299 4846 volumus,
3331 4780 3429 4836 ista
3456 4795 3594 4835 con-

643 4881 776 4922 teras
799 4880 1044 4922 accusant
1095 4871 1273 4922 ’elnuii
1299 4880 1601 4922 sectatores.
2019 4885 2228 4922 nigram
2296 4897 2414 4922 (Ile
2455 4879 2765 4922 nnolnrilmn
2809 4875 3126 4922 Christianis
3149 4873 3450 4922 nercellmlt
3475 4873 3594 4922 ani-

643 4881 776 4926 teros
799 4880 1044 4924 accusant
1071 4871 1273 4940 Pelagii
1299 4880 1601 4925 sectatoru.

400 4983 438 5038 Ι.
487 4981 809 5039 Coelestinus
853 4984 1179 5052 episcopus,
1230 4979 1591 5036 dilectissimis
1656 4977 1907 5035 fratribus

330 5076 579 5136 Venerio,
614 5075 840 5141 Marino,
871 5074 1116 5137 Leontio,
1152 5074 1416 5133 Auxonio,
1453 5069 1704 5135 Arcadio,
1731 5067 1903 5122 Filta-

330 5166 419 5218 nio
461 5171 516 5215 et
540 5165 747 5217 ceteris
771 5161 1062 5218 Galliarum
1092 5161 1380 5232 episcopis.

407 5255 695 5324 Apostoli‘ci
727 5257 888 5310 verba
917 5255 1172 5325 prmeepti
1226 5261 1352 5308 sunt
1390 5249 1530 5322 apud
1557 5247 1772 5304 Iudaeos
1821 5256 1904 5301 at-

333 5353 444 5408 que
473 5339 706 5406 gentiles
734 5339 854 5392 sine
877 5338 1184 5393 olfensione
1205 5352 1306 5391 nos
1328 5351 1456 5392 esse
1484 5335 1686 5390 debere.
1712 5334 1753 5408 (Ι
1781 5331 1908 5387 Cor.

339 5451 391 5498 κ,
419 5431 842 5501 59.;ηοιη.ἰιν).
866 5432 980 5486 Hoc
1007 5435 1260 5502 quisquis
1285 5431 1641 5487 Christianus
1671 5437 1774 5489 est,
1799 5437 1909 5484 tota

337 5525 501 5579 animi
531 5525 734 5580 virtute
755 5524 1188 5593 custodit.-Quod
1214 5540 1337 5579 cum
1365 5524 1440 5578 ita
1461 5524 1555 5584 sit,
1582 5538 1690 5577 non
1717 5536 1909 5591 parum

337 5618 563 5687 periculi
598 5619 751 5673 illum
780 5635 1005 5674 manere
1036 5619 1242 5690 poterit
1275 5627 1403 5674 ante
1439 5617 1631 5677 Deum,
1669 5616 1763 5685 qui
1805 5615 1911 5670 hoc

332 5710 600 5769 detrectat
620 5710 788 5769 etiam
810 5712 1065 5769 ﬁdelibus
1088 5711 1349 5767 exhibere
1378 5709 1421 5781 (l
1449 5709 1572 5766 Cor.
1600 5709 1745 5780 vm).
1773 5706 1907 5763 Nam

2019 4885 2254 4949 tristem,
2296 4897 2415 4950 qua:
2454 4879 2765 4934 auctoribus
2809 4875 3126 4932 Christianis
3149 4873 3450 4944 percellnnt
3475 4873 3598 4926 ani-

2016 4990 2133 5030 mos
2158 4972 2512 5034 Christianos,
2555 4969 2855 5024 dominicus
2891 4966 2945 5020 in
2973 4963 3260 5031 Evangelia
3289 4976 3468 5016 sermo
3511 4969 3597 5014 te-

2014 5074 2202 5121 statur.
2247 5063 2336 5117 Ait
2364 5063 2505 5117 enim
2539 5061 2653 5130 ipse
2681 5058 2950 5123 Salvator,
2981 5054 3123 5126 quod
3150 5054 3402 5124 expediat
3429 5068 3592 5106 scan-

2011 5157 2263 5212 dalizanti
2289 5170 2450 5209 unum
2473 5153 2540 5208 de
2562 5151 2788 5222 pusillis,
2810 5150 2863 5203 in
2887 5148 3050 5203 maris
3071 5145 3333 5216 profunda
3351 5145 3591 5211 demergi

2013 5246 2224 5318 (Matth.
2259 5247 2430 5313 xvm),
2483 5253 2537 5299 et
2583 5243 2704 5296 ideo
2731 5255 2849 5310 quae
2874 5239 2945 5296 sit
2970 5239 3086 5308 ejns
3109 5236 3218 5307 jam
3247 5249 3405 5306 paena
3436 5248 3590 5302 qua:-

2010 5356 2192 5395 ramus
2234 5339 2318 5394 cui
2370 5338 2475 5392 tale
2523 5335 2840 5406 supplicium
2890 5333 3116 5402 legimus
3145 5329 3424 5400 expedire.
3471 5328 3588 5381 Filii

2012 5429 2180 5483 nostri
2211 5435 2501 5498 praesentes
2529 5424 2763 5495 Prosper
2793 5431 2844 5479 et
2876 5422 3129 5488 Hilarius,
3185 5434 3416 5489 quorum
3446 5418 3592 5472 circa

2012 5519 2177 5574 Deum
2223 5526 2465 5571 nostrum
2525 5515 2828 5571 sollicitudo
2876 5513 3142 5569 laudanda
3184 5519 3301 5574 est,
3354 5520 3588 5572 tantum.

2011 5609 2195 5663 nescio
2223 5607 2433 5675 quibus,
2465 5607 2796 5679 presbyteris
2825 5606 2930 5661 illic
2950 5607 3130 5669 licere,
3156 5604 3247 5676 qui
3268 5601 3594 5658 dissensioni

2009 5699 2372 5756 Ecclesiarum
2421 5697 2689 5763 studeant,
2741 5705 2863 5752 sunt
2893 5695 3032 5768 apud
3063 5710 3160 5752 nos
3187 5692 3486 5766 prosecuti,
3520 5699 3580 5745 ut
