  <div class='ocr_page' id='page_1' title='image "/cluster/home/n/w/nwhite01/storage/ocr_20150623/67/hvd.32044073505273/142.png"; bbox 0 0 3982 6196; ppageno 0'>
   <div class='ocr_carea' id='block_1_1' title="bbox 1449 376 3701 494">
    <p class='ocr_par' dir='ltr' id='par_1_1' title="bbox 1449 376 3701 494">
     <span class='ocr_line' id='line_1_1' title="bbox 1449 376 3701 494; baseline 0.025 -60"><span class='ocrx_word' id='word_1_1' title='bbox 1449 376 1828 438; x_wconf 73' lang='lat' dir='ltr'><strong>COLLECTIO</strong></span> <span class='ocrx_word' id='word_1_2' title='bbox 1868 386 2332 451; x_wconf 74' lang='lat' dir='ltr'><strong>DECRETUHUM</strong></span> <span class='ocrx_word' id='word_1_3' title='bbox 2379 400 2480 457; x_wconf 81' lang='lat' dir='ltr'><strong>PP.</strong></span> <span class='ocrx_word' id='word_1_4' title='bbox 2531 405 2643 462; x_wconf 74' lang='lat' dir='ltr'><strong>RR.</strong></span> <span class='ocrx_word' id='word_1_5' title='bbox 3599 438 3701 494; x_wconf 72' lang='lat'><strong>970</strong></span> 
     </span>
    </p>
   </div>
   <div class='ocr_carea' id='block_1_2' title="bbox 421 467 3695 610">
    <p class='ocr_par' dir='ltr' id='par_1_2' title="bbox 421 467 3695 610">
     <span class='ocr_line' id='line_1_2' title="bbox 3604 467 3695 494; baseline -0.022 -2"><span class='ocrx_word' id='word_1_6' title='bbox 3604 467 3695 494; x_wconf 71' lang='grc' dir='ltr'><strong>ΖΗ]</strong></span> 
     </span>
     <span class='ocr_line' id='line_1_3' title="bbox 421 467 3695 610; baseline 0.024 -90"><span class='ocrx_word' id='word_1_7' title='bbox 421 467 840 538; x_wconf 81' lang='lat' dir='ltr'><strong>in.lisciplinatas</strong></span> <span class='ocrx_word' id='word_1_8' title='bbox 866 478 1195 543; x_wconf 63' lang='lat' dir='ltr'><strong>quaestiones</strong></span> <span class='ocrx_word' id='word_1_9' title='bbox 1223 495 1481 544; x_wconf 85' lang='lat' dir='ltr'><strong>vocantes</strong></span> <span class='ocrx_word' id='word_1_10' title='bbox 1505 492 1557 545; x_wconf 92' lang='lat' dir='ltr'><strong>in</strong></span> <span class='ocrx_word' id='word_1_11' title='bbox 1581 494 1817 552; x_wconf 84' lang='lat' dir='ltr'><strong>medium</strong></span> <span class='ocrx_word' id='word_1_12' title='bbox 1840 501 2008 568; x_wconf 87' lang='lat' dir='ltr'><strong>perti-</strong></span> <span class='ocrx_word' id='word_1_13' title='bbox 2041 511 2084 564; x_wconf 76' lang='grc' dir='ltr'>Α</span> <span class='ocrx_word' id='word_1_14' title='bbox 2113 514 2198 560; x_wconf 86' lang='lat' dir='ltr'><strong>est</strong></span> <span class='ocrx_word' id='word_1_15' title='bbox 2241 512 2515 579; x_wconf 76' lang='lat' dir='ltr'><strong>agentium</strong></span> <span class='ocrx_word' id='word_1_16' title='bbox 2564 534 2724 576; x_wconf 81' lang='lat' dir='ltr'><strong>causa</strong></span> <span class='ocrx_word' id='word_1_17' title='bbox 2773 527 3042 594; x_wconf 84' lang='lat' dir='ltr'><strong>solorum,</strong></span> <span class='ocrx_word' id='word_1_18' title='bbox 3094 537 3414 598; x_wconf 78' lang='lat' dir='ltr'><strong>universalis</strong></span> <span class='ocrx_word' id='word_1_19' title='bbox 3464 545 3695 610; x_wconf 61' lang='lat' dir='ltr'><strong>Ecclesia</strong></span> 
     </span>
     <span class='ocr_line' id='line_1_4' title="bbox 421 561 2580 610; baseline 0 0"><span class='ocrx_word' id='word_1_20' title='bbox 421 561 621 610; x_wconf 70' lang='lat' dir='ltr'><strong>nat-iter</strong></span> <span class='ocrx_word' id='word_1_21' title='bbox 668 578 764 610; x_wconf 77' lang='lat' dir='ltr'><strong>ens</strong></span> <span class='ocrx_word' id='word_1_22' title='bbox 802 563 982 610; x_wconf 58' lang='lat' dir='ltr'><strong>(linunt</strong></span> <span class='ocrx_word' id='word_1_23' title='bbox 1013 571 1304 610; x_wconf 68' lang='grc' dir='ltr'><strong>ηνςιιδῖησιιρο</strong></span> <span class='ocrx_word' id='word_1_24' title='bbox 1353 578 1689 610; x_wconf 67' lang='lat' dir='ltr'><strong>ml.m.......:-</strong></span> <span class='ocrx_word' id='word_1_25' title='bbox 1740 589 1955 610; x_wconf 59' lang='lat' dir='ltr'><strong>..-_.:.-.e</strong></span> <span class='ocrx_word' id='word_1_26' title='bbox 1991 608 1999 610; x_wconf 21' lang='grc' dir='ltr'>ξ</span> <span class='ocrx_word' id='word_1_27' title='bbox 2124 609 2131 610; x_wconf 61' lang='lat'><strong><em>,</em></strong></span> <span class='ocrx_word' id='word_1_28' title='bbox 2574 609 2580 610; x_wconf 63' lang='lat'><strong><em>,</em></strong></span> 
     </span>
    </p>
   </div>
   <div class='ocr_carea' id='block_1_3' title="bbox 416 650 2002 746">
    <p class='ocr_par' dir='ltr' id='par_1_3' title="bbox 416 650 2002 746">
     <span class='ocr_line' id='line_1_5' title="bbox 416 650 2002 746; baseline 0.023 -46"><span class='ocrx_word' id='word_1_29' title='bbox 416 650 508 702; x_wconf 88' lang='lat' dir='ltr'><strong>sed</strong></span> <span class='ocrx_word' id='word_1_30' title='bbox 539 659 730 706; x_wconf 69' lang='lat' dir='ltr'><strong>vestra:</strong></span> <span class='ocrx_word' id='word_1_31' title='bbox 759 653 1032 714; x_wconf 76' lang='lat' dir='ltr'><strong>dilectioni</strong></span> <span class='ocrx_word' id='word_1_32' title='bbox 1057 658 1252 727; x_wconf 90' lang='lat' dir='ltr'><strong>justius</strong></span> <span class='ocrx_word' id='word_1_33' title='bbox 1283 666 1630 738; x_wconf 89' lang='lat' dir='ltr'><strong>imputamus,</strong></span> <span class='ocrx_word' id='word_1_34' title='bbox 1683 679 1898 746; x_wconf 90' lang='lat' dir='ltr'><strong>quando</strong></span> <span class='ocrx_word' id='word_1_35' title='bbox 1929 683 2002 737; x_wconf 84' lang='lat' dir='ltr'><strong>illi</strong></span> 
     </span>
    </p>
   </div>
   <div class='ocr_carea' id='block_1_4' title="bbox 415 743 2004 836">
    <p class='ocr_par' dir='ltr' id='par_1_4' title="bbox 415 743 2004 836">
     <span class='ocr_line' id='line_1_6' title="bbox 415 743 2004 836; baseline 0.023 -44"><span class='ocrx_word' id='word_1_36' title='bbox 415 755 572 808; x_wconf 82' lang='lat' dir='ltr'><strong>supra</strong></span> <span class='ocrx_word' id='word_1_37' title='bbox 599 757 696 796; x_wconf 89' lang='lat' dir='ltr'><strong>vos</strong></span> <span class='ocrx_word' id='word_1_38' title='bbox 721 743 926 800; x_wconf 78' lang='lat' dir='ltr'><strong>habent</strong></span> <span class='ocrx_word' id='word_1_39' title='bbox 952 751 1163 821; x_wconf 89' lang='lat' dir='ltr'><strong>copiam</strong></span> <span class='ocrx_word' id='word_1_40' title='bbox 1195 754 1526 826; x_wconf 72' lang='lat' dir='ltr'><strong>disputandi.</strong></span> <span class='ocrx_word' id='word_1_41' title='bbox 1584 743 1855 836; x_wconf 82' lang='lat' dir='ltr'><strong>Legimus,</strong></span> <span class='ocrx_word' id='word_1_42' title='bbox 1911 790 2004 826; x_wconf 60' lang='lat' dir='ltr'><strong>su-</strong></span> 
     </span>
    </p>
   </div>
   <div class='ocr_carea' id='block_1_5' title="bbox 413 834 2002 932">
    <p class='ocr_par' dir='ltr' id='par_1_5' title="bbox 413 834 2002 932">
     <span class='ocr_line' id='line_1_7' title="bbox 413 834 2002 932; baseline 0.025 -51"><span class='ocrx_word' id='word_1_43' title='bbox 413 845 508 890; x_wconf 77' lang='lat' dir='ltr'><strong>pra</strong></span> <span class='ocrx_word' id='word_1_44' title='bbox 532 834 838 903; x_wconf 75' lang='lat' dir='ltr'><strong>magistrum</strong></span> <span class='ocrx_word' id='word_1_45' title='bbox 877 853 979 891; x_wconf 83' lang='lat' dir='ltr'><strong>non</strong></span> <span class='ocrx_word' id='word_1_46' title='bbox 1019 857 1130 895; x_wconf 76' lang='lat' dir='ltr'><strong>esse</strong></span> <span class='ocrx_word' id='word_1_47' title='bbox 1177 845 1484 918; x_wconf 77' lang='lat' dir='ltr'><strong>discipulum</strong></span> <span class='ocrx_word' id='word_1_48' title='bbox 1518 834 1731 925; x_wconf 70' lang='lat' dir='ltr'><strong>(Matt/1.</strong></span> <span class='ocrx_word' id='word_1_49' title='bbox 1769 861 1845 932; x_wconf 74' lang='grc' dir='ltr'><strong>χ),</strong></span> <span class='ocrx_word' id='word_1_50' title='bbox 1898 861 2002 921; x_wconf 81' lang='lat' dir='ltr'><strong>hoc</strong></span> 
     </span>
    </p>
   </div>
   <div class='ocr_carea' id='block_1_6' title="bbox 411 925 2001 1016">
    <p class='ocr_par' dir='ltr' id='par_1_6' title="bbox 411 925 2001 1016">
     <span class='ocr_line' id='line_1_8' title="bbox 411 925 2001 1016; baseline 0.025 -43"><span class='ocrx_word' id='word_1_51' title='bbox 411 930 511 983; x_wconf 81' lang='lat' dir='ltr'><strong>est,</strong></span> <span class='ocrx_word' id='word_1_52' title='bbox 547 938 653 976; x_wconf 91' lang='lat' dir='ltr'><strong>non</strong></span> <span class='ocrx_word' id='word_1_53' title='bbox 683 925 794 979; x_wconf 84' lang='lat' dir='ltr'><strong>sibi</strong></span> <span class='ocrx_word' id='word_1_54' title='bbox 819 928 1018 985; x_wconf 90' lang='lat' dir='ltr'><strong>debere</strong></span> <span class='ocrx_word' id='word_1_55' title='bbox 1053 947 1379 1006; x_wconf 89' lang='lat' dir='ltr'><strong>quemquam</strong></span> <span class='ocrx_word' id='word_1_56' title='bbox 1412 944 1479 998; x_wconf 80' lang='lat' dir='ltr'><strong>ad</strong></span> <span class='ocrx_word' id='word_1_57' title='bbox 1529 946 1780 1016; x_wconf 87' lang='lat' dir='ltr'><strong>injuriam</strong></span> <span class='ocrx_word' id='word_1_58' title='bbox 1804 925 2001 1011; x_wconf 78' lang='lat' dir='ltr'><strong>doeto-</strong></span> 
     </span>
    </p>
   </div>
   <div class='ocr_carea' id='block_1_7' title="bbox 411 1014 1998 1110">
    <p class='ocr_par' dir='ltr' id='par_1_7' title="bbox 411 1014 1998 1110">
     <span class='ocr_line' id='line_1_9' title="bbox 411 1014 1998 1110; baseline 0.025 -46"><span class='ocrx_word' id='word_1_59' title='bbox 411 1027 528 1065; x_wconf 85' lang='lat' dir='ltr'><strong>rum</strong></span> <span class='ocrx_word' id='word_1_60' title='bbox 576 1014 851 1070; x_wconf 78' lang='lat' dir='ltr'><strong>vindicane</strong></span> <span class='ocrx_word' id='word_1_61' title='bbox 880 1021 1200 1082; x_wconf 80' lang='lat' dir='ltr'><strong>doctrinam.</strong></span> <span class='ocrx_word' id='word_1_62' title='bbox 1253 1030 1384 1087; x_wconf 87' lang='lat' dir='ltr'><strong>Nam</strong></span> <span class='ocrx_word' id='word_1_63' title='bbox 1425 1043 1480 1089; x_wconf 86' lang='lat' dir='ltr'><strong>et</strong></span> <span class='ocrx_word' id='word_1_64' title='bbox 1509 1035 1608 1094; x_wconf 87' lang='lat' dir='ltr'><strong>hos</strong></span> <span class='ocrx_word' id='word_1_65' title='bbox 1640 1041 1784 1110; x_wconf 91' lang='lat' dir='ltr'><strong>ipsos</strong></span> <span class='ocrx_word' id='word_1_66' title='bbox 1825 1061 1855 1099; x_wconf 90' lang='lat' dir='ltr'><strong>a</strong></span> <span class='ocrx_word' id='word_1_67' title='bbox 1887 1047 1998 1102; x_wconf 89' lang='lat' dir='ltr'><strong>Deo</strong></span> 
     </span>
    </p>
   </div>
   <div class='ocr_carea' id='block_1_8' title="bbox 407 1108 2000 1200">
    <p class='ocr_par' dir='ltr' id='par_1_8' title="bbox 407 1108 2000 1200">
     <span class='ocr_line' id='line_1_10' title="bbox 407 1108 2000 1200; baseline 0.026 -47"><span class='ocrx_word' id='word_1_68' title='bbox 407 1111 594 1158; x_wconf 87' lang='lat' dir='ltr'><strong>nostro</strong></span> <span class='ocrx_word' id='word_1_69' title='bbox 627 1108 833 1174; x_wconf 89' lang='lat' dir='ltr'><strong>positos</strong></span> <span class='ocrx_word' id='word_1_70' title='bbox 863 1113 1108 1172; x_wconf 86' lang='lat' dir='ltr'><strong>novimus</strong></span> <span class='ocrx_word' id='word_1_71' title='bbox 1156 1119 1224 1171; x_wconf 85' lang='lat' dir='ltr'><strong>ad</strong></span> <span class='ocrx_word' id='word_1_72' title='bbox 1273 1120 1593 1195; x_wconf 90' lang='lat' dir='ltr'><strong>docendum,</strong></span> <span class='ocrx_word' id='word_1_73' title='bbox 1619 1147 1740 1186; x_wconf 89' lang='lat' dir='ltr'><strong>cum</strong></span> <span class='ocrx_word' id='word_1_74' title='bbox 1788 1135 1894 1200; x_wconf 90' lang='lat' dir='ltr'><strong>sit,</strong></span> <span class='ocrx_word' id='word_1_75' title='bbox 1925 1138 2000 1193; x_wconf 88' lang='lat' dir='ltr'><strong>di-</strong></span> 
     </span>
    </p>
   </div>
   <div class='ocr_carea' id='block_1_9' title="bbox 404 1193 1992 1285">
    <p class='ocr_par' dir='ltr' id='par_1_9' title="bbox 404 1193 1992 1285">
     <span class='ocr_line' id='line_1_11' title="bbox 404 1193 1992 1285; baseline 0.026 -42"><span class='ocrx_word' id='word_1_76' title='bbox 404 1201 564 1247; x_wconf 90' lang='lat' dir='ltr'><strong>cente</strong></span> <span class='ocrx_word' id='word_1_77' title='bbox 594 1193 856 1264; x_wconf 87' lang='lat' dir='ltr'><strong>Apostolo</strong></span> <span class='ocrx_word' id='word_1_78' title='bbox 888 1200 941 1272; x_wconf 88' lang='grc' dir='ltr'><strong>(Ι</strong></span> <span class='ocrx_word' id='word_1_79' title='bbox 969 1202 1090 1260; x_wconf 90' lang='lat' dir='ltr'><strong>Cor.</strong></span> <span class='ocrx_word' id='word_1_80' title='bbox 1133 1210 1250 1278; x_wconf 81' lang='lat' dir='ltr'><strong>xu),</strong></span> <span class='ocrx_word' id='word_1_81' title='bbox 1298 1214 1375 1267; x_wconf 88' lang='lat' dir='ltr'><strong>eis</strong></span> <span class='ocrx_word' id='word_1_82' title='bbox 1421 1193 1613 1274; x_wconf 87' lang='lat' dir='ltr'><strong>tertius</strong></span> <span class='ocrx_word' id='word_1_83' title='bbox 1661 1223 1813 1282; x_wconf 88' lang='lat' dir='ltr'><strong>locus</strong></span> <span class='ocrx_word' id='word_1_84' title='bbox 1858 1229 1992 1285; x_wconf 85' lang='lat' dir='ltr'><strong>intra</strong></span> 
     </span>
    </p>
   </div>
   <div class='ocr_carea' id='block_1_10' title="bbox 407 1281 1994 1392">
    <p class='ocr_par' dir='ltr' id='par_1_10' title="bbox 407 1281 1994 1392">
     <span class='ocr_line' id='line_1_12' title="bbox 407 1281 1994 1392; baseline 0.028 -59"><span class='ocrx_word' id='word_1_85' title='bbox 407 1281 699 1340; x_wconf 85' lang='lat' dir='ltr'><strong>Ecclesiam</strong></span> <span class='ocrx_word' id='word_1_86' title='bbox 731 1289 1086 1360; x_wconf 87' lang='lat' dir='ltr'><strong>deputandus.</strong></span> <span class='ocrx_word' id='word_1_87' title='bbox 1119 1299 1257 1366; x_wconf 86' lang='lat' dir='ltr'><strong>Quid</strong></span> <span class='ocrx_word' id='word_1_88' title='bbox 1283 1304 1391 1360; x_wconf 91' lang='lat' dir='ltr'><strong>illic</strong></span> <span class='ocrx_word' id='word_1_89' title='bbox 1430 1312 1543 1378; x_wconf 82' lang='lat' dir='ltr'><strong>spei</strong></span> <span class='ocrx_word' id='word_1_90' title='bbox 1569 1323 1670 1382; x_wconf 89' lang='lat' dir='ltr'><strong>est,</strong></span> <span class='ocrx_word' id='word_1_91' title='bbox 1706 1281 1805 1373; x_wconf 85' lang='lat' dir='ltr'><strong>ubi</strong></span> <span class='ocrx_word' id='word_1_92' title='bbox 1827 1281 1994 1392; x_wconf 46' lang='lat' dir='ltr'><strong>magi:</strong></span> 
     </span>
    </p>
   </div>
   <div class='ocr_carea' id='block_1_11' title="bbox 400 1374 1990 1474">
    <p class='ocr_par' dir='ltr' id='par_1_11' title="bbox 400 1374 1990 1474">
     <span class='ocr_line' id='line_1_13' title="bbox 400 1374 1990 1474; baseline 0.028 -51"><span class='ocrx_word' id='word_1_93' title='bbox 400 1374 530 1427; x_wconf 81' lang='lat' dir='ltr'><strong>stris</strong></span> <span class='ocrx_word' id='word_1_94' title='bbox 560 1379 864 1435; x_wconf 83' lang='lat' dir='ltr'><strong>tacentibus</strong></span> <span class='ocrx_word' id='word_1_95' title='bbox 894 1383 944 1438; x_wconf 89' lang='lat' dir='ltr'><strong>hi</strong></span> <span class='ocrx_word' id='word_1_96' title='bbox 979 1385 1291 1458; x_wconf 89' lang='lat' dir='ltr'><strong>loquuntur,</strong></span> <span class='ocrx_word' id='word_1_97' title='bbox 1323 1397 1436 1465; x_wconf 89' lang='lat' dir='ltr'><strong>qui,</strong></span> <span class='ocrx_word' id='word_1_98' title='bbox 1475 1401 1518 1453; x_wconf 91' lang='lat' dir='ltr'><strong>si</strong></span> <span class='ocrx_word' id='word_1_99' title='bbox 1562 1403 1632 1456; x_wconf 85' lang='lat' dir='ltr'><strong>ita</strong></span> <span class='ocrx_word' id='word_1_100' title='bbox 1668 1415 1770 1474; x_wconf 89' lang='lat' dir='ltr'><strong>est,</strong></span> <span class='ocrx_word' id='word_1_101' title='bbox 1803 1424 1990 1468; x_wconf 89' lang='lat' dir='ltr'><strong>eorum</strong></span> 
     </span>
    </p>
   </div>
   <div class='ocr_carea' id='block_1_12' title="bbox 399 1461 1990 1561">
    <p class='ocr_par' dir='ltr' id='par_1_12' title="bbox 399 1461 1990 1561">
     <span class='ocr_line' id='line_1_14' title="bbox 399 1461 1990 1561; baseline 0.03 -47"><span class='ocrx_word' id='word_1_102' title='bbox 399 1461 650 1533; x_wconf 73' lang='lat' dir='ltr'><strong>discipuli</strong></span> <span class='ocrx_word' id='word_1_103' title='bbox 682 1485 786 1523; x_wconf 90' lang='lat' dir='ltr'><strong>non</strong></span> <span class='ocrx_word' id='word_1_104' title='bbox 819 1469 1082 1530; x_wconf 88' lang='lat' dir='ltr'><strong>fuerunt?</strong></span> <span class='ocrx_word' id='word_1_105' title='bbox 1131 1479 1318 1539; x_wconf 85' lang='lat' dir='ltr'><strong>Timeo</strong></span> <span class='ocrx_word' id='word_1_106' title='bbox 1348 1501 1415 1542; x_wconf 91' lang='lat' dir='ltr'><strong>ne</strong></span> <span class='ocrx_word' id='word_1_107' title='bbox 1444 1495 1736 1552; x_wconf 77' lang='lat' dir='ltr'><strong>connivere</strong></span> <span class='ocrx_word' id='word_1_108' title='bbox 1782 1500 1852 1554; x_wconf 91' lang='lat' dir='ltr'><strong>sit</strong></span> <span class='ocrx_word' id='word_1_109' title='bbox 1886 1503 1990 1561; x_wconf 93' lang='lat' dir='ltr'><strong>hoc</strong></span> 
     </span>
    </p>
   </div>
   <div class='ocr_carea' id='block_1_13' title="bbox 399 1558 1986 1660">
    <p class='ocr_par' dir='ltr' id='par_1_13' title="bbox 399 1558 1986 1660">
     <span class='ocr_line' id='line_1_15' title="bbox 399 1558 1986 1660; baseline 0.029 -56"><span class='ocrx_word' id='word_1_110' title='bbox 399 1560 601 1620; x_wconf 84' lang='lat' dir='ltr'><strong>tacere,</strong></span> <span class='ocrx_word' id='word_1_111' title='bbox 635 1558 800 1614; x_wconf 87' lang='lat' dir='ltr'><strong>timeo</strong></span> <span class='ocrx_word' id='word_1_112' title='bbox 828 1577 897 1618; x_wconf 90' lang='lat' dir='ltr'><strong>ne</strong></span> <span class='ocrx_word' id='word_1_113' title='bbox 936 1567 1105 1636; x_wconf 82' lang='lat' dir='ltr'><strong>magis</strong></span> <span class='ocrx_word' id='word_1_114' title='bbox 1135 1570 1235 1641; x_wconf 87' lang='lat' dir='ltr'><strong>ipsi</strong></span> <span class='ocrx_word' id='word_1_115' title='bbox 1284 1574 1595 1648; x_wconf 86' lang='lat' dir='ltr'><strong>loquantur,</strong></span> <span class='ocrx_word' id='word_1_116' title='bbox 1627 1587 1716 1654; x_wconf 88' lang='lat' dir='ltr'><strong>qui</strong></span> <span class='ocrx_word' id='word_1_117' title='bbox 1759 1595 1986 1660; x_wconf 81' lang='lat' dir='ltr'><strong>permit—</strong></span> 
     </span>
    </p>
   </div>
   <div class='ocr_carea' id='block_1_14' title="bbox 399 1648 1987 1739">
    <p class='ocr_par' dir='ltr' id='par_1_14' title="bbox 399 1648 1987 1739">
     <span class='ocr_line' id='line_1_16' title="bbox 399 1648 1987 1739; baseline 0.026 -41"><span class='ocrx_word' id='word_1_118' title='bbox 399 1651 519 1699; x_wconf 91' lang='lat' dir='ltr'><strong>tunt</strong></span> <span class='ocrx_word' id='word_1_119' title='bbox 547 1648 653 1703; x_wconf 91' lang='lat' dir='ltr'><strong>illis</strong></span> <span class='ocrx_word' id='word_1_120' title='bbox 684 1651 862 1708; x_wconf 80' lang='lat' dir='ltr'><strong>taliter</strong></span> <span class='ocrx_word' id='word_1_121' title='bbox 890 1655 1054 1726; x_wconf 88' lang='lat' dir='ltr'><strong>loqui.</strong></span> <span class='ocrx_word' id='word_1_122' title='bbox 1108 1661 1165 1717; x_wconf 88' lang='lat' dir='ltr'><strong>In</strong></span> <span class='ocrx_word' id='word_1_123' title='bbox 1215 1665 1410 1725; x_wconf 86' lang='lat' dir='ltr'><strong>talibus</strong></span> <span class='ocrx_word' id='word_1_124' title='bbox 1457 1648 1790 1734; x_wconf 42' lang='lat' dir='ltr'><strong>causis-non</strong></span> <span class='ocrx_word' id='word_1_125' title='bbox 1835 1693 1987 1739; x_wconf 82' lang='lat' dir='ltr'><strong>caret</strong></span> 
     </span>
    </p>
   </div>
   <div class='ocr_carea' id='block_1_15' title="bbox 393 1740 1982 1839">
    <p class='ocr_par' dir='ltr' id='par_1_15' title="bbox 393 1740 1982 1839">
     <span class='ocr_line' id='line_1_17' title="bbox 393 1740 1982 1839; baseline 0.026 -49"><span class='ocrx_word' id='word_1_126' title='bbox 393 1740 704 1808; x_wconf 82' lang='lat' dir='ltr'><strong>suspicione</strong></span> <span class='ocrx_word' id='word_1_127' title='bbox 735 1746 1085 1814; x_wconf 83' lang='lat' dir='ltr'><strong>taciturnitas,</strong></span> <span class='ocrx_word' id='word_1_128' title='bbox 1139 1757 1264 1824; x_wconf 86' lang='lat' dir='ltr'><strong>quia</strong></span> <span class='ocrx_word' id='word_1_129' title='bbox 1315 1774 1626 1822; x_wconf 87' lang='lat' dir='ltr'><strong>occurreret</strong></span> <span class='ocrx_word' id='word_1_130' title='bbox 1671 1774 1892 1839; x_wconf 84' lang='lat' dir='ltr'><strong>veritas,</strong></span> <span class='ocrx_word' id='word_1_131' title='bbox 1937 1777 1982 1831; x_wconf 90' lang='lat' dir='ltr'><strong>si</strong></span> 
     </span>
    </p>
   </div>
   <div class='ocr_carea' id='block_1_16' title="bbox 392 1826 1980 1936">
    <p class='ocr_par' dir='ltr' id='par_1_16' title="bbox 392 1826 1980 1936">
     <span class='ocr_line' id='line_1_18' title="bbox 392 1826 1980 1936; baseline 0.026 -56"><span class='ocrx_word' id='word_1_132' title='bbox 392 1826 601 1885; x_wconf 77' lang='lat' dir='ltr'><strong>falsitas</strong></span> <span class='ocrx_word' id='word_1_133' title='bbox 630 1831 958 1903; x_wconf 84' lang='lat' dir='ltr'><strong>displiceret.</strong></span> <span class='ocrx_word' id='word_1_134' title='bbox 991 1840 1182 1899; x_wconf 83' lang='lat' dir='ltr'><strong>Merito</strong></span> <span class='ocrx_word' id='word_1_135' title='bbox 1212 1863 1444 1919; x_wconf 86' lang='lat' dir='ltr'><strong>namque</strong></span> <span class='ocrx_word' id='word_1_136' title='bbox 1472 1869 1631 1912; x_wconf 90' lang='lat' dir='ltr'><strong>causa</strong></span> <span class='ocrx_word' id='word_1_137' title='bbox 1677 1877 1775 1916; x_wconf 91' lang='lat' dir='ltr'><strong>nos</strong></span> <span class='ocrx_word' id='word_1_138' title='bbox 1803 1868 1980 1936; x_wconf 85' lang='lat' dir='ltr'><strong>respi-</strong></span> 
     </span>
    </p>
   </div>
   <div class='ocr_carea' id='block_1_17' title="bbox 387 1919 1984 2022">
    <p class='ocr_par' dir='ltr' id='par_1_17' title="bbox 387 1919 1984 2022">
     <span class='ocr_line' id='line_1_19' title="bbox 387 1919 1984 2022; baseline 0.024 -50"><span class='ocrx_word' id='word_1_139' title='bbox 387 1919 485 1984; x_wconf 89' lang='lat' dir='ltr'><strong>cit,</strong></span> <span class='ocrx_word' id='word_1_140' title='bbox 518 1920 562 1973; x_wconf 93' lang='lat' dir='ltr'><strong>si</strong></span> <span class='ocrx_word' id='word_1_141' title='bbox 611 1923 826 1980; x_wconf 89' lang='lat' dir='ltr'><strong>silentio</strong></span> <span class='ocrx_word' id='word_1_142' title='bbox 879 1927 1150 1988; x_wconf 87' lang='lat' dir='ltr'><strong>faveamus</strong></span> <span class='ocrx_word' id='word_1_143' title='bbox 1192 1939 1384 1994; x_wconf 90' lang='lat' dir='ltr'><strong>errori.</strong></span> <span class='ocrx_word' id='word_1_144' title='bbox 1435 1940 1572 2013; x_wconf 81' lang='lat' dir='ltr'><strong>Ergo</strong></span> <span class='ocrx_word' id='word_1_145' title='bbox 1617 1952 1984 2022; x_wconf 80' lang='lat' dir='ltr'><strong>corripiantur</strong></span> 
     </span>
    </p>
   </div>
   <div class='ocr_carea' id='block_1_18' title="bbox 387 2009 1982 2109">
    <p class='ocr_par' dir='ltr' id='par_1_18' title="bbox 387 2009 1982 2109">
     <span class='ocr_line' id='line_1_20' title="bbox 387 2009 1982 2109; baseline 0.027 -48"><span class='ocrx_word' id='word_1_146' title='bbox 387 2009 720 2079; x_wconf 82' lang='lat' dir='ltr'><strong>hujusmodi,</strong></span> <span class='ocrx_word' id='word_1_147' title='bbox 755 2035 860 2073; x_wconf 92' lang='lat' dir='ltr'><strong>non</strong></span> <span class='ocrx_word' id='word_1_148' title='bbox 889 2020 958 2074; x_wconf 89' lang='lat' dir='ltr'><strong>sit</strong></span> <span class='ocrx_word' id='word_1_149' title='bbox 988 2024 1068 2078; x_wconf 88' lang='lat' dir='ltr'><strong>bis</strong></span> <span class='ocrx_word' id='word_1_150' title='bbox 1095 2025 1319 2084; x_wconf 90' lang='lat' dir='ltr'><strong>liberum</strong></span> <span class='ocrx_word' id='word_1_151' title='bbox 1350 2009 1551 2092; x_wconf 67' lang='lat' dir='ltr'><strong>habere</strong></span> <span class='ocrx_word' id='word_1_152' title='bbox 1578 2056 1674 2109; x_wconf 90' lang='lat' dir='ltr'><strong>pro</strong></span> <span class='ocrx_word' id='word_1_153' title='bbox 1704 2009 1982 2106; x_wconf 69' lang='lat' dir='ltr'><strong>voluntate</strong></span> 
     </span>
    </p>
   </div>
   <div class='ocr_carea' id='block_1_19' title="bbox 385 2108 1981 2197">
    <p class='ocr_par' dir='ltr' id='par_1_19' title="bbox 385 2108 1981 2197">
     <span class='ocr_line' id='line_1_21' title="bbox 385 2108 1981 2197; baseline 0.026 -42"><span class='ocrx_word' id='word_1_154' title='bbox 385 2117 714 2173; x_wconf 83' lang='lat' dir='ltr'><strong>sermonem,</strong></span> <span class='ocrx_word' id='word_1_155' title='bbox 747 2108 983 2183; x_wconf 87' lang='lat' dir='ltr'><strong>desinat,</strong></span> <span class='ocrx_word' id='word_1_156' title='bbox 1015 2116 1059 2170; x_wconf 92' lang='lat' dir='ltr'><strong>si</strong></span> <span class='ocrx_word' id='word_1_157' title='bbox 1089 2117 1161 2172; x_wconf 90' lang='lat' dir='ltr'><strong>ita</strong></span> <span class='ocrx_word' id='word_1_158' title='bbox 1185 2137 1272 2177; x_wconf 91' lang='lat' dir='ltr'><strong>res</strong></span> <span class='ocrx_word' id='word_1_159' title='bbox 1299 2134 1441 2192; x_wconf 87' lang='lat' dir='ltr'><strong>sunt,</strong></span> <span class='ocrx_word' id='word_1_160' title='bbox 1469 2127 1740 2189; x_wconf 85' lang='lat' dir='ltr'><strong>incessere</strong></span> <span class='ocrx_word' id='word_1_161' title='bbox 1770 2141 1981 2197; x_wconf 86' lang='lat' dir='ltr'><strong>novitas</strong></span> 
     </span>
    </p>
   </div>
   <div class='ocr_carea' id='block_1_20' title="bbox 385 2201 1979 2294">
    <p class='ocr_par' dir='ltr' id='par_1_20' title="bbox 385 2201 1979 2294">
     <span class='ocr_line' id='line_1_22' title="bbox 385 2201 1979 2294; baseline 0.027 -52"><span class='ocrx_word' id='word_1_162' title='bbox 385 2201 742 2265; x_wconf 76' lang='lat' dir='ltr'><strong>vetustatem,</strong></span> <span class='ocrx_word' id='word_1_163' title='bbox 766 2201 978 2256; x_wconf 86' lang='lat' dir='ltr'><strong>desinat</strong></span> <span class='ocrx_word' id='word_1_164' title='bbox 1007 2203 1367 2267; x_wconf 86' lang='lat' dir='ltr'><strong>Ecclesiarum</strong></span> <span class='ocrx_word' id='word_1_165' title='bbox 1398 2217 1632 2285; x_wconf 88' lang='lat' dir='ltr'><strong>quietem</strong></span> <span class='ocrx_word' id='word_1_166' title='bbox 1666 2223 1979 2294; x_wconf 85' lang='lat' dir='ltr'><strong>inquietudo</strong></span> 
     </span>
    </p>
   </div>
   <div class='ocr_carea' id='block_1_21' title="bbox 385 2285 1979 2389">
    <p class='ocr_par' dir='ltr' id='par_1_21' title="bbox 385 2285 1979 2389">
     <span class='ocr_line' id='line_1_23' title="bbox 385 2285 1979 2389; baseline 0.026 -54"><span class='ocrx_word' id='word_1_167' title='bbox 385 2285 628 2341; x_wconf 71' lang='lat' dir='ltr'><strong>turbare.</strong></span> <span class='ocrx_word' id='word_1_168' title='bbox 684 2287 966 2349; x_wconf 89' lang='lat' dir='ltr'><strong>Conantur</strong></span> <span class='ocrx_word' id='word_1_169' title='bbox 1008 2312 1150 2368; x_wconf 66' lang='lat' dir='ltr'><strong>saepe</strong></span> <span class='ocrx_word' id='word_1_170' title='bbox 1197 2303 1474 2375; x_wconf 80' lang='lat' dir='ltr'><strong>naufragio</strong></span> <span class='ocrx_word' id='word_1_171' title='bbox 1515 2327 1794 2384; x_wconf 82' lang='lat' dir='ltr'><strong>mergere,</strong></span> <span class='ocrx_word' id='word_1_172' title='bbox 1843 2335 1979 2389; x_wconf 88' lang='lat' dir='ltr'><strong>quos</strong></span> 
     </span>
    </p>
   </div>
   <div class='ocr_carea' id='block_1_22' title="bbox 385 2376 1975 2467">
    <p class='ocr_par' dir='ltr' id='par_1_22' title="bbox 385 2376 1975 2467">
     <span class='ocr_line' id='line_1_24' title="bbox 385 2376 1975 2467; baseline 0.025 -39"><span class='ocrx_word' id='word_1_173' title='bbox 385 2376 526 2431; x_wconf 86' lang='lat' dir='ltr'><strong>intra</strong></span> <span class='ocrx_word' id='word_1_174' title='bbox 557 2392 773 2450; x_wconf 83' lang='lat' dir='ltr'><strong>portum</strong></span> <span class='ocrx_word' id='word_1_175' title='bbox 824 2394 1030 2444; x_wconf 84' lang='lat' dir='ltr'><strong>stantes</strong></span> <span class='ocrx_word' id='word_1_176' title='bbox 1078 2394 1239 2449; x_wconf 86' lang='lat' dir='ltr'><strong>statio</strong></span> <span class='ocrx_word' id='word_1_177' title='bbox 1269 2397 1399 2453; x_wconf 83' lang='lat' dir='ltr'><strong>facit</strong></span> <span class='ocrx_word' id='word_1_178' title='bbox 1428 2401 1530 2456; x_wconf 82' lang='lat' dir='ltr'><strong>ﬁda</strong></span> <span class='ocrx_word' id='word_1_179' title='bbox 1560 2420 1800 2464; x_wconf 88' lang='lat' dir='ltr'><strong>securos.</strong></span> <span class='ocrx_word' id='word_1_180' title='bbox 1848 2410 1975 2467; x_wconf 84' lang='lat' dir='ltr'><strong>Fida</strong></span> 
     </span>
    </p>
   </div>
   <div class='ocr_carea' id='block_1_23' title="bbox 382 2463 1972 2570">
    <p class='ocr_par' dir='ltr' id='par_1_23' title="bbox 382 2463 1972 2570">
     <span class='ocr_line' id='line_1_25' title="bbox 382 2463 1972 2570; baseline 0.025 -48"><span class='ocrx_word' id='word_1_181' title='bbox 382 2471 587 2542; x_wconf 85' lang='lat' dir='ltr'><strong>quippe</strong></span> <span class='ocrx_word' id='word_1_182' title='bbox 617 2463 965 2534; x_wconf 65' lang='lat' dir='ltr'><strong>est&#39;omnium</strong></span> <span class='ocrx_word' id='word_1_183' title='bbox 1004 2486 1186 2550; x_wconf 90' lang='lat' dir='ltr'><strong>statio,</strong></span> <span class='ocrx_word' id='word_1_184' title='bbox 1219 2505 1447 2559; x_wconf 88' lang='lat' dir='ltr'><strong>quorum</strong></span> <span class='ocrx_word' id='word_1_185' title='bbox 1479 2497 1728 2564; x_wconf 82' lang='lat' dir='ltr'><strong>perfectis</strong></span> <span class='ocrx_word' id='word_1_186' title='bbox 1773 2505 1972 2570; x_wconf 52' lang='lat' dir='ltr'><strong>gressi.</strong></span> 
     </span>
    </p>
   </div>
   <div class='ocr_carea' id='block_1_24' title="bbox 382 2560 1973 2663">
    <p class='ocr_par' dir='ltr' id='par_1_24' title="bbox 382 2560 1973 2663">
     <span class='ocr_line' id='line_1_26' title="bbox 382 2560 1973 2663; baseline 0.025 -51"><span class='ocrx_word' id='word_1_187' title='bbox 382 2560 485 2615; x_wconf 79' lang='lat' dir='ltr'><strong>bus</strong></span> <span class='ocrx_word' id='word_1_188' title='bbox 518 2566 742 2634; x_wconf 85' lang='lat' dir='ltr'><strong>vestigia</strong></span> <span class='ocrx_word' id='word_1_189' title='bbox 774 2585 879 2623; x_wconf 88' lang='lat' dir='ltr'><strong>non</strong></span> <span class='ocrx_word' id='word_1_190' title='bbox 909 2587 1209 2631; x_wconf 76' lang='lat' dir='ltr'><strong>moventur.</strong></span> <span class='ocrx_word' id='word_1_191' title='bbox 1246 2580 1609 2642; x_wconf 83' lang='lat' dir='ltr'><strong>Recurrerunt</strong></span> <span class='ocrx_word' id='word_1_192' title='bbox 1646 2591 1713 2644; x_wconf 88' lang='lat' dir='ltr'><strong>ad</strong></span> <span class='ocrx_word' id='word_1_193' title='bbox 1754 2605 1973 2663; x_wconf 88' lang='lat' dir='ltr'><strong>aposto-</strong></span> 
     </span>
    </p>
   </div>
   <div class='ocr_carea' id='block_1_25' title="bbox 380 2651 1974 2752">
    <p class='ocr_par' dir='ltr' id='par_1_25' title="bbox 380 2651 1974 2752">
     <span class='ocr_line' id='line_1_27' title="bbox 380 2651 1974 2752; baseline 0.025 -49"><span class='ocrx_word' id='word_1_194' title='bbox 380 2651 541 2705; x_wconf 86' lang='lat' dir='ltr'><strong>licam</strong></span> <span class='ocrx_word' id='word_1_195' title='bbox 589 2657 830 2724; x_wconf 70' lang='lat' dir='ltr'><strong>prmdicti</strong></span> <span class='ocrx_word' id='word_1_196' title='bbox 878 2664 1080 2731; x_wconf 89' lang='lat' dir='ltr'><strong>sedem,</strong></span> <span class='ocrx_word' id='word_1_197' title='bbox 1118 2669 1228 2724; x_wconf 73' lang='lat' dir='ltr'><strong>luce</strong></span> <span class='ocrx_word' id='word_1_198' title='bbox 1277 2673 1386 2742; x_wconf 88' lang='lat' dir='ltr'><strong>ipsa</strong></span> <span class='ocrx_word' id='word_1_199' title='bbox 1432 2678 1586 2732; x_wconf 81' lang='lat' dir='ltr'><strong>nobis</strong></span> <span class='ocrx_word' id='word_1_200' title='bbox 1635 2698 1754 2752; x_wconf 69' lang='lat' dir='ltr'><strong>qua:</strong></span> <span class='ocrx_word' id='word_1_201' title='bbox 1803 2693 1974 2742; x_wconf 90' lang='lat' dir='ltr'><strong>tentat</strong></span> 
     </span>
    </p>
   </div>
   <div class='ocr_carea' id='block_1_26' title="bbox 379 2745 1969 2833">
    <p class='ocr_par' dir='ltr' id='par_1_26' title="bbox 379 2745 1969 2833">
     <span class='ocr_line' id='line_1_28' title="bbox 379 2745 1969 2833; baseline 0.025 -38"><span class='ocrx_word' id='word_1_202' title='bbox 379 2745 735 2814; x_wconf 83' lang='lat' dir='ltr'><strong>perturbatio,</strong></span> <span class='ocrx_word' id='word_1_203' title='bbox 765 2765 1180 2822; x_wconf 86' lang='lat' dir='ltr'><strong>conquerentes.</strong></span> <span class='ocrx_word' id='word_1_204' title='bbox 1233 2759 1516 2831; x_wconf 83' lang='lat' dir='ltr'><strong>llabetnte,</strong></span> <span class='ocrx_word' id='word_1_205' title='bbox 1544 2768 1736 2830; x_wconf 85' lang='lat' dir='ltr'><strong>fratres</strong></span> <span class='ocrx_word' id='word_1_206' title='bbox 1765 2776 1969 2833; x_wconf 86' lang='lat' dir='ltr'><strong>charis-</strong></span> 
     </span>
    </p>
   </div>
   <div class='ocr_carea' id='block_1_27' title="bbox 375 2833 1970 2925">
    <p class='ocr_par' dir='ltr' id='par_1_27' title="bbox 375 2833 1970 2925">
     <span class='ocr_line' id='line_1_29' title="bbox 375 2833 1970 2925; baseline 0.025 -41"><span class='ocrx_word' id='word_1_207' title='bbox 375 2833 524 2902; x_wconf 88' lang='lat' dir='ltr'><strong>simi,</strong></span> <span class='ocrx_word' id='word_1_208' title='bbox 553 2851 654 2907; x_wconf 87' lang='lat' dir='ltr'><strong>pro</strong></span> <span class='ocrx_word' id='word_1_209' title='bbox 681 2842 958 2898; x_wconf 74' lang='lat' dir='ltr'><strong>catholica:</strong></span> <span class='ocrx_word' id='word_1_210' title='bbox 996 2847 1165 2916; x_wconf 80' lang='lat' dir='ltr'><strong>plebis</strong></span> <span class='ocrx_word' id='word_1_211' title='bbox 1205 2867 1340 2920; x_wconf 87' lang='lat' dir='ltr'><strong>pace</strong></span> <span class='ocrx_word' id='word_1_212' title='bbox 1369 2863 1678 2925; x_wconf 87' lang='lat' dir='ltr'><strong>tractatum,</strong></span> <span class='ocrx_word' id='word_1_213' title='bbox 1711 2866 1884 2921; x_wconf 88' lang='lat' dir='ltr'><strong>sciant</strong></span> <span class='ocrx_word' id='word_1_214' title='bbox 1910 2884 1970 2924; x_wconf 87' lang='lat' dir='ltr'><strong>se</strong></span> 
     </span>
    </p>
   </div>
   <div class='ocr_carea' id='block_1_28' title="bbox 375 2923 1967 3021">
    <p class='ocr_par' dir='ltr' id='par_1_28' title="bbox 375 2923 1967 3021">
     <span class='ocr_line' id='line_1_30' title="bbox 375 2923 1967 3021; baseline 0.024 -46"><span class='ocrx_word' id='word_1_215' title='bbox 375 2923 445 2992; x_wconf 91' lang='lat' dir='ltr'><strong>(si</strong></span> <span class='ocrx_word' id='word_1_216' title='bbox 475 2933 656 2982; x_wconf 88' lang='lat' dir='ltr'><strong>tamen</strong></span> <span class='ocrx_word' id='word_1_217' title='bbox 689 2945 979 2991; x_wconf 87' lang='lat' dir='ltr'><strong>censentur</strong></span> <span class='ocrx_word' id='word_1_218' title='bbox 1008 2941 1328 3012; x_wconf 85' lang='lat' dir='ltr'><strong>presbyterii</strong></span> <span class='ocrx_word' id='word_1_219' title='bbox 1357 2946 1636 3021; x_wconf 80' lang='lat' dir='ltr'><strong>dignitate)</strong></span> <span class='ocrx_word' id='word_1_220' title='bbox 1665 2955 1818 3012; x_wconf 81' lang='lat' dir='ltr'><strong>vobis</strong></span> <span class='ocrx_word' id='word_1_221' title='bbox 1849 2973 1967 3014; x_wconf 90' lang='lat' dir='ltr'><strong>esse</strong></span> 
     </span>
    </p>
   </div>
   <div class='ocr_carea' id='block_1_29' title="bbox 379 3013 1962 3114">
    <p class='ocr_par' dir='ltr' id='par_1_29' title="bbox 379 3013 1962 3114">
     <span class='ocr_line' id='line_1_31' title="bbox 379 3013 1962 3114; baseline 0.023 -48"><span class='ocrx_word' id='word_1_222' title='bbox 379 3013 678 3084; x_wconf 83' lang='lat' dir='ltr'><strong>subjectos,</strong></span> <span class='ocrx_word' id='word_1_223' title='bbox 706 3021 900 3085; x_wconf 85' lang='lat' dir='ltr'><strong>sciant,</strong></span> <span class='ocrx_word' id='word_1_224' title='bbox 934 3032 1076 3094; x_wconf 81' lang='lat' dir='ltr'><strong>quod</strong></span> <span class='ocrx_word' id='word_1_225' title='bbox 1104 3030 1206 3085; x_wconf 84' lang='lat' dir='ltr'><strong>sibi</strong></span> <span class='ocrx_word' id='word_1_226' title='bbox 1229 3013 1441 3105; x_wconf 71' lang='lat' dir='ltr'><strong>omnes,</strong></span> <span class='ocrx_word' id='word_1_227' title='bbox 1469 3040 1561 3106; x_wconf 92' lang='lat' dir='ltr'><strong>qui</strong></span> <span class='ocrx_word' id='word_1_228' title='bbox 1581 3042 1723 3096; x_wconf 84' lang='lat' dir='ltr'><strong>male</strong></span> <span class='ocrx_word' id='word_1_229' title='bbox 1743 3043 1962 3114; x_wconf 88' lang='lat' dir='ltr'><strong>docent,</strong></span> 
     </span>
    </p>
   </div>
   <div class='ocr_carea' id='block_1_30' title="bbox 371 3103 1958 3199">
    <p class='ocr_par' dir='ltr' id='par_1_30' title="bbox 371 3103 1958 3199">
     <span class='ocr_line' id='line_1_32' title="bbox 371 3103 1958 3199; baseline 0.023 -43"><span class='ocrx_word' id='word_1_230' title='bbox 371 3103 582 3162; x_wconf 85' lang='lat' dir='ltr'><strong>discere</strong></span> <span class='ocrx_word' id='word_1_231' title='bbox 627 3111 798 3178; x_wconf 79' lang='lat' dir='ltr'><strong>magis</strong></span> <span class='ocrx_word' id='word_1_232' title='bbox 843 3129 908 3169; x_wconf 90' lang='lat' dir='ltr'><strong>ac</strong></span> <span class='ocrx_word' id='word_1_233' title='bbox 948 3119 1117 3186; x_wconf 82' lang='lat' dir='ltr'><strong>magis</strong></span> <span class='ocrx_word' id='word_1_234' title='bbox 1180 3103 1683 3199; x_wconf 26' lang='lat' dir='ltr'><strong>compelatpquam</strong></span> <span class='ocrx_word' id='word_1_235' title='bbox 1739 3133 1958 3194; x_wconf 77' lang='lat' dir='ltr'><strong>docere.</strong></span> 
     </span>
    </p>
   </div>
   <div class='ocr_carea' id='block_1_31' title="bbox 372 3193 1954 3285">
    <p class='ocr_par' dir='ltr' id='par_1_31' title="bbox 372 3193 1954 3285">
     <span class='ocr_line' id='line_1_33' title="bbox 372 3193 1954 3285; baseline 0.025 -38"><span class='ocrx_word' id='word_1_236' title='bbox 372 3193 508 3249; x_wconf 74' lang='lat' dir='ltr'><strong>Nam</strong></span> <span class='ocrx_word' id='word_1_237' title='bbox 539 3201 669 3266; x_wconf 91' lang='lat' dir='ltr'><strong>quid</strong></span> <span class='ocrx_word' id='word_1_238' title='bbox 696 3203 748 3258; x_wconf 87' lang='lat' dir='ltr'><strong>in</strong></span> <span class='ocrx_word' id='word_1_239' title='bbox 782 3203 1034 3264; x_wconf 86' lang='lat' dir='ltr'><strong>Ecclesiis</strong></span> <span class='ocrx_word' id='word_1_240' title='bbox 1060 3227 1157 3268; x_wconf 87' lang='lat' dir='ltr'><strong>vos</strong></span> <span class='ocrx_word' id='word_1_241' title='bbox 1187 3215 1364 3283; x_wconf 79' lang='lat' dir='ltr'><strong>agitis,</strong></span> <span class='ocrx_word' id='word_1_242' title='bbox 1397 3220 1442 3274; x_wconf 88' lang='lat' dir='ltr'><strong>si</strong></span> <span class='ocrx_word' id='word_1_243' title='bbox 1473 3193 1552 3280; x_wconf 79' lang='lat' dir='ltr'><strong>illi</strong></span> <span class='ocrx_word' id='word_1_244' title='bbox 1572 3238 1840 3282; x_wconf 85' lang='lat' dir='ltr'><strong>summam</strong></span> <span class='ocrx_word' id='word_1_245' title='bbox 1872 3239 1954 3285; x_wconf 58' lang='lat' dir='ltr'><strong>te.</strong></span> 
     </span>
    </p>
   </div>
   <div class='ocr_carea' id='block_1_32' title="bbox 368 3293 1954 3386">
    <p class='ocr_par' dir='ltr' id='par_1_32' title="bbox 368 3293 1954 3386">
     <span class='ocr_line' id='line_1_34' title="bbox 368 3293 1954 3386; baseline 0.024 -48"><span class='ocrx_word' id='word_1_246' title='bbox 368 3298 534 3341; x_wconf 85' lang='lat' dir='ltr'><strong>aeaut</strong></span> <span class='ocrx_word' id='word_1_247' title='bbox 559 3293 885 3360; x_wconf 74' lang='lat' dir='ltr'><strong>przedicandi</strong></span> <span class='ocrx_word' id='word_1_248' title='bbox 913 3299 936 3352; x_wconf 84' lang='lat'><strong>?</strong></span> <span class='ocrx_word' id='word_1_249' title='bbox 964 3300 1065 3356; x_wconf 90' lang='lat' dir='ltr'><strong>nisi</strong></span> <span class='ocrx_word' id='word_1_250' title='bbox 1089 3301 1225 3360; x_wconf 87' lang='lat' dir='ltr'><strong>forte</strong></span> <span class='ocrx_word' id='word_1_251' title='bbox 1254 3307 1384 3365; x_wconf 88' lang='lat' dir='ltr'><strong>illud</strong></span> <span class='ocrx_word' id='word_1_252' title='bbox 1404 3310 1650 3379; x_wconf 87' lang='lat' dir='ltr'><strong>obsistat,</strong></span> <span class='ocrx_word' id='word_1_253' title='bbox 1680 3317 1826 3386; x_wconf 87' lang='lat' dir='ltr'><strong>quod</strong></span> <span class='ocrx_word' id='word_1_254' title='bbox 1845 3335 1954 3376; x_wconf 88' lang='lat' dir='ltr'><strong>non</strong></span> 
     </span>
    </p>
   </div>
   <div class='ocr_carea' id='block_1_33' title="bbox 366 3383 1955 3480">
    <p class='ocr_par' dir='ltr' id='par_1_33' title="bbox 366 3383 1955 3480">
     <span class='ocr_line' id='line_1_35' title="bbox 366 3383 1955 3480; baseline 0.025 -50"><span class='ocrx_word' id='word_1_255' title='bbox 366 3383 712 3452; x_wconf 86' lang='lat' dir='ltr'><strong>auctoritate,</strong></span> <span class='ocrx_word' id='word_1_256' title='bbox 742 3403 850 3443; x_wconf 92' lang='lat' dir='ltr'><strong>non</strong></span> <span class='ocrx_word' id='word_1_257' title='bbox 877 3392 1054 3449; x_wconf 86' lang='lat' dir='ltr'><strong>adhuc</strong></span> <span class='ocrx_word' id='word_1_258' title='bbox 1073 3398 1282 3454; x_wconf 86' lang='lat' dir='ltr'><strong>ratione</strong></span> <span class='ocrx_word' id='word_1_259' title='bbox 1311 3403 1601 3473; x_wconf 79' lang='lat' dir='ltr'><strong>colligitur,</strong></span> <span class='ocrx_word' id='word_1_260' title='bbox 1634 3383 1893 3480; x_wconf 48' lang='lat' dir='ltr'><strong>ut_aliqui</strong></span> <span class='ocrx_word' id='word_1_261' title='bbox 1923 3429 1955 3469; x_wconf 90' lang='lat' dir='ltr'><strong>e</strong></span> 
     </span>
    </p>
   </div>
   <div class='ocr_carea' id='block_1_34' title="bbox 365 3465 1965 3568">
    <p class='ocr_par' dir='ltr' id='par_1_34' title="bbox 365 3465 1965 3568">
     <span class='ocr_line' id='line_1_36' title="bbox 365 3465 1965 3568; baseline 0.023 -48"><span class='ocrx_word' id='word_1_262' title='bbox 365 3465 593 3527; x_wconf 84' lang='lat' dir='ltr'><strong>fratrum</strong></span> <span class='ocrx_word' id='word_1_263' title='bbox 635 3492 861 3536; x_wconf 88' lang='lat' dir='ltr'><strong>numero</strong></span> <span class='ocrx_word' id='word_1_264' title='bbox 908 3499 1084 3554; x_wconf 83' lang='lat' dir='ltr'><strong>nuper</strong></span> <span class='ocrx_word' id='word_1_265' title='bbox 1123 3488 1195 3545; x_wconf 84' lang='lat' dir='ltr'><strong>de</strong></span> <span class='ocrx_word' id='word_1_266' title='bbox 1241 3492 1500 3550; x_wconf 77' lang='lat' dir='ltr'><strong>laicorum</strong></span> <span class='ocrx_word' id='word_1_267' title='bbox 1549 3503 1846 3568; x_wconf 86' lang='lat' dir='ltr'><strong>consortio,</strong></span> <span class='ocrx_word' id='word_1_268' title='bbox 1899 3506 1965 3562; x_wconf 80' lang='lat' dir='ltr'><strong>in.</strong></span> 
     </span>
    </p>
   </div>
   <div class='ocr_carea' id='block_1_35' title="bbox 362 3560 1948 3663">
    <p class='ocr_par' dir='ltr' id='par_1_35' title="bbox 362 3560 1948 3663">
     <span class='ocr_line' id='line_1_37' title="bbox 362 3560 1948 3663; baseline 0.025 -52"><span class='ocrx_word' id='word_1_269' title='bbox 362 3560 650 3630; x_wconf 76' lang='lat' dir='ltr'><strong>collegium</strong></span> <span class='ocrx_word' id='word_1_270' title='bbox 680 3579 924 3628; x_wconf 86' lang='lat' dir='ltr'><strong>nostrum</strong></span> <span class='ocrx_word' id='word_1_271' title='bbox 973 3573 1217 3634; x_wconf 86' lang='lat' dir='ltr'><strong>fortassis</strong></span> <span class='ocrx_word' id='word_1_272' title='bbox 1241 3581 1482 3648; x_wconf 87' lang='lat' dir='ltr'><strong>admissi,</strong></span> <span class='ocrx_word' id='word_1_273' title='bbox 1535 3590 1778 3645; x_wconf 81' lang='lat' dir='ltr'><strong>nesciant</strong></span> <span class='ocrx_word' id='word_1_274' title='bbox 1819 3597 1948 3663; x_wconf 90' lang='lat' dir='ltr'><strong>quid</strong></span> 
     </span>
    </p>
   </div>
   <div class='ocr_carea' id='block_1_36' title="bbox 361 3649 2043 3747">
    <p class='ocr_par' dir='ltr' id='par_1_36' title="bbox 361 3649 2043 3747">
     <span class='ocr_line' id='line_1_38' title="bbox 361 3649 2043 3747; baseline 0.024 -46"><span class='ocrx_word' id='word_1_275' title='bbox 361 3649 462 3704; x_wconf 83' lang='lat' dir='ltr'><strong>sibi</strong></span> <span class='ocrx_word' id='word_1_276' title='bbox 491 3651 730 3711; x_wconf 83' lang='lat' dir='ltr'><strong>debeant</strong></span> <span class='ocrx_word' id='word_1_277' title='bbox 757 3660 1046 3720; x_wconf 88' lang='lat' dir='ltr'><strong>vindicare.</strong></span> <span class='ocrx_word' id='word_1_278' title='bbox 1093 3665 1269 3738; x_wconf 87' lang='lat' dir='ltr'><strong>Super</strong></span> <span class='ocrx_word' id='word_1_279' title='bbox 1311 3672 1395 3726; x_wconf 86' lang='lat' dir='ltr'><strong>bis</strong></span> <span class='ocrx_word' id='word_1_280' title='bbox 1441 3677 1609 3732; x_wconf 89' lang='lat' dir='ltr'><strong>multa</strong></span> <span class='ocrx_word' id='word_1_281' title='bbox 1651 3678 1764 3747; x_wconf 87' lang='lat' dir='ltr'><strong>jam</strong></span> <span class='ocrx_word' id='word_1_282' title='bbox 1805 3649 1950 3740; x_wconf 71' lang='lat' dir='ltr'><strong>dicta</strong></span> <span class='ocrx_word' id='word_1_283' title='bbox 2035 3713 2043 3720; x_wconf 96' lang='lat'><strong><em>-</em></strong></span> 
     </span>
    </p>
   </div>
   <div class='ocr_carea' id='block_1_37' title="bbox 361 3750 1948 3829">
    <p class='ocr_par' dir='ltr' id='par_1_37' title="bbox 361 3750 1948 3829">
     <span class='ocr_line' id='line_1_39' title="bbox 361 3750 1948 3829; baseline 0.023 -37"><span class='ocrx_word' id='word_1_284' title='bbox 361 3750 486 3794; x_wconf 88' lang='lat' dir='ltr'><strong>sunt</strong></span> <span class='ocrx_word' id='word_1_285' title='bbox 526 3758 597 3798; x_wconf 88' lang='lat' dir='ltr'><strong>eo</strong></span> <span class='ocrx_word' id='word_1_286' title='bbox 641 3754 904 3819; x_wconf 88' lang='lat' dir='ltr'><strong>tempore,</strong></span> <span class='ocrx_word' id='word_1_287' title='bbox 963 3770 1074 3824; x_wconf 88' lang='lat' dir='ltr'><strong>quo</strong></span> <span class='ocrx_word' id='word_1_288' title='bbox 1124 3757 1192 3812; x_wconf 89' lang='lat' dir='ltr'><strong>ad</strong></span> <span class='ocrx_word' id='word_1_289' title='bbox 1245 3760 1423 3818; x_wconf 88' lang='lat' dir='ltr'><strong>fratris</strong></span> <span class='ocrx_word' id='word_1_290' title='bbox 1471 3763 1662 3822; x_wconf 86' lang='lat' dir='ltr'><strong>Tuenti</strong></span> <span class='ocrx_word' id='word_1_291' title='bbox 1703 3769 1948 3829; x_wconf 88' lang='lat' dir='ltr'><strong>dedimus</strong></span> 
     </span>
    </p>
   </div>
   <div class='ocr_carea' id='block_1_38' title="bbox 357 3920 1946 4026">
    <p class='ocr_par' dir='ltr' id='par_1_38' title="bbox 357 3920 1946 4026">
     <span class='ocr_line' id='line_1_40' title="bbox 357 3920 1946 4026; baseline 0.026 -54"><span class='ocrx_word' id='word_1_292' title='bbox 357 3920 734 3992; x_wconf 84' lang='lat' dir='ltr'><strong>admonemus,</strong></span> <span class='ocrx_word' id='word_1_293' title='bbox 761 3940 819 3986; x_wconf 91' lang='lat' dir='ltr'><strong>ut</strong></span> <span class='ocrx_word' id='word_1_294' title='bbox 846 3935 1086 3992; x_wconf 84' lang='lat' dir='ltr'><strong>vitentur</strong></span> <span class='ocrx_word' id='word_1_295' title='bbox 1111 3939 1436 4011; x_wconf 88' lang='lat' dir='ltr'><strong>hujusmodi,</strong></span> <span class='ocrx_word' id='word_1_296' title='bbox 1465 3920 1557 4017; x_wconf 78' lang='lat' dir='ltr'><strong>qui</strong></span> <span class='ocrx_word' id='word_1_297' title='bbox 1580 3920 1946 4026; x_wconf 48' lang='lat' dir='ltr'><strong>laborant‘per</strong></span> 
     </span>
    </p>
   </div>
   <div class='ocr_carea' id='block_1_39' title="bbox 357 4019 1943 4111">
    <p class='ocr_par' dir='ltr' id='par_1_39' title="bbox 357 4019 1943 4111">
     <span class='ocr_line' id='line_1_41' title="bbox 357 4019 1943 4111; baseline 0.024 -45"><span class='ocrx_word' id='word_1_298' title='bbox 357 4021 527 4072; x_wconf 77' lang='lat' dir='ltr'><strong>terras</strong></span> <span class='ocrx_word' id='word_1_299' title='bbox 555 4019 724 4088; x_wconf 82' lang='lat' dir='ltr'><strong>aliud,</strong></span> <span class='ocrx_word' id='word_1_300' title='bbox 752 4037 913 4091; x_wconf 87' lang='lat' dir='ltr'><strong>quam</strong></span> <span class='ocrx_word' id='word_1_301' title='bbox 944 4029 1037 4084; x_wconf 89' lang='lat' dir='ltr'><strong>ille</strong></span> <span class='ocrx_word' id='word_1_302' title='bbox 1074 4041 1260 4089; x_wconf 84' lang='lat' dir='ltr'><strong>noster</strong></span> <span class='ocrx_word' id='word_1_303' title='bbox 1283 4035 1444 4105; x_wconf 90' lang='lat' dir='ltr'><strong>jussit</strong></span> <span class='ocrx_word' id='word_1_304' title='bbox 1470 4042 1732 4111; x_wconf 77' lang='lat' dir='ltr'><strong>agricola,</strong></span> <span class='ocrx_word' id='word_1_305' title='bbox 1781 4019 1943 4104; x_wconf 53' lang='lat' dir='ltr'><strong>seu-</strong></span> 
     </span>
    </p>
   </div>
   <div class='ocr_carea' id='block_1_40' title="bbox 357 4106 1942 4206">
    <p class='ocr_par' dir='ltr' id='par_1_40' title="bbox 357 4106 1942 4206">
     <span class='ocr_line' id='line_1_42' title="bbox 357 4106 1942 4206; baseline 0.024 -50"><span class='ocrx_word' id='word_1_306' title='bbox 357 4117 503 4160; x_wconf 86' lang='lat' dir='ltr'><strong>nare.</strong></span> <span class='ocrx_word' id='word_1_307' title='bbox 549 4106 669 4164; x_wconf 79' lang='lat' dir='ltr'><strong>Nec</strong></span> <span class='ocrx_word' id='word_1_308' title='bbox 709 4119 886 4169; x_wconf 85' lang='lat' dir='ltr'><strong>tamen</strong></span> <span class='ocrx_word' id='word_1_309' title='bbox 911 4119 1096 4174; x_wconf 84' lang='lat' dir='ltr'><strong>mirari</strong></span> <span class='ocrx_word' id='word_1_310' title='bbox 1129 4137 1434 4195; x_wconf 87' lang='lat' dir='ltr'><strong>possumus,</strong></span> <span class='ocrx_word' id='word_1_311' title='bbox 1482 4130 1527 4184; x_wconf 93' lang='lat' dir='ltr'><strong>si</strong></span> <span class='ocrx_word' id='word_1_312' title='bbox 1560 4131 1673 4187; x_wconf 57' lang='lat' dir='ltr'><strong>hac</strong></span> <span class='ocrx_word' id='word_1_313' title='bbox 1706 4150 1832 4206; x_wconf 90' lang='lat' dir='ltr'><strong>erga</strong></span> <span class='ocrx_word' id='word_1_314' title='bbox 1864 4141 1942 4194; x_wconf 87' lang='lat' dir='ltr'><strong>vi-</strong></span> 
     </span>
    </p>
   </div>
   <div class='ocr_carea' id='block_1_41' title="bbox 355 4197 1940 4285">
    <p class='ocr_par' dir='ltr' id='par_1_41' title="bbox 355 4197 1940 4285">
     <span class='ocr_line' id='line_1_43' title="bbox 355 4197 1940 4285; baseline 0.025 -41"><span class='ocrx_word' id='word_1_315' title='bbox 355 4204 541 4251; x_wconf 61' lang='lat' dir='ltr'><strong>ventes</strong></span> <span class='ocrx_word' id='word_1_316' title='bbox 592 4197 645 4254; x_wconf 75' lang='lat' dir='ltr'><strong>lii</strong></span> <span class='ocrx_word' id='word_1_317' title='bbox 677 4216 817 4258; x_wconf 87' lang='lat' dir='ltr'><strong>nunc</strong></span> <span class='ocrx_word' id='word_1_318' title='bbox 846 4212 1056 4263; x_wconf 83' lang='lat' dir='ltr'><strong>tentare</strong></span> <span class='ocrx_word' id='word_1_319' title='bbox 1099 4212 1317 4279; x_wconf 85' lang='lat' dir='ltr'><strong>audent,</strong></span> <span class='ocrx_word' id='word_1_320' title='bbox 1367 4217 1460 4285; x_wconf 91' lang='lat' dir='ltr'><strong>qui</strong></span> <span class='ocrx_word' id='word_1_321' title='bbox 1505 4220 1747 4277; x_wconf 88' lang='lat' dir='ltr'><strong>nituntur</strong></span> <span class='ocrx_word' id='word_1_322' title='bbox 1768 4197 1940 4284; x_wconf 69' lang='lat' dir='ltr'><strong>etiam</strong></span> 
     </span>
    </p>
   </div>
   <div class='ocr_carea' id='block_1_42' title="bbox 353 4286 1649 4378">
    <p class='ocr_par' dir='ltr' id='par_1_42' title="bbox 353 4286 1649 4378">
     <span class='ocr_line' id='line_1_44' title="bbox 353 4286 1649 4378; baseline 0.024 -42"><span class='ocrx_word' id='word_1_323' title='bbox 353 4286 741 4352; x_wconf 78' lang='lat' dir='ltr'><strong>quiescentium</strong></span> <span class='ocrx_word' id='word_1_324' title='bbox 768 4292 991 4351; x_wconf 84' lang='lat' dir='ltr'><strong>fratrum</strong></span> <span class='ocrx_word' id='word_1_325' title='bbox 1022 4303 1337 4358; x_wconf 82' lang='lat' dir='ltr'><strong>memoriam</strong></span> <span class='ocrx_word' id='word_1_326' title='bbox 1364 4306 1649 4378; x_wconf 87' lang='lat' dir='ltr'><strong>dissipare.</strong></span> 
     </span>
    </p>
   </div>
   <div class='ocr_carea' id='block_1_43' title="bbox 394 4443 1894 4534">
    <p class='ocr_par' dir='ltr' id='par_1_43' title="bbox 394 4443 1894 4534">
     <span class='ocr_line' id='line_1_45' title="bbox 394 4443 1894 4534; baseline 0.025 -38"><span class='ocrx_word' id='word_1_327' title='bbox 394 4443 469 4498; x_wconf 75' lang='lat' dir='ltr'><strong>De</strong></span> <span class='ocrx_word' id='word_1_328' title='bbox 491 4459 676 4504; x_wconf 81' lang='lat' dir='ltr'><strong>sancto</strong></span> <span class='ocrx_word' id='word_1_329' title='bbox 701 4454 937 4524; x_wconf 74' lang='lat' dir='ltr'><strong>episcopo</strong></span> <span class='ocrx_word' id='word_1_330' title='bbox 966 4459 1250 4530; x_wconf 74' lang='lat' dir='ltr'><strong>Augustino</strong></span> <span class='ocrx_word' id='word_1_331' title='bbox 1281 4468 1410 4521; x_wconf 83' lang='lat' dir='ltr'><strong>mira</strong></span> <span class='ocrx_word' id='word_1_332' title='bbox 1454 4471 1622 4526; x_wconf 66' lang='lat' dir='ltr'><strong>[aridis</strong></span> <span class='ocrx_word' id='word_1_333' title='bbox 1652 4481 1894 4534; x_wconf 71' lang='lat' dir='ltr'><strong>assertio.</strong></span> 
     </span>
    </p>
   </div>
   <div class='ocr_carea' id='block_1_44' title="bbox 413 4559 2005 4681">
    <p class='ocr_par' dir='ltr' id='par_1_44' title="bbox 413 4559 2005 4681">
     <span class='ocr_line' id='line_1_46' title="bbox 413 4559 2005 4681; baseline 0.025 -69"><span class='ocrx_word' id='word_1_334' title='bbox 413 4559 471 4612; x_wconf 86' lang='lat' dir='ltr'><strong>ll.</strong></span> <span class='ocrx_word' id='word_1_335' title='bbox 522 4563 879 4631; x_wconf 76' lang='lat' dir='ltr'><strong>Augustinum</strong></span> <span class='ocrx_word' id='word_1_336' title='bbox 927 4583 1128 4629; x_wconf 73' lang='lat' dir='ltr'><strong>saneta:</strong></span> <span class='ocrx_word' id='word_1_337' title='bbox 1176 4582 1567 4640; x_wconf 83' lang='lat' dir='ltr'><strong>recordationis</strong></span> <span class='ocrx_word' id='word_1_338' title='bbox 1611 4589 1782 4646; x_wconf 89' lang='lat' dir='ltr'><strong>virum</strong></span> <span class='ocrx_word' id='word_1_339' title='bbox 1831 4610 1930 4663; x_wconf 84' lang='lat' dir='ltr'><strong>pro</strong></span> <span class='ocrx_word' id='word_1_340' title='bbox 1963 4625 2005 4681; x_wconf 66' lang='grc' dir='ltr'><strong><em>υ</em></strong></span> 
     </span>
    </p>
   </div>
   <div class='ocr_carea' id='block_1_45' title="bbox 348 4651 1930 4741">
    <p class='ocr_par' dir='ltr' id='par_1_45' title="bbox 348 4651 1930 4741">
     <span class='ocr_line' id='line_1_47' title="bbox 348 4651 1930 4741; baseline 0.025 -39"><span class='ocrx_word' id='word_1_341' title='bbox 348 4651 454 4705; x_wconf 76' lang='lat' dir='ltr'><strong>Vita</strong></span> <span class='ocrx_word' id='word_1_342' title='bbox 479 4669 578 4708; x_wconf 84' lang='lat' dir='ltr'><strong>sua</strong></span> <span class='ocrx_word' id='word_1_343' title='bbox 603 4666 770 4728; x_wconf 85' lang='lat' dir='ltr'><strong>atque</strong></span> <span class='ocrx_word' id='word_1_344' title='bbox 800 4664 1006 4721; x_wconf 88' lang='lat' dir='ltr'><strong>meritis</strong></span> <span class='ocrx_word' id='word_1_345' title='bbox 1052 4667 1104 4721; x_wconf 94' lang='lat' dir='ltr'><strong>in</strong></span> <span class='ocrx_word' id='word_1_346' title='bbox 1158 4682 1340 4727; x_wconf 88' lang='lat' dir='ltr'><strong>nostra</strong></span> <span class='ocrx_word' id='word_1_347' title='bbox 1381 4682 1760 4738; x_wconf 70' lang='lat' dir='ltr'><strong>conrnumioue</strong></span> <span class='ocrx_word' id='word_1_348' title='bbox 1789 4702 1930 4741; x_wconf 85' lang='lat' dir='ltr'><strong>sem-</strong></span> 
     </span>
    </p>
   </div>
   <div class='ocr_carea' id='block_1_46' title="bbox 348 4745 1929 4844">
    <p class='ocr_par' dir='ltr' id='par_1_46' title="bbox 348 4745 1929 4844">
     <span class='ocr_line' id='line_1_48' title="bbox 348 4745 1929 4844; baseline 0.025 -49"><span class='ocrx_word' id='word_1_349' title='bbox 348 4755 439 4809; x_wconf 70' lang='lat' dir='ltr'><strong>per</strong></span> <span class='ocrx_word' id='word_1_350' title='bbox 463 4745 770 4815; x_wconf 85' lang='lat' dir='ltr'><strong>habuimus,</strong></span> <span class='ocrx_word' id='word_1_351' title='bbox 792 4769 892 4810; x_wconf 86' lang='lat' dir='ltr'><strong>nec</strong></span> <span class='ocrx_word' id='word_1_352' title='bbox 913 4772 1145 4827; x_wconf 89' lang='lat' dir='ltr'><strong>unquam</strong></span> <span class='ocrx_word' id='word_1_353' title='bbox 1179 4762 1324 4819; x_wconf 86' lang='lat' dir='ltr'><strong>hunc</strong></span> <span class='ocrx_word' id='word_1_354' title='bbox 1349 4767 1578 4824; x_wconf 62' lang='lat' dir='ltr'><strong>sinistra:</strong></span> <span class='ocrx_word' id='word_1_355' title='bbox 1607 4776 1929 4844; x_wconf 85' lang='lat' dir='ltr'><strong>suspicionis</strong></span> 
     </span>
    </p>
   </div>
   <div class='ocr_carea' id='block_1_47' title="bbox 344 4834 1924 4924">
    <p class='ocr_par' dir='ltr' id='par_1_47' title="bbox 344 4834 1924 4924">
     <span class='ocr_line' id='line_1_49' title="bbox 344 4834 1924 4924; baseline 0.024 -39"><span class='ocrx_word' id='word_1_356' title='bbox 344 4834 529 4890; x_wconf 79' lang='lat' dir='ltr'><strong>saltem</strong></span> <span class='ocrx_word' id='word_1_357' title='bbox 561 4853 747 4895; x_wconf 86' lang='lat' dir='ltr'><strong>rumor</strong></span> <span class='ocrx_word' id='word_1_358' title='bbox 789 4849 1039 4914; x_wconf 72' lang='lat' dir='ltr'><strong>aspersit,</strong></span> <span class='ocrx_word' id='word_1_359' title='bbox 1085 4867 1247 4920; x_wconf 87' lang='lat' dir='ltr'><strong>quem</strong></span> <span class='ocrx_word' id='word_1_360' title='bbox 1298 4863 1461 4913; x_wconf 71' lang='lat' dir='ltr'><strong>tanta:</strong></span> <span class='ocrx_word' id='word_1_361' title='bbox 1508 4834 1750 4920; x_wconf 66' lang='lat' dir='ltr'><strong>scientia:</strong></span> <span class='ocrx_word' id='word_1_362' title='bbox 1795 4869 1924 4924; x_wconf 91' lang='lat' dir='ltr'><strong>olim</strong></span> 
     </span>
    </p>
   </div>
   <div class='ocr_carea' id='block_1_48' title="bbox 342 4920 1922 5022">
    <p class='ocr_par' dir='ltr' id='par_1_48' title="bbox 342 4920 1922 5022">
     <span class='ocr_line' id='line_1_50' title="bbox 342 4920 1922 5022; baseline 0.026 -47"><span class='ocrx_word' id='word_1_363' title='bbox 342 4920 501 4980; x_wconf 80' lang='lat' dir='ltr'><strong>fuisse</strong></span> <span class='ocrx_word' id='word_1_364' title='bbox 524 4931 892 5003; x_wconf 85' lang='lat' dir='ltr'><strong>meminimus,</strong></span> <span class='ocrx_word' id='word_1_365' title='bbox 923 4947 979 4991; x_wconf 88' lang='lat' dir='ltr'><strong>ut</strong></span> <span class='ocrx_word' id='word_1_366' title='bbox 1011 4941 1154 4997; x_wconf 87' lang='lat' dir='ltr'><strong>inter</strong></span> <span class='ocrx_word' id='word_1_367' title='bbox 1182 4947 1470 5014; x_wconf 86' lang='lat' dir='ltr'><strong>magistros</strong></span> <span class='ocrx_word' id='word_1_368' title='bbox 1497 4954 1730 5022; x_wconf 85' lang='lat' dir='ltr'><strong>optimos</strong></span> <span class='ocrx_word' id='word_1_369' title='bbox 1759 4959 1922 5015; x_wconf 86' lang='lat' dir='ltr'><strong>etiam</strong></span> 
     </span>
    </p>
   </div>
   <div class='ocr_carea' id='block_1_49' title="bbox 340 5016 1920 5118">
    <p class='ocr_par' dir='ltr' id='par_1_49' title="bbox 340 5016 1920 5118">
     <span class='ocr_line' id='line_1_51' title="bbox 340 5016 1920 5118; baseline 0.026 -53"><span class='ocrx_word' id='word_1_370' title='bbox 340 5025 370 5064; x_wconf 82' lang='lat' dir='ltr'><strong>a</strong></span> <span class='ocrx_word' id='word_1_371' title='bbox 398 5016 530 5070; x_wconf 83' lang='lat' dir='ltr'><strong>meis</strong></span> <span class='ocrx_word' id='word_1_372' title='bbox 577 5033 793 5091; x_wconf 88' lang='lat' dir='ltr'><strong>semper</strong></span> <span class='ocrx_word' id='word_1_373' title='bbox 823 5025 1201 5089; x_wconf 83' lang='lat' dir='ltr'><strong>decessoribus</strong></span> <span class='ocrx_word' id='word_1_374' title='bbox 1251 5016 1565 5098; x_wconf 67' lang='lat' dir='ltr'><strong>haberetur.</strong></span> <span class='ocrx_word' id='word_1_375' title='bbox 1616 5044 1762 5102; x_wconf 83' lang='lat' dir='ltr'><strong>Bene</strong></span> <span class='ocrx_word' id='word_1_376' title='bbox 1789 5063 1920 5118; x_wconf 77' lang='lat' dir='ltr'><strong>ergo</strong></span> 
     </span>
    </p>
   </div>
   <div class='ocr_carea' id='block_1_50' title="bbox 338 5101 1916 5210">
    <p class='ocr_par' dir='ltr' id='par_1_50' title="bbox 338 5101 1916 5210">
     <span class='ocr_line' id='line_1_52' title="bbox 338 5101 1916 5210; baseline 0.025 -54"><span class='ocrx_word' id='word_1_377' title='bbox 338 5101 403 5156; x_wconf 80' lang='lat' dir='ltr'><strong>de</strong></span> <span class='ocrx_word' id='word_1_378' title='bbox 449 5119 516 5160; x_wconf 89' lang='lat' dir='ltr'><strong>eo</strong></span> <span class='ocrx_word' id='word_1_379' title='bbox 542 5121 732 5166; x_wconf 85' lang='lat' dir='ltr'><strong>omnes</strong></span> <span class='ocrx_word' id='word_1_380' title='bbox 780 5114 832 5168; x_wconf 90' lang='lat' dir='ltr'><strong>in</strong></span> <span class='ocrx_word' id='word_1_381' title='bbox 860 5131 1146 5178; x_wconf 87' lang='lat' dir='ltr'><strong>commune</strong></span> <span class='ocrx_word' id='word_1_382' title='bbox 1191 5139 1478 5186; x_wconf 85' lang='lat' dir='ltr'><strong>senserunt</strong></span> <span class='ocrx_word' id='word_1_383' title='bbox 1501 5169 1517 5195; x_wconf 90' lang='lat'><strong>,</strong></span> <span class='ocrx_word' id='word_1_384' title='bbox 1562 5143 1618 5188; x_wconf 90' lang='lat' dir='ltr'><strong>ut</strong></span> <span class='ocrx_word' id='word_1_385' title='bbox 1649 5146 1800 5207; x_wconf 90' lang='lat' dir='ltr'><strong>pote,</strong></span> <span class='ocrx_word' id='word_1_386' title='bbox 1825 5143 1916 5210; x_wconf 90' lang='lat' dir='ltr'><strong>qui</strong></span> 
     </span>
    </p>
   </div>
   <div class='ocr_carea' id='block_1_51' title="bbox 339 5196 1914 5288">
    <p class='ocr_par' dir='ltr' id='par_1_51' title="bbox 339 5196 1914 5288">
     <span class='ocr_line' id='line_1_53' title="bbox 339 5196 1914 5288; baseline 0.025 -39"><span class='ocrx_word' id='word_1_387' title='bbox 339 5196 528 5266; x_wconf 86' lang='lat' dir='ltr'><strong>ubique</strong></span> <span class='ocrx_word' id='word_1_388' title='bbox 547 5203 758 5259; x_wconf 87' lang='lat' dir='ltr'><strong>cunctis</strong></span> <span class='ocrx_word' id='word_1_389' title='bbox 785 5215 840 5261; x_wconf 88' lang='lat' dir='ltr'><strong>et</strong></span> <span class='ocrx_word' id='word_1_390' title='bbox 867 5213 1036 5266; x_wconf 81' lang='lat' dir='ltr'><strong>amori</strong></span> <span class='ocrx_word' id='word_1_391' title='bbox 1083 5215 1244 5272; x_wconf 87' lang='lat' dir='ltr'><strong>fuerit</strong></span> <span class='ocrx_word' id='word_1_392' title='bbox 1271 5228 1324 5273; x_wconf 86' lang='lat' dir='ltr'><strong>et</strong></span> <span class='ocrx_word' id='word_1_393' title='bbox 1352 5222 1567 5280; x_wconf 86' lang='lat' dir='ltr'><strong>honori.</strong></span> <span class='ocrx_word' id='word_1_394' title='bbox 1602 5196 1752 5284; x_wconf 75' lang='lat' dir='ltr'><strong>[inde</strong></span> <span class='ocrx_word' id='word_1_395' title='bbox 1777 5196 1914 5288; x_wconf 43' lang='lat' dir='ltr'><strong>regi-</strong></span> 
     </span>
    </p>
   </div>
   <div class='ocr_carea' id='block_1_52' title="bbox 333 5292 1916 5387">
    <p class='ocr_par' dir='ltr' id='par_1_52' title="bbox 333 5292 1916 5387">
     <span class='ocr_line' id='line_1_54' title="bbox 333 5292 1916 5387; baseline 0.026 -47"><span class='ocrx_word' id='word_1_396' title='bbox 333 5295 502 5344; x_wconf 73' lang='lat' dir='ltr'><strong>statur</strong></span> <span class='ocrx_word' id='word_1_397' title='bbox 530 5292 746 5360; x_wconf 66' lang='lat' dir='ltr'><strong>talibus,</strong></span> <span class='ocrx_word' id='word_1_398' title='bbox 793 5312 932 5366; x_wconf 91' lang='lat' dir='ltr'><strong>quos</strong></span> <span class='ocrx_word' id='word_1_399' title='bbox 975 5304 1116 5360; x_wconf 86' lang='lat' dir='ltr'><strong>male</strong></span> <span class='ocrx_word' id='word_1_400' title='bbox 1155 5322 1402 5368; x_wconf 84' lang='lat' dir='ltr'><strong>crescere</strong></span> <span class='ocrx_word' id='word_1_401' title='bbox 1449 5315 1732 5387; x_wconf 89' lang='lat' dir='ltr'><strong>videmus;</strong></span> <span class='ocrx_word' id='word_1_402' title='bbox 1767 5322 1916 5382; x_wconf 80' lang='lat' dir='ltr'><strong>nefas</strong></span> 
     </span>
    </p>
   </div>
   <div class='ocr_carea' id='block_1_53' title="bbox 330 5380 1910 5485">
    <p class='ocr_par' dir='ltr' id='par_1_53' title="bbox 330 5380 1910 5485">
     <span class='ocr_line' id='line_1_55' title="bbox 330 5380 1910 5485; baseline 0.027 -55"><span class='ocrx_word' id='word_1_403' title='bbox 330 5385 429 5436; x_wconf 79' lang='lat' dir='ltr'><strong>est.</strong></span> <span class='ocrx_word' id='word_1_404' title='bbox 463 5380 577 5438; x_wconf 68' lang='lat' dir='ltr'><strong>haec</strong></span> <span class='ocrx_word' id='word_1_405' title='bbox 606 5386 718 5452; x_wconf 85' lang='lat' dir='ltr'><strong>pati</strong></span> <span class='ocrx_word' id='word_1_406' title='bbox 747 5388 1024 5456; x_wconf 73' lang='lat' dir='ltr'><strong>religiosas</strong></span> <span class='ocrx_word' id='word_1_407' title='bbox 1069 5397 1294 5463; x_wconf 84' lang='lat' dir='ltr'><strong>animas,</strong></span> <span class='ocrx_word' id='word_1_408' title='bbox 1325 5419 1552 5474; x_wconf 82' lang='lat' dir='ltr'><strong>quarum</strong></span> <span class='ocrx_word' id='word_1_409' title='bbox 1595 5380 1910 5485; x_wconf 75' lang='lat' dir='ltr'><strong>afﬂictione,</strong></span> 
     </span>
    </p>
   </div>
   <div class='ocr_carea' id='block_1_54' title="bbox 327 5469 1909 5567">
    <p class='ocr_par' dir='ltr' id='par_1_54' title="bbox 327 5469 1909 5567">
     <span class='ocr_line' id='line_1_56' title="bbox 327 5469 1909 5567; baseline 0.028 -49"><span class='ocrx_word' id='word_1_410' title='bbox 327 5469 450 5534; x_wconf 82' lang='lat' dir='ltr'><strong>quia</strong></span> <span class='ocrx_word' id='word_1_411' title='bbox 479 5474 722 5530; x_wconf 69' lang='lat' dir='ltr'><strong>mei-lbra</strong></span> <span class='ocrx_word' id='word_1_412' title='bbox 751 5488 932 5536; x_wconf 85' lang='lat' dir='ltr'><strong>nostra</strong></span> <span class='ocrx_word' id='word_1_413' title='bbox 962 5495 1109 5554; x_wconf 89' lang='lat' dir='ltr'><strong>sunt,</strong></span> <span class='ocrx_word' id='word_1_414' title='bbox 1138 5505 1237 5545; x_wconf 87' lang='lat' dir='ltr'><strong>nos</strong></span> <span class='ocrx_word' id='word_1_415' title='bbox 1263 5509 1480 5567; x_wconf 81' lang='lat' dir='ltr'><strong>quoque</strong></span> <span class='ocrx_word' id='word_1_416' title='bbox 1511 5507 1766 5562; x_wconf 81' lang='lat' dir='ltr'><strong>convenit</strong></span> <span class='ocrx_word' id='word_1_417' title='bbox 1792 5524 1909 5564; x_wconf 74' lang='lat' dir='ltr'><strong>ma-</strong></span> 
     </span>
    </p>
   </div>
   <div class='ocr_carea' id='block_1_55' title="bbox 327 5563 1896 5666">
    <p class='ocr_par' dir='ltr' id='par_1_55' title="bbox 327 5563 1896 5666">
     <span class='ocr_line' id='line_1_57' title="bbox 327 5563 1896 5666; baseline 0.028 -53"><span class='ocrx_word' id='word_1_418' title='bbox 327 5563 494 5618; x_wconf 81' lang='lat' dir='ltr'><strong>ceran’</strong></span> <span class='ocrx_word' id='word_1_419' title='bbox 515 5604 533 5629; x_wconf 89' lang='lat'><strong>,</strong></span> <span class='ocrx_word' id='word_1_420' title='bbox 586 5570 832 5636; x_wconf 84' lang='lat' dir='ltr'><strong>quamvis</strong></span> <span class='ocrx_word' id='word_1_421' title='bbox 879 5588 1092 5633; x_wconf 85' lang='lat' dir='ltr'><strong>maneat</strong></span> <span class='ocrx_word' id='word_1_422' title='bbox 1151 5581 1252 5640; x_wconf 85' lang='lat' dir='ltr'><strong>bos</strong></span> <span class='ocrx_word' id='word_1_423' title='bbox 1297 5563 1579 5648; x_wconf 68' lang='lat' dir='ltr'><strong>beatitudo</strong></span> <span class='ocrx_word' id='word_1_424' title='bbox 1630 5601 1896 5666; x_wconf 84' lang='lat' dir='ltr'><strong>promissa</strong></span> 
     </span>
    </p>
   </div>
   <div class='ocr_carea' id='block_1_56' title="bbox 326 5649 1897 5752">
    <p class='ocr_par' dir='ltr' id='par_1_56' title="bbox 326 5649 1897 5752">
     <span class='ocr_line' id='line_1_58' title="bbox 326 5649 1897 5752; baseline 0.029 -50"><span class='ocrx_word' id='word_1_425' title='bbox 326 5649 538 5710; x_wconf 67' lang='lat' dir='ltr'><strong>(lauti.</strong></span> <span class='ocrx_word' id='word_1_426' title='bbox 589 5659 643 5724; x_wconf 88' lang='lat' dir='ltr'><strong>v)</strong></span> <span class='ocrx_word' id='word_1_427' title='bbox 669 5697 685 5722; x_wconf 88' lang='lat'><strong>,</strong></span> <span class='ocrx_word' id='word_1_428' title='bbox 750 5662 1052 5734; x_wconf 75' lang='lat' dir='ltr'><strong>quicunque</strong></span> <span class='ocrx_word' id='word_1_429' title='bbox 1113 5674 1408 5740; x_wconf 85' lang='lat' dir='ltr'><strong>probantur</strong></span> <span class='ocrx_word' id='word_1_430' title='bbox 1467 5649 1897 5752; x_wconf 57' lang='lat' dir='ltr'><strong>persecutionem</strong></span> 
     </span>
    </p>
   </div>
   <div class='ocr_carea' id='block_1_57' title="bbox 325 5748 1900 5850">
    <p class='ocr_par' dir='ltr' id='par_1_57' title="bbox 325 5748 1900 5850">
     <span class='ocr_line' id='line_1_59' title="bbox 325 5748 1900 5850; baseline 0.028 -55"><span class='ocrx_word' id='word_1_431' title='bbox 325 5754 543 5813; x_wconf 63' lang='grc' dir='ltr'><strong>[ποριεῖ</strong></span> <span class='ocrx_word' id='word_1_432' title='bbox 565 5748 826 5816; x_wconf 84' lang='lat' dir='ltr'><strong>justitiam</strong></span> <span class='ocrx_word' id='word_1_433' title='bbox 852 5757 1138 5816; x_wconf 87' lang='lat' dir='ltr'><strong>sustinere.</strong></span> <span class='ocrx_word' id='word_1_434' title='bbox 1190 5765 1394 5832; x_wconf 78' lang='lat' dir='ltr'><strong>Quibus</strong></span> <span class='ocrx_word' id='word_1_435' title='bbox 1439 5748 1568 5843; x_wconf 77' lang='lat' dir='ltr'><strong>quid</strong></span> <span class='ocrx_word' id='word_1_436' title='bbox 1620 5783 1900 5850; x_wconf 86' lang='lat' dir='ltr'><strong>promittat</strong></span> 
     </span>
    </p>
   </div>
   <div class='ocr_carea' id='block_1_58' title="bbox 327 5830 1899 5928">
    <p class='ocr_par' dir='ltr' id='par_1_58' title="bbox 327 5830 1899 5928">
     <span class='ocr_line' id='line_1_60' title="bbox 327 5830 1899 5928; baseline 0.027 -42"><span class='ocrx_word' id='word_1_437' title='bbox 327 5830 579 5891; x_wconf 79' lang='lat' dir='ltr'><strong>Dominus</strong></span> <span class='ocrx_word' id='word_1_438' title='bbox 607 5837 662 5893; x_wconf 93' lang='lat' dir='ltr'><strong>in</strong></span> <span class='ocrx_word' id='word_1_439' title='bbox 691 5839 944 5912; x_wconf 86' lang='lat' dir='ltr'><strong>futurum,</strong></span> <span class='ocrx_word' id='word_1_440' title='bbox 989 5863 1221 5921; x_wconf 82' lang='lat' dir='ltr'><strong>sequens</strong></span> <span class='ocrx_word' id='word_1_441' title='bbox 1250 5872 1429 5917; x_wconf 89' lang='lat' dir='ltr'><strong>sermo</strong></span> <span class='ocrx_word' id='word_1_442' title='bbox 1470 5830 1728 5926; x_wconf 55' lang='lat' dir='ltr'><strong>declarat.</strong></span> <span class='ocrx_word' id='word_1_443' title='bbox 1781 5872 1899 5928; x_wconf 76' lang='lat' dir='ltr'><strong>Non</strong></span> 
     </span>
    </p>
   </div>
   <div class='ocr_carea' id='block_1_59' title="bbox 2112 609 3696 710">
    <p class='ocr_par' dir='ltr' id='par_1_59' title="bbox 2112 609 3696 710">
     <span class='ocr_line' id='line_1_61' title="bbox 2112 609 3696 710; baseline 0.033 -63"><span class='ocrx_word' id='word_1_444' title='bbox 2112 609 2430 668; x_wconf 90' lang='lat' dir='ltr'><strong>quacunque</strong></span> <span class='ocrx_word' id='word_1_445' title='bbox 2459 609 2701 666; x_wconf 81' lang='lat' dir='ltr'><strong>novitate</strong></span> <span class='ocrx_word' id='word_1_446' title='bbox 2732 616 2993 683; x_wconf 83' lang='lat' dir='ltr'><strong>pulsatur.</strong></span> <span class='ocrx_word' id='word_1_447' title='bbox 3045 621 3410 696; x_wconf 81' lang='lat' dir='ltr'><strong>intelligamus</strong></span> <span class='ocrx_word' id='word_1_448' title='bbox 3442 636 3556 694; x_wconf 76' lang='lat' dir='ltr'><strong>haec</strong></span> <span class='ocrx_word' id='word_1_449' title='bbox 3583 639 3696 710; x_wconf 85' lang='lat' dir='ltr'><strong>ipsa</strong></span> 
     </span>
     <span class='ocr_line' id='line_1_62' title="bbox 2112 685 2840 710; baseline 0.029 0"><span class='ocrx_word' id='word_1_450' title='bbox 2112 685 2261 710; x_wconf 70' lang='lat' dir='ltr'><strong>....t.:,.</strong></span> <span class='ocrx_word' id='word_1_451' title='bbox 2314 704 2420 710; x_wconf 62' lang='grc' dir='ltr'><strong>---μ</strong></span> <span class='ocrx_word' id='word_1_452' title='bbox 2531 696 2544 710; x_wconf 88' lang='grc'><strong>·</strong></span> <span class='ocrx_word' id='word_1_453' title='bbox 2571 697 2582 708; x_wconf 80' lang='grc' dir='ltr'><strong>ο</strong></span> <span class='ocrx_word' id='word_1_454' title='bbox 2831 707 2840 710; x_wconf 74' lang='grc'><strong><em>-</em></strong></span> 
     </span>
    </p>
   </div>
   <div class='ocr_carea' id='block_1_60' title="bbox 2111 685 3694 792">
    <p class='ocr_par' dir='ltr' id='par_1_60' title="bbox 2111 685 3694 792">
     <span class='ocr_line' id='line_1_63' title="bbox 2111 685 3694 792; baseline 0.034 -56"><span class='ocrx_word' id='word_1_455' title='bbox 2111 685 2283 752; x_wconf 89' lang='lat' dir='ltr'><strong>vobis,</strong></span> <span class='ocrx_word' id='word_1_456' title='bbox 2308 704 2428 757; x_wconf 74' lang='lat' dir='ltr'><strong>qnze</strong></span> <span class='ocrx_word' id='word_1_457' title='bbox 2459 696 2614 752; x_wconf 91' lang='lat' dir='ltr'><strong>nobis</strong></span> <span class='ocrx_word' id='word_1_458' title='bbox 2641 717 2748 756; x_wconf 90' lang='lat' dir='ltr'><strong>non</strong></span> <span class='ocrx_word' id='word_1_459' title='bbox 2790 707 3020 774; x_wconf 88' lang='lat' dir='ltr'><strong>placent,</strong></span> <span class='ocrx_word' id='word_1_460' title='bbox 3069 714 3374 784; x_wconf 82' lang='lat' dir='ltr'><strong>displicere.</strong></span> <span class='ocrx_word' id='word_1_461' title='bbox 3423 725 3578 792; x_wconf 84' lang='lat' dir='ltr'><strong>Quod</strong></span> <span class='ocrx_word' id='word_1_462' title='bbox 3604 685 3694 790; x_wconf 57' lang='lat' dir='ltr'><strong>.lita</strong></span> 
     </span>
    </p>
   </div>
   <div class='ocr_carea' id='block_1_61' title="bbox 2108 775 3692 887">
    <p class='ocr_par' dir='ltr' id='par_1_61' title="bbox 2108 775 3692 887">
     <span class='ocr_line' id='line_1_64' title="bbox 2108 775 3692 887; baseline 0.035 -61"><span class='ocrx_word' id='word_1_463' title='bbox 2108 775 2320 832; x_wconf 89' lang='lat' dir='ltr'><strong>demum</strong></span> <span class='ocrx_word' id='word_1_464' title='bbox 2352 784 2582 850; x_wconf 88' lang='lat' dir='ltr'><strong>probare</strong></span> <span class='ocrx_word' id='word_1_465' title='bbox 2611 797 2925 864; x_wconf 89' lang='lat' dir='ltr'><strong>poterimus,</strong></span> <span class='ocrx_word' id='word_1_466' title='bbox 2969 805 3013 857; x_wconf 87' lang='lat' dir='ltr'><strong>si</strong></span> <span class='ocrx_word' id='word_1_467' title='bbox 3042 807 3294 877; x_wconf 90' lang='lat' dir='ltr'><strong>imposito</strong></span> <span class='ocrx_word' id='word_1_468' title='bbox 3324 815 3583 887; x_wconf 88' lang='lat' dir='ltr'><strong>improbis</strong></span> <span class='ocrx_word' id='word_1_469' title='bbox 3622 829 3692 880; x_wconf 87' lang='lat' dir='ltr'><strong>si-</strong></span> 
     </span>
    </p>
   </div>
   <div class='ocr_carea' id='block_1_62' title="bbox 2106 867 3691 976">
    <p class='ocr_par' dir='ltr' id='par_1_62' title="bbox 2106 867 3691 976">
     <span class='ocr_line' id='line_1_65' title="bbox 2106 867 3691 976; baseline 0.035 -56"><span class='ocrx_word' id='word_1_470' title='bbox 2106 867 2296 936; x_wconf 90' lang='lat' dir='ltr'><strong>lentio,</strong></span> <span class='ocrx_word' id='word_1_471' title='bbox 2344 874 2414 931; x_wconf 88' lang='lat' dir='ltr'><strong>de</strong></span> <span class='ocrx_word' id='word_1_472' title='bbox 2456 879 2548 934; x_wconf 86' lang='lat' dir='ltr'><strong>tali</strong></span> <span class='ocrx_word' id='word_1_473' title='bbox 2598 899 2657 939; x_wconf 90' lang='lat' dir='ltr'><strong>re</strong></span> <span class='ocrx_word' id='word_1_474' title='bbox 2700 886 2755 942; x_wconf 92' lang='lat' dir='ltr'><strong>in</strong></span> <span class='ocrx_word' id='word_1_475' title='bbox 2804 903 3078 960; x_wconf 84' lang='lat' dir='ltr'><strong>posterum</strong></span> <span class='ocrx_word' id='word_1_476' title='bbox 3119 867 3348 970; x_wconf 44' lang='lat' dir='ltr'><strong>&#39;querela</strong></span> <span class='ocrx_word' id='word_1_477' title='bbox 3378 867 3691 976; x_wconf 58' lang='lat' dir='ltr'><strong>cressaverit.</strong></span> 
     </span>
    </p>
   </div>
   <div class='ocr_carea' id='block_1_63' title="bbox 2105 957 3580 1064">
    <p class='ocr_par' dir='ltr' id='par_1_63' title="bbox 2105 957 3580 1064">
     <span class='ocr_line' id='line_1_66' title="bbox 2105 957 3580 1064; baseline 0.035 -52"><span class='ocrx_word' id='word_1_478' title='bbox 2105 957 2246 1017; x_wconf 91' lang='lat' dir='ltr'><strong>Deus</strong></span> <span class='ocrx_word' id='word_1_479' title='bbox 2273 980 2372 1022; x_wconf 91' lang='lat' dir='ltr'><strong>vos</strong></span> <span class='ocrx_word' id='word_1_480' title='bbox 2395 967 2694 1032; x_wconf 78' lang='lat' dir='ltr'><strong>incolumes</strong></span> <span class='ocrx_word' id='word_1_481' title='bbox 2725 957 3015 1053; x_wconf 69' lang='lat' dir='ltr'><strong>custodiat,</strong></span> <span class='ocrx_word' id='word_1_482' title='bbox 3043 991 3238 1052; x_wconf 83' lang='lat' dir='ltr'><strong>fratres</strong></span> <span class='ocrx_word' id='word_1_483' title='bbox 3259 998 3580 1064; x_wconf 83' lang='lat' dir='ltr'><strong>ebarissimi.</strong></span> 
     </span>
    </p>
   </div>
   <div class='ocr_carea' id='block_1_64' title="bbox 2697 1125 3064 1148">
    <p class='ocr_par' dir='ltr' id='par_1_64' title="bbox 2697 1125 3064 1148">
     <span class='ocr_line' id='line_1_67' title="bbox 2697 1125 3064 1148; baseline 0.033 -11"><span class='ocrx_word' id='word_1_484' title='bbox 2697 1125 3064 1148; x_wconf 44' lang='grc' dir='ltr'><strong>*Ἦ</strong></span> 
     </span>
    </p>
   </div>
   <div class='ocr_carea' id='block_1_65' title="bbox 2105 1222 3706 1345">
    <p class='ocr_par' dir='ltr' id='par_1_65' title="bbox 2105 1222 3706 1345">
     <span class='ocr_line' id='line_1_68' title="bbox 2105 1222 3706 1345; baseline 0.036 -65"><span class='ocrx_word' id='word_1_485' title='bbox 2105 1222 2225 1282; x_wconf 84' lang='lat' dir='ltr'><strong>Pm</strong></span> <span class='ocrx_word' id='word_1_486' title='bbox 2245 1231 2578 1295; x_wconf 70' lang='lat' dir='ltr'><strong>tmt’torum</strong></span> <span class='ocrx_word' id='word_1_487' title='bbox 2633 1241 2795 1330; x_wconf 66' lang='lat' dir='ltr'><strong>sedis</strong></span> <span class='ocrx_word' id='word_1_488' title='bbox 2841 1229 3204 1345; x_wconf 55' lang='lat' dir='ltr'><strong>apostol&#39;cas-</strong></span> <span class='ocrx_word' id='word_1_489' title='bbox 3247 1265 3706 1345; x_wconf 34' lang='lat' dir='ltr'><strong>cpiscopormnv</strong></span> 
     </span>
    </p>
   </div>
   <div class='ocr_carea' id='block_1_66' title="bbox 2415 1319 3356 1405">
    <p class='ocr_par' dir='ltr' id='par_1_66' title="bbox 2415 1319 3356 1405">
     <span class='ocr_line' id='line_1_69' title="bbox 2415 1319 3356 1405; baseline 0.033 -36"><span class='ocrx_word' id='word_1_490' title='bbox 2415 1319 2770 1379; x_wconf 80' lang='lat' dir='ltr'><strong>auctoritat</strong></span> <span class='ocrx_word' id='word_1_491' title='bbox 2801 1341 2831 1382; x_wconf 75' lang='grc' dir='ltr'><strong><em>,ς</em></strong></span> <span class='ocrx_word' id='word_1_492' title='bbox 2875 1319 2946 1384; x_wconf 79' lang='lat' dir='ltr'><strong>de</strong></span> <span class='ocrx_word' id='word_1_493' title='bbox 2971 1336 3184 1405; x_wconf 65' lang='lat' dir='ltr'><strong>gratia</strong></span> <span class='ocrx_word' id='word_1_494' title='bbox 3222 1319 3356 1400; x_wconf 66' lang='lat' dir='ltr'><strong>122i.</strong></span> 
     </span>
    </p>
   </div>
   <div class='ocr_carea' id='block_1_67' title="bbox 2165 1424 3680 1536">
    <p class='ocr_par' dir='ltr' id='par_1_67' title="bbox 2165 1424 3680 1536">
     <span class='ocr_line' id='line_1_70' title="bbox 2165 1424 3680 1536; baseline 0.034 -58"><span class='ocrx_word' id='word_1_495' title='bbox 2165 1424 2250 1481; x_wconf 90' lang='lat' dir='ltr'><strong>lll.</strong></span> <span class='ocrx_word' id='word_1_496' title='bbox 2289 1429 2425 1495; x_wconf 82' lang='lat' dir='ltr'><strong>Quia</strong></span> <span class='ocrx_word' id='word_1_497' title='bbox 2449 1440 2712 1507; x_wconf 90' lang='lat' dir='ltr'><strong>nonnulli,</strong></span> <span class='ocrx_word' id='word_1_498' title='bbox 2728 1445 2818 1513; x_wconf 88' lang='lat' dir='ltr'><strong>qui</strong></span> <span class='ocrx_word' id='word_1_499' title='bbox 2841 1449 3109 1508; x_wconf 73' lang='lat' dir='ltr'><strong>catholico</strong></span> <span class='ocrx_word' id='word_1_500' title='bbox 3133 1462 3348 1517; x_wconf 87' lang='lat' dir='ltr'><strong>nomine</strong></span> <span class='ocrx_word' id='word_1_501' title='bbox 3360 1466 3680 1536; x_wconf 74' lang='lat' dir='ltr'><strong>gloriantur.</strong></span> 
     </span>
    </p>
   </div>
   <div class='ocr_carea' id='block_1_68' title="bbox 2093 1513 3681 1624">
    <p class='ocr_par' dir='ltr' id='par_1_68' title="bbox 2093 1513 3681 1624">
     <span class='ocr_line' id='line_1_71' title="bbox 3250 1513 3680 1536; baseline 0.037 -22"><span class='ocrx_word' id='word_1_502' title='bbox 3250 1513 3646 1533; x_wconf 30' lang='grc' dir='ltr'><strong>νη-,υ.-,-.........</strong></span> <span class='ocrx_word' id='word_1_503' title='bbox 3664 1513 3680 1536; x_wconf 83' lang='grc'><em>,</em></span> 
     </span>
     <span class='ocr_line' id='line_1_72' title="bbox 2093 1513 3681 1624; baseline 0.032 -58"><span class='ocrx_word' id='word_1_504' title='bbox 2093 1513 2145 1568; x_wconf 93' lang='lat' dir='ltr'><strong>in</strong></span> <span class='ocrx_word' id='word_1_505' title='bbox 2175 1515 2446 1577; x_wconf 85' lang='lat' dir='ltr'><strong>damnatis</strong></span> <span class='ocrx_word' id='word_1_506' title='bbox 2477 1524 2851 1589; x_wconf 80' lang='lat' dir='ltr'><strong>lueretieorum</strong></span> <span class='ocrx_word' id='word_1_507' title='bbox 2873 1541 3118 1599; x_wconf 83' lang='lat' dir='ltr'><strong>sensibus</strong></span> <span class='ocrx_word' id='word_1_508' title='bbox 3143 1562 3238 1602; x_wconf 89' lang='lat' dir='ltr'><strong>seu</strong></span> <span class='ocrx_word' id='word_1_509' title='bbox 3263 1555 3546 1624; x_wconf 79' lang='lat' dir='ltr'><strong>pravitate,</strong></span> <span class='ocrx_word' id='word_1_510' title='bbox 3565 1562 3681 1618; x_wconf 86' lang='lat' dir='ltr'><strong>sive</strong></span> 
     </span>
    </p>
   </div>
   <div class='ocr_carea' id='block_1_69' title="bbox 2091 1601 3682 1708">
    <p class='ocr_par' dir='ltr' id='par_1_69' title="bbox 2091 1601 3682 1708">
     <span class='ocr_line' id='line_1_73' title="bbox 2091 1601 3682 1708; baseline 0.035 -54"><span class='ocrx_word' id='word_1_511' title='bbox 2091 1601 2357 1674; x_wconf 87' lang='lat' dir='ltr'><strong>imperitia</strong></span> <span class='ocrx_word' id='word_1_512' title='bbox 2373 1611 2740 1692; x_wconf 88' lang='lat' dir='ltr'><strong>demorantes,</strong></span> <span class='ocrx_word' id='word_1_513' title='bbox 2758 1624 3013 1693; x_wconf 84' lang='lat' dir='ltr'><strong>piissimis</strong></span> <span class='ocrx_word' id='word_1_514' title='bbox 3029 1601 3448 1705; x_wconf 63' lang='lat' dir='ltr'><strong>disputator-ibus</strong></span> <span class='ocrx_word' id='word_1_515' title='bbox 3461 1601 3682 1708; x_wconf 50' lang='lat' dir='ltr'><strong>ob’viare</strong></span> 
     </span>
    </p>
   </div>
   <div class='ocr_carea' id='block_1_70' title="bbox 2089 1708 3677 1798">
    <p class='ocr_par' dir='ltr' id='par_1_70' title="bbox 2089 1708 3677 1798">
     <span class='ocr_line' id='line_1_74' title="bbox 2089 1708 3677 1798; baseline 0.033 -50"><span class='ocrx_word' id='word_1_516' title='bbox 2089 1708 2434 1767; x_wconf 74' lang='lat' dir='ltr'><strong>pnesumunt,</strong></span> <span class='ocrx_word' id='word_1_517' title='bbox 2457 1713 2514 1759; x_wconf 90' lang='lat' dir='ltr'><strong>et</strong></span> <span class='ocrx_word' id='word_1_518' title='bbox 2539 1723 2664 1765; x_wconf 91' lang='lat' dir='ltr'><strong>cum</strong></span> <span class='ocrx_word' id='word_1_519' title='bbox 2695 1711 2986 1787; x_wconf 76' lang='lat' dir='ltr'><strong>Pelagium,</strong></span> <span class='ocrx_word' id='word_1_520' title='bbox 3017 1733 3178 1793; x_wconf 84' lang='lat' dir='ltr'><strong>atque</strong></span> <span class='ocrx_word' id='word_1_521' title='bbox 3207 1729 3518 1792; x_wconf 79' lang='lat' dir='ltr'><strong>leestium</strong></span> <span class='ocrx_word' id='word_1_522' title='bbox 3539 1755 3677 1798; x_wconf 73' lang='lat' dir='ltr'><strong>ana-</strong></span> 
     </span>
    </p>
   </div>
   <div class='ocr_carea' id='block_1_71' title="bbox 2091 1783 3674 1898">
    <p class='ocr_par' dir='ltr' id='par_1_71' title="bbox 2091 1783 3674 1898">
     <span class='ocr_line' id='line_1_75' title="bbox 2091 1783 3674 1898; baseline 0.035 -63"><span class='ocrx_word' id='word_1_523' title='bbox 2091 1783 2445 1849; x_wconf 82' lang='lat' dir='ltr'><strong>tbematizare</strong></span> <span class='ocrx_word' id='word_1_524' title='bbox 2492 1812 2600 1852; x_wconf 91' lang='lat' dir='ltr'><strong>non</strong></span> <span class='ocrx_word' id='word_1_525' title='bbox 2651 1783 2917 1872; x_wconf 74' lang='lat' dir='ltr'><strong>dubitent,</strong></span> <span class='ocrx_word' id='word_1_526' title='bbox 2950 1783 3222 1882; x_wconf 77' lang='lat' dir='ltr'><strong>magistris</strong></span> <span class='ocrx_word' id='word_1_527' title='bbox 3242 1830 3424 1880; x_wconf 87' lang='lat' dir='ltr'><strong>tamen</strong></span> <span class='ocrx_word' id='word_1_528' title='bbox 3453 1835 3674 1898; x_wconf 75' lang='lat' dir='ltr'><strong>nostris,</strong></span> 
     </span>
    </p>
   </div>
   <div class='ocr_carea' id='block_1_72' title="bbox 2021 1881 3676 1990">
    <p class='ocr_par' dir='ltr' id='par_1_72' title="bbox 2021 1881 3676 1990">
     <span class='ocr_line' id='line_1_76' title="bbox 2021 1881 3676 1990; baseline 0.034 -66"><span class='ocrx_word' id='word_1_529' title='bbox 2021 1881 2054 1936; x_wconf 68' lang='grc' dir='ltr'><strong>Β</strong></span> <span class='ocrx_word' id='word_1_530' title='bbox 2091 1881 2344 1945; x_wconf 84' lang='lat' dir='ltr'><strong>tanquam</strong></span> <span class='ocrx_word' id='word_1_531' title='bbox 2365 1890 2736 1947; x_wconf 86' lang='lat' dir='ltr'><strong>necessarium</strong></span> <span class='ocrx_word' id='word_1_532' title='bbox 2757 1898 2975 1955; x_wconf 89' lang='lat' dir='ltr'><strong>modum</strong></span> <span class='ocrx_word' id='word_1_533' title='bbox 2998 1912 3350 1978; x_wconf 78' lang='lat' dir='ltr'><strong>excesserint,</strong></span> <span class='ocrx_word' id='word_1_534' title='bbox 3373 1917 3676 1990; x_wconf 70' lang='lat' dir='ltr'><strong>obloquen-</strong></span> 
     </span>
    </p>
   </div>
   <div class='ocr_carea' id='block_1_73' title="bbox 2092 1972 3675 2077">
    <p class='ocr_par' dir='ltr' id='par_1_73' title="bbox 2092 1972 3675 2077">
     <span class='ocr_line' id='line_1_77' title="bbox 2092 1972 3675 2077; baseline 0.033 -60"><span class='ocrx_word' id='word_1_535' title='bbox 2092 1972 2196 2028; x_wconf 88' lang='lat' dir='ltr'><strong>tur,</strong></span> <span class='ocrx_word' id='word_1_536' title='bbox 2248 1983 2418 2040; x_wconf 88' lang='lat' dir='ltr'><strong>eaque</strong></span> <span class='ocrx_word' id='word_1_537' title='bbox 2449 1984 2824 2042; x_wconf 88' lang='lat' dir='ltr'><strong>tantummodo</strong></span> <span class='ocrx_word' id='word_1_538' title='bbox 2877 1994 3030 2060; x_wconf 88' lang='lat' dir='ltr'><strong>sequi</strong></span> <span class='ocrx_word' id='word_1_539' title='bbox 3077 2006 3131 2051; x_wconf 87' lang='lat' dir='ltr'><strong>et</strong></span> <span class='ocrx_word' id='word_1_540' title='bbox 3159 1972 3390 2069; x_wconf 82' lang='lat' dir='ltr'><strong>probare</strong></span> <span class='ocrx_word' id='word_1_541' title='bbox 3418 1972 3675 2077; x_wconf 43' lang='lat' dir='ltr'><strong>projtlten-</strong></span> 
     </span>
    </p>
   </div>
   <div class='ocr_carea' id='block_1_74' title="bbox 2087 2059 3669 2161">
    <p class='ocr_par' dir='ltr' id='par_1_74' title="bbox 2087 2059 3669 2161">
     <span class='ocr_line' id='line_1_78' title="bbox 2087 2059 3669 2161; baseline 0.035 -56"><span class='ocrx_word' id='word_1_542' title='bbox 2087 2059 2203 2121; x_wconf 90' lang='lat' dir='ltr'><strong>tur,</strong></span> <span class='ocrx_word' id='word_1_543' title='bbox 2253 2073 2374 2127; x_wconf 73' lang='lat' dir='ltr'><strong>qua:</strong></span> <span class='ocrx_word' id='word_1_544' title='bbox 2420 2070 2784 2129; x_wconf 84' lang='lat' dir='ltr'><strong>sacratissima</strong></span> <span class='ocrx_word' id='word_1_545' title='bbox 2836 2059 2977 2134; x_wconf 86' lang='lat' dir='ltr'><strong>beati</strong></span> <span class='ocrx_word' id='word_1_546' title='bbox 3031 2059 3263 2154; x_wconf 70' lang='lat' dir='ltr'><strong>apostoli</strong></span> <span class='ocrx_word' id='word_1_547' title='bbox 3320 2059 3476 2154; x_wconf 66' lang='lat' dir='ltr'><strong>sedes</strong></span> <span class='ocrx_word' id='word_1_548' title='bbox 3522 2100 3669 2161; x_wconf 79' lang='lat' dir='ltr'><strong>Petri</strong></span> 
     </span>
    </p>
   </div>
   <div class='ocr_carea' id='block_1_75' title="bbox 2083 2149 3670 2258">
    <p class='ocr_par' dir='ltr' id='par_1_75' title="bbox 2083 2149 3670 2258">
     <span class='ocr_line' id='line_1_79' title="bbox 2083 2149 3670 2258; baseline 0.033 -62"><span class='ocrx_word' id='word_1_549' title='bbox 2083 2154 2270 2202; x_wconf 85' lang='lat' dir='ltr'><strong>contra</strong></span> <span class='ocrx_word' id='word_1_550' title='bbox 2301 2149 2548 2212; x_wconf 89' lang='lat' dir='ltr'><strong>inimicos</strong></span> <span class='ocrx_word' id='word_1_551' title='bbox 2573 2162 2761 2228; x_wconf 78' lang='lat' dir='ltr'><strong>gratia:</strong></span> <span class='ocrx_word' id='word_1_552' title='bbox 2803 2165 2896 2222; x_wconf 89' lang='lat' dir='ltr'><strong>Dei</strong></span> <span class='ocrx_word' id='word_1_553' title='bbox 2942 2185 3040 2240; x_wconf 90' lang='lat' dir='ltr'><strong>per</strong></span> <span class='ocrx_word' id='word_1_554' title='bbox 3085 2177 3438 2241; x_wconf 87' lang='lat' dir='ltr'><strong>ministerium</strong></span> <span class='ocrx_word' id='word_1_555' title='bbox 3470 2204 3670 2258; x_wconf 67' lang='lat' dir='ltr'><strong>praesu-</strong></span> 
     </span>
     <span class='ocr_line' id='line_1_80' title="bbox 2084 2237 2618 2258; baseline 0.034 -18"><span class='ocrx_word' id='word_1_556' title='bbox 2084 2237 2163 2258; x_wconf 30' lang='grc' dir='ltr'><strong>,ω</strong></span> <span class='ocrx_word' id='word_1_557' title='bbox 2232 2257 2237 2258; x_wconf 16' lang='grc' dir='ltr'>ί</span> <span class='ocrx_word' id='word_1_558' title='bbox 2610 2255 2618 2258; x_wconf 87' lang='grc'>.</span> 
     </span>
    </p>
   </div>
   <div class='ocr_carea' id='block_1_76' title="bbox 2084 2237 3667 2340">
    <p class='ocr_par' dir='ltr' id='par_1_76' title="bbox 2084 2237 3667 2340">
     <span class='ocr_line' id='line_1_81' title="bbox 2943 2237 3642 2258; baseline 0.036 -34"><span class='ocrx_word' id='word_1_559' title='bbox 2943 2237 2957 2240; x_wconf 93' lang='lat'>_</span> <span class='ocrx_word' id='word_1_560' title='bbox 3470 2237 3642 2258; x_wconf 52' lang='grc' dir='ltr'><strong>την...</strong></span> 
     </span>
     <span class='ocr_line' id='line_1_82' title="bbox 2084 2237 3667 2340; baseline 0.031 -50"><span class='ocrx_word' id='word_1_561' title='bbox 2084 2237 2192 2293; x_wconf 90' lang='lat' dir='ltr'><strong>lum</strong></span> <span class='ocrx_word' id='word_1_562' title='bbox 2223 2257 2442 2302; x_wconf 88' lang='lat' dir='ltr'><strong>suorum</strong></span> <span class='ocrx_word' id='word_1_563' title='bbox 2465 2255 2646 2310; x_wconf 73' lang='lat' dir='ltr'><strong>sanxit</strong></span> <span class='ocrx_word' id='word_1_564' title='bbox 2676 2265 2730 2312; x_wconf 92' lang='lat' dir='ltr'><strong>et</strong></span> <span class='ocrx_word' id='word_1_565' title='bbox 2755 2257 2957 2318; x_wconf 89' lang='lat' dir='ltr'><strong>docuit.</strong></span> <span class='ocrx_word' id='word_1_566' title='bbox 3019 2267 3389 2330; x_wconf 89' lang='lat' dir='ltr'><strong>Necessarium</strong></span> <span class='ocrx_word' id='word_1_567' title='bbox 3421 2280 3522 2336; x_wconf 89' lang='lat' dir='ltr'><strong>fuit</strong></span> <span class='ocrx_word' id='word_1_568' title='bbox 3547 2285 3667 2340; x_wconf 87' lang='lat' dir='ltr'><strong>dili-</strong></span> 
     </span>
    </p>
   </div>
   <div class='ocr_carea' id='block_1_77' title="bbox 2079 2337 3665 2432">
    <p class='ocr_par' dir='ltr' id='par_1_77' title="bbox 2079 2337 3665 2432">
     <span class='ocr_line' id='line_1_83' title="bbox 2079 2337 3665 2432; baseline 0.032 -49"><span class='ocrx_word' id='word_1_569' title='bbox 2079 2343 2271 2397; x_wconf 83' lang='lat' dir='ltr'><strong>genter</strong></span> <span class='ocrx_word' id='word_1_570' title='bbox 2298 2337 2571 2404; x_wconf 83' lang='lat' dir='ltr'><strong>inquirerc</strong></span> <span class='ocrx_word' id='word_1_571' title='bbox 2601 2347 2731 2415; x_wconf 89' lang='lat' dir='ltr'><strong>quid</strong></span> <span class='ocrx_word' id='word_1_572' title='bbox 2757 2361 2998 2411; x_wconf 87' lang='lat' dir='ltr'><strong>rectores</strong></span> <span class='ocrx_word' id='word_1_573' title='bbox 3029 2359 3282 2420; x_wconf 74' lang='lat' dir='ltr'><strong>Romana-</strong></span> <span class='ocrx_word' id='word_1_574' title='bbox 3313 2367 3566 2429; x_wconf 62' lang='lat' dir='ltr'><strong>Ecclesiae</strong></span> <span class='ocrx_word' id='word_1_575' title='bbox 3599 2377 3665 2432; x_wconf 83' lang='lat' dir='ltr'><strong>de</strong></span> 
     </span>
    </p>
   </div>
   <div class='ocr_carea' id='block_1_78' title="bbox 2080 2419 3741 2533">
    <p class='ocr_par' dir='ltr' id='par_1_78' title="bbox 2080 2419 3741 2533">
     <span class='ocr_line' id='line_1_84' title="bbox 2080 2419 3741 2533; baseline 0.032 -61"><span class='ocrx_word' id='word_1_576' title='bbox 2080 2419 2290 2489; x_wconf 80' lang='lat' dir='ltr'><strong>lueresi,</strong></span> <span class='ocrx_word' id='word_1_577' title='bbox 2323 2442 2441 2496; x_wconf 68' lang='lat' dir='ltr'><strong>qua:</strong></span> <span class='ocrx_word' id='word_1_578' title='bbox 2473 2448 2658 2491; x_wconf 87' lang='lat' dir='ltr'><strong>eorum</strong></span> <span class='ocrx_word' id='word_1_579' title='bbox 2691 2444 3022 2511; x_wconf 77' lang='lat' dir='ltr'><strong>temporibus</strong></span> <span class='ocrx_word' id='word_1_580' title='bbox 3057 2462 3243 2508; x_wconf 81' lang='lat' dir='ltr'><strong>exorta</strong></span> <span class='ocrx_word' id='word_1_581' title='bbox 3275 2455 3470 2529; x_wconf 90' lang='lat' dir='ltr'><strong>fuerat,</strong></span> <span class='ocrx_word' id='word_1_582' title='bbox 3511 2464 3659 2533; x_wconf 87' lang='lat' dir='ltr'><strong>judi-</strong></span> <span class='ocrx_word' id='word_1_583' title='bbox 3737 2499 3741 2503; x_wconf 85' lang='lat'><strong><em>~</em></strong></span> 
     </span>
    </p>
   </div>
   <div class='ocr_carea' id='block_1_79' title="bbox 2077 2513 3660 2610">
    <p class='ocr_par' dir='ltr' id='par_1_79' title="bbox 2077 2513 3660 2610">
     <span class='ocr_line' id='line_1_85' title="bbox 2077 2513 3660 2610; baseline 0.031 -47"><span class='ocrx_word' id='word_1_584' title='bbox 2077 2513 2271 2578; x_wconf 87' lang='lat' dir='ltr'><strong>carint,</strong></span> <span class='ocrx_word' id='word_1_585' title='bbox 2305 2525 2361 2571; x_wconf 90' lang='lat' dir='ltr'><strong>et</strong></span> <span class='ocrx_word' id='word_1_586' title='bbox 2390 2531 2576 2577; x_wconf 85' lang='lat' dir='ltr'><strong>contra</strong></span> <span class='ocrx_word' id='word_1_587' title='bbox 2609 2531 3020 2592; x_wconf 85' lang='lat' dir='ltr'><strong>nocentissimos</strong></span> <span class='ocrx_word' id='word_1_588' title='bbox 3061 2538 3210 2596; x_wconf 89' lang='lat' dir='ltr'><strong>liberi</strong></span> <span class='ocrx_word' id='word_1_589' title='bbox 3242 2547 3447 2604; x_wconf 87' lang='lat' dir='ltr'><strong>arbitrii</strong></span> <span class='ocrx_word' id='word_1_590' title='bbox 3477 2553 3660 2610; x_wconf 85' lang='lat' dir='ltr'><strong>defen-</strong></span> 
     </span>
    </p>
   </div>
   <div class='ocr_carea' id='block_1_80' title="bbox 2074 2605 3658 2714">
    <p class='ocr_par' dir='ltr' id='par_1_80' title="bbox 2074 2605 3658 2714">
     <span class='ocr_line' id='line_1_86' title="bbox 2074 2605 3658 2714; baseline 0.03 -63"><span class='ocrx_word' id='word_1_591' title='bbox 2074 2611 2245 2664; x_wconf 90' lang='lat' dir='ltr'><strong>sores,</strong></span> <span class='ocrx_word' id='word_1_592' title='bbox 2278 2605 2404 2672; x_wconf 90' lang='lat' dir='ltr'><strong>quid</strong></span> <span class='ocrx_word' id='word_1_593' title='bbox 2427 2607 2494 2664; x_wconf 88' lang='lat' dir='ltr'><strong>de</strong></span> <span class='ocrx_word' id='word_1_594' title='bbox 2519 2612 2686 2680; x_wconf 84' lang='lat' dir='ltr'><strong>gratia</strong></span> <span class='ocrx_word' id='word_1_595' title='bbox 2711 2615 2804 2673; x_wconf 89' lang='lat' dir='ltr'><strong>Dei</strong></span> <span class='ocrx_word' id='word_1_596' title='bbox 2827 2622 3162 2682; x_wconf 68' lang='lat' dir='ltr'><strong>sentiendum</strong></span> <span class='ocrx_word' id='word_1_597' title='bbox 3186 2646 3307 2688; x_wconf 83' lang='lat' dir='ltr'><strong>esse</strong></span> <span class='ocrx_word' id='word_1_598' title='bbox 3330 2643 3658 2714; x_wconf 84' lang='lat' dir='ltr'><strong>censuerint,</strong></span> 
     </span>
     <span class='ocr_line' id='line_1_87' title="bbox 2077 2686 2572 2714; baseline -0.002 0"><span class='ocrx_word' id='word_1_599' title='bbox 2077 2686 2146 2714; x_wconf 61' lang='grc' dir='ltr'><strong>ξι-</strong></span> <span class='ocrx_word' id='word_1_600' title='bbox 2181 2699 2238 2714; x_wconf 71' lang='grc' dir='ltr'><strong>..ο</strong></span> <span class='ocrx_word' id='word_1_601' title='bbox 2275 2693 2424 2714; x_wconf 67' lang='lat'><strong>-.2_-_-</strong></span> <span class='ocrx_word' id='word_1_602' title='bbox 2477 2697 2536 2714; x_wconf 76' lang='grc' dir='ltr'><strong>ιι-</strong></span> <span class='ocrx_word' id='word_1_603' title='bbox 2561 2701 2572 2712; x_wconf 79' lang='grc' dir='ltr'>ι</span> 
     </span>
    </p>
   </div>
   <div class='ocr_carea' id='block_1_81' title="bbox 2076 2686 3657 2792">
    <p class='ocr_par' dir='ltr' id='par_1_81' title="bbox 2076 2686 3657 2792">
     <span class='ocr_line' id='line_1_88' title="bbox 3257 2686 3657 2714; baseline 0.028 -26"><span class='ocrx_word' id='word_1_604' title='bbox 3257 2686 3299 2688; x_wconf 14' lang='grc' dir='ltr'><strong>ἡ-</strong></span> <span class='ocrx_word' id='word_1_605' title='bbox 3336 2686 3657 2714; x_wconf 67' lang='lat'><strong>----__-.....,</strong></span> 
     </span>
     <span class='ocr_line' id='line_1_89' title="bbox 2076 2686 3657 2792; baseline 0.032 -53"><span class='ocrx_word' id='word_1_606' title='bbox 2076 2686 2149 2741; x_wconf 89' lang='lat' dir='ltr'><strong>ita</strong></span> <span class='ocrx_word' id='word_1_607' title='bbox 2181 2699 2242 2744; x_wconf 92' lang='lat' dir='ltr'><strong>ut</strong></span> <span class='ocrx_word' id='word_1_608' title='bbox 2269 2693 2430 2749; x_wconf 90' lang='lat' dir='ltr'><strong>etiam</strong></span> <span class='ocrx_word' id='word_1_609' title='bbox 2463 2697 2834 2762; x_wconf 84' lang='lat' dir='ltr'><strong>Africanorum</strong></span> <span class='ocrx_word' id='word_1_610' title='bbox 2866 2715 3216 2774; x_wconf 83' lang='lat' dir='ltr'><strong>conciliorum</strong></span> <span class='ocrx_word' id='word_1_611' title='bbox 3246 2728 3502 2792; x_wconf 89' lang='lat' dir='ltr'><strong>quasdam</strong></span> <span class='ocrx_word' id='word_1_612' title='bbox 3532 2749 3657 2790; x_wconf 88' lang='lat' dir='ltr'><strong>sen-</strong></span> 
     </span>
    </p>
   </div>
   <div class='ocr_carea' id='block_1_82' title="bbox 2073 2779 3655 2894">
    <p class='ocr_par' dir='ltr' id='par_1_82' title="bbox 2073 2779 3655 2894">
     <span class='ocr_line' id='line_1_90' title="bbox 2073 2779 3655 2894; baseline 0.012 -42"><span class='ocrx_word' id='word_1_613' title='bbox 2073 2779 2270 2836; x_wconf 66' lang='grc' dir='ltr'><strong>ίθηίῖπε</strong></span> <span class='ocrx_word' id='word_1_614' title='bbox 2314 2782 2680 2858; x_wconf 67' lang='grc' dir='ltr'><strong>Ῐυηκοτεηιυε.</strong></span> <span class='ocrx_word' id='word_1_615' title='bbox 2715 2811 2848 2866; x_wconf 87' lang='lat' dir='ltr'><strong>quas</strong></span> <span class='ocrx_word' id='word_1_616' title='bbox 2879 2803 3062 2874; x_wconf 89' lang='lat' dir='ltr'><strong>utique</strong></span> <span class='ocrx_word' id='word_1_617' title='bbox 3096 2824 3220 2864; x_wconf 87' lang='lat' dir='ltr'><strong>suas</strong></span> <span class='ocrx_word' id='word_1_618' title='bbox 3251 2812 3493 2875; x_wconf 79' lang='lat' dir='ltr'><strong>fecerunt</strong></span> <span class='ocrx_word' id='word_1_619' title='bbox 3523 2838 3655 2894; x_wconf 86' lang='lat' dir='ltr'><strong>apo.</strong></span> 
     </span>
     <span class='ocr_line' id='line_1_91' title="bbox 2073 2868 2887 2894; baseline 0 0"><span class='ocrx_word' id='word_1_620' title='bbox 2073 2868 2246 2894; x_wconf 61' lang='grc' dir='ltr'><strong>οιΑ-,Ηυξ</strong></span> <span class='ocrx_word' id='word_1_621' title='bbox 2281 2875 2478 2894; x_wconf 61' lang='lat'><strong>-_.!-.-.</strong></span> <span class='ocrx_word' id='word_1_622' title='bbox 2876 2891 2887 2894; x_wconf 64' lang='grc'><strong>-</strong></span> 
     </span>
    </p>
   </div>
   <div class='ocr_carea' id='block_1_83' title="bbox 2069 2868 3652 2988">
    <p class='ocr_par' dir='ltr' id='par_1_83' title="bbox 2069 2868 3652 2988">
     <span class='ocr_line' id='line_1_92' title="bbox 2069 2868 3652 2988; baseline 0.033 -69"><span class='ocrx_word' id='word_1_623' title='bbox 2069 2868 2246 2924; x_wconf 85' lang='lat' dir='ltr'><strong>stolici</strong></span> <span class='ocrx_word' id='word_1_624' title='bbox 2279 2875 2565 2946; x_wconf 86' lang='lat' dir='ltr'><strong>antistites,</strong></span> <span class='ocrx_word' id='word_1_625' title='bbox 2620 2898 2740 2939; x_wconf 89' lang='lat' dir='ltr'><strong>cum</strong></span> <span class='ocrx_word' id='word_1_626' title='bbox 2773 2891 3088 2960; x_wconf 90' lang='lat' dir='ltr'><strong>probarunt.</strong></span> <span class='ocrx_word' id='word_1_627' title='bbox 3144 2898 3211 2956; x_wconf 88' lang='lat' dir='ltr'><strong>Ut</strong></span> <span class='ocrx_word' id='word_1_628' title='bbox 3258 2920 3389 2976; x_wconf 82' lang='lat' dir='ltr'><strong>ergo</strong></span> <span class='ocrx_word' id='word_1_629' title='bbox 3418 2868 3652 2988; x_wconf 70' lang='lat' dir='ltr'><strong>plenius,</strong></span> 
     </span>
     <span class='ocr_line' id='line_1_93' title="bbox 2069 2956 2850 2988; baseline 0 0"><span class='ocrx_word' id='word_1_630' title='bbox 2069 2956 2158 2988; x_wconf 77' lang='lat' dir='ltr'><strong>nn:</strong></span> <span class='ocrx_word' id='word_1_631' title='bbox 2215 2959 2265 2988; x_wconf 73' lang='grc' dir='ltr'><strong>ε..</strong></span> <span class='ocrx_word' id='word_1_632' title='bbox 2297 2962 2468 2988; x_wconf 55' lang='grc' dir='ltr'><strong>ιδεμ--</strong></span> <span class='ocrx_word' id='word_1_633' title='bbox 2528 2969 2550 2988; x_wconf 65' lang='lat'><strong>,1</strong></span> <span class='ocrx_word' id='word_1_634' title='bbox 2594 2971 2664 2988; x_wconf 73' lang='grc' dir='ltr'><strong>ια.</strong></span> <span class='ocrx_word' id='word_1_635' title='bbox 2751 2985 2759 2988; x_wconf 86' lang='lat'><em>_</em></span> <span class='ocrx_word' id='word_1_636' title='bbox 2838 2979 2850 2988; x_wconf 91' lang='lat'><strong>.</strong></span> 
     </span>
    </p>
   </div>
   <div class='ocr_carea' id='block_1_84' title="bbox 2067 2956 3652 3074">
    <p class='ocr_par' dir='ltr' id='par_1_84' title="bbox 2067 2956 3652 3074">
     <span class='ocr_line' id='line_1_94' title="bbox 2067 2956 3652 3074; baseline 0.035 -66"><span class='ocrx_word' id='word_1_637' title='bbox 2067 2956 2159 3026; x_wconf 88' lang='lat' dir='ltr'><strong>qui</strong></span> <span class='ocrx_word' id='word_1_638' title='bbox 2213 2959 2267 3014; x_wconf 92' lang='lat' dir='ltr'><strong>in</strong></span> <span class='ocrx_word' id='word_1_639' title='bbox 2296 2962 2474 3035; x_wconf 90' lang='lat' dir='ltr'><strong>aliquo</strong></span> <span class='ocrx_word' id='word_1_640' title='bbox 2519 2956 2785 3044; x_wconf 75' lang='lat' dir='ltr'><strong>dubitant,</strong></span> <span class='ocrx_word' id='word_1_641' title='bbox 2836 2979 3187 3056; x_wconf 89' lang='lat' dir='ltr'><strong>instruantur,</strong></span> <span class='ocrx_word' id='word_1_642' title='bbox 3238 2956 3652 3074; x_wconf 50' lang='lat' dir='ltr'><strong>coristiiutiones</strong></span> 
     </span>
     <span class='ocr_line' id='line_1_95' title="bbox 2067 3053 2944 3074; baseline 0.034 0"><span class='ocrx_word' id='word_1_643' title='bbox 2067 3058 2372 3074; x_wconf 57' lang='grc' dir='ltr'><strong>ιιηηηιΑ---ω</strong></span> <span class='ocrx_word' id='word_1_644' title='bbox 2409 3053 2448 3074; x_wconf 71' lang='grc' dir='ltr'>η</span> <span class='ocrx_word' id='word_1_645' title='bbox 2489 3065 2501 3074; x_wconf 88' lang='grc'><strong>·</strong></span> <span class='ocrx_word' id='word_1_646' title='bbox 2914 3071 2944 3074; x_wconf 63' lang='grc'><strong>’⁷</strong></span> 
     </span>
    </p>
   </div>
   <div class='ocr_carea' id='block_1_85' title="bbox 2061 3053 3647 3150">
    <p class='ocr_par' dir='ltr' id='par_1_85' title="bbox 2061 3053 3647 3150">
     <span class='ocr_line' id='line_1_96' title="bbox 2061 3053 3647 3150; baseline 0.033 -52"><span class='ocrx_word' id='word_1_647' title='bbox 2061 3058 2376 3107; x_wconf 89' lang='lat' dir='ltr'><strong>sanctorum</strong></span> <span class='ocrx_word' id='word_1_648' title='bbox 2408 3053 2628 3114; x_wconf 83' lang='lat' dir='ltr'><strong>Patrum</strong></span> <span class='ocrx_word' id='word_1_649' title='bbox 2667 3071 3050 3136; x_wconf 84' lang='lat' dir='ltr'><strong>compendiose</strong></span> <span class='ocrx_word' id='word_1_650' title='bbox 3081 3070 3481 3147; x_wconf 78' lang='lat' dir='ltr'><strong>manifestamus</strong></span> <span class='ocrx_word' id='word_1_651' title='bbox 3510 3093 3647 3150; x_wconf 89' lang='lat' dir='ltr'><strong>indi-</strong></span> 
     </span>
    </p>
   </div>
   <div class='ocr_carea' id='block_1_86' title="bbox 2065 3136 3646 3254">
    <p class='ocr_par' dir='ltr' id='par_1_86' title="bbox 2065 3136 3646 3254">
     <span class='ocr_line' id='line_1_97' title="bbox 2065 3136 3646 3254; baseline 0.027 -66"><span class='ocrx_word' id='word_1_652' title='bbox 2065 3136 2211 3204; x_wconf 88' lang='lat' dir='ltr'><strong>cuio,</strong></span> <span class='ocrx_word' id='word_1_653' title='bbox 2241 3153 2350 3208; x_wconf 89' lang='lat' dir='ltr'><strong>quo</strong></span> <span class='ocrx_word' id='word_1_654' title='bbox 2379 3144 2420 3198; x_wconf 89' lang='lat' dir='ltr'><strong>si</strong></span> <span class='ocrx_word' id='word_1_655' title='bbox 2445 3148 2562 3216; x_wconf 90' lang='lat' dir='ltr'><strong>quis</strong></span> <span class='ocrx_word' id='word_1_656' title='bbox 2585 3167 2690 3207; x_wconf 92' lang='lat' dir='ltr'><strong>non</strong></span> <span class='ocrx_word' id='word_1_657' title='bbox 2715 3155 2936 3215; x_wconf 87' lang='lat' dir='ltr'><strong>nimium</strong></span> <span class='ocrx_word' id='word_1_658' title='bbox 2965 3173 3049 3218; x_wconf 88' lang='lat' dir='ltr'><strong>est</strong></span> <span class='ocrx_word' id='word_1_659' title='bbox 3070 3176 3460 3247; x_wconf 86' lang='lat' dir='ltr'><strong>contentiosus,</strong></span> <span class='ocrx_word' id='word_1_660' title='bbox 3475 3197 3646 3254; x_wconf 83' lang='lat' dir='ltr'><strong>agno-</strong></span> 
     </span>
     <span class='ocr_line' id='line_1_98' title="bbox 2065 3233 2769 3254; baseline 0 0"><span class='ocrx_word' id='word_1_661' title='bbox 2065 3234 2177 3254; x_wconf 51' lang='grc' dir='ltr'>δη...</span> <span class='ocrx_word' id='word_1_662' title='bbox 2228 3233 2459 3254; x_wconf 33' lang='lat' dir='ltr'><strong>“ne-”</strong></span> <span class='ocrx_word' id='word_1_663' title='bbox 2535 3238 2567 3254; x_wconf 91' lang='lat'><strong>..</strong></span> <span class='ocrx_word' id='word_1_664' title='bbox 2679 3250 2689 3254; x_wconf 77' lang='lat'><strong>-</strong></span> <span class='ocrx_word' id='word_1_665' title='bbox 2738 3245 2769 3254; x_wconf 20' lang='grc' dir='ltr'><strong>Α.</strong></span> 
     </span>
    </p>
   </div>
   <div class='ocr_carea' id='block_1_87' title="bbox 1988 3233 3646 3332">
    <p class='ocr_par' dir='ltr' id='par_1_87' title="bbox 1988 3233 3646 3332">
     <span class='ocr_line' id='line_1_99' title="bbox 1988 3233 3646 3332; baseline 0.034 -57"><span class='ocrx_word' id='word_1_666' title='bbox 1988 3252 2028 3311; x_wconf 71' lang='lat' dir='ltr'>C</span> <span class='ocrx_word' id='word_1_667' title='bbox 2061 3234 2180 3280; x_wconf 86' lang='lat' dir='ltr'><strong>seat</strong></span> <span class='ocrx_word' id='word_1_668' title='bbox 2224 3233 2465 3290; x_wconf 89' lang='lat' dir='ltr'><strong>omnium</strong></span> <span class='ocrx_word' id='word_1_669' title='bbox 2515 3238 2936 3310; x_wconf 87' lang='lat' dir='ltr'><strong>disputationum</strong></span> <span class='ocrx_word' id='word_1_670' title='bbox 2986 3261 3378 3320; x_wconf 79' lang='lat' dir='ltr'><strong>connexionem</strong></span> <span class='ocrx_word' id='word_1_671' title='bbox 3424 3233 3646 3332; x_wconf 54' lang='lat' dir='ltr'><strong>excitae</strong></span> 
     </span>
    </p>
   </div>
   <div class='ocr_carea' id='block_1_88' title="bbox 2059 3315 3643 3419">
    <p class='ocr_par' dir='ltr' id='par_1_88' title="bbox 2059 3315 3643 3419">
     <span class='ocr_line' id='line_1_100' title="bbox 2059 3315 3643 3419; baseline 0.033 -53"><span class='ocrx_word' id='word_1_672' title='bbox 2059 3315 2398 3375; x_wconf 85' lang='lat' dir='ltr'><strong>subditarum</strong></span> <span class='ocrx_word' id='word_1_673' title='bbox 2417 3329 2799 3388; x_wconf 78' lang='lat' dir='ltr'><strong>auctoritatum</strong></span> <span class='ocrx_word' id='word_1_674' title='bbox 2823 3336 3085 3397; x_wconf 83' lang='lat' dir='ltr'><strong>brevitate</strong></span> <span class='ocrx_word' id='word_1_675' title='bbox 3109 3315 3368 3419; x_wconf 71' lang='lat' dir='ltr'><strong>pendere,</strong></span> <span class='ocrx_word' id='word_1_676' title='bbox 3410 3315 3643 3418; x_wconf 69' lang='lat' dir='ltr'><strong>nullam:</strong></span> 
     </span>
    </p>
   </div>
   <div class='ocr_carea' id='block_1_89' title="bbox 2057 3407 3642 3513">
    <p class='ocr_par' dir='ltr' id='par_1_89' title="bbox 2057 3407 3642 3513">
     <span class='ocr_line' id='line_1_101' title="bbox 2057 3407 3642 3513; baseline 0.033 -55"><span class='ocrx_word' id='word_1_677' title='bbox 2057 3418 2161 3472; x_wconf 89' lang='lat' dir='ltr'><strong>que</strong></span> <span class='ocrx_word' id='word_1_678' title='bbox 2190 3407 2291 3463; x_wconf 90' lang='lat' dir='ltr'><strong>sibi</strong></span> <span class='ocrx_word' id='word_1_679' title='bbox 2322 3417 2766 3479; x_wconf 85' lang='lat' dir='ltr'><strong>contradictiouis</strong></span> <span class='ocrx_word' id='word_1_680' title='bbox 2793 3441 3077 3497; x_wconf 85' lang='lat' dir='ltr'><strong>superesse</strong></span> <span class='ocrx_word' id='word_1_681' title='bbox 3109 3407 3400 3513; x_wconf 69' lang='lat' dir='ltr'><strong>rationem,</strong></span> <span class='ocrx_word' id='word_1_682' title='bbox 3439 3448 3490 3505; x_wconf 86' lang='lat' dir='ltr'><strong>si</strong></span> <span class='ocrx_word' id='word_1_683' title='bbox 3515 3465 3642 3509; x_wconf 82' lang='lat' dir='ltr'><strong>cum</strong></span> 
     </span>
    </p>
   </div>
   <div class='ocr_carea' id='block_1_90' title="bbox 2055 3497 2823 3574">
    <p class='ocr_par' dir='ltr' id='par_1_90' title="bbox 2055 3497 2823 3574">
     <span class='ocr_line' id='line_1_102' title="bbox 2055 3497 2823 3574; baseline 0.031 -25"><span class='ocrx_word' id='word_1_684' title='bbox 2055 3497 2336 3557; x_wconf 83' lang='lat' dir='ltr'><strong>catholicis</strong></span> <span class='ocrx_word' id='word_1_685' title='bbox 2364 3507 2548 3562; x_wconf 90' lang='lat' dir='ltr'><strong>credat</strong></span> <span class='ocrx_word' id='word_1_686' title='bbox 2574 3518 2631 3566; x_wconf 89' lang='lat' dir='ltr'><strong>et</strong></span> <span class='ocrx_word' id='word_1_687' title='bbox 2657 3513 2823 3574; x_wconf 89' lang='lat' dir='ltr'><strong>dicat.</strong></span> 
     </span>
    </p>
   </div>
   <div class='ocr_carea' id='block_1_91' title="bbox 2055 3636 3630 3754">
    <p class='ocr_par' dir='ltr' id='par_1_91' title="bbox 2055 3636 3630 3754">
     <span class='ocr_line' id='line_1_103' title="bbox 2055 3636 3630 3754; baseline 0.02 -52"><span class='ocrx_word' id='word_1_688' title='bbox 2055 3636 2205 3703; x_wconf 74' lang='grc' dir='ltr'><strong>Ωιιοά</strong></span> <span class='ocrx_word' id='word_1_689' title='bbox 2247 3643 2422 3730; x_wconf 49' lang='lat' dir='ltr'><strong>Adam.</strong></span> <span class='ocrx_word' id='word_1_690' title='bbox 2452 3667 2627 3754; x_wconf 39' lang='lat' dir='ltr'><strong>equites</strong></span> <span class='ocrx_word' id='word_1_691' title='bbox 2656 3654 2897 3754; x_wconf 54' lang='lat' dir='ltr'><strong>&#39;ltomiues</strong></span> <span class='ocrx_word' id='word_1_692' title='bbox 2941 3661 3291 3754; x_wconf 33' lang='lat' dir='ltr'><strong>lmserilhnec:</strong></span> <span class='ocrx_word' id='word_1_693' title='bbox 3329 3693 3630 3754; x_wconf 66' lang='lat' dir='ltr'><strong>quamquam</strong></span> 
     </span>
     <span class='ocr_line' id='line_1_104' title="bbox 2367 3733 3066 3754; baseline 0 0"><span class='ocrx_word' id='word_1_694' title='bbox 2367 3733 2466 3754; x_wconf 69' lang='grc' dir='ltr'><strong>ηιει</strong></span> <span class='ocrx_word' id='word_1_695' title='bbox 2532 3737 2650 3754; x_wconf 38' lang='grc' dir='ltr'><strong>νηηρ</strong></span> <span class='ocrx_word' id='word_1_696' title='bbox 2680 3742 2689 3754; x_wconf 88' lang='lat' dir='ltr'><strong>l</strong></span> <span class='ocrx_word' id='word_1_697' title='bbox 2726 3739 2894 3754; x_wconf 68' lang='grc' dir='ltr'><strong>ιιι-..ΠΑ-</strong></span> <span class='ocrx_word' id='word_1_698' title='bbox 2925 3749 3066 3754; x_wconf 42' lang='lat' dir='ltr'><strong>“A__4</strong></span> 
     </span>
    </p>
   </div>
   <div class='ocr_carea' id='block_1_92' title="bbox 2367 3717 3309 3801">
    <p class='ocr_par' dir='ltr' id='par_1_92' title="bbox 2367 3717 3309 3801">
     <span class='ocr_line' id='line_1_105' title="bbox 2367 3717 3309 3801; baseline 0.03 -32"><span class='ocrx_word' id='word_1_699' title='bbox 2367 3717 2468 3771; x_wconf 77' lang='lat' dir='ltr'><strong>nisi</strong></span> <span class='ocrx_word' id='word_1_700' title='bbox 2499 3718 2694 3778; x_wconf 79' lang='lat' dir='ltr'><strong>Christi</strong></span> <span class='ocrx_word' id='word_1_701' title='bbox 2721 3731 2894 3796; x_wconf 79' lang='lat' dir='ltr'><strong>gratia</strong></span> <span class='ocrx_word' id='word_1_702' title='bbox 2919 3717 3069 3801; x_wconf 75' lang='lat' dir='ltr'><strong>posse</strong></span> <span class='ocrx_word' id='word_1_703' title='bbox 3092 3717 3309 3797; x_wconf 57' lang='grc' dir='ltr'><strong>ἔᾶιιᾶἓῖἕί.</strong></span> 
     </span>
    </p>
   </div>
   <div class='ocr_carea' id='block_1_93' title="bbox 2121 3825 3629 3926">
    <p class='ocr_par' dir='ltr' id='par_1_93' title="bbox 2121 3825 3629 3926">
     <span class='ocr_line' id='line_1_106' title="bbox 2121 3825 3629 3926; baseline 0.031 -47"><span class='ocrx_word' id='word_1_704' title='bbox 2121 3825 2208 3880; x_wconf 87' lang='lat' dir='ltr'><strong>lV.</strong></span> <span class='ocrx_word' id='word_1_705' title='bbox 2239 3827 2294 3884; x_wconf 85' lang='lat' dir='ltr'><strong>In</strong></span> <span class='ocrx_word' id='word_1_706' title='bbox 2326 3835 2764 3900; x_wconf 66' lang='lat' dir='ltr'><strong>praevaricatione</strong></span> <span class='ocrx_word' id='word_1_707' title='bbox 2797 3841 2922 3914; x_wconf 55' lang='lat' dir='ltr'><strong>Atla:</strong></span> <span class='ocrx_word' id='word_1_708' title='bbox 2961 3862 3149 3905; x_wconf 88' lang='lat' dir='ltr'><strong>omnes</strong></span> <span class='ocrx_word' id='word_1_709' title='bbox 3193 3853 3438 3916; x_wconf 82' lang='lat' dir='ltr'><strong>homines</strong></span> <span class='ocrx_word' id='word_1_710' title='bbox 3465 3877 3629 3926; x_wconf 48' lang='lat' dir='ltr'><strong>natu.-</strong></span> 
     </span>
    </p>
   </div>
   <div class='ocr_carea' id='block_1_94' title="bbox 2047 3919 3630 4022">
    <p class='ocr_par' dir='ltr' id='par_1_94' title="bbox 2047 3919 3630 4022">
     <span class='ocr_line' id='line_1_107' title="bbox 2047 3919 3630 4022; baseline 0.03 -52"><span class='ocrx_word' id='word_1_711' title='bbox 2047 3919 2212 3971; x_wconf 88' lang='lat' dir='ltr'><strong>ralem</strong></span> <span class='ocrx_word' id='word_1_712' title='bbox 2264 3923 2676 3989; x_wconf 79' lang='lat' dir='ltr'><strong>possibilitatem</strong></span> <span class='ocrx_word' id='word_1_713' title='bbox 2724 3937 2780 3982; x_wconf 87' lang='lat' dir='ltr'><strong>et</strong></span> <span class='ocrx_word' id='word_1_714' title='bbox 2826 3932 3190 3994; x_wconf 87' lang='lat' dir='ltr'><strong>innocentiam</strong></span> <span class='ocrx_word' id='word_1_715' title='bbox 3221 3948 3542 4022; x_wconf 87' lang='lat' dir='ltr'><strong>perdidisse,</strong></span> <span class='ocrx_word' id='word_1_716' title='bbox 3575 3975 3630 4017; x_wconf 90' lang='lat' dir='ltr'><strong>et</strong></span> 
     </span>
    </p>
   </div>
   <div class='ocr_carea' id='block_1_95' title="bbox 2048 4011 3626 4107">
    <p class='ocr_par' dir='ltr' id='par_1_95' title="bbox 2048 4011 3626 4107">
     <span class='ocr_line' id='line_1_108' title="bbox 2048 4011 3626 4107; baseline 0.025 -48"><span class='ocrx_word' id='word_1_717' title='bbox 2048 4011 2316 4064; x_wconf 89' lang='lat' dir='ltr'><strong>nemiuem</strong></span> <span class='ocrx_word' id='word_1_718' title='bbox 2347 4013 2412 4068; x_wconf 90' lang='lat' dir='ltr'><strong>de</strong></span> <span class='ocrx_word' id='word_1_719' title='bbox 2441 4015 2705 4084; x_wconf 88' lang='lat' dir='ltr'><strong>profundo</strong></span> <span class='ocrx_word' id='word_1_720' title='bbox 2739 4019 2880 4076; x_wconf 90' lang='lat' dir='ltr'><strong>illius</strong></span> <span class='ocrx_word' id='word_1_721' title='bbox 2911 4027 3076 4080; x_wconf 79' lang='lat' dir='ltr'><strong>ruina;</strong></span> <span class='ocrx_word' id='word_1_722' title='bbox 3105 4047 3200 4101; x_wconf 89' lang='lat' dir='ltr'><strong>per</strong></span> <span class='ocrx_word' id='word_1_723' title='bbox 3229 4032 3452 4097; x_wconf 89' lang='lat' dir='ltr'><strong>liberum</strong></span> <span class='ocrx_word' id='word_1_724' title='bbox 3481 4049 3626 4107; x_wconf 84' lang='lat' dir='ltr'><strong>arbi.</strong></span> 
     </span>
    </p>
   </div>
   <div class='ocr_carea' id='block_1_96' title="bbox 2045 4101 3627 4200">
    <p class='ocr_par' dir='ltr' id='par_1_96' title="bbox 2045 4101 3627 4200">
     <span class='ocr_line' id='line_1_109' title="bbox 2045 4101 3627 4200; baseline 0.03 -48"><span class='ocrx_word' id='word_1_725' title='bbox 2045 4101 2205 4154; x_wconf 85' lang='lat' dir='ltr'><strong>trium</strong></span> <span class='ocrx_word' id='word_1_726' title='bbox 2246 4117 2404 4172; x_wconf 89' lang='lat' dir='ltr'><strong>posse</strong></span> <span class='ocrx_word' id='word_1_727' title='bbox 2435 4120 2778 4177; x_wconf 80' lang='lat' dir='ltr'><strong>consurgere,</strong></span> <span class='ocrx_word' id='word_1_728' title='bbox 2822 4115 2919 4170; x_wconf 91' lang='lat' dir='ltr'><strong>nisi</strong></span> <span class='ocrx_word' id='word_1_729' title='bbox 2969 4133 3090 4175; x_wconf 90' lang='lat' dir='ltr'><strong>eum</strong></span> <span class='ocrx_word' id='word_1_730' title='bbox 3140 4129 3308 4194; x_wconf 83' lang='lat' dir='ltr'><strong>gratia</strong></span> <span class='ocrx_word' id='word_1_731' title='bbox 3339 4132 3434 4191; x_wconf 86' lang='lat' dir='ltr'><strong>Dei</strong></span> <span class='ocrx_word' id='word_1_732' title='bbox 3467 4140 3627 4200; x_wconf 78' lang='lat' dir='ltr'><strong>mise-</strong></span> 
     </span>
    </p>
   </div>
   <div class='ocr_carea' id='block_1_97' title="bbox 2043 4193 3624 4307">
    <p class='ocr_par' dir='ltr' id='par_1_97' title="bbox 2043 4193 3624 4307">
     <span class='ocr_line' id='line_1_110' title="bbox 2043 4193 3624 4307; baseline 0.026 -64"><span class='ocrx_word' id='word_1_733' title='bbox 2043 4193 2213 4246; x_wconf 84' lang='lat' dir='ltr'><strong>rantis</strong></span> <span class='ocrx_word' id='word_1_734' title='bbox 2242 4197 2494 4265; x_wconf 78' lang='lat' dir='ltr'><strong>erexerit,</strong></span> <span class='ocrx_word' id='word_1_735' title='bbox 2547 4207 2929 4270; x_wconf 89' lang='lat' dir='ltr'><strong>pronuntiante</strong></span> <span class='ocrx_word' id='word_1_736' title='bbox 2977 4210 3148 4271; x_wconf 75' lang='lat' dir='ltr'><strong>beata:</strong></span> <span class='ocrx_word' id='word_1_737' title='bbox 3178 4228 3451 4284; x_wconf 85' lang='lat' dir='ltr'><strong>memoria:</strong></span> <span class='ocrx_word' id='word_1_738' title='bbox 3485 4249 3624 4307; x_wconf 78' lang='lat' dir='ltr'><strong>papa</strong></span> 
     </span>
     <span class='ocr_line' id='line_1_111' title="bbox 2043 4279 3062 4307; baseline 0 0"><span class='ocrx_word' id='word_1_739' title='bbox 2043 4279 2349 4307; x_wconf 55' lang='grc' dir='ltr'><strong>1....,ι.....ιεΔ</strong></span> <span class='ocrx_word' id='word_1_740' title='bbox 2437 4298 2521 4307; x_wconf 22' lang='grc' dir='ltr'><strong>-.ξ</strong></span> <span class='ocrx_word' id='word_1_741' title='bbox 2577 4306 2582 4307; x_wconf 60' lang='lat'><strong><em>,</em></strong></span> <span class='ocrx_word' id='word_1_742' title='bbox 2641 4293 2672 4307; x_wconf 80' lang='grc' dir='ltr'>μ</span> <span class='ocrx_word' id='word_1_743' title='bbox 2790 4305 2796 4307; x_wconf 30' lang='grc' dir='ltr'><em>Α</em></span> <span class='ocrx_word' id='word_1_744' title='bbox 2885 4300 2895 4307; x_wconf 89' lang='grc'><strong>.</strong></span> <span class='ocrx_word' id='word_1_745' title='bbox 3057 4306 3062 4307; x_wconf 62' lang='lat'><strong><em>,</em></strong></span> 
     </span>
    </p>
   </div>
   <div class='ocr_carea' id='block_1_98' title="bbox 2041 4279 3622 4395">
    <p class='ocr_par' dir='ltr' id='par_1_98' title="bbox 2041 4279 3622 4395">
     <span class='ocr_line' id='line_1_112' title="bbox 2041 4279 3622 4395; baseline 0.031 -62"><span class='ocrx_word' id='word_1_746' title='bbox 2041 4279 2374 4350; x_wconf 80' lang='lat' dir='ltr'><strong>Innocentio,</strong></span> <span class='ocrx_word' id='word_1_747' title='bbox 2431 4298 2594 4359; x_wconf 91' lang='lat' dir='ltr'><strong>atque</strong></span> <span class='ocrx_word' id='word_1_748' title='bbox 2623 4293 2836 4352; x_wconf 85' lang='lat' dir='ltr'><strong>dicente</strong></span> <span class='ocrx_word' id='word_1_749' title='bbox 2884 4300 2934 4354; x_wconf 92' lang='lat' dir='ltr'><strong>in</strong></span> <span class='ocrx_word' id='word_1_750' title='bbox 2983 4306 3208 4373; x_wconf 70' lang='lat' dir='ltr'><strong>cpistola</strong></span> <span class='ocrx_word' id='word_1_751' title='bbox 3239 4315 3305 4368; x_wconf 88' lang='lat' dir='ltr'><strong>ad</strong></span> <span class='ocrx_word' id='word_1_752' title='bbox 3337 4279 3622 4395; x_wconf 62' lang='grc' dir='ltr'><strong>0³1·ιέοεῖ-</strong></span> 
     </span>
    </p>
   </div>
   <div class='ocr_carea' id='block_1_99' title="bbox 2041 4377 3622 4486">
    <p class='ocr_par' dir='ltr' id='par_1_99' title="bbox 2041 4377 3622 4486">
     <span class='ocr_line' id='line_1_113' title="bbox 2041 4377 3622 4486; baseline 0.032 -63"><span class='ocrx_word' id='word_1_753' title='bbox 2041 4388 2205 4428; x_wconf 78' lang='lat' dir='ltr'><strong>Hense</strong></span> <span class='ocrx_word' id='word_1_754' title='bbox 2232 4377 2522 4434; x_wconf 82' lang='lat' dir='ltr'><strong>concilium</strong></span> <span class='ocrx_word' id='word_1_755' title='bbox 2550 4398 2560 4434; x_wconf 91' lang='lat'>:</span> <span class='ocrx_word' id='word_1_756' title='bbox 2617 4383 2867 4442; x_wconf 88' lang='lat' dir='ltr'><strong>Liberum</strong></span> <span class='ocrx_word' id='word_1_757' title='bbox 2899 4393 3040 4450; x_wconf 90' lang='lat' dir='ltr'><strong>enim</strong></span> <span class='ocrx_word' id='word_1_758' title='bbox 3077 4400 3355 4461; x_wconf 88' lang='lat' dir='ltr'><strong>arbitrium</strong></span> <span class='ocrx_word' id='word_1_759' title='bbox 3383 4409 3472 4468; x_wconf 89' lang='lat' dir='ltr'><strong>ille</strong></span> <span class='ocrx_word' id='word_1_760' title='bbox 3498 4431 3622 4486; x_wconf 81' lang='lat' dir='ltr'><strong>per-</strong></span> 
     </span>
     <span class='ocr_line' id='line_1_114' title="bbox 2041 4467 2850 4486; baseline 0.023 -14"><span class='ocrx_word' id='word_1_761' title='bbox 2041 4478 2220 4486; x_wconf 38' lang='grc' dir='ltr'><strong>ΜΨ,</strong></span> <span class='ocrx_word' id='word_1_762' title='bbox 2292 4467 2304 4486; x_wconf 87' lang='lat'><strong>,</strong></span> <span class='ocrx_word' id='word_1_763' title='bbox 2497 4473 2508 4483; x_wconf 93' lang='lat'><strong>.</strong></span> <span class='ocrx_word' id='word_1_764' title='bbox 2568 4473 2579 4484; x_wconf 94' lang='lat'><strong>.</strong></span> <span class='ocrx_word' id='word_1_765' title='bbox 2794 4477 2808 4486; x_wconf 78' lang='lat'><strong>.</strong></span> <span class='ocrx_word' id='word_1_766' title='bbox 2839 4482 2850 4486; x_wconf 91' lang='lat'><strong>-</strong></span> 
     </span>
    </p>
   </div>
   <div class='ocr_carea' id='block_1_100' title="bbox 2038 4467 3618 4568">
    <p class='ocr_par' dir='ltr' id='par_1_100' title="bbox 2038 4467 3618 4568">
     <span class='ocr_line' id='line_1_115' title="bbox 2038 4467 3618 4568; baseline 0.034 -54"><span class='ocrx_word' id='word_1_767' title='bbox 2038 4478 2245 4530; x_wconf 82' lang='lat' dir='ltr'><strong>pessus,</strong></span> <span class='ocrx_word' id='word_1_768' title='bbox 2275 4467 2398 4524; x_wconf 90' lang='lat' dir='ltr'><strong>dum</strong></span> <span class='ocrx_word' id='word_1_769' title='bbox 2429 4473 2538 4527; x_wconf 91' lang='lat' dir='ltr'><strong>suis</strong></span> <span class='ocrx_word' id='word_1_770' title='bbox 2566 4473 2918 4537; x_wconf 83' lang='lat' dir='ltr'><strong>inconsultius</strong></span> <span class='ocrx_word' id='word_1_771' title='bbox 2943 4488 3109 4543; x_wconf 92' lang='lat' dir='ltr'><strong>utitur</strong></span> <span class='ocrx_word' id='word_1_772' title='bbox 3135 4492 3310 4563; x_wconf 90' lang='lat' dir='ltr'><strong>bonis,</strong></span> <span class='ocrx_word' id='word_1_773' title='bbox 3344 4467 3544 4565; x_wconf 47' lang='lat' dir='ltr'><strong>caden&#39;s</strong></span> <span class='ocrx_word' id='word_1_774' title='bbox 3567 4511 3618 4568; x_wconf 87' lang='lat' dir='ltr'><strong>in</strong></span> 
     </span>
    </p>
   </div>
   <div class='ocr_carea' id='block_1_101' title="bbox 2038 4559 3615 4667">
    <p class='ocr_par' dir='ltr' id='par_1_101' title="bbox 2038 4559 3615 4667">
     <span class='ocr_line' id='line_1_116' title="bbox 2038 4559 3615 4667; baseline 0.03 -58"><span class='ocrx_word' id='word_1_775' title='bbox 2038 4559 2492 4626; x_wconf 72' lang='lat' dir='ltr'><strong>pnevaricationis</strong></span> <span class='ocrx_word' id='word_1_776' title='bbox 2503 4569 2766 4637; x_wconf 89' lang='lat' dir='ltr'><strong>profunda</strong></span> <span class='ocrx_word' id='word_1_777' title='bbox 2789 4574 3069 4636; x_wconf 90' lang='lat' dir='ltr'><strong>demersus</strong></span> <span class='ocrx_word' id='word_1_778' title='bbox 3081 4594 3183 4652; x_wconf 87' lang='lat' dir='ltr'><strong>est,</strong></span> <span class='ocrx_word' id='word_1_779' title='bbox 3200 4594 3394 4649; x_wconf 87' lang='lat' dir='ltr'><strong>etninil</strong></span> <span class='ocrx_word' id='word_1_780' title='bbox 3423 4613 3615 4667; x_wconf 88' lang='lat' dir='ltr'><strong>quem-</strong></span> 
     </span>
     <span class='ocr_line' id='line_1_117' title="bbox 2038 4645 2526 4667; baseline 0.031 -15"><span class='ocrx_word' id='word_1_781' title='bbox 2038 4645 2099 4667; x_wconf 17' lang='grc' dir='ltr'><strong>κγ,</strong></span> <span class='ocrx_word' id='word_1_782' title='bbox 2123 4663 2149 4667; x_wconf 81' lang='lat'><strong><em>__</em></strong></span> <span class='ocrx_word' id='word_1_783' title='bbox 2168 4664 2183 4667; x_wconf 92' lang='lat'>_</span> <span class='ocrx_word' id='word_1_784' title='bbox 2214 4647 2226 4667; x_wconf 86' lang='lat'><strong>,</strong></span> <span class='ocrx_word' id='word_1_785' title='bbox 2289 4666 2292 4667; x_wconf 17' lang='grc' dir='ltr'><em>γ</em></span> <span class='ocrx_word' id='word_1_786' title='bbox 2442 4654 2454 4665; x_wconf 95' lang='grc'><strong>.</strong></span> <span class='ocrx_word' id='word_1_787' title='bbox 2515 4653 2526 4667; x_wconf 91' lang='grc'>.</span> 
     </span>
    </p>
   </div>
   <div class='ocr_carea' id='block_1_102' title="bbox 2033 4645 3616 4762">
    <p class='ocr_par' dir='ltr' id='par_1_102' title="bbox 2033 4645 3616 4762">
     <span class='ocr_line' id='line_1_118' title="bbox 3171 4645 3613 4667; baseline 0.034 -25"><span class='ocrx_word' id='word_1_788' title='bbox 3171 4645 3181 4652; x_wconf 75' lang='grc'><strong><em>,</em></strong></span> <span class='ocrx_word' id='word_1_789' title='bbox 3426 4645 3613 4667; x_wconf 52' lang='grc' dir='ltr'><strong>νην</strong></span> 
     </span>
     <span class='ocr_line' id='line_1_119' title="bbox 2033 4645 3616 4762; baseline 0.032 -65"><span class='ocrx_word' id='word_1_790' title='bbox 2033 4645 2319 4704; x_wconf 83' lang='lat' dir='ltr'><strong>admodum</strong></span> <span class='ocrx_word' id='word_1_791' title='bbox 2370 4653 2564 4711; x_wconf 77' lang='lat' dir='ltr'><strong>exinde</strong></span> <span class='ocrx_word' id='word_1_792' title='bbox 2613 4674 2833 4730; x_wconf 78' lang='lat' dir='ltr'><strong>surgere</strong></span> <span class='ocrx_word' id='word_1_793' title='bbox 2864 4681 3070 4739; x_wconf 84' lang='lat' dir='ltr'><strong>posset,</strong></span> <span class='ocrx_word' id='word_1_794' title='bbox 3115 4675 3364 4737; x_wconf 87' lang='lat' dir='ltr'><strong>invenit:</strong></span> <span class='ocrx_word' id='word_1_795' title='bbox 3414 4703 3616 4762; x_wconf 85' lang='lat' dir='ltr'><strong>suaque</strong></span> 
     </span>
    </p>
   </div>
   <div class='ocr_carea' id='block_1_103' title="bbox 2031 4739 3612 4839">
    <p class='ocr_par' dir='ltr' id='par_1_103' title="bbox 2031 4739 3612 4839">
     <span class='ocr_line' id='line_1_120' title="bbox 2031 4739 3612 4839; baseline 0.03 -47"><span class='ocrx_word' id='word_1_796' title='bbox 2031 4739 2082 4792; x_wconf 90' lang='lat' dir='ltr'><strong>in</strong></span> <span class='ocrx_word' id='word_1_797' title='bbox 2108 4751 2366 4798; x_wconf 72' lang='lat' dir='ltr'><strong>:eteruum</strong></span> <span class='ocrx_word' id='word_1_798' title='bbox 2402 4746 2650 4806; x_wconf 72' lang='lat' dir='ltr'><strong>libertate</strong></span> <span class='ocrx_word' id='word_1_799' title='bbox 2680 4751 2940 4826; x_wconf 89' lang='lat' dir='ltr'><strong>deceptus</strong></span> <span class='ocrx_word' id='word_1_800' title='bbox 2969 4760 3128 4833; x_wconf 90' lang='lat' dir='ltr'><strong>hujus</strong></span> <span class='ocrx_word' id='word_1_801' title='bbox 3158 4772 3324 4827; x_wconf 66' lang='lat' dir='ltr'><strong>ruinae</strong></span> <span class='ocrx_word' id='word_1_802' title='bbox 3367 4739 3612 4839; x_wconf 43' lang='lat' dir='ltr'><strong>latuisjset</strong></span> 
     </span>
    </p>
   </div>
   <div class='ocr_carea' id='block_1_104' title="bbox 2027 4835 3608 4930">
    <p class='ocr_par' dir='ltr' id='par_1_104' title="bbox 2027 4835 3608 4930">
     <span class='ocr_line' id='line_1_121' title="bbox 2027 4835 3608 4930; baseline 0.029 -49"><span class='ocrx_word' id='word_1_803' title='bbox 2027 4845 2307 4899; x_wconf 76' lang='lat' dir='ltr'><strong>oppressu,</strong></span> <span class='ocrx_word' id='word_1_804' title='bbox 2343 4835 2441 4889; x_wconf 60' lang='lat' dir='ltr'><strong>nisi</strong></span> <span class='ocrx_word' id='word_1_805' title='bbox 2463 4852 2587 4896; x_wconf 87' lang='lat' dir='ltr'><strong>eum</strong></span> <span class='ocrx_word' id='word_1_806' title='bbox 2618 4852 2739 4910; x_wconf 90' lang='lat' dir='ltr'><strong>post</strong></span> <span class='ocrx_word' id='word_1_807' title='bbox 2769 4843 2970 4903; x_wconf 85' lang='lat' dir='ltr'><strong>Christi</strong></span> <span class='ocrx_word' id='word_1_808' title='bbox 3015 4869 3116 4923; x_wconf 92' lang='lat' dir='ltr'><strong>pro</strong></span> <span class='ocrx_word' id='word_1_809' title='bbox 3146 4875 3240 4914; x_wconf 91' lang='lat' dir='ltr'><strong>sua</strong></span> <span class='ocrx_word' id='word_1_810' title='bbox 3265 4866 3436 4930; x_wconf 81' lang='lat' dir='ltr'><strong>gratia</strong></span> <span class='ocrx_word' id='word_1_811' title='bbox 3464 4870 3608 4926; x_wconf 81' lang='lat' dir='ltr'><strong>rele-</strong></span> 
     </span>
    </p>
   </div>
   <div class='ocr_carea' id='block_1_105' title="bbox 2026 4923 3610 5025">
    <p class='ocr_par' dir='ltr' id='par_1_105' title="bbox 2026 4923 3610 5025">
     <span class='ocr_line' id='line_1_122' title="bbox 2026 4923 3610 5025; baseline 0.028 -54"><span class='ocrx_word' id='word_1_812' title='bbox 2026 4931 2205 4975; x_wconf 77' lang='lat' dir='ltr'><strong>vasset</strong></span> <span class='ocrx_word' id='word_1_813' title='bbox 2234 4923 2518 4996; x_wconf 85' lang='lat' dir='ltr'><strong>adventus,</strong></span> <span class='ocrx_word' id='word_1_814' title='bbox 2548 4933 2638 4999; x_wconf 90' lang='lat' dir='ltr'><strong>qui</strong></span> <span class='ocrx_word' id='word_1_815' title='bbox 2671 4949 2767 5002; x_wconf 90' lang='lat' dir='ltr'><strong>per</strong></span> <span class='ocrx_word' id='word_1_816' title='bbox 2799 4953 2949 4993; x_wconf 74' lang='lat' dir='ltr'><strong>nova:</strong></span> <span class='ocrx_word' id='word_1_817' title='bbox 2979 4951 3402 5013; x_wconf 84' lang='lat' dir='ltr'><strong>regenerationis</strong></span> <span class='ocrx_word' id='word_1_818' title='bbox 3426 4961 3610 5025; x_wconf 81' lang='lat' dir='ltr'><strong>puriﬁ-</strong></span> 
     </span>
    </p>
   </div>
   <div class='ocr_carea' id='block_1_106' title="bbox 2030 5009 3608 5112">
    <p class='ocr_par' dir='ltr' id='par_1_106' title="bbox 2030 5009 3608 5112">
     <span class='ocr_line' id='line_1_123' title="bbox 2030 5009 3608 5112; baseline 0.029 -50"><span class='ocrx_word' id='word_1_819' title='bbox 2030 5009 2296 5068; x_wconf 89' lang='lat' dir='ltr'><strong>cationem</strong></span> <span class='ocrx_word' id='word_1_820' title='bbox 2343 5031 2502 5072; x_wconf 88' lang='lat' dir='ltr'><strong>omne</strong></span> <span class='ocrx_word' id='word_1_821' title='bbox 2532 5025 2860 5089; x_wconf 72' lang='lat' dir='ltr'><strong>przcteritum</strong></span> <span class='ocrx_word' id='word_1_822' title='bbox 2912 5028 3095 5086; x_wconf 84' lang='lat' dir='ltr'><strong>vitium</strong></span> <span class='ocrx_word' id='word_1_823' title='bbox 3144 5037 3226 5090; x_wconf 92' lang='lat' dir='ltr'><strong>sui</strong></span> <span class='ocrx_word' id='word_1_824' title='bbox 3272 5039 3608 5112; x_wconf 85' lang='lat' dir='ltr'><strong>baptismatis</strong></span> 
     </span>
    </p>
   </div>
   <div class='ocr_carea' id='block_1_107' title="bbox 2027 5099 2527 5176">
    <p class='ocr_par' dir='ltr' id='par_1_107' title="bbox 2027 5099 2527 5176">
     <span class='ocr_line' id='line_1_124' title="bbox 2027 5099 2527 5176; baseline 0.022 -24"><span class='ocrx_word' id='word_1_825' title='bbox 2027 5099 2238 5157; x_wconf 80' lang='lat' dir='ltr'><strong>lavacro</strong></span> <span class='ocrx_word' id='word_1_826' title='bbox 2264 5109 2527 5176; x_wconf 84' lang='lat' dir='ltr'><strong>purgavit.</strong></span> 
     </span>
    </p>
   </div>
   <div class='ocr_carea' id='block_1_108' title="bbox 2024 5239 3602 5348">
    <p class='ocr_par' dir='ltr' id='par_1_108' title="bbox 2024 5239 3602 5348">
     <span class='ocr_line' id='line_1_125' title="bbox 2024 5239 3602 5348; baseline 0.03 -55"><span class='ocrx_word' id='word_1_827' title='bbox 2024 5239 2176 5304; x_wconf 79' lang='lat' dir='ltr'><strong>Quod</strong></span> <span class='ocrx_word' id='word_1_828' title='bbox 2201 5261 2349 5301; x_wconf 72' lang='lat' dir='ltr'><strong>nemo</strong></span> <span class='ocrx_word' id='word_1_829' title='bbox 2391 5248 2458 5301; x_wconf 70' lang='lat' dir='ltr'><strong>sit</strong></span> <span class='ocrx_word' id='word_1_830' title='bbox 2493 5247 2790 5348; x_wconf 53' lang='lat' dir='ltr'><strong>ponusfuif</strong></span> <span class='ocrx_word' id='word_1_831' title='bbox 2814 5257 3023 5348; x_wconf 45' lang='lat' dir='ltr'><strong>ritibus,</strong></span> <span class='ocrx_word' id='word_1_832' title='bbox 3075 5266 3178 5348; x_wconf 76' lang='lat' dir='ltr'><strong>nisi</strong></span> <span class='ocrx_word' id='word_1_833' title='bbox 3197 5276 3602 5348; x_wconf 74' lang='lat' dir='ltr'><strong>participatione</strong></span> 
     </span>
    </p>
   </div>
   <div class='ocr_carea' id='block_1_109' title="bbox 2452 5318 3148 5392">
    <p class='ocr_par' dir='ltr' id='par_1_109' title="bbox 2452 5318 3148 5392">
     <span class='ocr_line' id='line_1_126' title="bbox 2452 5318 3148 5392; baseline 0.026 -21"><span class='ocrx_word' id='word_1_834' title='bbox 2452 5318 2565 5388; x_wconf 77' lang='lat' dir='ltr'><strong>ejus</strong></span> <span class='ocrx_word' id='word_1_835' title='bbox 2593 5323 2680 5392; x_wconf 82' lang='lat' dir='ltr'><strong>qui</strong></span> <span class='ocrx_word' id='word_1_836' title='bbox 2705 5325 2846 5378; x_wconf 66' lang='lat' dir='ltr'><strong>solus</strong></span> <span class='ocrx_word' id='word_1_837' title='bbox 2870 5318 3032 5383; x_wconf 63' lang='lat' dir='ltr'><strong>bonus</strong></span> <span class='ocrx_word' id='word_1_838' title='bbox 3052 5345 3148 5390; x_wconf 79' lang='lat' dir='ltr'><strong>est.</strong></span> 
     </span>
    </p>
   </div>
   <div class='ocr_carea' id='block_1_110' title="bbox 2089 5425 3599 5533">
    <p class='ocr_par' dir='ltr' id='par_1_110' title="bbox 2089 5425 3599 5533">
     <span class='ocr_line' id='line_1_127' title="bbox 2089 5425 3599 5533; baseline 0.029 -54"><span class='ocrx_word' id='word_1_839' title='bbox 2089 5425 2148 5480; x_wconf 85' lang='lat' dir='ltr'><strong>V.</strong></span> <span class='ocrx_word' id='word_1_840' title='bbox 2179 5427 2452 5484; x_wconf 84' lang='lat' dir='ltr'><strong>Neminem</strong></span> <span class='ocrx_word' id='word_1_841' title='bbox 2473 5445 2591 5487; x_wconf 86' lang='lat' dir='ltr'><strong>esse</strong></span> <span class='ocrx_word' id='word_1_842' title='bbox 2604 5441 3056 5511; x_wconf 84' lang='lat' dir='ltr'><strong>persemetipsum</strong></span> <span class='ocrx_word' id='word_1_843' title='bbox 3076 5447 3294 5522; x_wconf 87' lang='lat' dir='ltr'><strong>bonum,</strong></span> <span class='ocrx_word' id='word_1_844' title='bbox 3319 5459 3420 5515; x_wconf 86' lang='lat' dir='ltr'><strong>nisi</strong></span> <span class='ocrx_word' id='word_1_845' title='bbox 3437 5471 3599 5533; x_wconf 66' lang='lat' dir='ltr'><strong>parti.</strong></span> 
     </span>
    </p>
   </div>
   <div class='ocr_carea' id='block_1_111' title="bbox 2013 5517 3590 5624">
    <p class='ocr_par' dir='ltr' id='par_1_111' title="bbox 2013 5517 3590 5624">
     <span class='ocr_line' id='line_1_128' title="bbox 2013 5517 3590 5624; baseline 0.029 -54"><span class='ocrx_word' id='word_1_846' title='bbox 2013 5517 2337 5587; x_wconf 83' lang='lat' dir='ltr'><strong>cipationem</strong></span> <span class='ocrx_word' id='word_1_847' title='bbox 2357 5523 2442 5578; x_wconf 78' lang='lat' dir='ltr'><strong>sui</strong></span> <span class='ocrx_word' id='word_1_848' title='bbox 2467 5523 2556 5579; x_wconf 86' lang='lat' dir='ltr'><strong>ille</strong></span> <span class='ocrx_word' id='word_1_849' title='bbox 2573 5525 2742 5582; x_wconf 80' lang='lat' dir='ltr'><strong>donet</strong></span> <span class='ocrx_word' id='word_1_850' title='bbox 2759 5531 2849 5600; x_wconf 89' lang='lat' dir='ltr'><strong>qui</strong></span> <span class='ocrx_word' id='word_1_851' title='bbox 2878 5535 3026 5593; x_wconf 83' lang='lat' dir='ltr'><strong>solus</strong></span> <span class='ocrx_word' id='word_1_852' title='bbox 3053 5550 3137 5596; x_wconf 78' lang='lat' dir='ltr'><strong>est</strong></span> <span class='ocrx_word' id='word_1_853' title='bbox 3163 5517 3338 5606; x_wconf 76' lang='lat' dir='ltr'><strong>bonus</strong></span> 
     </span>
    </p>
   </div>
   <div class='ocr_carea' id='block_1_112' title="bbox 2013 5609 3595 5706">
    <p class='ocr_par' dir='ltr' id='par_1_112' title="bbox 2013 5609 3595 5706">
     <span class='ocr_line' id='line_1_129' title="bbox 2013 5609 3595 5706; baseline 0.027 -47"><span class='ocrx_word' id='word_1_854' title='bbox 2013 5609 2145 5676; x_wconf 75' lang='grc' dir='ltr'><strong>ιιι),</strong></span> <span class='ocrx_word' id='word_1_855' title='bbox 2158 5611 2301 5678; x_wconf 82' lang='lat' dir='ltr'><strong>quod</strong></span> <span class='ocrx_word' id='word_1_856' title='bbox 2324 5611 2375 5666; x_wconf 92' lang='lat' dir='ltr'><strong>in</strong></span> <span class='ocrx_word' id='word_1_857' title='bbox 2391 5614 2593 5669; x_wconf 78' lang='lat' dir='ltr'><strong>eisdem</strong></span> <span class='ocrx_word' id='word_1_858' title='bbox 2605 5618 2820 5688; x_wconf 80' lang='lat' dir='ltr'><strong>scriptis</strong></span> <span class='ocrx_word' id='word_1_859' title='bbox 2830 5623 3069 5693; x_wconf 82' lang='lat' dir='ltr'><strong>ejusdem</strong></span> <span class='ocrx_word' id='word_1_860' title='bbox 3092 5639 3359 5701; x_wconf 72' lang='lat' dir='ltr'><strong>pontiﬁcis</strong></span> 
     </span>
    </p>
   </div>
   <div class='ocr_carea' id='block_1_113' title="bbox 2009 5697 3592 5809">
    <p class='ocr_par' dir='ltr' id='par_1_113' title="bbox 2009 5697 3592 5809">
     <span class='ocr_line' id='line_1_130' title="bbox 2009 5697 3592 5809; baseline 0.025 -60"><span class='ocrx_word' id='word_1_861' title='bbox 2009 5697 2080 5750; x_wconf 87' lang='lat' dir='ltr'><strong>tia</strong></span> <span class='ocrx_word' id='word_1_862' title='bbox 2111 5708 2456 5767; x_wconf 71' lang='lat' dir='ltr'><strong>protestetur,</strong></span> <span class='ocrx_word' id='word_1_863' title='bbox 2487 5705 2674 5761; x_wconf 84' lang='lat' dir='ltr'><strong>dicens</strong></span> <span class='ocrx_word' id='word_1_864' title='bbox 2699 5727 2710 5761; x_wconf 95' lang='lat'><strong>:</strong></span> <span class='ocrx_word' id='word_1_865' title='bbox 2733 5710 2978 5784; x_wconf 84' lang='lat' dir='ltr'><strong>Nunquid</strong></span> <span class='ocrx_word' id='word_1_866' title='bbox 3007 5697 3108 5777; x_wconf 70' lang='lat' dir='ltr'><strong>nos</strong></span> <span class='ocrx_word' id='word_1_867' title='bbox 3127 5725 3197 5781; x_wconf 83' lang='lat' dir='ltr'><strong>de</strong></span> 
     </span>
    </p>
   </div>
   <div class='ocr_carea' id='block_1_114' title="bbox 2009 5789 3592 5895">
    <p class='ocr_par' dir='ltr' id='par_1_114' title="bbox 2009 5789 3592 5895">
     <span class='ocr_line' id='line_1_131' title="bbox 2009 5789 3592 5895; baseline 0.025 -52"><span class='ocrx_word' id='word_1_868' title='bbox 2009 5789 2128 5844; x_wconf 69' lang='lat' dir='ltr'><strong>haec</strong></span> <span class='ocrx_word' id='word_1_869' title='bbox 2149 5803 2352 5848; x_wconf 83' lang='lat' dir='ltr'><strong>rectum</strong></span> <span class='ocrx_word' id='word_1_870' title='bbox 2378 5797 2646 5853; x_wconf 84' lang='lat' dir='ltr'><strong>mentibus</strong></span> <span class='ocrx_word' id='word_1_871' title='bbox 2671 5803 3020 5874; x_wconf 76' lang='lat' dir='ltr'><strong>:estimemus,</strong></span> <span class='ocrx_word' id='word_1_872' title='bbox 3061 5814 3154 5882; x_wconf 84' lang='lat' dir='ltr'><strong>qui</strong></span> <span class='ocrx_word' id='word_1_873' title='bbox 3180 5818 3286 5874; x_wconf 83' lang='lat' dir='ltr'><strong>sibi</strong></span> <span class='ocrx_word' id='word_1_874' title='bbox 3307 5837 3369 5877; x_wconf 86' lang='lat' dir='ltr'><strong>se</strong></span> <span class='ocrx_word' id='word_1_875' title='bbox 3397 5789 3592 5895; x_wconf 46' lang='lat' dir='ltr'><strong>[Mn</strong></span> 
     </span>
    </p>
   </div>
   <div class='ocr_carea' id='block_1_115' title="bbox 2010 5880 3588 5987">
    <p class='ocr_par' dir='ltr' id='par_1_115' title="bbox 2010 5880 3588 5987">
     <span class='ocr_line' id='line_1_132' title="bbox 2010 5880 3588 5987; baseline 0.028 -55"><span class='ocrx_word' id='word_1_876' title='bbox 2010 5880 2213 5947; x_wconf 88' lang='lat' dir='ltr'><strong>deberi,</strong></span> <span class='ocrx_word' id='word_1_877' title='bbox 2241 5884 2384 5956; x_wconf 87' lang='lat' dir='ltr'><strong>quod</strong></span> <span class='ocrx_word' id='word_1_878' title='bbox 2414 5887 2540 5945; x_wconf 90' lang='lat' dir='ltr'><strong>boni</strong></span> <span class='ocrx_word' id='word_1_879' title='bbox 2569 5900 2713 5959; x_wconf 84' lang='lat' dir='ltr'><strong>sunt,</strong></span> <span class='ocrx_word' id='word_1_880' title='bbox 2748 5911 2847 5952; x_wconf 83' lang='lat' dir='ltr'><strong>nec.</strong></span> <span class='ocrx_word' id='word_1_881' title='bbox 2868 5900 3015 5955; x_wconf 92' lang='lat' dir='ltr'><strong>illum</strong></span> <span class='ocrx_word' id='word_1_882' title='bbox 3037 5880 3414 5981; x_wconf 51' lang='lat' dir='ltr'><strong>considerant,-</strong></span> 
     </span>
    </p>
   </div>
  </div>
