3982 6196
268 388 356 439 171
1505 374 1858 432 DIONYSIUS
1898 373 2105 429 EXICU
2118 373 2219 429 US.

3421 369 3529 422 2'72

266 501 503 570 quotidie
531 500 755 569 gratiam
782 503 1203 565 consequuntur,
1247 494 1338 563 qni
1365 493 1481 546 sine
1512 491 1604 546 illo
1636 499 1839 545 tantum
1873 497 1916 550 Α
1949 489 2096 553 Quod
2123 489 2291 544 omnis
2321 496 2502 543 sancta
2539 487 2784 570 cogitatio
2835 493 2885 567 et
2922 493 3089 539 motus
3118 487 3217 556 pile
3244 486 3523 541 voluntati:

266 609 324 647 se
353 591 565 661 assequi
603 605 761 661 posse
787 586 1085 641 confidunt.

268 703 418 768 Quod
438 704 539 757 nisi
562 702 731 773 gratia
758 697 851 751 Dei
872 698 1111 751 continuo
1126 697 1380 765 juvemur,
1404 692 1625 746 insidias
1647 689 1843 745 diaboli

706 785 949 840 superare
976 784 1077 821 non
1106 781 1396 836 ροεδηιηαδ.

334 881 421 936 Vl.
452 878 731 935 Neminem
760 877 922 931 etiam
950 873 1289 943 baptismatis
1308 870 1476 940 gratia
1499 877 1839 933 renovatum,

266 975 516 1030 idoneum
543 985 663 1025 esse
691 968 758 1021 ad
785 964 1115 1036 superandus
1158 963 1357 1018 diaboli
1405 960 1646 1023 insidias,
1677 967 1733 1013 et
1776 958 1844 1011 ad

263 1062 589 1120 evincendas
614 1061 791 1115 carnis
816 1056 1285 1128 concupiscentias
1308 1096 1322 1121 ,
1372 1052 1473 1109 nisi
1519 1067 1616 1121 per
1662 1051 1843 1120 quoti-

263 1156 482 1209 dianum
520 1151 842 1221 adjutorium
875 1150 967 1203 Dei
1016 1147 1469 1218 perseverantiam
1514 1145 1670 1199 boum
1712 1159 1845 1199 con-

263 1244 587 1301 versationis
613 1241 887 1310 aceeperit
912 1257 925 1293 :
953 1239 1099 1307 quod
1122 1237 1361 1307 ejusdem
1391 1236 1646 1290 antistitis
1671 1235 1726 1288 in
1755 1234 1847 1287 iis-

266 1340 386 1394 dem
415 1337 621 1408 paginis
645 1334 887 1389 doctrina
908 1331 1211 1397 confirmat,
1241 1329 1424 1383 dicens
1449 1345 1462 1380 :
1494 1326 1627 1381 Nam
1652 1341 1842 1396 quam-

265 1429 351 1485 vis
398 1428 669 1483 hominem
721 1424 1008 1478 redimeret
1052 1436 1080 1475 a
1132 1420 1413 1490 praeteritis
1457 1419 1548 1473 ille
1586 1415 1842 1487 peccatis,

268 1529 446 1575 tamen
474 1520 651 1575 sciens
677 1517 872 1572 iterum
900 1529 1059 1585 posse
1080 1528 1326 1584 peccare,
1357 1512 1422 1565 ad
1448 1510 1845 1580 reparationem

265 1610 387 1675 sibi,
418 1605 869 1678 quemadmodum
912 1610 1097 1674 posset
1127 1602 1274 1656 illum
1319 1610 1375 1655 et
1401 1608 1522 1670 post
1551 1600 1654 1654 ista
1684 1598 1849 1652 corri-

266 1716 413 1770 gere,
438 1699 609 1755 multa
640 1697 895 1753 servavit.
925 1693 1253 1760 Quotidiana
1281 1699 1501 1763 prastat
1540 1690 1630 1744 ille
1666 1702 1843 1743 remeo

265 1796 372 1857 dia,
425 1793 619 1862 quibus
652 1791 751 1845 nisi
786 1788 904 1842 freti
940 1785 1236 1855 conﬁsique
1263 1785 1515 1848 nitamur,
1538 1781 1845 1836 nullatenus

266 1889 532 1941 humanos
573 1884 789 1937 vincere
836 1878 1135 1949 poterimus
1184 1890 1417 1930 errores.
1484 1873 1716 1927 Necesse
1762 1879 1845 1925 est

268 1977 406 2031 enim
436 1984 493 2030 ut
518 1990 627 2043 quo
655 1972 943 2026 auxiliante
966 1967 1249 2030 vincimus,
1286 1980 1353 2020 eo
1384 1965 1575 2019 iterum
1604 1978 1713 2017 non
1747 1960 1844 2015 ad-

266 2071 484 2137 juvante
513 2066 809 2120 vincamur.

364 2177 514 2242 Quod
542 2193 630 2246 per
655 2173 910 2229 Christum
939 2168 1097 2224 libero
1126 2169 1250 2223 bene
1277 2178 1482 2221 utamur
1507 2165 1744 2220 arbitrio.

335 2286 443 2342 Vll.
478 2285 629 2354 Quod
660 2299 817 2338 nemo
859 2282 961 2335 nisi
1009 2296 1107 2350 per
1135 2277 1428 2340 Christum,
1480 2277 1651 2331 libero
1699 2274 1844 2328 bene

267 2389 443 2435 utatur
472 2378 715 2441 arbitrio,
747 2375 885 2427 idem
914 2372 1169 2440 magister
1199 2370 1251 2422 in
1280 2368 1509 2439 epistola
1538 2366 1605 2420 ad
1632 2364 1841 2419 Milevi-

265 2480 448 2523 tanum
496 2464 780 2520 concilium
829 2462 951 2516 data
998 2459 1278 2532 prmdicat,
1335 2460 1559 2513 dicens:
1612 2456 1845 2510 Adverte

267 2559 505 2625 tandem,
538 2572 569 2610 0
600 2553 1040 2625 pravissimarum
1071 2551 1331 2605 mentium
1362 2563 1615 2618 perversa
1643 2546 1845 2601 doctri-

266 2665 352 2713 na,
383 2646 525 2715 quod
547 2646 774 2716 primum
806 2642 1079 2695 hominem
1108 2640 1179 2694 ita
1212 2639 1431 2693 libertas
1463 2638 1575 2706 ipsa
1602 2636 1838 2705 decepit,

267 2739 465 2793 utdmn
500 2736 859 2804 indulgentius
886 2732 1049 2787 frenis
1080 2731 1196 2801 ejus
1227 2729 1411 2793 utitur,
1446 2728 1496 2781 in
1526 2727 1843 2798 praevarica-

267 2832 465 2885 tionem
497 2823 912 2898 praesumptione
942 2821 1272 2886 concideret,
1318 2836 1418 2873 nec
1448 2835 1513 2872 ex
1538 2819 1641 2872 hac
1670 2816 1844 2886 potuit

266 2919 400 2985 erui,
447 2919 547 2975 nisi
578 2918 625 2971 ei
678 2914 1012 2986 providentia
1044 2911 1469 2980 regenerationis
1500 2918 1549 2964 st
1570 2917 1701 2961 .tum
1731 2908 1842 2977 pri-

265 3011 416 3065 stina:
465 3007 724 3063 libertatis
772 3004 969 3060 Christi
1000 3002 1211 3058 Domini
1262 3000 1611 3056 reformasset
1640 2998 1841 3053 adven-

269 3113 374 3156 tus.

385 3211 533 3274 Quod
563 3212 735 3263 omnia
766 3217 1063 3262 sanctorum
1088 3207 1270 3259 merita
1302 3206 1438 3259 dona
1470 3213 1589 3258 sunt
1611 3202 1728 3257 Dei.

337 3326 468 3380 Vill.
511 3323 665 3391 Quod
695 3323 873 3377 omnia
901 3321 1094 3385 studia,
1127 3330 1183 3375 et
1211 3322 1389 3374 omnia
1417 3334 1603 3388 opera,
1632 3334 1697 3372 ac
1725 3334 1840 3372 mc-

269 3418 368 3470 rita
397 3423 704 3469 sanctorum
727 3412 793 3465 ad
817 3412 910 3465 Dei
950 3411 1175 3478 gloriam
1219 3410 1538 3478 laudemque
1564 3408 1839 3462 referenda

268 3509 392 3570 sint,
429 3506 553 3573 quia
584 3519 741 3558 nemo
772 3502 985 3555 aliunde
1015 3502 1064 3555 ei
1093 3501 1288 3570 placet,
1332 3500 1431 3555 nisi
1476 3515 1540 3553 ex
1586 3515 1652 3553 eo
1697 3499 1839 3568 quod

272 3605 385 3671 ipse
412 3595 711 3651 donaverit.
744 3593 801 3647 In
831 3608 990 3663 quam
1022 3607 1119 3646 nos
1146 3593 1467 3645 sententiam
1499 3590 1681 3659 dirigit
1709 3592 1840 3645 bea-

269 3700 336 3744 tte
385 3685 772 3742 recordationis
820 3697 971 3754 papa:
995 3681 1191 3737 Zosimi
1240 3680 1499 3750 regularis
1528 3681 1840 3745 auctoritas,

268 3796 389 3837 cum
418 3778 658 3835 scribens
686 3776 753 3831 ad
782 3774 946 3830 totius
974 3773 1120 3828 orbis
1152 3774 1434 3842 episcopos
1472 3772 1583 3825 ait:
1612 3771 1719 3833 Nos
1749 3786 1842 3825 an—

270 3879 379 3926 tem
403 3869 658 3927 instinctu
686 3866 802 3932 Dei,
849 3864 1031 3920 omnia
1077 3863 1218 3919 enim
1263 3863 1404 3917 bona
1452 3862 1519 3917 ad
1567 3871 1842 3917 auctorem

270 3976 423 4016 suum
449 3957 728 4015 referenda
752 3962 897 4020 sunt,
929 3956 1070 4010 unde
1097 3964 1414 4019 nascuntur,
1440 3952 1505 4006 ad
1534 3951 1754 4006 fratrum
1794 3960 1846 4005 et

271 4051 715 4120 coepiscoporum
782 4055 1088 4101 nostrorum
1155 4046 1544 4100 conscientiam
1597 4045 1844 4099 universa

272 4141 568 4196 retulimus.
619 4137 777 4192 Hunc
813 4145 989 4191 autem
1020 4151 1324 4191 sermonem
1354 4135 1725 4191 sincerissnna:
1751 4152 1845 4189 ve-

274 4230 445 4285 ritatis
469 4229 585 4284 luce
615 4227 913 4281 radiantem
935 4232 1084 4278 tanto
1112 4223 1223 4277 Afri
1253 4212 1487 4293 episcopi
1520 4224 1726 4277 honore
1758 4240 1848 4279 ve-

274 4322 446 4376 nerati
489 4328 631 4383 sunt,
682 4325 742 4373 ut
785 4318 857 4372 ita
906 4316 973 4370 ad
1001 4312 1247 4368 eumdem
1293 4313 1462 4367 virum
1509 4313 1845 4367 scriberent:

272 4413 405 4469 Illud
431 4427 577 4475 vero,
606 4409 748 4482 quod
773 4409 823 4462 in
851 4408 1060 4473 litteris,
1092 4419 1226 4475 quas
1250 4405 1300 4458 in
1330 4406 1604 4459 universas
1633 4405 1850 4474 provin-

274 4508 385 4561 cias
414 4504 613 4560 curasti
659 4517 778 4557 esse
806 4498 1111 4567 mittendas,
1143 4497 1367 4568 posuisti
1394 4498 1600 4563 dicens,
1631 4498 1738 4552 Nos
1766 4506 1847 4552 ta-

2470 616 2473 619 ,
2574 573 2639 610 ea:
2672 556 2778 610 Deo
2808 557 2895 610 sit.

2016 650 2107 705 lX.
2140 649 2291 716 Quod
2321 650 2392 703 ita
2420 647 2561 703 Deus
2586 648 2635 699 in
2669 646 2918 701 cordibus
2949 646 3250 714 hominum,
3277 655 3439 714 atque
3473 644 3524 699 in

1947 742 2062 810 ipso
2109 740 2277 793 libero
2326 745 2579 808 operetur
2621 736 2864 800 arbitrio,
2913 743 2972 789 ut
3013 746 3198 790 sancta
3241 736 3522 804 cogitatio.

1957 832 2105 901 pium
2144 830 2446 895 consilium,
2504 828 2785 895 omnisque
2832 835 3011 882 motus
3037 827 3191 881 honre
3221 826 3511 881 voluntatis

1948 937 2016 976 ex
2047 921 2159 977 Deo
2194 921 2287 988 sit,
2314 920 2441 990 quia
2480 934 2576 989 per
2607 918 2752 973 illum
2800 917 2999 985 aliquid
3049 918 3175 973 boni
3219 933 3523 987 possumus,

1945 1012 2061 1077 sine
2086 1026 2192 1080 quo
2222 1012 2351 1065 nihil
2382 1025 2686 1080 possumus.
2742 1009 2821 1062 Ad
2849 1010 2987 1064 hanc
3022 1011 3163 1064 enim
3192 1026 3289 1065 nos
3319 1011 3524 1080 proice.

1946 1103 2152 1155 sionem
2184 1101 2324 1155 idem
2356 1101 2548 1154 doctor
2576 1100 2825 1163 instituit,
2853 1100 2943 1167 qui
2983 1114 3107 1154 cum
3139 1096 3204 1152 ad
3236 1102 3400 1153 totius
3435 1115 3524 1153 or-

1948 1192 2033 1245 bis
2067 1191 2351 1260 episcopos
2378 1189 2445 1243 de
2473 1189 2664 1243 divinae
2694 1188 2876 1258 gratiae
2902 1188 3255 1255 Opitulatioue
3282 1188 3524 1256 loquere-

1947 1292 2033 1336 tur
2076 1299 2087 1333 :
2140 1279 2294 1347 Quod
2325 1294 2476 1348 ergo,
2523 1280 2617 1343 ait,
2671 1288 2883 1347 tempus
2915 1278 3222 1345 intervenit,
3274 1294 3382 1347 quo
3412 1277 3527 1346 ejus

1945 1385 2053 1424 non
2100 1383 2350 1438 egeamus
2395 1369 2638 1423 auxilio?
2680 1368 2735 1421 ln
2787 1369 3035 1423 omnibus
3084 1370 3245 1436 igitur
3294 1371 3523 1432 actibus.

1946 1462 2251 1531 causisque,
2280 1460 2717 1529 cogitationibus,
2749 1459 3002 1524 motibus,
3035 1459 3248 1528 adjutor
3289 1469 3342 1515 et
3398 1478 3527 1531 pro-

1946 1560 2120 1606 tector
2140 1549 2377 1631 orandus
2394 1559 2493 1606 est.
2530 1549 2829 1619 Superbum
2855 1560 2937 1607 est
2960 1551 3121 1618 enim,
3150 1560 3207 1605 ut
3233 1551 3524 1621 quidquam

1945 1640 2047 1695 sibi
2078 1639 2310 1694 humana
2353 1647 2547 1715 natura
2593 1646 2897 1707 praesumat,
2954 1639 3220 1692 clamante
3266 1640 3526 1708 Apostolo

1946 1729 2162 1802 (Ephes.
2193 1727 2268 1801 γι)
2303 1746 2315 1782 :
2344 1728 2459 1783 Non
2490 1736 2573 1784 est
2603 1729 2756 1784 nobis
2794 1718 3102 1783 colluctatio
3124 1728 3379 1784 adversus
3407 1744 3525 1784 ear-

1877 1854 1916 1911 Β
1948 1836 2068 1876 nem
2094 1828 2149 1877 et
2176 1820 2512 1888 sanguinem,
2552 1818 2645 1873 sed
2676 1826 2862 1872 contra
2894 1818 3165 1887 principes
3192 1826 3247 1872 et
3288 1826 3526 1887 potesta-

1947 1923 2028 1969 tes
2057 1913 2197 1968 aeris
2226 1912 2403 1981 hujus,
2436 1920 2618 1966 contra
2651 1910 2909 1980 spiritalia
2941 1910 3191 1978 nequitia:
3221 1909 3273 1963 in
3299 1910 3524 1964 emicati-

1947 2008 2064 2062 bus.
2096 2002 2164 2059 Et
2204 2006 2343 2060 sicut
2385 2004 2500 2073 ipse
2546 2004 2735 2057 iterum
2782 2002 2910 2055 dicit
2939 2001 3115 2071 (Rom.
3148 1999 3240 2070 vn)
3272 2017 3285 2053 :
3339 2000 3522 2055 Infelix

1946 2110 2045 2164 ego
2073 2098 2253 2162 homo,
2306 2094 2425 2164 quis
2454 2108 2539 2148 me
2568 2092 2815 2147 liberabit
2842 2092 2909 2146 de
2954 2106 3185 2160 corpore
3217 2093 3405 2146 mortis
3434 2092 3524 2146 bu-

1940 2188 2074 2256 jus?
2117 2186 2299 2243 Gratia
2330 2186 2424 2240 Dei
2459 2201 2556 2257 per
2592 2183 2772 2240 Jesum
2811 2182 3081 2238 Christum
3122 2182 3405 2237 Dominum
3435 2201 3525 2237 no-

1945 2290 2135 2333 s:rum.
2190 2276 2256 2332 Et
2293 2278 2488 2333 iterum
2520 2275 2574 2342 (I
2637 2276 2758 2330 Cor.
2791 2274 2878 2346 xv)
2912 2293 2924 2327 :
2968 2273 3150 2329 Gratia
3194 2274 3285 2329 Dei
3323 2290 3437 2329 sum
3472 2275 3520 2328 id

1946 2368 2088 2437 quod
2121 2383 2258 2432 sum,
2304 2375 2360 2421 et
2386 2366 2556 2434 gratia
2588 2364 2703 2432 ejus
2732 2363 2784 2417 in
2815 2378 2899 2417 me
2931 2378 3095 2416 vacua
3124 2378 3229 2415 non
3260 2361 3378 2426 fuit,
3423 2364 3515 2416 sed

1946 2460 2064 2530 plus
2097 2461 2196 2513 illis
2225 2459 2469 2512 omnibus
2500 2454 2735 2510 laboravi
2760 2472 2772 2508 :
2801 2470 2904 2509 non
2928 2467 3025 2521 ego
3051 2463 3251 2520 autem,
3277 2452 3369 2507 sed
3395 2466 3516 2521 gra-

1948 2553 2019 2605 tia
2049 2551 2142 2605 Dei
2173 2565 2400 2604 mecum.

1949 2662 2098 2728 Quod
2120 2663 2291 2733 gratia
2310 2660 2408 2714 Dci
2430 2677 2529 2733 non
2552 2659 2716 2713 solum
2741 2668 2948 2729 peccata
2971 2658 3213 2733 dimittat.
3245 2661 3335 2733 sed
3359 2664 3515 2714 etiant

2017 2734 2085 2785 ad
2080 2731 2222 2804 jnret
2256 2748 2322 2804 ne
2346 2732 2746 2804 committantur,
2778 2739 2834 2804 et
2855 2737 3065 2804 protstat
3116 2738 3167 2804 ut
3196 2731 3278 2782 lex
3302 2731 3518 2800 implea-

2018 2799 2117 2880 tur,
2152 2818 2251 2880 non
2283 2803 2412 2880 sicut
2439 2804 2509 2852 ait
2541 2800 2780 2880 Pelagius
2808 2799 2985 2880 facile,
3016 2800 3161 2868 quasi
3200 2801 3310 2853 sine
3349 2804 3519 2872 gratia

2017 2872 2112 2926 Dei
2141 2872 2397 2941 difﬁcilius
2426 2871 2585 2939 possit
2614 2871 2837 2939 impleri.

2017 2956 2083 3016 Χ.
2133 2961 2266 3016 illud
2298 2962 2481 3023 etiam,
2514 2960 2661 3028 quod
2694 2959 2832 3012 intra
2863 2958 3297 3028 Carthagincnsis
3325 2962 3515 3031 synodi

1944 3054 2161 3109 decreta
2194 3051 2545 3105 constitutum
2580 3058 2681 3115 est,
2716 3048 2867 3117 quasi
2902 3051 3174 3119 pr0prium
3206 3050 3516 3119 apostolicae

1944 3145 2086 3201 sedis
2114 3144 2505 3212 amplectimur,
2550 3142 2693 3210 quod
2736 3143 2943 3197 scilicet
2981 3144 3140 3197 tertio
3170 3136 3405 3213 capitulo
3434 3144 3520 3198 de-

1869 3222 1914 3285 C
1949 3236 2154 3291 finitum
2180 3245 2292 3289 est:
2329 3233 2398 3288 Ut
2432 3234 2737 3301 quicunque
2765 3233 2961 3288 dixerit
3000 3236 3224 3303 gratiam
3256 3236 3371 3305 Dei,
3415 3251 3518 3306 qua

1939 3327 2291 3399 justillcamur
2317 3341 2413 3395 per
2442 3324 2620 3378 Jesum
2650 3322 2917 3379 Christum
2943 3325 3224 3379 Dominum
3255 3336 3519 3392 nostrum,

1945 3418 2014 3473 ad
2043 3418 2214 3472 solam
2243 3414 2614 3470 remissionem
2641 3421 2987 3484 peccatorum
3018 3416 3217 3479 valere,
3248 3431 3367 3485 qute
3404 3416 3516 3485 jam

1944 3508 2231 3564 commissa
2270 3514 2396 3561 sunt
2424 3546 2438 3570 ,
2487 3520 2594 3560 non
2628 3506 2794 3559 etiam
2842 3505 2906 3558 ad
2952 3506 3275 3574 adjutorium
3317 3516 3374 3561 ut
3414 3523 3517 3561 non

1945 3600 2366 3662 committantur,
2395 3596 2677 3651 anathema
2702 3597 2792 3650 sit.
2838 3595 2902 3648 Et
2931 3598 3118 3650 iterum
3148 3608 3342 3666 quarto
3372 3599 3523 3666 capi-

1946 3692 2099 3745 tulo:
2140 3689 2207 3743 Ut
2241 3689 2484 3758 quisquis
2525 3688 2744 3755 dixerit,
2790 3689 3016 3756 gratiam
3070 3688 3161 3743 Dei
3202 3703 3298 3758 per
3340 3687 3521 3744 Jesum

1945 3776 2215 3835 Christum
2263 3787 2485 3849 propter
2512 3777 2618 3832 hoc
2662 3785 2866 3831 tantum
2897 3793 2994 3832 nos
3023 3778 3276 3845 adjuvare
3304 3779 3370 3832 ad
3411 3792 3521 3832 non

1946 3871 2296 3943 peccandum.
2326 3870 2450 3938 quia
2478 3883 2577 3939 per
2602 3869 2775 3938 ipsum
2806 3868 2960 3923 nobis
2989 3870 3279 3932 revelatur,
3308 3876 3365 3923 et
3395 3884 3522 3939 ape-

1947 3963 2086 4017 ritur
2112 3960 2461 4028 intelligentia
2485 3957 2879 4023 mandatorum,
2914 3966 2973 4011 ut
3003 3958 3414 4026 sciamuszquid
3434 3972 3523 4026 ap-

1954 4063 2139 4124 petere
2163 4060 2219 4107 et
2244 4052 2371 4121 quid
2402 4052 2571 4105 vitare
2609 4050 2902 4105 debeamus
2928 4067 2942 4115 ;
2995 4065 3101 4105 non
3133 4058 3314 4104 autem
3344 4064 3439 4119 per
3469 4050 3527 4103 il-

1951 4146 2054 4199 lmn
2084 4145 2239 4199 nobis
2266 4142 2530 4213 prazstari,
2553 4151 2609 4195 ut
2636 4141 2780 4210 quod
2828 4140 3125 4195 faciendum
3154 4142 3522 4209 cognovimus,

1949 4238 2109 4290 etiam
2150 4234 2326 4289 facere
2371 4234 2653 4301 diligamus
2697 4240 2857 4301 atque
2903 4232 3194 4294 valeamus,
3239 4232 3522 4285 anathema

1949 4328 2037 4383 sit.
2088 4327 2220 4381 Cum
2270 4325 2412 4380 enim
2461 4324 2606 4377 dicat
2662 4323 2953 4391 Apostolus
2997 4340 3009 4375 :
3067 4322 3303 4378 Scientia
3350 4320 3523 4388 inflat,

1949 4416 2180 4471 cbaritas
2228 4430 2355 4468 vero
2398 4413 2629 4468 {editicat
2672 4412 2722 4482 (Ι
2755 4412 2874 4466 Cor.
2922 4412 3057 4481 vni),
3101 4413 3256 4467 valde
3304 4411 3523 4482 impium

1950 4514 2035 4562 est
2078 4515 2135 4560 ut
2184 4506 2482 4570 credamus,
2534 4503 2599 4557 ad
2648 4518 2765 4559 eam
2795 4518 2913 4572 quae
2961 4503 3132 4567 inflat,
3181 4519 3279 4557 nos
3327 4504 3525 4559 habere

276 4612 398 4651 men
437 4596 689 4649 instinctu
740 4592 870 4657 Dei,
904 4599 1035 4657 etc.,
1069 4590 1146 4644 sic
1175 4589 1479 4659 accepimus
1506 4589 1737 4657 dictum,
1788 4598 1844 4643 ut

1950 4596 2177 4664 gratiam
2200 4594 2416 4659 Christi,
2447 4603 2502 4647 et
2529 4592 2596 4647 ad
2616 4608 2733 4648 eam
2758 4609 2875 4663 qum
2893 4593 3142 4658 aedificat,
3176 4610 3278 4648 non
3303 4595 3519 4657 habere,

276 4690 415 4753 illos,
465 4686 557 4755 qui
604 4694 791 4740 contra
823 4683 916 4737 Dei
946 4680 1267 4751 adjutorium
1311 4680 1579 4735 extollunt
1628 4680 1845 4734 humani

274 4780 481 4849 arbitrii
526 4779 846 4841 libertatem,
897 4773 1144 4829 districto
1172 4769 1347 4842 gladio
1376 4770 1652 4838 veritatis,
1701 4770 1848 4825 velut

273 4874 469 4929 cursim
502 4868 787 4935 transiens,
839 4877 1168 4938 amputares.
1202 4864 1339 4932 Quid
1368 4865 1509 4918 enim
1543 4871 1648 4917 tam
1679 4863 1846 4917 libero

273 4965 474 5022 fecistis
504 4963 751 5029 arbitrio,
798 4974 959 5030 quam
985 4958 1128 5027 quod
1160 4958 1407 5011 universa
1440 4956 1488 5008 in
1522 4964 1716 5008 nostra)
1746 4955 1847 5008 hu-

274 5055 515 5111 militatis
543 5052 927 5110 conscientiam
958 5048 1257 5105 retulistis?
1288 5045 1352 5100 Et
1380 5054 1556 5100 tamen
1588 5045 1846 5099 instinctu

275 5147 369 5201 Dei
402 5145 599 5198 factum
627 5158 744 5197 esse
776 5140 1004 5195 fideliter
1036 5137 1412 5206 sapienterque
1436 5135 1659 5200 vidistis,
1694 5152 1849 5189 vera-

274 5235 411 5291 citer
463 5232 794 5299 lidenterque
818 5229 1045 5284 dixistis.
1078 5227 1203 5282 Ideo
1235 5228 1434 5294 utique,
1482 5226 1609 5295 quia
1638 5241 1846 5295 praepa-

274 5336 424 5380 ratur
471 5324 717 5378 voluntas
747 5336 777 5373 a
808 5320 1053 5384 Domino,
1104 5325 1159 5372 et
1191 5326 1249 5371 ut
1278 5318 1402 5371 boni
1433 5317 1631 5386 aliquid
1664 5324 1847 5385 agant,

273 5415 510 5488 paternis
559 5410 1000 5480 inspirationibus
1047 5423 1264 5465 suorum
1315 5408 1431 5478 ipse
1470 5414 1653 5475 tangat
1681 5407 1843 5461 corda

275 5513 525 5565 filiorum.
560 5506 838 5573 Quotquot
869 5503 1010 5557 enim
1054 5502 1242 5573 spiritu
1270 5501 1364 5556 Dei
1391 5507 1640 5567 aguntur,
1669 5500 1723 5553 hi
1755 5499 1847 5555 filii

274 5603 368 5655 Dei
387 5606 534 5663 sunt,
557 5606 617 5652 ut
637 5610 739 5651 nec
759 5601 1003 5648 nostrum
1024 5592 1213 5648 deesse
1233 5591 1527 5647 sentiamus
1550 5591 1850 5659 arbitrium,

274 5690 326 5745 et
375 5691 428 5746 in
474 5686 630 5744 bouis
657 5684 958 5754 quibusque
999 5681 1290 5737 voluntatis
1335 5681 1582 5735 humanae
1631 5681 1853 5748 singulis

275 5780 507 5835 motibus
561 5776 732 5846 magis
780 5775 920 5831 illius
966 5772 1145 5828 valere
1188 5787 1297 5826 non
1341 5770 1649 5827 dubitemus
1694 5773 1849 5827 auxi-

280 5868 433 5926 lium.

1951 4702 2074 4740 cum
2106 4686 2176 4739 sit
2198 4694 2483 4752 utrumque
2509 4683 2707 4738 donum
2737 4683 2865 4751 Dei,
2912 4692 2966 4738 et
3008 4685 3147 4738 scire
3174 4684 3299 4751 quid
3346 4683 3524 4737 facere

1951 4778 2265 4841 debeamus,
2313 4784 2369 4830 et
2415 4776 2639 4842 diligere
2686 4782 2745 4827 ut
2788 4775 3076 4841 faciamus,
3140 4784 3197 4828 ut
3226 4775 3524 4831 aedificante

1952 4867 2218 4921 charitate
2243 4864 2467 4919 scientia
2498 4879 2605 4918 non
2632 4865 2801 4933 possit
2828 4863 3032 4919 inﬂare.
3083 4866 3234 4918 Sicut
3254 4877 3433 4920 autem
3457 4868 3525 4921 de

1954 4958 2066 5013 Deo
2103 4959 2360 5026 scriptum
2411 4964 2533 5009 est:
2567 4956 2666 5021 Qui
2710 4956 2871 5011 docet
2914 4957 3185 5010 hominem
3237 4959 3519 5012 scientiam

1957 5046 2127 5109 (Paul.
2158 5049 2419 5116 xcm),ita
2441 5048 2602 5101 etiam
2630 5047 2886 5115 scriptum
2916 5046 3293 5101 est:Cbaritas
3322 5064 3384 5101 ex
3414 5047 3524 5102 Deo

1952 5145 2033 5193 est
2057 5138 2104 5207 (1
2138 5136 2297 5192 Joan.
2340 5138 2436 5206 iv).
2475 5137 2607 5192 Item
2632 5138 2820 5205 quinto
2864 5137 3134 5205 capitulo:
3175 5136 3244 5190 Ut
3284 5138 3528 5205 quisquis

1951 5229 2151 5284 dixerit
2195 5229 2316 5284 ideo
2361 5229 2517 5283 nobis
2565 5228 2791 5295 gratiam
2837 5226 3236 5295 justitieationis
3282 5229 3420 5295 dari,
3465 5238 3527 5283 ut

1953 5322 2096 5391 quod
2124 5321 2301 5376 facere
2325 5335 2423 5391 per
2446 5320 2671 5374 liberum
2694 5319 2979 5388 jubeantur
2996 5320 3293 5385 arbitrium,
3319 5318 3531 5376 facilius

1952 5409 2212 5477 possimus
2252 5409 2473 5477 implere
2501 5425 2600 5479 per
2632 5416 2877 5478 grattam,
2912 5420 3163 5482 tanquam
3203 5422 3258 5467 et
3285 5415 3328 5469 si
3357 5416 3533 5483 gratia

1948 5516 2055 5553 non
2085 5498 2320 5562 daretur,
2352 5516 2459 5554 non
2489 5501 2705 5570 quidem
2734 5502 2914 5571 facile,
2938 5503 3031 5557 sed
3059 5513 3238 5559 tamen
3260 5507 3545 5575 possimus

1948 5590 2109 5645 etiam
2144 5590 2264 5644 sine
2305 5590 2393 5643 illa
2442 5591 2665 5659 implere
2708 5592 2885 5646 divina
2927 5593 3209 5660 mandata,
3241 5595 3531 5651 anathema

1950 5678 2039 5733 sit.
2073 5677 2150 5732 De
2178 5678 2434 5734 fructibus
2475 5682 2616 5734 enim
2645 5683 3020 5736 mandatorum
3060 5684 3314 5740 Dominus
3345 5687 3535 5756 loque-

1945 5767 2121 5830 batur,
2150 5767 2238 5821 ubi
2272 5785 2376 5823 non
2400 5771 2495 5833 ait,
2521 5771 2650 5825 Sine
2677 5787 2765 5825 me
2788 5771 3053 5828 difficilius
3073 5776 3297 5843 potestis
3320 5776 3529 5837 facere:

1947 5858 2045 5917 sed
2072 5859 2167 5928 ait,
2200 5859 2327 5916 Sine
2355 5877 2440 5917 me
2470 5863 2601 5917 nihil
2632 5864 2855 5929 potestis
2884 5864 3078 5919 facere.
