3982 6196
383 335 491 388 273

1421 333 1800 390 COLLECTlO
1843 334 2309 392 DECRETORUM
2354 331 2458 389 Pl‘.
2502 335 2608 389 RR.

3556 333 3662 388 επ

387 446 544 512 Quod
580 453 770 518 preter
798 452 994 518 statuta
1035 445 1173 499 sedis
1221 448 1523 514 apostolica:
1560 465 1737 501 otnnes
1777 451 1976 502 oratio-
2007 456 2048 509 Α
2081 464 2206 516 erga
2236 465 2424 504 omnes
2453 450 2696 504 homines
2725 449 2938 505 bonitas
2960 450 3076 518 Dei,
3102 459 3162 504 ut
3184 457 3365 504 nostra
3394 449 3664 505 velitesse

467 535 558 590 nes
593 517 785 569 Christi
808 517 1041 590 gratiam
1073 525 1340 583 resonant,
1369 535 1471 587 qua
1510 535 1670 590 genus
1697 519 1979 573 humanum

462 589 529 640 ab
560 597 757 641 (eterna
784 587 1119 640 damnatione
1149 596 1443 656 reparatur.

461 697 558 754 XI.
595 698 863 753 Prazterea
913 699 1237 753 beatissima}
1284 707 1341 754 et
1387 701 1698 770 apostolica:
1728 701 1869 755 sedis
1899 701 1981 754 iu-

387 791 670 846 violabilcs
717 791 1058 854 sanctiones,
1112 791 1306 860 quibus
1352 808 1452 846 nos
1501 793 1720 862 piissimi
1771 791 1980 857 Patres,

389 881 661 951 pestifera
689 881 948 940 wvitatis
983 882 1220 937 elatione
1249 882 1477 951 dejecta,
1525 893 1579 938 et
1607 884 1762 939 bonae
1802 885 1986 938 volun-

389 975 520 1030 tatis
547 972 795 1035 exordia,
827 980 886 1028 ct
912 973 1246 1026 incrementa
1278 973 1633 1042 probabilium
1663 974 1980 1038 studiorum,

389 1075 447 1118 et
481 1064 533 1117 iu
567 1064 647 1118 eis
680 1078 849 1130 usque
895 1063 951 1116 in
999 1061 1161 1118 ﬁnem
1189 1065 1652 1133 petscverautiam
1679 1063 1746 1118 ad
1787 1065 1983 1119 Christi

389 1153 622 1220 gratiam
668 1151 870 1206 referre
915 1151 1236 1206 docuerunt.
1283 1151 1721 1207 Obsecrationum
1769 1167 1985 1224 quoque

387 1244 811 1302 saecrdotalium
842 1253 1182 1299 sacramenta
1203 1246 1574 1315 respiciamus,
1605 1260 1726 1313 qua:
1747 1245 1814 1300 ab
1849 1261 1984 1315 apo-

386 1338 548 1394 stolis
573 1337 764 1391 tradita
787 1338 838 1390 in
870 1345 985 1392 toto
1013 1337 1212 1393 mundo
1256 1346 1422 1406 atque
1445 1338 1498 1391 in
1528 1337 1678 1393 omni
1715 1337 1985 1392 catholica

392 1428 639 1484 Ecclesia
673 1428 1014 1484 uniformiter
1042 1429 1413 1496 celebrantur,
1447 1437 1505 1484 ut
1532 1429 1702 1498 legem
1733 1428 1985 1484 credendi

394 1523 489 1575 lex
515 1528 718 1575 statuat
755 1519 1114 1590 supplicandi.
1163 1518 1296 1574 Cum
1339 1521 1487 1575 enim
1527 1529 1835 1574 sanctarum
1875 1519 1988 1588 ple—

394 1613 545 1666 bium
575 1613 832 1682 prazsules
858 1612 1107 1666 mamlata
1137 1611 1351 1666 sibimet
1381 1612 1650 1681 legatione
1680 1612 1983 1680 fungantur,

396 1703 542 1772 apud
569 1703 807 1758 divinam
827 1703 1175 1757 clementiam
1204 1701 1421 1756 humani
1442 1702 1653 1769 generis
1676 1709 1841 1770 agunt
1861 1717 1988 1755 cau-

2084 539 2296 606 merita,
2326 555 2444 608 qua:
2483 548 2606 601 sunt
2638 539 2804 609 ipsius
2849 539 3012 604 dona,
3045 549 3100 596 et
3127 557 3226 610 pro
3249 541 3331 593 his
3355 555 3474 609 quae
3505 540 3663 606 Ιιιι-αἱς

2085 635 2168 681 tus
2194 637 2295 691 cst,
2320 639 2520 683 aitcrua
2545 630 2758 698 prmmia
2790 629 2859 682 sit
2883 629 3199 684 donaturns.
3231 631 3354 698 Agit
3379 631 3579 702 quippe
3601 633 3664 684 .io

2085 721 2258 784 nobis,
2287 722 2506 789 utquod
2530 722 2660 784 vult,
2684 731 2738 776 et
2761 721 3004 787 velimus,
3030 731 3083 776 et
3103 737 3341 790 agamus,
3367 739 3470 776 nec
3490 723 3664 777 otii-sa

2083 824 2202 863 esse
2223 810 2276 862 in
2310 809 2465 864 nobis
2491 812 2711 880 patitur,
2730 826 2849 880 quae
2873 810 3200 877 exercenda,
3223 828 3328 864 non
3353 813 3664 881 negligenda

2085 898 2321 963 donavit,
2357 908 2498 955 utet
2545 917 2646 956 nos
2697 913 3086 972 cooperatores
3133 903 3302 958 simus
3349 905 3535 973 gratia:
3572 904 3662 958 Dei

2087 987 2140 1058 (I
2171 989 2370 1044 Corint.
2394 992 2498 1061 Ill),
2525 1006 2588 1047 ac
2615 992 2661 1046 si
2689 993 2817 1062 quid
2858 993 2909 1046 in
2956 993 3108 1048 nobis
3158 1009 3224 1048 ex
3257 1005 3440 1049 nostra
3470 995 3666 1050 videri-

2085 1101 2207 1140 mus
2231 1087 2546 1141 remissione
2569 1087 2937 1156 languescere,
2955 1087 3021 1142 ad
3052 1088 3201 1142 illum
3231 1088 3461 1144 sollicite
3482 1104 3665 1144 recurb

2084 1190 2286 1241 ramus,
2320 1177 2409 1246 qui
2437 1187 2589 1232 sanat
2611 1193 2799 1232 omnes
2827 1179 3113 1246 languorcs
3144 1179 3662 1252 uostros(I‘sal.cu),

2086 1276 2141 1321 et
2166 1268 2380 1323 redimit
2409 1267 2475 1322 de
2505 1269 2722 1323 interitu
2749 1269 2910 1322 vitam
2942 1280 3200 1334 nostram,
3233 1282 3285 1325 et
3313 1272 3398 1326 cui
3427 1272 3666 1340 quotidie

2087 1359 2349 1414 dicimus:
2380 1360 2456 1414 Ne
2487 1361 2708 1415 inducas
2737 1375 2835 1416 nos
2864 1360 2915 1414 in
2947 1362 3322 1434 teutationetn,
3362 1362 3458 1418 sed
3497 1364 3664 1420 libera

2088 1463 2187 1503 nos
2207 1466 2237 1504 a
2268 1451 2410 1505 malo
2443 1450 2659 1521 (Matth.
2694 1454 2788 1520 vi).

2092 1559 2242 1627 Quod
2263 1561 2626 1634 profundiores
2665 1566 2973 1636 qna'stionas
3002 1579 3093 1616 nec
3132 1565 3518 1636 contemnenda
3542 1567 3666 1629 sine,

2556 1650 2649 1687 nec
2670 1636 2871 1704 penitus
2893 1635 3208 1689 asserenda.

2097 1743 2102 1746 ·
2164 1721 2298 1777 Xlll.
2334 1722 2718 1779 Profundiores
2743 1739 2896 1786 vero,
2929 1723 3364 1792 dilﬁcilioresque
3389 1731 3570 1793 partes
3590 1725 3672 1779 inv

395 1811 538 1861 sam,
561 1805 616 1850 et
637 1805 751 1850 tota
774 1811 958 1850 secum
984 1794 1218 1849 Ecclesia
1240 1795 1675 1863 congemiscente
1719 1797 1991 1879 postulant

2109 1815 2422 1871 :urrentium
2469 1815 2854 1884 quaastiouum,
2888 1829 3022 1884 quas
3048 1815 3210 1869 latius
3254 1823 3671 1884 pertractarunt,

399 1898 458 1942 et
477 1895 794 1956 precantur,
824 1896 883 1940 ut
913 1886 1218 1940 inﬁdelibus
1243 1886 1476 1940 donetur
1507 1885 1664 1952 ﬁdes,
1689 1894 1746 1942 ut
1768 1887 1990 1940 idolola-

402 1989 502 2034 με
530 1981 600 2034 ab
628 1979 921 2047 impietatis
948 1994 1059 2034 sua:
1088 1978 1384 2042 liberentur
1406 1979 1702 2045 erroribus,
1724 1987 1781 2033 ut
1796 1978 1995 2035 ludatis

402 2070 586 2124 ablato
615 2070 800 2125 cordis
843 2070 1112 2126 velamine
1163 2070 1255 2123 lux
1307 2070 1552 2125 veritatis
1599 2079 1880 2140 appareat,
1936 2079 1994 2124 ut

401 2160 640 2215 haeretici
689 2160 971 2217 catholicae
998 2160 1121 2214 ﬁdei
1168 2161 1517 2230 perceptione
1565 2161 1905 2230 resipiscam,
1937 2168 1996 2214 ut

403 2252 734 2307 schismatici
758 2253 1006 2321 spiritum
1034 2251 1282 2305 rediviva:
1311 2252 1592 2307 charitatis
1619 2251 1908 2321 accipiant,
1939 2257 1996 2308 ut

411 2342 578 2411 lapsis
605 2343 936 2410 poenitentia:
965 2342 1200 2398 remedia
1238 2339 1608 2406 conferantur,
1659 2348 1715 2394 ut
1763 2340 1995 2409 denique

407 2433 818 2488 catechumenis
858 2433 927 2487 ad
955 2432 1380 2500 regenerationis
1421 2440 1760 2486 sacramenta
1805 2429 1998 2501 perdu-

409 2524 516 2580 ctis
560 2524 799 2580 cmlcstis
843 2522 1225 2577 misericordiae
1256 2521 1380 2576 aula
1410 2530 1702 2577 reseretnr.
1744 2521 1870 2578 Haec
1897 2537 1996 2576 au-

413 2627 523 2670 tem
545 2631 654 2669 non
682 2615 1069 2685 perfunctorie,
1099 2629 1276 2682 neque
1306 2613 1540 2668 inaniter
1568 2627 1599 2666 a
1630 2611 1858 2667 Domino
1886 2611 1997 2681 peti

413 2723 596 2763 rerum
625 2709 862 2778 ipsarum
892 2715 1160 2762 monstrat
1189 2704 1445 2770 eﬁectus,
1474 2703 1905 2774 quandoquidem
1930 2719 1998 2758 ex

411 2799 561 2853 enini
591 2813 836 2853 errorum
862 2810 1060 2865 genere
1089 2797 1351 2866 plurimos
1379 2788 1524 2852 Deus
1548 2795 1800 2864 dignatur
1827 2803 1998 2850 attra-

417 2890 568 2956 here,
600 2904 738 2958 quos
784 2897 968 2943 erutos
998 2886 1067 2942 de
1097 2894 1365 2956 potestate
1398 2886 1741 2940 tenebrarum
1771 2885 2001 2942 transfe-

417 2988 502 3033 rat
531 2979 583 3032 in
626 2993 850 3046 regnum
883 2977 973 3031 lilii
1002 2977 1281 3032 charitatis
1324 2992 1434 3031 sua:
1465 2974 1688 3046 (Colon.
1738 2978 1808 3044 ι),
1851 2983 1907 3030 et
1934 2990 2001 3032 ex

421 3071 561 3126 vasis
587 3071 679 3124 ira:
707 3069 873 3124 faciat
911 3083 1039 3122 vasa
1083 3066 1464 3121 misericordia:
1505 3065 1683 3136 (Rom.
1715 3065 1825 3136 lx),
1856 3065 2002 3135 quod

2093 1907 2185 1975 qui
2206 1906 2476 1962 htcreticis
2499 1906 2830 1969 restiterunt,
2863 1906 3006 1960 sicut
3026 1921 3134 1959 non
3159 1905 3418 1960 audemus
3437 1912 3673 1959 content-

2095 2011 2244 2060 uere,
2271 1995 2342 2049 ita
2373 2011 2481 2050 non
2525 2011 2745 2051 necesse
2792 1996 3050 2050 habemus
3103 2004 3380 2063 astruere,
3430 1995 3555 2064 quia
3606 1995 3670 2049 ad

2095 2087 2458 2142 conﬁtendam
2483 2089 2708 2157 gratiam
2740 2089 2854 2153 Dei,
2887 2088 3041 2158 cujus
3069 2089 3223 2158 operi
3262 2105 3325 2143 ac
3379 2088 3672 2156 dignationi

2096 2177 2224 2232 nihil
2253 2177 2468 2248 penitus
2495 2177 2915 2234 subtrahendum
2938 2185 3038 2243 est,
3070 2179 3201 2232 satis
3225 2177 3472 2233 sufﬁcere
3496 2179 3673 2234 credi-

2098 2284 2236 2333 mus,
2268 2267 2526 2338 quidquid
2571 2268 2864 2323 secundum
2902 2267 3185 2338 prmdictas
3215 2269 3425 2337 regulas
3452 2278 3673 2339 aposto-

2099 2358 2215 2414 licze
2239 2358 2383 2413 sedis
2409 2375 2509 2413 nos
2536 2359 2734 2429 scripta
2759 2357 3075 2422 docuerunt,
3099 2367 3156 2412 ut
3189 2375 3405 2428 prorsus
3432 2375 3538 2414 non
3568 2361 3676 2429 opi-

2099 2465 2288 2502 nemur
2317 2449 2660 2514 catholicum,
2693 2450 2835 2520 quod
2857 2450 3165 2520 apparuerit
3193 2450 3425 2520 pnctixis
3450 2460 3672 2506 sentcn-

2099 2541 2186 2594 tiis
2213 2555 2332 2595 esse
2359 2541 2713 2596 contrarium.

2167 2704 2362 2760 leest
2374 2705 2490 2758 inus
2511 2705 2773 2759 universis
2787 2705 2951 2774 episc.
2977 2720 3076 2775 per
3088 2705 3444 2760 Viennensem
3461 2713 3517 2759 et
3538 2705 3675 2759 Nar-

2100 2795 2394 2850 bonensem
2422 2796 2734 2864 provincias
2756 2795 3070 2850 constitutis
3091 2795 3142 2849 in
3174 2794 3399 2850 Domino
3425 2795 3674 2850 salutem.

2171 2887 2500 2958 Cuperemus
2530 2889 2745 2958 quidem
2776 2888 2844 2944 de
2890 2896 3192 2942 vestrarqu
3222 2886 3578 2944 Ecclesiarum
3605 2886 3676 2941 ita

2102 2979 2442 3035 ordinatione
2466 2979 2722 3047 gaudere,
2755 2987 2815 3034 ut
2862 2981 3360 3050 congratularemur
3390 2981 3569 3050 potius
3614 2980 3682 3034 dc

2105 3068 2372 3140 profectu,
2400 3081 2561 3138 quam
2592 3069 2793 3139 aliquid
2822 3071 3108 3125 admissum
3139 3081 3325 3126 contra
3348 3071 3682 3140 disciplinam

421 3163 557 3217 adeo
585 3172 760 3216 totum
791 3161 954 3216 divini
995 3161 1177 3230 operis
1202 3175 1324 3214 esse
1353 3159 1598 3225 sentitur,
1641 3167 1699 3212 ut
1737 3158 1854 3213 hmo
1894 3157 2004 3213 elli-
2029 3169 2075 3231 ρ
2108 3161 2529 3216 ecclesiasticam
2558 3160 2880 3216 doleremus.
2911 3161 2991 3216 Ad
3015 3171 3253 3216 nostram
3273 3163 3416 3217 enim
3447 3163 3683 3218 laetitiam

423 3253 585 3307 cienti
631 3253 744 3307 Deo
786 3253 1076 3320 gratiarum
1119 3266 1334 3319 semper
1364 3251 1508 3304 actio
1563 3249 1842 3318 laudisque
1867 3265 2001 3304 con-

426 3344 584 3400 fessio
611 3359 712 3414 pro
744 3343 1133 3399 illuminatione
1192 3342 1377 3396 talium
1425 3341 1511 3396 vel
1557 3341 1893 3395 correctione
1919 3356 2006 3395 rc-

431 3439 653 3493 letatur.

434 3569 581 3636 Quod
601 3567 942 3642 gratiamrDei
976 3569 1127 3621 etiam
1155 3567 1585 3642 baptizantlornm
1616 3574 1826 3642 testatur
1854 3567 2004 3642 insti-

498 3635 622 3693 tuta'
639 3641 898 3712 purgatio,
955 3655 1068 3712 eum
1118 3635 1418 3712 erat-ritimis
1448 3645 1516 3712 __et
1573 3635 2009 3704 existimationibus

500 3707 711 3778 spiritus
735 3707 798 3762 ab
828 3712 904 3762 eis
925 3708 1203 3780 abiguntur
1225 3707 1496 3762 immundi.

502 3822 615 3876 ΧΠ.
646 3821 782 3876 illud
807 3821 992 3886 etiam,
1020 3821 1166 3890 quod
1206 3821 1354 3876 circa
1397 3819 1750 3888 baptizandus
1789 3821 1840 3873 in
1897 3820 2014 3874 uni-

436 3930 590 3969 verso
639 3911 840 3967 mundo
869 3919 1056 3968 sancta
1087 3909 1332 3966 Ecclesia
1375 3910 1712 3965 unil'ormiter
1750 3911 1879 3977 agit,
1908 3925 2013 3963 non

436 4006 612 4060 otioso
641 4001 1073 4071 contemplamur
1100 4001 1318 4054 intuitu.
1344 4000 1480 4054 Cum
1509 4001 1624 4056 sive
1654 3999 1881 4070 parvuli,
1901 4000 2016 4054 sive

434 4096 658 4164 juvenes
685 4094 753 4148 ad
769 4091 1192 4160 regenerationis
1219 4093 1442 4146 veniunt
1465 4100 1886 4158 sacramentum,
1910 4106 2015 4146 non

436 4184 581 4250 prius
603 4184 806 4237 fontem
835 4183 958 4236 vita:
981 4181 1202 4246 adeunt,
1226 4196 1387 4250 quam
1410 4182 1726 4236 exorcismis
1771 4189 1828 4235 et
1846 4181 2021 4236 exsuf-

438 4273 743 4328 llationibus
771 4272 1089 4328 clericorum
1120 4272 1339 4342 spiritus
1361 4273 1431 4326 ab
1460 4272 1540 4327 eis
1575 4273 1879 4327 immundus
1898 4271 2017 4328 abt-

436 4375 619 4434 gatur,
667 4373 728 4418 ut
771 4373 900 4418 tunc
942 4379 1069 4418 vere
1116 4371 1406 4433 appareat,
1445 4363 1716 4446 quomodo
1769 4364 2020 4435 princeps

437 4457 617 4512 mundi
645 4457 806 4524 hujus
833 4456 1078 4510 mittatur
1105 4454 1271 4520 foras,
1301 4465 1357 4510 et
1407 4456 1682 4524 quomodo
1725 4457 1873 4528 prius
1899 4457 2020 4512 alli-

2109 3259 2158 3304 et
2190 3250 2468 3306 benefacta
2499 3253 2832 3322 perveniunt,
2862 3262 2918 3307 et
2947 3255 3191 3308 Iumroris
3217 3253 3418 3308 aculeis
3446 3269 3546 3308 uos
3569 3269 3685 3323 qutc

2111 3340 2324 3396 fuerunt
2345 3343 2649 3410 malefacta,
2666 3352 3052 3414 compungunt.
3074 3344 3181 3400 Nec
3199 3346 3362 3400 silere
3383 3359 3686 3415 possumus,

2110 3451 2231 3487 cum
2261 3435 2329 3489 ad
2359 3436 2483 3502 hoc,
2508 3444 2566 3490 ut
2593 3436 2662 3491 ab
2690 3437 2886 3492 illicitis
2911 3454 3230 3494 revocemus
3255 3439 3494 3508 aliquos,
3518 3439 3680 3493 ofﬁcii

2113 3530 2281 3583 nostri
2308 3544 2670 3599 provocemur
2696 3531 2974 3599 instinctu,
3006 3532 3058 3585 in
3089 3533 3321 3601 speculis
3352 3547 3383 3586 a
3426 3531 3538 3586 Deo
3571 3546 3689 3586 con-

2111 3623 2303 3686 stituti,
2317 3633 2376 3677 ut
2396 3623 2684 3692 vigilantiae
2707 3633 2901 3679 nostrzc
2912 3623 3239 3694 diligentiam
3256 3624 3691 3694 comprobantes,

2113 3723 2168 3769 ct
2197 3731 2314 3784 qua:
2361 3717 2658 3771 coercenda
2705 3725 2830 3771 sunt
2873 3732 3200 3779 reseccmus,
3234 3725 3288 3771 et
3335 3732 3455 3786 qua:
3504 3718 3693 3772 obser-

2113 3809 2284 3862 vanda
2328 3817 2454 3864 sunt
2493 3811 2818 3864 sauciaxuus.
2863 3809 2932 3864 Et
2959 3811 3202 3878 quamvis
3234 3811 3374 3864 circa
3403 3809 3691 3879 longinqua

2115 3897 2369 3966 spiritalis
2398 3913 2525 3950 cura
2554 3914 2658 3951 non
2687 3898 2890 3965 deﬁcit,
2911 3897 3004 3952 sed
3029 3913 3126 3966 per
3146 3899 3345 3963 omnia,
3370 3912 3473 3967 qua
3500 3913 3692 3953 nomen

2118 3987 2211 4041 Dei
2241 3989 2580 4058 prtedicatur,
2600 3989 2841 4043 extrudit
2867 4006 2879 4041 :
2910 4005 3011 4042 nec
3039 3989 3283 4044 notitiam
3313 3998 3548 4045 nostram
3571 3993 3694 4045 sub-

2118 4075 2428 4147 terfugiuut,
2473 4093 2592 4146 qua:
2640 4078 2692 4131 in
2743 4078 3078 4134 eversionem
3137 4079 3442 4149 regularum
3473 4080 3696 4134 novella:

2115 4171 2548 4240 praesumptionis
2582 4171 2907 4226 auctoritate
2939 4178 3233 4226 tentantur.

2121 4280 2271 4349 Quod
2297 4302 2399 4341 non
2429 4285 2644 4338 debeant
2666 4284 2957 4356 sacerdotes
2979 4293 3066 4337 aut
3087 4285 3275 4344 clerici,
3306 4286 3480 4338 amicti
3522 4285 3698 4356 palliis

2295 4365 2344 4408 et
2363 4357 2626 4425 prtrcincti
2656 4355 2864 4420 lumbis,
2891 4356 2945 4409 in
2974 4356 3190 4408 ecclesia
3207 4357 3520 4410 ministrare.

2191 4443 2326 4499 XIV.
2359 4445 2653 4500 Di-lieimus
2691 4446 2834 4501 enim
2861 4446 3123 4516 quosdam
3151 4445 3364 4502 Domini
3392 4449 3701 4504 sacerdotes

436 4558 589 4618 setm-
635 4548 790 4604 fonis
835 4547 1034 4620 (Joan,
1069 4563 1175 4613 xu;
1207 4547 1398 4602 Matth.
1441 4564 1546 4614 3n;
1588 4547 1758 4602 Marc.
1799 4549 1907 4619 ιη),
1959 4559 2018 4605 (ξι
2049 4538 2096 4596 Ι)
2121 4539 2493 4607 superstitioso
2547 4541 2726 4610 potius
2774 4539 2939 4594 cultui
2987 4539 3250 4594 inservire
3296 4555 3456 4609 quam
3506 4542 3696 4595 mentis

436 4641 688 4710 deinceps
713 4655 840 4694 vasa
865 4639 982 4706 ejus
1003 4638 1322 4708 diripiantur
1345 4638 1396 4692 in
1424 4638 1818 4708 possessionem
1841 4649 2016 4695 trans-

439 4731 540 4783 lata
569 4731 810 4793 victoris,
844 4730 934 4797 qui
955 4729 1219 4798 captivam
1242 4728 1394 4782 ducit
1427 4730 1815 4797 captivitatem,
1843 4738 1901 4783 ct
1926 4731 2020 4784 dat

439 4825 574 4878 dona
622 4825 932 4879 hominibus
978 4822 1197 4896 (Eplies.
1229 4824 1325 4890 tv).
1360 4822 1454 4876 His
1483 4837 1613 4890 ergo
1637 4821 2019 4877 ecclesiasticis

443 4914 651 4981 regulis,
678 4923 733 4968 et
762 4930 828 4968 ex
851 4913 1029 4968 divina
1057 4913 1284 4978 sumptis
1312 4913 1634 4966 auctoritate
1660 4911 2014 4974 documentis,

443 5004 530 5065 ita,
555 5005 843 5073 adjuvante
871 5004 1113 5065 Domino,
1133 5001 1454 5058 conformati
1473 5018 1676 5068 sumus,
1693 5011 1753 5057 ut
1773 5003 2014 5057 omnium

443 5096 704 5150 bonorum
725 5095 1040 5160 aﬁectuum,
1065 5103 1230 5163 atque
1250 5107 1475 5162 operum
1497 5099 1552 5148 et
1566 5093 1805 5148 omnium
1823 5093 2022 5148 studio-

443 5203 574 5251 rum,
602 5186 954 5254 omniumque
983 5185 1256 5248 virtutum,
1281 5184 1475 5254 quibus
1497 5183 1565 5238 ab
1591 5183 1742 5238 initio
1791 5181 1912 5237 ﬁdei
1955 5183 2022 5236 ad

445 5277 605 5331 Deum
629 5277 884 5338 tenditur,
916 5277 1082 5331 Deum
1127 5276 1475 5346 proﬁteamur
1500 5284 1804 5343 auctorem,
1832 5284 1888 5330 ct
1913 5292 2020 5333 non

444 5367 747 5420 dubitemus
798 5368 869 5419 ab
917 5367 1084 5436 ipsius
1128 5366 1299 5433 gratia
1329 5365 1510 5420 omnia
1555 5366 1790 5420 hominis
1829 5367 2020 5422 merita

447 5455 742 5520 prmveoiri,
766 5469 864 5524 per
882 5468 1043 5523 quem
1077 5455 1155 5522 ﬁt,
1187 5464 1245 5508 ut
1270 5455 1471 5524 aliquid
1494 5455 1620 5509 boui
1640 5465 1700 5510 et
1719 5457 1859 5511 velle
1884 5457 2020 5513 inei-

451 5545 667 5613 piamus,
691 5553 749 5598 et
776 5544 977 5599 facere.
1010 5543 1128 5611 Quo
1154 5545 1340 5614 utique
1384 5545 1584 5600 auxilio
1602 5554 1658 5600 et
1682 5562 1904 5602 munere
1924 5547 2020 5602 Dei

453 5652 549 5689 non
575 5636 815 5692 aufertur
836 5637 1061 5690 liberum
1104 5636 1401 5701 arbitrium,
1429 5637 1523 5690 sed
1552 5637 1836 5703 liberatur,
1861 5648 1920 5693 ut
1953 5639 2020 5694 de

455 5728 729 5781 tenebroso
759 5726 1021 5788 lucidum,
1065 5726 1135 5782 de
1182 5743 1347 5796 pravo
1393 5735 1622 5791 rectum,
1655 5728 1722 5784 de
1765 5729 2020 5799 languido

456 5829 655 5886 satiati),
687 5818 760 5874 de
789 5816 1125 5888 imln'udentc
1149 5817 1218 5871 sit.
1251 5814 1547 5886 providum.
1573 5816 1744 5873 Tanta
1771 5818 1912 5873 enim
1937 5830 2020 5873 est

2118 4633 2204 4686 vel
2227 4631 2346 4686 ﬁdei
2369 4631 2604 4702 puritati.
2631 4630 2736 4686 Sed
2761 4647 2868 4685 non
2900 4630 3116 4698 tnirum,
3151 4630 3195 4684 si
3229 4639 3416 4685 centra
3444 4632 3699 4686 ecclesia-

2117 4727 2312 4781 sticum
2334 4739 2536 4777 morem
2558 4722 2778 4786 faciunt,
2807 4722 2898 4791 qui
2929 4723 2979 4776 in
3003 4721 3239 4777 Ecclesia
3270 4738 3374 4776 non
3397 4731 3700 4785 creverunt,

2119 4816 2213 4871 sed
2242 4815 2348 4870 alio
2381 4813 2655 4868 venientes
2705 4813 2896 4867 itinere
2925 4827 3107 4868 secum
3139 4813 3253 4866 lucc
3297 4813 3348 4866 in
3380 4811 3700 4877 Ecclesiam,

2119 4923 2239 4978 qua:
2289 4907 2342 4961 iu
2399 4907 2503 4960 alia
2553 4905 2965 4960 conversatione
3018 4905 3334 4968 habuerant,
3386 4900 3700 4966 intulerunt,

2123 4999 2305 5055 amicti
2352 4999 2516 5070 pallio
2545 5006 2601 5053 et
2629 4997 2836 5052 lumbos
2862 4996 3135 5066 pran‘iucti
3165 4994 3390 5048 credunt
3416 5008 3475 5049 se
3499 5004 3700 5049 sancta:

2122 5091 2414 5160 Scriptura:
2444 5087 2621 5153 fidem,
2653 5103 2761 5143 non
2791 5103 2887 5156 per
2915 5086 3194 5155 Spiritum,
3217 5084 3310 5138 sed
3342 5101 3439 5154 per
3467 5085 3699 5142 litteram

2124 5181 2508 5251 completuros.
2534 5178 2668 5232 Nam
2711 5179 2756 5232 si
2795 5177 2861 5230 ad
2905 5177 3010 5230 hoc
3047 5175 3148 5228 ista
3181 5186 3448 5246 praecepta
3477 5185 3621 5244 sunt,
3647 5191 3702 5233 ut

2115 5274 2304 5336 taliter
2346 5279 2712 5338 servarentur,
2766 5285 2861 5322 cur
2903 5283 3010 5321 non
3061 5268 3191 5321 ﬁunt
3221 5270 3420 5336 pariter
3450 5287 3569 5340 qua:
3612 5290 3698 5326 sc-

2122 5372 2380 5432 quuntnr,
2407 5371 2465 5416 ut
2488 5361 2726 5416 lucerna:
2756 5361 2808 5414 in
2855 5360 3100 5416 manibus
3129 5361 3381 5416 ardentes
3423 5380 3528 5418 una
3577 5381 3698 5420 cum

2124 5455 2316 5510 baculo
2349 5454 2678 5510 teneantur?
2713 5450 2922 5506 llabcnt
2969 5468 3124 5506 suum
3157 5452 3255 5506 ista
3284 5455 3618 5524 mysterium,
3649 5465 3702 5510 et

2123 5545 2540 5614 intelligentibus
2569 5545 2639 5598 ita
2670 5545 2816 5598 clara
2840 5553 2984 5609 sunt,
3016 5554 3072 5598 ut
3093 5560 3154 5598 ea
3186 5546 3376 5612 magis,
3397 5561 3504 5615 qua
3524 5547 3702 5614 decet,

2123 5638 2517 5706 signiﬁcatione
2547 5645 2849 5692 serventur.
2893 5637 3024 5690 Nam
3063 5636 3114 5690 in
3146 5636 3446 5692 lumborum
3476 5640 3703 5707 prmi-iu-

2123 5732 2305 5786 ctione
2318 5729 2558 5792 castitas,
2574 5730 2624 5782 iu
2655 5728 2850 5783 baculo
2874 5727 3109 5796 regimen
3135 5727 3422 5794 pastorale,
3446 5728 3499 5780 in
3529 5728 3702 5780 lucer-

2123 5824 2204 5878 nis
2254 5821 2565 5876 ardentibus
2609 5819 2735 5875 boni
2790 5818 2964 5888 fulgor
3005 5817 3184 5885 operis
3231 5815 3318 5888 (de
3347 5828 3454 5884 quo
3482 5814 3694 5881 dicitur,
3731 5863 3748 5870 -
