3976 6196
286 324 392 380 175

1509 318 1864 378 DIONYSIUS
1903 320 2222 377 EXIGUUS.

3448 321 3556 373 5.76

285 456 450 514 opera
478 447 654 497 vestra
681 439 919 509 luceant)
950 438 1235 494 indicatur.
1269 436 1475 492 Habent
1502 446 1679 494 tamen
1705 439 1865 493 istum
1900 455 1939 505 Α
1974 442 2065 496 bet
2091 442 2234 496 enim
2265 448 2395 495 ante
2422 453 2542 495 esse
2569 438 2884 509 discipulus,
2909 437 3153 509 quisquis
3190 438 3384 494 doctor
3432 454 3555 495 esse

284 535 508 591 forsitan
555 532 757 587 cultum
805 546 1010 589 morem
1058 530 1238 601 potius
1282 545 1445 599 quam
1476 530 1743 585 rationem
1774 546 1864 585 se-

283 632 535 692 quentes,
560 624 653 691 qui
683 621 1067 676 remotioribus
1091 620 1337 675 habitant
1363 620 1518 686 locis,
1542 630 1595 674 et
1622 620 1809 689 procul
1834 636 1865 673 a

286 714 497 769 caeteris
525 712 747 780 degunt,
770 710 909 765 unde
938 711 1026 764 hic
1050 710 1262 765 habitus
1292 712 1342 764 in
1365 709 1621 764 Ecclesiis
1641 706 1867 764 Gallica-

286 807 387 871 nis,
414 813 471 859 ut
518 813 599 858 tot
626 819 911 867 annorum,
949 812 1326 871 tantorumque
1359 802 1669 873 pontilicutn
1701 802 1755 855 in
1785 802 1863 855 al-

286 908 460 953 terum
499 896 739 950 habitum
777 894 1111 949 consuetudo
1142 895 1417 948 vertatur?
1447 892 1793 947 Discernendi
1832 908 1863 946 a

287 989 442 1058 plebe
470 987 557 1043 vel
580 988 795 1042 caeteris
839 1002 1024 1041 sumus
1069 986 1333 1051 doctrina,
1378 1001 1483 1038 non
1538 993 1703 1048 veste,
1735 1000 1864 1036 con-

288 1078 607 1143 versatione,
635 1092 742 1132 non
772 1076 957 1131 habitu
978 1118 993 1143 ,
1024 1076 1219 1130 mentis
1260 1076 1514 1145 puritate,
1547 1088 1654 1127 non
1693 1072 1861 1126 cultu.

286 1168 415 1225 Nam
437 1169 484 1224 si
502 1168 721 1224 studere
746 1168 1064 1238 incipiamus
1092 1167 1337 1230 novitati,
1369 1166 1622 1220 traditum
1650 1163 1804 1219 nobis
1832 1177 1863 1216 a

284 1260 531 1318 Patribus
559 1261 803 1317 ordinem
830 1259 1183 1321 calcabimus,
1228 1266 1286 1312 ut
1309 1258 1484 1312 locum
1513 1254 1865 1325 supervacuis

282 1356 752 1427 superstitionibus
781 1353 1059 1407 faciamus.
1094 1350 1277 1406 Rudes
1298 1364 1426 1420 ergo
1450 1350 1680 1405 fidelium
1709 1363 1863 1403 men-

286 1457 367 1504 tes
393 1447 460 1502 ad
488 1446 615 1501 talia
644 1461 752 1500 non
796 1444 1055 1499 debemus
1104 1442 1379 1497 inducere.
1432 1439 1669 1496 Doceodi
1721 1440 1864 1494 enim

283 1547 409 1596 sunt
437 1540 615 1610 potius
647 1552 807 1606 quam
855 1534 1094 1601 ludendi,
1144 1549 1245 1589 nec
1270 1530 1649 1603 imponendum
1677 1545 1863 1585 eorum

284 1637 367 1683 est
387 1628 576 1689 oculis,
632 1626 725 1681 sed
752 1626 1022 1681 mentibus
1053 1622 1379 1679 infundenda
1409 1630 1674 1690 praecepta
1716 1628 1859 1673 sunt.

285 1719 454 1774 Erant
496 1718 714 1787 quidem
742 1717 940 1780 multa,
987 1730 1106 1786 qua:
1146 1729 1245 1784 pro
1282 1712 1564 1781 disciplina
1603 1708 1861 1765 ecclesia-

282 1812 438 1875 stica,
463 1810 546 1864 vel
574 1809 741 1878 ipsius
766 1808 843 1861 rei
885 1808 1064 1861 dicere
1092 1806 1300 1861 ratione
1351 1816 1651 1873 possemus,
1678 1799 1771 1857 sed
1794 1800 1862 1854 ab

283 1900 368 1954 bis
397 1899 464 1953 ad
490 1900 594 1953 alia
633 1899 978 1955 devocamur.

426 2036 578 2103 Quod
603 2037 731 2091 nulli
761 2036 826 2089 sit
850 2034 1029 2088 ultima
1071 2033 1369 2104 paenitentia
1395 2030 1717 2102 deneganda.

354 2148 469 2204 XV.
518 2147 849 2217 Agnovimus
898 2145 1042 2200 enim
1084 2143 1460 2215 paenitentiam
1509 2137 1863 2197 morientibus

282 2240 555 2309 denegari,
581 2253 680 2295 nec
710 2237 922 2292 illorum
948 2234 1228 2291 desideriis
1256 2233 1439 2299 abnui,
1462 2232 1555 2302 qui
1583 2230 1761 2285 obitus
1781 2228 1864 2284 sui

283 2340 526 2402 tempore
549 2330 653 2384 hoc
682 2327 875 2382 anima:
902 2340 1012 2381 sua:
1048 2326 1273 2394 cupiunt
1300 2322 1538 2378 remedio
1566 2318 1859 2375 subveniri.

282 2423 574 2478 llorremus
603 2420 819 2492 (fateor)
851 2428 1013 2473 tantae
1045 2415 1334 2486 impietatis
1356 2415 1589 2486 aliquem
1618 2412 1859 2483 reperiri,

283 2521 341 2566 ut
381 2511 449 2565 de
494 2511 586 2564 Dei
631 2510 831 2579 pietate
859 2508 1146 2577 desperet:
1180 2506 1335 2575 quasi
1378 2522 1485 2560 non
1512 2504 1681 2575 possit
1708 2502 1775 2556 ad
1802 2517 1861 2557 se

283 2602 474 2673 quovis
502 2609 745 2669 tempore
772 2597 1116 2654 concurrenti
1167 2610 1512 2657 succurrere,
1544 2602 1600 2649 et
1646 2592 1859 2663 pericli-

285 2700 486 2747 tantem
508 2689 607 2744 sub
628 2704 792 2744 onere
810 2696 1157 2757 peccatorum
1187 2686 1461 2740 hominem
1485 2683 1732 2755 perdere,
1753 2696 1861 2751 quo

281 2797 342 2839 se
361 2782 452 2837 ille
479 2781 718 2850 expediri
737 2779 1025 2843 desiderat,
1050 2788 1105 2833 et
1126 2778 1360 2834 liberari.
1391 2776 1529 2842 Quid
1552 2776 1676 2841 hoc,
1705 2788 1859 2843 rogo,

279 2874 426 2931 aliud
466 2882 569 2942 est,
599 2888 761 2942 quam
810 2871 1059 2926 morienti
1103 2878 1331 2925 mortem
1376 2869 1607 2935 addere,
1638 2867 1861 2937 ejusque

279 2967 517 3022 animam
543 2980 640 3019 sua
667 2962 1003 3027 crudelitate,
1035 2977 1100 3017 ne
1130 2961 1374 3016 absoluta
1404 2974 1525 3015 esse
1547 2958 1736 3029 possit,
1766 2973 1861 3013 oc-

280 3056 484 3122 cidere,
516 3070 638 3110 cum
689 3053 830 3108 Deus
873 3051 940 3106 ad
993 3052 1413 3106 subvenicnlum
1468 3034 1858 3120 paratissimus,

281 3147 512 3202 invitatis
531 3146 598 3201 ad
622 3144 1011 3215 pmnitentiam,
1044 3144 1121 3198 sic
1156 3142 1433 3212 promittat
1454 3140 1748 3210 peccaturi,
1779 3139 1859 3192 in-

278 3236 508 3308 quiens:
542 3234 874 3304 Quacnnque
922 3233 1008 3288 die
1064 3247 1359 3287 conversus
1404 3230 1597 3291 fuerit,
1634 3238 1856 3299 peccata

282 3329 402 3398 ejus
440 3344 547 3383 non
596 3328 990 3397 reputabuntur
1019 3326 1071 3380 ei
1100 3323 1311 3395 (Ezech.
1347 3324 1516 3393 xviii).
1541 3320 1603 3375 Et
1625 3323 1814 3375 iterum
1841 3338 1856 3374 :

280 3419 418 3476 Nolo
447 3426 677 3475 mortem
702 3416 1009 3488 peccatoris
1033 3456 1047 3483 ,
1097 3416 1193 3471 sed
1244 3424 1450 3469 tantum
1490 3421 1855 3477 convertatur,

279 3518 338 3567 et
382 3509 525 3565 vivat
572 3508 733 3581 (Ibid.
744 3516 783 3577 ).
813 3506 1051 3561 Salutem
1080 3518 1209 3574 ergo
1238 3503 1441 3559 homini
1470 3503 1680 3567 adimit,
1712 3503 1859 3571 quis-

277 3600 402 3670 quis
424 3600 612 3657 mortis
653 3608 895 3670 tempore
924 3597 1296 3668 pmnitentiam
1321 3594 1626 3663 denegarit,
1668 3602 1724 3648 et
1764 3593 1860 3648 de-

279 3701 467 3763 sperat
486 3692 557 3748 de
581 3692 867 3748 clementia
911 3689 1028 3757 Dei,
1057 3690 1149 3759 qui
1186 3704 1308 3743 eum
1339 3687 1406 3743 ad
1435 3685 1855 3741 subveniendum

277 3783 533 3838 morienti
578 3781 828 3837 sufficere
876 3781 961 3835 vel
1004 3788 1283 3835 momento
1340 3794 1500 3849 posse
1528 3794 1635 3831 non
1667 3777 1854 3831 credit.

276 3871 602 3927 I’erdidisset
631 3870 767 3926 latro
797 3870 850 3924 in
878 3885 1039 3924 cruce
1069 3867 1366 3939 pnnmium,
1399 3865 1466 3919 ad
1495 3864 1690 3919 Christi
1722 3864 1855 3919 dex-

274 3970 447 4017 teram
474 3960 734 4032 pendens,
767 3960 813 4015 si
842 3959 993 4013 illum
1020 3958 1178 4013 unius
1207 3958 1354 4012 hora:
1402 3956 1715 4027 poenitentia
1747 3970 1853 4009 non

271 4052 521 4124 iuvisset,
545 4068 666 4108 cum
712 4060 854 4108 esset
884 4052 939 4106 in
983 4066 1164 4121 pinna,
1193 4049 1464 4119 pmnituit,
1491 4056 1547 4102 et
1574 4064 1670 4118 per
1700 4047 1855 4101 unius

272 4144 539 4199 sermonis
588 4142 1020 4213 promissionem,
1054 4140 1416 4195 habitaculum
1448 4154 1583 4207 para
1600 4138 1707 4201 iisi,
1741 4136 1853 4190 Deo

273 4237 640 4306 promittente,
688 4233 985 4306 promeruit
1019 4229 1167 4302 (Luc.
1217 4232 1389 4301 χχιιι).
1437 4229 1576 4282 Vera
1626 4242 1754 4296 ergo
1786 4228 1853 4282 ad

274 4326 448 4382 Deum
476 4325 758 4381 conversio
782 4324 834 4379 in
864 4322 1064 4377 ultimis
1104 4320 1399 4391 positorum
1447 4326 1628 4373 mente
1676 4319 1853 4390 potius

274 4429 359 4475 est
381 4418 717 4485 :cstimanda,
746 4433 908 4486 quam
958 4426 1222 4486 tempore,
1247 4412 1517 4483 Propheta
1548 4412 1651 4466 hoc
1672 4410 1854 4464 taliter

272 4518 570 4573 asserente,
603 4509 737 4564 Cum
788 4524 1080 4565 conversus
1124 4506 1467 4574 ingemueris,
1496 4512 1620 4558 tunc
1672 4501 1854 4555 salvus

273 4606 382 4662 eris
402 4602 612 4674 (Ezecli.
631 4598 1015 4669 XV'lll,‘XIXIll).
1045 4598 1179 4653 Cum
1211 4610 1339 4663 ergo
1369 4595 1624 4649 Dominus
1644 4595 1712 4649 sit
1731 4608 1851 4647 cor-

272 4699 357 4755 dis
375 4698 646 4768 inspector
668 4695 718 4764 (1
745 4694 874 4766 Reg.
901 4709 1018 4755 xvi;
1053 4690 1169 4746 Jer.
1218 4688 1371 4761 xvii),
1394 4689 1585 4759 quovis
1610 4697 1851 4757 tempore

273 4804 381 4849 non
421 4796 504 4842 est
549 4785 862 4855 deneganda
891 4783 1207 4855 ptenitentia
1244 4781 1560 4851 postulanti,
1608 4796 1728 4835 cum
1773 4779 1848 4835 illi

273 4897 333 4943 se
381 4878 583 4948 obliget
624 4876 828 4948 judici,
868 4875 952 4929 cui
1008 4874 1221 4929 occulta
1268 4872 1449 4927 omnia
1498 4870 1705 4926 noverit
1760 4886 1847 4925 re-

272 4970 459 5025 velari.

276 5106 428 5174 Quod
475 5126 564 5178 per
606 5109 795 5177 gradus
822 5103 1192 5183 ecclesiasticos
1220 5100 1295 5183 ad.
1315 5100 1638 5169 episcopatus
1666 5097 1848 5151 debeat
1900 5162 1911 5173 .

797 5176 1017 5247 ofﬁcium
1044 5173 1318 5241 perveniri.

346 5288 484 5344 XVI.
508 5286 794 5344 Ordinatus
844 5303 971 5343 vero
997 5284 1280 5358 quosdam,
1305 5284 1496 5338 fratres
1523 5277 1843 5342 charissimi,

272 5383 578 5452 episcopos,
601 5380 689 5448 qui
710 5379 866 5433 nullis
885 5377 1267 5433 ecclesiasticis
1297 5374 1573 5429 ordinibus
1597 5372 1663 5426 ad
1685 5379 1847 5424 tantm

272 5470 546 5540 dignitatis
574 5466 840 5534 fastigium
871 5464 1067 5519 fuerint
1115 5465 1365 5527 instituti,
1390 5469 1581 5517 contra
1626 5459 1843 5513 Patrum

270 5571 507 5627 decreta,
537 5560 693 5628 hujus
720 5557 1086 5628 usurpatione,
1116 5558 1206 5626 qui
1254 5570 1312 5610 se
1360 5556 1463 5611 hoc
1509 5551 1845 5620 recognoscit

272 5658 485 5720 fecisse,
516 5653 817 5716 didicimus,
842 5665 962 5705 cum
985 5650 1050 5703 ad
1079 5650 1448 5721 episc0patum
1470 5646 1551 5699 his
1572 5644 1840 5713 gradibus,

272 5748 466 5819 quibus
488 5742 915 5813 frequentissime
944 5746 1159 5794 cautum
1187 5746 1286 5800 est,
1317 5737 1513 5790 debeat
1540 5734 1838 5803 perveniri,

276 5848 332 5892 ut
359 5835 654 5893 minoribus
682 5830 873 5889 initiati
896 5828 1085 5884 ofﬁciis
1110 5826 1174 5881 ad
1197 5825 1401 5894 majora
1423 5826 1716 5883 ﬁrmentur.
1740 5823 1842 5877 De-

1965 534 2256 602 desiderat,
2284 542 2341 587 ut
2366 534 2533 604 possit
2555 533 2755 589 docere
2806 532 2951 602 quod
2991 532 3193 587 didicit.
3219 530 3405 585 Omnis
3432 535 3553 586 vita:

1966 626 2232 679 institutio
2262 626 2363 679 hac
2388 624 2455 679 ad
2486 625 2534 678 id
2581 640 2689 695 quo
2733 624 2903 679 tendit
2928 638 2986 678 se
3011 624 3220 677 ratione
3245 621 3549 677 confirmat.

1966 718 2068 783 Qui
2095 717 2313 770 minime
2361 716 2553 771 litteris
2602 730 2823 785 operam
2855 715 3083 775 dederit,
3110 723 3411 783 prmceptor
3434 728 3554 768 esse

1967 821 2071 861 non
2101 815 2278 874 potest
2305 806 2624 860 litterarum.
2656 805 2757 871 Qui
2790 822 2897 861 non
2927 820 3023 876 per
3051 806 3257 875 singula
3285 806 3461 874 stipen
3485 806 3550 859 lia

1966 898 2218 961 creverit,
2252 897 2318 950 ad
2346 897 2631 951 emeritum
2658 896 2910 967 stipendii
2938 896 3183 951 ordinem
3206 911 3341 950 onon
3372 905 3551 966 potest

1964 990 2245 1060 pervenire
2272 1006 2283 1041 :
2316 988 2488 1043 solum
2515 988 2871 1043 sacerdotium
2900 988 3039 1042 inter
3066 988 3184 1055 ista,
3209 1002 3362 1057 rogo,
3398 989 3551 1044 vilius

1965 1094 2069 1151 est,
2090 1082 2233 1152 quod
2263 1082 2469 1137 facilius
2493 1080 2765 1148 tribuitur,
2788 1096 2907 1135 cum
2932 1078 3203 1135 difﬁcilius
3224 1079 3548 1149 impleatur?

1965 1177 2069 1231 Sed
2096 1176 2206 1245 jam
2243 1192 2348 1230 non
2397 1174 2528 1230 satis
2552 1182 2637 1229 est
2682 1174 2847 1228 laicos
2891 1173 3163 1240 ordinare,
3195 1190 3331 1242 quos
3358 1174 3537 1230 nullus

1968 1267 2081 1322 ﬁeri
2112 1265 2245 1321 ordo
2273 1265 2555 1337 permittit,
2579 1264 2673 1319 sed
2700 1264 2862 1318 etiam
2891 1276 3116 1333 quorum
3142 1263 3366 1317 crimina
3388 1263 3547 1330 longe

1966 1356 2184 1426 lateque
2210 1370 2306 1425 per
2355 1368 2545 1409 omnes
2570 1369 2709 1424 pene
2737 1362 2863 1407 sunt
2892 1360 3019 1407 nota
3042 1353 3365 1423 provincias,
3397 1354 3548 1410 ordi-

1966 1455 2181 1501 nantur.
2216 1444 2401 1499 Daniel
2428 1445 2571 1498 enim
2600 1458 2774 1513 nuper
2794 1443 2955 1498 missa
2981 1443 3245 1497 mlatione
3271 1458 3337 1497 ex
3357 1440 3545 1498 Orien-

1967 1537 2161 1593 talibus
2190 1535 2259 1589 ad
2282 1550 2381 1590 nos
2409 1534 2669 1604 partibus,
2701 1535 2769 1589 ab
2794 1535 2963 1601 omni,
2985 1533 3127 1603 quod
3150 1542 3413 1598 tenuerat,
3439 1535 3545 1589 vir-

1966 1629 2149 1698 ginum
2173 1627 2508 1683 monasterio
2529 1626 2748 1682 nefariis
2774 1634 2857 1681 est
2894 1626 3293 1694 objectionibus
3320 1641 3543 1682 accusa-

1967 1727 2073 1786 tus,
2102 1718 2268 1772 multa
2294 1718 2363 1772 de
2390 1717 2574 1773 multis
2602 1716 2812 1786 objecta
2844 1714 3063 1779 ﬂagitia.
3104 1716 3163 1771 In
3207 1731 3439 1785 quanam
3467 1716 3544 1771 la-

1890 1832 1937 1894 B
1967 1818 2106 1894 teret
2133 1818 2398 1879 terrarum
2426 1816 2581 1879 parte
2608 1810 2863 1879 quarsitus
2884 1816 2987 1877 est,
3011 1816 3068 1862 ut
3094 1809 3139 1863 si
3158 1822 3267 1863 sua:
3286 1809 3542 1865 innocen-

1968 1902 2054 1956 tiae
2080 1899 2391 1964 conﬁderet,
2410 1906 2599 1954 contra
2620 1914 2679 1955 se
2694 1899 2951 1969 judicium
2970 1901 3296 1970 postulatum
3324 1901 3542 1957 minime

1964 1991 2279 2057 declinaret,
2330 1991 2506 2046 missas
2558 1991 2626 2046 ad
2674 1991 3044 2046 Arelatensem
3092 1992 3403 2061 episcopum
3444 2006 3543 2061 per

1964 2082 2319 2139 Fortunatam
2344 2081 2733 2137 subdiaconum
2761 2090 3005 2136 nostrum
3053 2081 3464 2151 praeceptiones,
3484 2090 3541 2136 ut

1965 2173 2032 2229 ad
2049 2173 2311 2242 judicium
2340 2172 2701 2228 destinaretur
2728 2170 3055 2241 episcopale.
3079 2169 3265 2225 Tantis
3290 2180 3541 2240 gravatus

1965 2265 2309 2329 testimoniis,
2355 2271 2505 2318 tanta
2534 2263 2835 2317 facinorum
2884 2261 3229 2317 accusatione
3280 2260 3541 2331 pulsatus,

1962 2372 2239 2413 sacrarum
2269 2356 2351 2428 (ut
2368 2354 2584 2423 dicitur)
2615 2354 2878 2422 virginum
2906 2353 3144 2423 pollutus
3182 2353 3391 2408 incestu
3419 2352 3538 2422 epi-

1962 2464 2158 2519 scopus
2187 2446 2443 2502 asseritur
2470 2446 2768 2501 ordinatus.
2798 2444 2857 2500 In
2887 2445 3085 2500 nostris
3122 2444 3286 2499 libelli
3330 2444 3542 2499 scriniis

1963 2539 2326 2599 continentur,
2359 2550 2589 2606 quorum
2630 2534 2697 2589 ad
2737 2550 2833 2590 vos
2859 2548 3075 2603 quoque
3101 2533 3429 2603 exemplaria
3457 2533 3541 2587 di-

1964 2630 2216 2684 reximus.
2266 2627 2325 2682 In
2354 2626 2614 2697 pontiﬁcii
2644 2625 2956 2695 dignitatem
3005 2625 3110 2680 hoc
3139 2633 3403 2694 tempore,
3434 2638 3541 2694 quo

1964 2720 2031 2775 ad
2061 2735 2279 2775 causam
2310 2718 2589 2773 dicendam
2620 2717 2798 2772 missis
2825 2730 2856 2769 a
2887 2715 3045 2770 nobis
3074 2716 3266 2770 litteris
3310 2714 3543 2769 vocaba-

1963 2820 2069 2875 tur,
2100 2810 2358 2880 obrepsit.
2392 2807 2561 2863 Sacro
2584 2806 2789 2861 nomini
2815 2806 2955 2861 absit
2984 2804 3199 2875 injuria,
3231 2802 3440 2859 facilius
3460 2811 3543 2858 est

1961 2909 2021 2955 ut
2049 2902 2189 2956 hanc
2216 2899 2531 2969 dignitatem
2572 2897 2665 2952 tali
2694 2896 2873 2951 dando
2902 2895 3019 2966 ipse
3059 2894 3299 2949 amiserit
3327 2894 3543 2949 ordina-

1962 3001 2068 3059 tor,
2092 3007 2254 3061 quam
2284 3006 2405 3046 eam
2436 2990 2677 3045 obtineat
2704 2988 3014 3056 ordinatus,
3040 2989 3127 3043 cui
3171 2988 3423 3043 convicto
3448 3001 3542 3041 so-

1963 3084 2210 3150 ciabitur,
2243 3083 2333 3153 qui
2355 3098 2477 3137 eum
2506 3081 2608 3136 sibi
2634 3080 2863 3136 credidit
2892 3079 3167 3149 largiendo
3208 3077 3541 3149 pontificium

1962 3174 2306 3240 scciandum;
2330 3174 2505 3242 qualis
2526 3176 2667 3227 enim
2699 3172 2813 3241 ipse
2842 3172 2931 3237 sit,
2966 3171 3209 3241 quisquis
3236 3171 3369 3225 tales
3397 3170 3543 3224 ιιι-ιιι⁴

1962 3267 2122 3330 narit,
2147 3266 2399 3321 ostendit.
2424 3264 2519 3319 His
2548 3279 2678 3333 ergo
2730 3264 2782 3318 in
2828 3263 3062 3317 medium
3091 3277 3233 3317 nunc
3274 3260 3539 3325 deductis,

1960 3373 2081 3413 cum
2134 3358 2377 3428 plerique
2422 3369 2659 3411 vestrum
2704 3357 2841 3420 sint,
2896 3355 2988 3424 qui
3036 3354 3346 3423 apostolica:
3397 3355 3542 3409 sedis

1959 3456 2161 3503 statuta
2224 3448 2575 3516 cognoverint
2634 3447 2912 3501 nobiscum
2960 3453 3206 3514 tempore
3264 3445 3539 3513 aliquanto

1958 3540 2190 3607 versati,
2239 3538 2307 3593 ad
2355 3538 2646 3608 disciplina:
2695 3551 2973 3602 normam,
3030 3536 3230 3592 nostris
3274 3544 3536 3590 conventa

1960 3630 2461 3695 adhortationibus,
2502 3628 2683 3684 omnia
2744 3627 3052 3682 fraternitas
3105 3634 3284 3682 vestra
3310 3637 3540 3680 evocare

1958 3721 2190 3776 festinet.

1960 3834 2110 3903 Quod
2140 3850 2456 3906 unaqquue
2491 3835 2753 3903 provincia
2779 3849 2873 3887 suo
2912 3831 3308 3901 metropolitano
3356 3829 3537 3887 debeat

2547 3920 2658 3958 €886
2686 3912 2867 3958 conten
2877 3913 2949 3959 ta.

2028 3993 2189 4052 XVII.
2215 3993 2472 4059 Primum,
2496 4002 2556 4048 ut
2579 3993 2734 4062 juxta
2757 3993 2979 4050 decreta
2995 4008 3262 4048 canonum
3285 4007 3542 4062 unaqua-

1955 4102 2061 4156 que
2112 4086 2386 4156 provincia
2438 4099 2538 4140 suo
2581 4085 2998 4153 metropolitano
3054 4092 3308 4139 contenta
3358 4083 3446 4147 sit,
3480 4091 3536 4137 ut

1954 4176 2257 4233 decessoris
2280 4176 2451 4232 nostri
2485 4176 2611 4230 data
2653 4176 2720 4229 ad
2763 4174 3170 4230 Narbonensem
3217 4173 3527 4243 episcopum

1954 4268 2239 4325 continent
2258 4268 2571 4332 constituta,
2603 4282 2706 4321 nec
2756 4265 3118 4334 usurpationis
3168 4262 3319 4319 locus
3373 4260 3533 4317 alicui

1952 4359 2223 4416 sacerdoti
2251 4359 2306 4413 in
2343 4359 2567 4413 alterius
2595 4356 2927 4412 concedatur
2974 4354 3244 4423 injuriam.
3288 4352 3369 4407 Sit
3396 4366 3528 4407 con-

1953 4454 2121 4510 cessis
2145 4452 2247 4508 sibi
2275 4460 2561 4507 contentus
2595 4450 2961 4519 unusquisque
2988 4446 3265 4502 limitibus.
3297 4444 3448 4499 Alter
3476 4443 3530 4497 in

1879 4569 1931 4628 ι)
1957 4545 2179 4600 alterius
2208 4544 2484 4614 provincia
2512 4542 2643 4597 nihil
2675 4549 2990 4610 pratsumat,
3037 4552 3139 4592 nec
3188 4534 3429 4592 emeritis
3475 4532 3529 4586 in

1957 4635 2072 4691 suis
2092 4633 2356 4689 Ecclesiis
2382 4632 2591 4686 clericis
2621 4627 2890 4699 peregrini
2938 4636 2994 4681 et
3034 4624 3308 4690 extranei,
3336 4632 3392 4676 et
3436 4620 3531 4689 qui

1956 4732 2087 4779 ante
2104 4722 2336 4792 ignorati
2355 4728 2502 4786 sunt,
2533 4720 2599 4775 ad
2622 4718 2987 4773 exclusionem
3018 4731 3229 4779 eorum,
3252 4714 3343 4782 qui
3390 4712 3532 4768 bene

1955 4815 2024 4869 de
2048 4829 2268 4869 suorum
2293 4812 2491 4868 civium
2545 4819 2821 4865 merentur
2853 4807 3179 4871 testimonio,
3212 4819 3530 4874 praeponati-

1957 4914 2063 4972 tur,
2094 4920 2164 4960 ne
2185 4918 2383 4958 novum
2408 4900 2699 4971 quoddam,
2733 4900 2801 4953 de
2824 4914 2934 4967 quo
2964 4896 3204 4967 episcopi
3229 4894 3393 4959 liant,
3444 4894 3529 4949 in-

1952 4999 2199 5053 stitutum
2227 4994 2469 5050 videatur
2492 5009 2613 5049 esse
2633 4993 2939 5057 collegium.

2028 5107 2178 5174 Quod
2196 5107 2486 5162 nolentibus
2514 5107 2712 5159 clericis
2742 5107 2817 5158 vel
2840 5105 3041 5172 poputis
3085 5119 3232 5156 nemo
3271 5101 3454 5155 debeat

2464 5177 2729 5245 episcopus
2756 5176 3009 5229 ordinari.

2020 5269 2203 5327 XVIII.
2237 5268 2424 5323 Nullus
2445 5267 2622 5322 invitis
2647 5265 2803 5320 detur
2826 5266 3133 5334 episcOpus,
3174 5262 3324 5325 cleri,
3354 5259 3529 5331 plebis

1948 5376 2003 5421 et
2022 5365 2228 5420 ordinis
2253 5375 2569 5425 consensus,
2596 5367 2652 5413 et
2676 5357 2999 5413 desiderium
3026 5356 3344 5424 requiratur.
3378 5351 3527 5406 Tunc

1948 5459 2086 5511 alter
2112 5456 2179 5509 de
2208 5454 2376 5506 altera
2406 5448 2905 5517 eligaturEcclesia,
2934 5448 2979 5501 si
3007 5446 3073 5501 de
3098 5444 3331 5501 civitatis
3361 5443 3527 5511 ipsius

1948 5545 2180 5611 clericis,
2221 5544 2307 5597 cui
2335 5550 2418 5596 est
2446 5540 2730 5609 episcopus
2754 5536 3100 5599 ordinandus,
3135 5534 3311 5605 nullus
3334 5533 3528 5600 dignus

1947 5638 2112 5709 (quod
2140 5635 2356 5691 evenire
2386 5649 2492 5687 non
2522 5628 2809 5698 credimus)
2856 5628 3094 5698 potuerit
3123 5624 3377 5685 inveniri;
3407 5623 3524 5692 pri-

1945 5742 2093 5783 mum
2137 5726 2278 5780 enim
2307 5724 2380 5778 illi
2411 5720 2729 5787 reprobandi
2759 5728 2900 5783 sunt,
2934 5728 2993 5774 ut
3031 5717 3192 5787 aliqui
3235 5715 3305 5770 de
3332 5715 3527 5770 alienis

1943 5820 2197 5875 Ecclesiis
2220 5817 2411 5872 merito
2423 5812 2788 5887 preferantur.
2804 5811 3010 5867 Habeat
3026 5814 3390 5884 unusquisque
3413 5825 3524 5866 sua:
