3982 6196
402 351 505 407 277

1434 360 1811 420 COLLECTIO
1848 365 2309 425 DECRETORUM
2352 370 2457 426 PP.
2503 374 2628 428 RR.

3552 385 3657 441 2’8

400 471 631 525 fnictum
661 468 860 524 militia:
906 470 958 525 in
999 469 1256 538 Ecclesia,
1305 473 1356 528 in
1386 488 1491 545 qua
1541 490 1637 530 sua
1676 490 1774 546 per
1802 479 1980 533 omnia
2010 490 2056 548 Α
2088 497 2204 536 rum
2232 498 2331 553 pro
2359 484 2662 555 aliquorum
2692 485 2865 555 libitu,
2895 489 3110 546 licentia
3138 492 3349 563 populis
3377 496 3657 565 permissa,

402 560 575 615 oflicin
601 561 861 629 transegit
887 570 1123 616 aetatem.
1158 561 1215 616 In
1246 563 1419 618 aliena
1466 563 1729 635 stipendia
1759 568 1978 623 minime

403 651 538 704 alter
565 652 808 720 obrepat,
847 667 949 705 nec
970 652 1061 706 alii
1090 652 1325 707 debitam
1353 655 1488 710 alter
1516 657 1617 712 sibi
1647 658 1840 711 audeat
1872 659 1978 714 vin-

402 742 576 798 dicare
606 741 929 799 mercedem.
968 742 1048 797 Sit
1076 742 1303 798 facultas
1341 745 1552 800 clericis
1602 748 1886 813 renitendi,
1931 750 1976 805 si

400 848 453 888 se
479 833 708 887 viderint
738 834 1078 902 pungi-avari,
1129 842 1182 888 et
1210 848 1348 902 quos
1373 835 1471 889 sibi
1497 835 1666 903 ingeri
1715 852 1779 890 ex
1812 846 1979 893 trans-

399 943 557 983 verso
583 927 954 996 cognoverint,
987 942 1094 981 non
1131 926 1356 981 timeant
1386 927 1634 982 refutare.
1665 928 1764 995 Qui
1797 930 1840 984 si
1867 946 1975 985 non

397 1018 639 1073 debitum
670 1019 970 1088 praemium,
995 1017 1079 1073 vel
1101 1018 1327 1073 liberum
1353 1018 1420 1073 de
1447 1033 1535 1086 eo,
1557 1020 1647 1088 qui
1677 1036 1771 1076 eos
1800 1030 1976 1077 rectu-

396 1124 486 1162 rus
517 1118 620 1169 est,
651 1108 849 1162 debent
876 1108 1074 1163 habere
1095 1107 1375 1175 judicium.

468 1219 622 1283 Quod
649 1220 712 1274 ab
740 1222 935 1275 illicitis
960 1223 1028 1275 sit
1075 1222 1487 1277 ordinationibus
1522 1224 1901 1281 abstinendum.

468 1332 606 1388 XIX.
648 1334 995 1391 Abstincatur
1021 1337 1182 1391 etiam
1203 1338 1271 1392 ab
1296 1338 1491 1394 illicitis
1516 1339 1971 1397 ordinationibus:

395 1425 573 1479 nullus
595 1440 662 1480 ex
692 1425 862 1490 laicis,
896 1426 1071 1481 nullus
1100 1426 1360 1496 digamus,
1390 1429 1565 1484 nullus
1595 1431 1686 1499 qui
1706 1431 1777 1484 sit
1805 1432 1976 1488 vidua:

393 1514 619 1567 maritus
670 1522 765 1569 aut
792 1515 973 1579 fuerit,
1004 1517 1299 1585 ordinetur,
1340 1519 1434 1585 sed
1464 1520 1971 1589 irreprebensibilis,

2081 571 2357 641 frangatur
2380 576 2402 629 τ

2083 680 2234 749 Quod
2263 705 2364 741 non
2400 692 2686 765 conveniat,
2719 693 3023 765 coutemptis
3053 694 3253 765 clericis
3283 692 3657 765 Ecclesiarum,

2462 760 2525 812 de
2546 761 2686 815 laicis
2713 763 2979 833 episcopos
3006 764 3267 819 ordinare.

2155 865 2290 921 XXI.
2333 869 2647 929 Audivimus
2683 876 2937 942 quasdam
2985 880 3214 949 propriis
3243 881 3527 939 destitutas
3572 903 3656 942 res

2082 960 2321 1015 ctoribus
2349 962 2612 1028 civitates,
2645 966 2927 1037 episcopos
2960 968 3061 1023 sibi
3093 980 3273 1039 petere
3301 974 3438 1029 velle
3466 975 3531 1030 de
3561 977 3656 1030 lai-

2081 1052 2178 1115 cis,
2213 1061 2525 1122 tantumque
2561 1053 2828 1126 fastigium
2871 1066 2976 1113 tam
3022 1062 3124 1116 vile
3165 1062 3406 1129 credere,
3458 1074 3513 1119 ut
3553 1066 3655 1121 hoc

2080 1142 2180 1208 his,
2211 1142 2302 1212 qui
2331 1159 2437 1200 non
2468 1144 2598 1212 Deo,
2630 1146 2724 1201 sed
2750 1149 2946 1203 sceculo
2974 1150 3360 1221 militaverunt,
3389 1154 3656 1210 (estimcnt

2079 1248 2178 1287 nos
2226 1248 2385 1301 posse
2431 1235 2676 1291 conferre
2702 1254 2713 1288 :
2766 1254 2872 1292 non
2899 1240 3072 1295 solum
3104 1242 3242 1297 male
3269 1243 3335 1298 de
3363 1245 3473 1299 suis
3497 1246 3655 1300 cleri-

2078 1322 2173 1388 cis,
2208 1322 2260 1377 in
2292 1338 2521 1392 quorum
2552 1332 2916 1396 contemptum
2946 1328 3048 1407 boc
3075 1329 3301 1397 faciunt,
3329 1333 3650 1402 judicantes,

2078 1412 2171 1468 sed
2200 1414 2266 1469 de
2290 1416 2444 1471 nobis
2475 1418 2727 1486 pessime,
2767 1435 2907 1488 quos
2934 1422 3159 1477 credunt
3186 1424 3288 1479 hoc
3324 1441 3481 1496 posse
3510 1426 3651 1481 face-

2077 1518 2158 1572 re,
2205 1504 2518 1564 sentientes.
2583 1507 2737 1574 Quod
2789 1526 3063 1580 nunquam
3114 1514 3395 1583 auderent,
3446 1516 3490 1571 si
3542 1534 3645 1571 non

390 1615 445 1658 et
494 1606 708 1673 qualem
752 1606 911 1674 elegi,
952 1609 1242 1677 Apostolus
1274 1608 1325 1683 (ι
1377 1609 1507 1664 Tim.
1541 1627 1627 1677 ,ιη
1660 1610 1821 1666 Leuit
1853 1629 1971 1678 “1;
2034 1596 2431 1663 equorumdam
2457 1598 2565 1653 illic
2604 1600 2686 1655 his
2713 1603 3056 1659 consentiens
3104 1606 3367 1659 sententia
3396 1608 3651 1662 connive-

389 1694 454 1750 11
491 1696 623 1752 Tim.
679 1700 784 1769 ιιι),
818 1700 924 1753 tiat.
980 1699 1083 1755 Per
1124 1700 1344 1772 Moysen
1391 1702 1646 1758 Dominus
1688 1704 1969 1773 praecepit,

388 1790 638 1859 virginem
693 1790 917 1860 accipiat
960 1792 1199 1848 sacerdos
1247 1809 1483 1861 uxorem,
1532 1795 1874 1873 subsequitur
1913 1803 1969 1852 et

2076 1693 2177 1739 ret.
2228 1686 2302 1740 lta
2332 1688 2481 1753 nihil,
2532 1704 2650 1757 quae
2680 1690 3008 1757 frequentius
3051 1703 3176 1749 sunt
3222 1695 3650 1769 decreta,proti-

2079 1777 2227 1832 ciunt
2252 1796 2263 1831 :
2299 1787 2357 1833 ut
2375 1780 2498 1847 hoc,
2530 1784 2680 1851 quasi
2704 1799 2975 1856 nunquam
3006 1785 3072 1842 de
3094 1788 3193 1843 hac
3217 1798 3365 1858 parte
3393 1791 3649 1860 scriptum

388 1878 607 1949 supplet
636 1879 926 1948 Apostolus
954 1882 1142 1935 eodem
1167 1882 1377 1938 locutus
1407 1884 1621 1954 spiritu,
1655 1885 1811 1940 unius
1828 1868 1968 1942 uxo-

2077 1870 2257 1938 fuerit,
2302 1873 2597 1941 ignoretur,
2648 1876 2775 1944 quid
2801 1875 3039 1947 proderit
3066 1895 3163 1941 per
3190 1882 3396 1950 singula
3427 1882 3650 1938 clericos

389 1969 467 2023 ris
506 1969 681 2023 virum
726 1968 923 2025 debere
963 1972 1272 2041 episc0pum
1319 1975 1642 2030 consecrari.
1701 1974 1783 2029 Ad
1834 1976 1973 2032 hanc

389 2073 525 2127 ergo
554 2059 824 2129 eligantur
850 2060 1130 2115 formulam
1161 2063 1489 2131 sacerdotes,
1522 2072 1577 2119 et
1605 2065 1650 2120 si
1678 2079 1797 2134 qua:
1817 2065 1971 2121 factm

384 2159 518 2207 sunt
559 2152 928 2207 ordinationes
972 2153 1198 2219 illicita),
1250 2164 1660 2224 removeantur,
1715 2157 1970 2227 quoniam

385 2250 539 2298 stare
564 2258 673 2297 non
694 2250 939 2311 possunt,
989 2258 1088 2299 nec
1117 2244 1501 2300 discussionem
1549 2255 1790 2301 nostram
1840 2247 1969 2303 sub-

386 2332 660 2401 terfugere
706 2340 1005 2403 poterunt:
1055 2335 1299 2403 quamvis
1345 2334 1515 2390 latere
1576 2352 1635 2391 se
1679 2337 1966 2407 aestiment,

384 2421 624 2490 qualiter
661 2432 1040 2492 pervenerunt,
1093 2432 1150 2477 ut
1175 2423 1318 2478 nulla
1369 2425 1642 2493 religionis
1671 2429 1968 2483 reverentia

386 2512 721 2566 obscuritate
750 2512 1003 2567 fuscetur.
1036 2512 1151 2568 Non
1182 2515 1252 2569 sit
1279 2530 1413 2568 vana
1437 2516 1683 2583 gloriatio
1713 2518 1964 2586 palliatis,

386 2601 754 2671 episcopalem
794 2618 1018 2666 morem,
1070 2605 1158 2674 qui
1187 2606 1425 2676 episcopi
1457 2616 1600 2674 sunt,
1649 2618 1963 2677 sequantur.

386 2688 598 2755 Daniel,
631 2700 687 2744 nt
719 2690 970 2761 diximus,
1001 2694 1093 2762 qui
1119 2696 1517 2752 accusationem
1547 2698 1837 2768 pontificali
1871 2701 1968 2757 bo-

384 2797 523 2837 nore
545 2782 915 2853 subterfugere
946 2801 1004 2842 se
1031 2802 1191 2856 posse
1216 2782 1470 2853 credidit,
1505 2798 1560 2844 et
1587 2790 1653 2845 ad
1699 2789 1967 2861 fastigium

385 2881 599 2927 tantum
630 2882 973 2933 accusatores
997 2890 1126 2931 suos
1154 2876 1370 2933 latendo
1398 2882 1661 2948 pervenit,
1702 2896 1731 2934 a
1760 2884 1964 2938 sancti-

384 2962 513 3015 tatis
563 2972 755 3016 vestne
803 2972 945 3018 ccetu
990 2965 1205 3020 interim
1255 2982 1314 3021 se
1362 2969 1572 3023 noverit
1600 2979 1962 3040 segregatum,

384 3056 479 3126 qui
508 3071 568 3111 se
598 3066 784 3112 nostro
800 3055 1000 3127 judicio
1025 3058 1185 3113 debet
1227 3059 1485 3128 abjicere,
1532 3062 1577 3117 si
1620 3065 1965 3120 conscientiae

383 3164 497 3202 sua:
522 3149 675 3203 novit
700 3149 1079 3205 conﬁdentiam
1102 3166 1161 3205 se
1188 3152 1451 3207 obtinere.
1493 3152 1837 3211 Massiliensis
1869 3172 1961 3213 ve-

385 3253 448 3291 ro
479 3236 732 3293 Ecclesia:
753 3239 1109 3305 sacerdotem,
1139 3241 1229 3311 qui
1257 3242 1454 3298 dicitur
1483 3243 1650 3314 (quod
1685 3246 1829 3300 dictu
1864 3263 1960 3302 ne-
1988 3239 2033 3300 C

386 3327 470 3380 fas
494 3328 668 3396 est)in
685 3343 875 3383 necem
903 3328 1079 3384 fratris
1105 3331 1187 3385 sui
1210 3331 1389 3386 taliter
1408 3334 1723 3402 gratulatus,
1760 3326 1811 3390 ut
1838 3337 1964 3393 huic

384 3418 478 3487 qui
507 3419 625 3487 ejus
653 3419 911 3488 sanguine
950 3428 1261 3477 cruentatus
1302 3422 1610 3492 advenerat,
1660 3428 1962 3496 portionem

384 3521 509 3561 cum
574 3507 764 3561 eodem
794 3509 1077 3564 habiturus
1126 3519 1453 3579 occurreret,
1503 3529 1571 3569 ex
1620 3522 1798 3572 vestro
1844 3534 1964 3573 eum

383 3596 709 3653 audiendum
738 3600 964 3670 collegio
991 3599 1316 3670 delegamus.
1351 3601 1539 3657 Datum
1567 3620 1641 3659 vn
1669 3606 1771 3661 cal.
1802 3607 1961 3679 Aug.,

386 3686 565 3744 Felice
592 3698 648 3745 et
672 3689 848 3747 Tauro
871 3708 1050 3749 conss.

506 3798 659 3865 Quod
687 3804 813 3858 nulli
845 3806 1101 3862 sacerdoti
1125 3823 1347 3865 canones
1376 3809 1531 3865 liceat
1567 3812 1831 3883 ignorare.

455 3912 573 3968 XX.
606 3914 928 3975 Celestinus
954 3919 1218 3977 universis
1264 3923 1533 3993 episcopis
1561 3942 1659 3995 per
1685 3927 1962 3997 Apuleiam

384 4013 441 4061 et
464 4005 770 4062 Calabriam
788 4011 1110 4067 constitutis.
1142 4012 1281 4067 Nulli
1302 4016 1638 4071 sacerdotum
1661 4035 1789 4074 suos
1810 4019 1969 4076 liceat

387 4108 624 4152 canones
651 4098 917 4165 ignorare,
962 4114 1064 4157 nec
1089 4102 1378 4171 quidquam
1424 4104 1619 4171 facere,
1670 4108 1813 4176 quod
1859 4108 1962 4164 Pa-

390 4192 527 4242 trum
556 4191 729 4258 possit
756 4191 954 4260 regulis
978 4193 1217 4248 obviare.
1271 4195 1400 4262 Quae
1450 4197 1590 4251 enim
1623 4213 1652 4251 a
1684 4199 1839 4253 nobis
1877 4215 1963 4254 res

388 4276 543 4345 digna
573 4280 896 4345 servabitur,
940 4282 987 4337 si
1027 4281 1372 4340 decretalium
1403 4302 1591 4341 norma
1639 4290 1961 4344 constituto-

2074 1962 2341 2031 stipendia
2378 1965 2655 2032 militasse,
2698 1975 2751 2023 et
2790 1984 3003 2023 omnem
3052 1970 3225 2039 egisse
3273 1971 3326 2026 in
3370 1973 3652 2028 dominicis

2072 2052 2261 2107 castris
2287 2062 2542 2109 aetatem:
2588 2056 2632 2112 si
2660 2058 2751 2125 qui
2795 2058 2876 2112 his
2905 2060 3179 2128 praefuturi
3229 2070 3351 2116 sunt
3387 2077 3454 2117 ex
3500 2063 3651 2118 laicis

2072 2141 2437 2210 requiruntur,
2487 2144 2579 2215 qui
2606 2154 2858 2202 vacantes
2884 2149 3099 2214 sarculo,
3150 2161 3204 2203 et
3231 2165 3444 2205 omnem
3473 2151 3649 2206 eccle-

2072 2229 2344 2286 siasticum
2372 2232 2615 2289 ordinem
2654 2237 2977 2302 nescientes,
3029 2239 3167 2293 saltu
3212 2256 3553 2310 prmpropero
3594 2242 3649 2296 in

2072 2320 2303 2376 alienum
2346 2323 2606 2379 honorem
2656 2327 2900 2380 ambiunt
2951 2328 3299 2384 immoderata
3359 2331 3649 2400 cupiditate

2073 2414 2475 2482 transcendere,
2519 2425 2574 2470 et
2604 2417 2656 2470 in
2702 2417 2846 2472 aliud
2872 2420 2994 2473 vita:
3040 2434 3207 2488 genus
3253 2423 3459 2477 calcata
3504 2440 3649 2478 reve-

2072 2501 2244 2555 rentia
2270 2502 2645 2561 ecclesiasticae
2669 2506 2963 2577 disciplina:
3003 2510 3273 2564 transire?
3302 2510 3518 2567 Talibus
3546 2514 3647 2566 ita-

2068 2606 2194 2660 que,
2225 2592 2417 2650 fratres
2445 2596 2764 2661 charissimi,
2796 2599 2888 2669 qui
2912 2598 3050 2669 juris
3078 2602 3267 2667 nostri,
3301 2601 3353 2657 id
3377 2612 3459 2659 est
3487 2619 3648 2659 eano-

2068 2697 2194 2736 num
2219 2683 2581 2753 gubernacula
2609 2690 2958 2757 custodimus,
2992 2708 3211 2753 necesse
3235 2701 3318 2749 est
3340 2694 3647 2763 obvienius;

2067 2772 2254 2842 bisque
2275 2774 2665 2832 fraternitatem
2695 2789 2927 2835 vestram
2950 2783 3191 2851 epistolis
3212 2799 3638 2853 commonemus,

2068 2877 2136 2918 ne
2167 2866 2286 2932 quis
2316 2866 2509 2922 laicum
2539 2869 2603 2922 ad
2637 2870 2881 2926 ordinem
2910 2874 3251 2944 episcopatus
3280 2875 3546 2941 admittat,
3596 2887 3650 2934 et

2066 2953 2208 3007 sinat
2235 2953 2369 3020 fieri,
2403 2957 2543 3012 unde
2571 2967 2625 3013 et
2646 2960 2794 3015 illum
2824 2961 3075 3032 decipiat,
3108 2973 3164 3019 et
3196 2964 3296 3020 sibi
3338 2983 3525 3025 causas
3554 2983 3647 3039 ge-

2067 3051 2238 3111 neret,
2270 3046 2463 3114 quibus
2491 3062 2615 3105 reus
2640 3052 2946 3107 constitutis
2972 3052 3331 3112 decretalibus
3360 3058 3472 3113 liat.

2208 3178 2357 3245 Quod
2397 3182 2655 3239 docendus
2681 3187 2751 3240 sit
2776 3189 3015 3258 papulas,
3063 3208 3167 3251 non
3195 3195 3503 3264 sequendus.

2137 3289 2301 3345 XXII.
2329 3292 2609 3350 Docendus
2637 3305 2720 3352 est
2750 3300 2999 3369 populus,
3024 3317 3131 3357 non
3161 3308 3481 3375 sequendus,
3507 3325 3638 3366 nos-

2068 3398 2194 3451 que,
2232 3384 2278 3439 si
2322 3387 2567 3442 nesciunt
2618 3405 2711 3445 eos
2749 3392 2879 3461 quid
2920 3395 3097 3460 liceat,
3135 3399 3327 3467 quidve
3358 3416 3465 3456 non
3492 3402 3649 3459 liceat

2070 3490 2438 3544 eommouere,
2492 3496 2596 3536 non
2623 3482 2689 3537 iis
2716 3500 3036 3542 consensum
3084 3491 3327 3559 praebere
3369 3492 3645 3550 debemus.

2074 3566 2327 3635 Quisquis
2373 3585 2503 3624 vero
2566 3584 2795 3629 conatus
2856 3575 3016 3632 fuerit
3080 3586 3288 3635 tentare
3354 3583 3646 3651 prohibita,

2072 3657 2269 3712 sentiet
2289 3673 2568 3713 censuram
2590 3662 2732 3715 sedis
2753 3666 3064 3732 apostolicae
3085 3669 3303 3725 minime
3324 3670 3646 3729 defuturam.

2070 3746 2200 3812 Quae
2229 3748 2370 3802 enim
2398 3749 2512 3803 sola
2541 3750 2923 3809 admonitionis
2969 3759 3291 3813 auctoritate
3329 3774 3436 3814 non
3477 3764 3649 3817 corri~

2070 3837 2263 3905 gimus,
2292 3853 2513 3895 necesse
2536 3849 2616 3895 est
2641 3857 2738 3911 per
2764 3845 3104 3899 severitatem
3136 3858 3525 3916 congruentem
3558 3867 3646 3905 re-

2069 3930 2210 3996 gulis
2237 3931 2587 3986 vindicemus.
2622 3933 2725 3987 Per
2755 3943 2897 3988 totas
2944 3936 3047 3989 hoc
3070 3952 3223 4007 ergo,
3273 3952 3390 4005 qua:
3418 3942 3648 4010 propriis

2070 4020 2368 4074 rectoribus
2395 4029 2605 4087 carent,
2637 4021 2904 4078 Ecclesias
2932 4025 3176 4081 volumus
3207 4028 3507 4085 innotescat
3532 4051 3543 4086 :
3588 4043 3647 4089 ut

2072 4110 2251 4164 nullus
2281 4111 2382 4165 sibi
2411 4126 2507 4180 spe
2535 4112 2713 4183 aliqua
2748 4112 2971 4169 forsitan
3001 4115 3276 4173 blanditus
3303 4120 3506 4175 illudat.
3540 4122 3645 4177 Da-

2068 4208 2179 4253 tum
2207 4216 2281 4254 xu
2313 4201 2415 4255 cal.
2450 4201 2692 4270 Augusti,
2726 4203 3001 4261 Florentio
3052 4215 3109 4262 et
3152 4208 3407 4289 Dionysio
3453 4228 3632 4272 conss.

2069 4291 2192 4359 (An.
2225 4292 2413 4347 Christi
2442 4292 2592 4365 429.)

1534 4452 1898 4517 DECRETA
1947 4460 2228 4523 LEONIS
2269 4464 2362 4527 PA
2374 4465 2516 4525 P115.

458 4624 605 4734 Le‘o,
635 4641 950 4734 episcopus“
973 4631 1120 4687 urbis
1141 4632 1349 4702 Romre,
1390 4635 1653 4695 universis
1698 4640 1966 4711 episcopis
1998 4647 2045 4706 D
2069 4645 2170 4699 sibi
2200 4647 2560 4704 membrorum
2589 4666 2688 4722 per
2728 4651 3208 4715 dissimulationem
3246 4676 3508 4734 compago
3537 4683 3643 4722 non

390 4729 483 4783 per
507 4715 876 4787 Campaniam,
909 4717 1185 4786 Picenum,
1227 4723 1477 4780 Tusciam
1504 4735 1562 4782 et
1587 4744 1688 4798 per
1738 4730 1959 4786 univer-

390 4820 474 4859 sas
501 4807 518 4828 ‘
542 4808 850 4866 constitutis
877 4810 931 4864 in
956 4810 1182 4868 Domino
1210 4815 1456 4871 salutem.

460 4895 529 4953 Ut
571 4900 729 4955 nobis
774 4903 1186 4969 gratulationem
1235 4906 1369 4963 facit
1396 4907 1753 4968 Ecclesiarum
1793 4922 1963 4971 status

390 4987 585 5043 salubri
629 4990 982 5061 dispositione
1025 4998 1389 5066 compositus,
1441 4999 1513 5054 ita
1561 5014 1668 5056 non
1712 5004 1815 5060 levi
1864 5021 1962 5061 nos

392 5092 619 5135 umore
665 5083 949 5138 contristat
989 5086 1204 5157 quoties
1251 5088 1427 5157 aliqua
1470 5100 1659 5146 contra
1701 5095 1969 5151 constitu-

393 5174 446 5221 ta
501 5185 814 5239 canonum,
878 5182 936 5229 et
990 5177 1409 5234 ecclesiasticam
1456 5182 1792 5252 disciplinam
1832 5202 1970 5256 pra:-

392 5269 622 5330 sumpta,
651 5262 735 5316 vel
762 5265 1046 5322 commissa
1072 5270 1464 5335 cognoscimus,
1493 5288 1613 5342 qua:
1637 5278 1684 5327 si
1706 5289 1834 5340 non,
1864 5291 1970 5347 qua

394 5348 666 5419 debemus,
695 5352 972 5421 vigilantia
1002 5372 1325 5428 resecemus,
1354 5360 1448 5426 illi,
1479 5363 1572 5431 qui
1593 5377 1691 5418 nos
1718 5368 1966 5434 specula-

396 5447 534 5496 tores
560 5458 681 5499 esse
712 5445 880 5501 voluit
908 5446 1126 5519 (Kueh.
1151 5465 1283 5505 xvm
1300 5468 1314 5519 ;
1334 5456 1548 5524 χχχιιι),
1579 5469 1836 5513 excusare
1856 5475 1965 5515 non

396 5543 696 5597 possumus,
743 5534 1115 5603 permittentes
1143 5538 1411 5594 sincerum
1448 5556 1644 5612 corpus
1692 5544 1961 5612 Ecclesiae,

394 5620 534 5687 quod
580 5621 649 5677 ab
692 5624 841 5679 omni
888 5641 1082 5696 purum
1126 5631 1335 5685 macula
1386 5634 1655 5691 custodire
1682 5636 1962 5705 debemus,

396 5712 723 5769 ambientum
760 5717 1006 5788 improba
1035 5724 1357 5793 contagione
1406 5725 1630 5782 foedari:
1678 5746 1799 5786 cum
1848 5732 1962 5802 ipsa

467 5827 494 5857 ’
516 5825 674 5883 Deest
693 5833 983 5896 pros-iacias
1010 5838 1092 5894 vel
1122 5841 1381 5896 ecclesias.
1410 5837 1563 5897 Enn.

2068 4745 2347 4804 congruat.

2073 4842 2141 4898 Ut
2166 4846 2337 4902 nullus
2361 4849 2713 4919 episcoporum
2760 4872 2959 4911 servum
3005 4860 3221 4914 alterius
3264 4863 3334 4917 ad
3374 4863 3644 4921 clericatus

2412 4922 2633 4990 oﬁicium
2658 4942 2953 4994 promovere
2984 4942 3281 4994 prwsumat.

2140 5006 2180 5064 l.
2211 5007 2578 5069 Admittuntnr
2603 5018 2799 5085 passim
2828 5018 2898 5072 ad
2925 5021 3166 5075 ordinem
3191 5037 3422 5088 sacrum,
3450 5027 3645 5094 quibus

2066 5099 2210 5154 nulla
2239 5103 2516 5169 natalium,
2550 5108 2692 5162 nulla
2728 5125 2937 5164 morum
2960 5110 3191 5183 dignitas
3214 5112 3553 5183 suffragatur,
3585 5131 3643 5176 et

2064 5190 2157 5259 qui
2187 5206 2216 5244 a
2247 5191 2476 5249 dominis
2504 5197 2613 5251 suis
2658 5197 2962 5253 libertatem
3013 5203 3268 5271 consequi
3298 5206 3517 5263 minime
3547 5226 3646 5279 po-

2070 5288 2305 5347 tuerunt,
2355 5286 2420 5339 ad
2467 5287 2732 5355 fastigium
2780 5289 3085 5357 sacerdotii,
3135 5300 3390 5366 tanquam
3435 5303 3646 5357 servilis

2071 5372 2243 5428 vilitas
2273 5375 2412 5431 hunc
2432 5375 2689 5432 bonorcm
2711 5380 2906 5449 capiat,
2934 5384 3319 5456 provehuntur,
3345 5398 3402 5445 et
3427 5393 3645 5461 probari

2070 5460 2182 5517 Deo
2230 5479 2389 5533 posse
2434 5467 2691 5535 creditur,
2744 5471 2834 5539 qui
2879 5472 3096 5531 domino
3123 5493 3221 5535 suo
3252 5460 3477 5538 necdum
3514 5500 3643 5553 pro-

2070 5554 2199 5609 bare
2220 5571 2279 5611 se
2307 5559 2500 5627 potuit.
2547 5560 2752 5631 Duplex
2798 5564 2975 5637 itaque
3028 5568 3080 5623 in
3130 5570 3229 5625 hac
3264 5582 3418 5642 parte
3468 5585 3645 5633 reatus

2068 5652 2169 5707 est,
2204 5646 2347 5714 quod
2383 5658 2436 5702 ct
2464 5664 2676 5705 sacrum
2702 5654 3055 5715 ministerium
3085 5661 3207 5717 talis
3249 5667 3505 5720 consortii
3528 5668 3646 5721 vili-

2069 5743 2177 5790 tate
2220 5738 2492 5807 po‘luitur,
2527 5751 2581 5798 et
2606 5743 2971 5817 dominorum,
3022 5761 3281 5821 quantum
3331 5755 3397 5808 ad
3446 5757 3642 5815 illicita:
