3982 6196
331 344 436 402 9.79

1601 339 1954 399 DORYSIUS
1992 337 2306 400 EXIGUUS.

3487 332 3593 390 920

333 467 693 533 usurpationis
735 471 1088 527 “mmmam
1138 469 1393 539 ρει-ιῑιιρι,
1438 466 1557 536 jura
1605 460 1904 514 solvuntur.
1936 459 1986 514 Α
2013 450 2430 508 misericorditer
2457 448 2760 517 tribuimus,
2803 451 2872 509 ab
2910 465 2978 508 eo
3010 451 3259 521 Domino,
3289 452 3382 523 qui
3411 451 3583 507 multi-

331 555 412 608 ΑΙ)
443 556 525 612 his
556 560 756 629 itaque,
781 563 972 615 fratres
1001 560 1314 624 charissimi,
1341 572 1528 612 omnes
1554 561 1748 607 vestrae
1778 564 1904 618 pro-

330 648 518 703 vinciae
551 650 854 704 abstineant
883 650 1211 714 sacerdotes,
1252 659 1306 704 et
1335 664 1439 702 non
1471 654 1676 700 tantum
1708 641 1774 696 ab
1800 641 1903 705 his,

329 740 423 796 sed
444 742 510 795 ab
535 741 652 795 aliis
680 743 860 805 etiam,
911 744 1002 813 qui
1030 741 1272 808 originali
1303 750 1396 794 ant
1425 739 1580 793 alicui
1612 734 1906 791 conditioni

329 831 549 900 obligati
579 843 724 897 sunt,
755 834 1002 888 volumus
1033 834 1318 903 temperari
1345 849 1357 884 :
1408 832 1507 886 nisi
1540 830 1675 884 forte
1717 842 1906 882 eorum

331 922 518 992 petitio
581 931 673 977 aut
718 923 967 978 voluntas
1009 925 1314 986 accesserit,
1367 923 1455 992 qui
1496 919 1692 990 aliquid
1722 907 1820 972 sibi
1852 917 1905 969 in

329 1029 423 1071 eos
451 1013 724 1070 vindicant
761 1015 1063 1086 potestatis.
1115 1013 1284 1068 Debet
1323 1013 1463 1066 enim
1492 1025 1612 1066 esse
1657 1005 1908 1063 immunis

329 1105 394 1163 ab
423 1105 562 1172 aliis,
614 1106 706 1178 qui
749 1105 942 1160 divinae
974 1105 1178 1160 militiae
1218 1103 1376 1157 fuerit
1407 1103 1817 1172 aggregandus:
1851 1104 1908 1154 ut

327 1213 356 1251 a
403 1195 594 1252 castris
640 1194 942 1257 dominicis,
969 1194 1163 1262 quibus
1205 1207 1406 1247 nomen
1453 1191 1573 1260 ejus
1599 1187 1904 1252 ascribitur',

330 1287 488 1345 nullis
517 1286 851 1342 necessitatis
876 1285 1102 1339 vinculis
1131 1283 1492 1338 abstrahatur.

332 1403 708 1475 thuicunque
739 1403 808 1455 ad
833 1401 1199 1475 sacerdotium,
1230 1403 1304 1454 uel
1332 1399 1598 1475 viduarum
1625 1393 1801 1475 mariti
1835 1392 1912 1475 re!

397 1461 637 1527 [iubentes
684 1489 955 1526 numeroso
986 1461 1246 1539 ronjugiit.
1293 1469 1514 1538 promoti
1553 1467 1790 1538 fuerint,
1844 1461 1910 1517 ab

395 1545 629 1598 omnibus
655 1542 1015 1596 ecclesiasticis
1039 1541 1216 1609 o/[iciis
1242 1548 1535 1591 arceantur.

394 1655 458 1711 Il.
500 1655 684 1722 Qualis
713 1670 842 1710 vero
871 1655 1157 1724 unicuique
1192 1653 1492 1708 constiterit
1521 1649 1779 1704 natalium
1809 1621 1918 1704 ho:

325 1756 525 1814 nestaa,
557 1758 608 1802 et
639 1762 847 1802 morum
879 1761 996 1801 esse
1019 1745 1210 1800 debeat
1236 1743 1375 1799 sacri
1401 1740 1585 1796 altaris
1612 1739 1910 1794 ministerio

2011 543 2221 614 pliciter
2253 552 2310 598 et
2337 544 2388 600 in
2419 554 2739 615 perpetuum
2768 560 3023 604 mansura
3051 547 3330 614 retribuet,
3345 549 3590 618 recipere

2008 633 2298 692 valeamus.

2013 746 2083 802 Ut
2110 751 2154 802 si
2177 750 2290 820 quis
2323 750 2646 804 sacerdotum
2675 763 2859 806 contra
2887 752 2996 806 lucc
3024 753 3302 805 interdicta
3358 753 3552 823 {ecca-it,

2396 836 2490 872 suo
2515 822 2585 876 sit
2606 823 2772 891 ofﬁcio
2801 823 3189 876 submovendus.

2082 908 2145 962 V.
2191 908 2305 964 lloc
2336 909 2517 980 itaque
2554 912 2850 968 admonitio
2894 924 3075 968 nostra
3104 914 3403 978 denuntiat,
3452 913 3591 984 quod

2011 999 2058 1054 si
2084 1000 2208 1068 quis
2243 1001 2466 1055 fratrum
2496 1009 2684 1056 contra
2715 1002 2833 1059 huic
2871 1004 3160 1060 constituta
3191 1005 3377 1060 venire
3421 1012 3595 1060 tenta-

2014 1091 2164 1155 verit,
2197 1099 2254 1147 et
2281 1092 2548 1162 prohibita
2602 1093 2762 1150 fuerit
2782 1110 2946 1152 ausus
2971 1095 3291 1162 admittere,
3323 1111 3353 1150 a
3393 1112 3491 1152 suo
3533 1109 3596 1152 se

2017 1184 2228 1238 noverit
2251 1184 2426 1240 oflicio
2454 1186 2899 1252 submovendum,
2938 1203 3038 1243 nec
3059 1188 3451 1244 communionis
3490 1204 3596 1243 no-

2011 1271 2134 1330 sti-:e
2163 1274 2395 1331 futurum
2425 1292 2544 1333 esse
2567 1290 2898 1348 consortem,
2925 1281 3016 1351 qui
3063 1281 3242 1335 socius
3271 1296 3390 1335 esse
3420 1280 3593 1334 uoluit

2012 1368 2326 1438 disciplima.
2358 1370 2434 1424 Ne
2479 1369 2609 1438 quid
2640 1385 2768 1426 vero
2796 1374 2887 1435 sit,
2934 1371 3078 1441 quod
3117 1373 3530 1442 praetermissum
3559 1387 3593 1428 α

2013 1459 2167 1516 nobis
2191 1460 2328 1515 forte
2358 1462 2627 1524 credatur.
2643 1465 2821 1518 omnia
2852 1464 3143 1521 decretalia
3172 1466 3465 1520 constituta
3487 1473 3593 1519 tam

2012 1553 2185 1608 beata:
2223 1553 2613 1609 recordationis
2662 1554 2981 1621 Innocentii,
3012 1571 3172 1625 quam
3225 1555 3461 1612 omnium
3500 1556 3596 1612 de-

2013 1657 2288 1700 cessurum
2313 1654 2640 1710 nostrorum,
2661 1658 2781 1715 quae
2801 1647 2868 1702 de
2889 1648 3267 1704 ecclesiasticis
3295 1647 3593 1715 ordinibus,

2013 1743 2068 1788 et
2095 1749 2361 1789 canonum
2393 1740 2728 1805 promulgata
2760 1747 2884 1792 sunt
2918 1737 3234 1809 disciplinis,
3263 1739 3336 1793 ita
3368 1753 3399 1794 a
3422 1747 3597 1794 vestra

325 1841 629 1904 soeiandus,
675 1848 730 1893 et
769 1840 1028 1909 Apostolo
1075 1851 1172 1892 nos
1204 1836 1454 1901 doreutc,
1480 1843 1533 1888 et
1562 1832 1740 1888 divina
1771 1847 1906 1902 [ine-
1938 1833 1982 1894 Β
2011 1822 2301 1880 dilectione
2327 1825 2586 1881 custodiri
2611 1826 2808 1883 debere
2838 1829 3170 1897 mandamus,
3212 1838 3274 1884 ut
3309 1830 3355 1884 si
3395 1831 3512 1899 quis
3540 1829 3596 1885 in

324 1930 578 2000 ceptione
605 1929 903 1994 didicimus,
951 1936 1007 1983 et
1051 1941 1321 1981 canonum
1367 1924 1585 1993 regulis,
1633 1938 1664 1975 a
1711 1921 1906 1991 quibus

325 2022 607 2095 plerosque
637 2021 856 2075 fratrum
887 2018 1182 2074 declinasse
1229 2027 1283 2072 ct
1315 2015 1528 2085 penitus
1555 2013 1798 2069 deviasse
1819 2025 1907 2070 re-

324 2119 579 2186 perimus.
610 2112 740 2168 Nam
771 2119 984 2170 constat
1012 2110 1078 2163 ad
1102 2106 1461 2163 sacerdotium
1494 2106 1799 2174 pervenisse
1827 2101 1908 2158 vi-

322 2205 546 2262 duarum
574 2203 816 2270 maritos,
856 2197 1117 2270 quosdam
1149 2200 1310 2252 etiam
1343 2197 1535 2266 quibus
1567 2193 1764 2249 fuerint
1803 2208 1906 2246 nu-

322 2309 532 2350 merosa
565 2292 831 2361 conjugia,
866 2299 922 2346 et
959 2289 1026 2343 ad
1071 2304 1285 2343 onmem
1328 2286 1595 2342 licentiam
1621 2285 1728 2340 vita
1775 2283 1908 2338 libe-

322 2388 453 2452 rior,
487 2384 555 2438 ad
583 2399 796 2439 s.:crum
848 2381 1089 2436 ordinem
1139 2379 1335 2449 passim
1367 2377 1646 2448 patefactis
1676 2375 1907 2432 aditibus

323 2476 484 2530 fuisse
517 2474 825 2542 permissos,
858 2481 1045 2524 contra
1078 2469 1221 2523 illam
1252 2468 1392 2524 beati
1427 2465 1671 2537 Apostoli
1692 2481 1904 2533 vocem,

321 2583 428 2636 qua
475 2565 666 2620 talibus
713 2564 997 2627 exclamat,
1041 2561 1264 2616 dicens:
1296 2559 1462 2618 Unius
1504 2560 1684 2616 uxoris
1711 2559 1904 2623 virum,

324 2668 379 2715 et
407 2666 593 2712 contra
617 2655 746 2712 illud
775 2655 1005 2723 antiqua:
1037 2651 1168 2722 legis
1191 2661 1540 2722 przeeeptum,
1575 2666 1684 2720 quo
1715 2649 1909 2705 dicitur

322 2755 378 2804 et
405 2755 656 2802 cavetur:
690 2744 956 2800 Sacerdos
980 2744 1236 2813 virginem
1267 2760 1488 2799 uxorein
1519 2744 1770 2814 accipiat,
1800 2759 1906 2799 non

321 2838 556 2903 viduam,
604 2852 711 2891 non
737 2834 1072 2906 repudiatam
1105 2837 1120 2900 (
1154 2833 1173 2888 Ι
1208 2834 1393 2888 Timor.
1427 2849 1510 2896 Ill;
1543 2831 1704 2887 Levii.
1752 2832 1905 2904 xm).

323 2925 433 2982 llus
459 2941 610 2995 ergo,
640 2926 948 2995 quicunque
979 2924 1112 2978 tales
1135 2923 1348 2978 admissi
1380 2931 1522 2986 sunt,
1555 2922 1622 2976 ab
1651 2920 1909 2976 ecclesia-

321 3018 471 3076 sticis
499 3016 691 3074 officiis
719 3025 776 3072 et
797 3015 1117 3072 sacerdotali
1167 3016 1402 3078 nounue,
1434 3013 1746 3085 apostolica:
1766 3012 1909 3068 sedis

324 3102 666 3175 auctoritate,
692 3108 943 3178 jubemus
991 3107 1184 3161 arceri.
1218 3099 1324 3161 Nec
1376 3107 1476 3160 hoc
1505 3101 1776 3161 cuiin'sibi
1819 3120 1909 3174 po-

2010 1916 2098 1970 illa
2129 1918 2478 1982 commiserit,
2513 1920 2718 1974 veniam
2760 1921 2858 1976 sibi
2889 1922 3142 1992 deinceps
3172 1922 3384 1977 noverit
3428 1921 3596 1976 dene-

2007 2009 2140 2076 gari.
2174 2009 2305 2064 Data
2331 2026 2380 2064 vi
2407 2009 2483 2064 ld.
2511 2009 2779 2081 Octobris,
2799 2011 3031 2068 Maximo
3052 2014 3244 2068 iterum
3278 2022 3334 2069 et
3358 2012 3593 2069 Paterno

2009 2115 2187 2156 conss.
2224 2101 2356 2171 (An.
2390 2099 2581 2155 Christi
2613 2100 2779 2174 445).

2082 2189 2191 2246 Leo
2224 2191 2509 2261 episcopus
2536 2193 2799 2248 universis
2844 2193 3115 2266 episcopis
3151 2209 3249 2266 per
3274 2193 3438 2251 Italia:
3463 2207 3595 2266 pro-

2008 2284 2213 2340 vincias
2233 2287 2542 2340 constitutis
2575 2288 2624 2341 in
2651 2285 2878 2343 Domino
2907 2288 3154 2343 salutem.

2079 2373 2135 2428 ln
2185 2377 2518 2431 consortium
2559 2391 2656 2432 vos
2699 2386 2897 2431 nostra:
2942 2376 3316 2433 sollicitudinis
3357 2378 3595 2434 advoca-

2008 2478 2149 2529 mus,
2183 2473 2239 2519 ut
2269 2465 2539 2532 vigilantia
2573 2467 2849 2534 pastorali,
2873 2480 2942 2521 ne
2970 2466 3099 2536 quid
3126 2467 3402 2523 diabolica:
3433 2467 3597 2523 licere

2010 2556 2179 2626 possit
2202 2557 2442 2620 astutiae,
2473 2557 2777 2613 commissis
2799 2558 2948 2612 vobis
2994 2558 3243 2626 gregibus
3289 2559 3596 2626 diligentius

2009 2647 2326 2702 consulatis:
2346 2661 2410 2701 ne
2440 2647 2480 2700 is
2502 2647 2614 2716 qui,
2649 2647 2855 2701 Domini
2889 2649 3253 2706 misericordia
3285 2648 3586 2716 revelante,

2009 2753 2107 2811 per
2135 2748 2370 2793 nostram
2393 2753 2575 2793 curam
2607 2753 2636 2792 a
2666 2738 2862 2793 nostris
2883 2738 3072 2794 ovibus
3095 2740 3313 2794 morbus
3325 2738 3593 2807 abjicitur,

2011 2830 2240 2885 necdum
2291 2829 2441 2884 vobis
2517 2829 2847 2898 praemonitis
2896 2837 2953 2884 et
2999 2829 3177 2885 adhuc
3225 2829 3352 2901 quid
3407 2837 3598 2897 agatur

2009 2921 2228 2992 ignaris,
2264 2938 2360 2992 per
2383 2931 2573 2977 vestra:
2601 2921 2741 2977 sedis
2767 2931 2953 2993 pergat
2975 2921 3262 2990 Ecclesias,
3291 2929 3345 2977 et
3375 2937 3594 2978 suarum

2004 3010 2189 3065 furtim
2225 3010 2502 3065 cuniculos
2533 3010 2768 3065 inveniat
2797 3010 3144 3075 latebrarum,
3178 3027 3246 3066 ne
3274 3010 3420 3080 quod
3441 3027 3472 3065 a
3503 3027 3596 3067 no-

2007 3102 2090 3157 bis
2115 3103 2167 3157 in
2200 3104 2330 3158 urbe
2359 3103 2743 3174 exstinguitur,
2770 3103 3068 3160 tenebrosis
3097 3103 3238 3176 apud
3265 3119 3363 3160 vos
3393 3104 3595 3158 radici-

322 3207 504 3254 terunt
533 3198 804 3254 vindicare
826 3239 842 3266 ,
893 3197 1048 3266 cujus
1096 3212 1326 3267 capaces
1374 3211 1470 3266 per
1499 3196 1600 3251 hoc
1629 3196 1772 3264 quod
1803 3194 1907 3251 illis
1934 3213 1977 3272 ρ
2012 3195 2111 3250 bus
2138 3196 2453 3250 seminetur.

323 3290 633 3356 obsisterat,
682 3304 788 3344 non
836 3288 1069 3343 fuerunt.
1119 3286 1288 3355 Hujus
1327 3286 1674 3341 discussionis
1721 3299 1904 3339 curam

321 3379 479 3434 nobis
521 3377 830 3448 specialiter
854 3377 1210 3444 vindicantes,
1242 3385 1300 3430 ut
1342 3377 1387 3429 si
1423 3391 1526 3444 qua
1567 3375 1792 3432 forsitan
1838 3374 1906 3429 de

322 3468 407 3526 his
451 3468 734 3524 commissa
782 3476 926 3533 sunt,
981 3467 1334 3536 corrigantur,
1385 3482 1487 3522 nec
1551 3467 1710 3522 liceat
1767 3467 1904 3522 ultra

323 3558 608 3612 committi.
635 3555 705 3610 Et
730 3570 798 3612 ne
820 3570 924 3625 qua
953 3556 1232 3612 excusatio
1253 3555 1320 3610 de
1348 3556 1684 3625 ignoratione
1713 3570 1905 3611 nasca-

324 3659 413 3706 tur
442 3667 453 3702 :
488 3664 794 3719 quanquam
825 3649 1074 3718 ignorare
1113 3663 1384 3717 nunquam
1416 3648 1626 3704 licuerit
1654 3649 1907 3704 sacerdo-

324 3752 433 3796 tem
456 3741 582 3809 quid
603 3755 870 3796 canonum
903 3740 1099 3808 regulis
1123 3741 1283 3795 fuerit
1307 3739 1603 3795 definitum.
1636 3738 1762 3794 Haec
1778 3752 1908 3808 ergo

265 3829 269 3840 ’
323 3833 390 3888 ad
421 3834 726 3905 provincias
755 3843 962 3889 vestras
993 3848 1091 3904 per
1143 3835 1545 3899 Innocentium,
1589 3832 1907 3904 Legitimum

323 3932 380 3978 et
423 3923 699 3994 Segetium
745 3922 941 3980 fratres
980 3935 1035 3981 et
1082 3927 1435 3996 coepiscopos
1463 3934 1678 3981 nostros
1706 3927 1908 3996 scripta

321 4017 616 4073 direximus
645 4036 658 4070 :
687 4023 746 4073 ut
771 4032 892 4087 qua).
922 4017 1061 4072 male
1091 4019 1384 4088 pullulasse
1411 4028 1728 4085 noscuntur,
1762 4019 1907 4075 radi-

325 4109 464 4164 citus
494 4109 810 4174 evellantur,
841 4118 896 4163 et
925 4125 1154 4164 messem
1185 4111 1507 4164 dominicam
1539 4112 1743 4166 zizania
1765 4112 1907 4166 nulla

327 4207 690 4270 corrumpant.
713 4197 793 4255 Ita
816 4199 957 4254 enim
981 4199 1212 4254 fructum
1237 4200 1474 4266 uberem,
1504 4217 1624 4270 qua:
1650 4213 1774 4257 sunt
1799 4204 1911 4258 sin-

327 4307 473 4357 cera,
501 4291 850 4362 pnestabunt,
907 4292 953 4346 si
982 4306 1066 4356 ea,
1118 4307 1236 4362 quae
1284 4300 1463 4346 natam
1493 4301 1729 4361 segetem
1777 4309 1909 4350 ene-

327 4398 456 4437 care
481 4391 898 4451 consueverunt,
924 4381 1233 4452 diligentius
1255 4393 1618 4455 amputentur.

332 4492 483 4560 Quod
516 4511 727 4552 usuram
769 4514 870 4552 non
900 4496 1272 4568 solumiclerici
1311 4497 1518 4568 exigere
1561 4514 1664 4552 non
1704 4497 1902 4565 debent,

774 4569 865 4622 sed
893 4584 985 4620 nec
1013 4567 1132 4621 laici
1162 4566 1462 4621 Christiani.

405 4655 492 4712 lll.
532 4655 643 4713 Neo
669 4657 775 4713 hoc
801 4673 1016 4728 quoque
1045 4657 1471 4728 praetereundum
1502 4673 1619 4713 esse
1641 4658 1910 4722 duximus,

331 4747 611 4819 quosdam,
643 4747 774 4802 lucri
811 4748 979 4817 turpis
1020 4746 1312 4817 cupiditate
1355 4756 1560 4817 captos,
1613 4749 1908 4802 usurariam

330 4853 587 4898 exercere
611 4840 919 4910 pecuniam,
951 4846 1009 4893 et
1046 4840 1236 4894 fenore
1261 4838 1397 4894 velle
1426 4839 1715 4905 ditescere,
1767 4839 1910 4908 quod

333 4948 440 4987 non
469 4931 643 4986 dicam
667 4929 720 4984 in
749 4943 847 4985 eos
891 4928 983 4998 qui
1014 4937 1140 4984 sunt
1165 4928 1218 5004 in
1247 4928 1482 4983 clericali
1511 4926 1688 4982 ofﬁcio
1711 4929 1913 4982 consti-

333 5022 456 5091 tuti,
479 5022 570 5078 sed
598 5023 653 5078 in
684 5021 850 5076 laicus
875 5019 1093 5088 cadere,
1123 5019 1214 5089 qui
1239 5017 1580 5074 Christianos
1599 5034 1658 5074 se
1680 5017 1785 5073 dici
1814 5034 1911 5073 cu-

331 5115 508 5182 piunt,
537 5113 914 5176 condolemus,
945 5111 1090 5182 quod
1119 5110 1376 5166 vindicari
1409 5111 1586 5165 acrius
1616 5111 1671 5165 in
1699 5125 1795 5165 eos
1821 5110 1915 5178 qui

333 5203 533 5258 fuerint
585 5203 844 5260 confutati
887 5201 1270 5266 decernimus,
1327 5209 1385 5256 ut
1431 5201 1606 5255 omnis
1657 5199 1914 5269 peccandi

333 5295 710 5365 Opportunitas
736 5294 1024 5351 adimatur.

339 5406 409 5463 Ut
437 5406 649 5460 clericus
672 5421 764 5460 nec
793 5422 906 5472 suo,
939 5422 1030 5460 nec
1059 5407 1227 5462 alieno
1256 5405 1460 5460 nomine
1485 5405 1630 5474 ferias
1659 5411 1914 5457 exerceat.

407 5497 495 5552 IV.
538 5497 669 5553 Illud
698 5499 857 5554 etiam
898 5498 1146 5554 duximus
1184 5497 1652 5568 prmmonendum,
1695 5505 1752 5547 ut
1778 5494 1916 5566 sicut

337 5604 444 5645 non
474 5605 587 5656 suo,
633 5590 705 5644 ita
735 5606 840 5645 non
882 5590 1058 5644 alieno
1099 5591 1315 5645 nomine
1361 5588 1551 5657 aliquis
1597 5587 1912 5653 clericorum

338 5697 594 5740 exercere
636 5683 790 5738 fenus
829 5691 1061 5739 atlentet
1093 5703 1104 5736 :
1134 5682 1386 5738 indecens
1417 5683 1557 5735 enim
1599 5688 1681 5735 est
1709 5678 1913 5733 crimen

339 5791 491 5831 suum
522 5775 815 5833 connnodis
844 5774 1032 5829 alienis
1057 5773 1384 5842 impendere.
1409 5772 1586 5827 Fencs
1610 5779 1786 5825 autem
1814 5769 1915 5822 hoc

340 5866 514 5927 solum
562 5868 802 5941 aspicere
842 5874 900 5924 et
948 5878 1204 5921 exercere
1253 5863 1530 5929 debemus,
1558 5870 1618 5917 ut
1645 5859 1788 5931 quod
1828 5857 1915 5915 hic

2013 3306 2162 3370 Quod
2217 3307 2428 3378 plurimi
2469 3306 2755 3380 Municlirci
2795 3309 3063 3379 vigilantia
3109 3325 3261 3380 papa
3297 3307 3486 3364 Leonis
3535 3308 3594 3364 in

2458 3378 2581 3432 urbe
2607 3377 2772 3432 Roma
2803 3377 2987 3433 detecti
3015 3377 3139 3433 sint.

2083 3469 2166 3525 Vl.
2209 3467 2477 3525 Plurimos
2528 3470 2816 3540 impietatis
2865 3469 3170 3526 Manichteze
3212 3485 3470 3540 sequaces
3533 3477 3594 3525 et

2009 3560 2257 3616 doctores
2281 3561 2330 3613 in
2353 3561 2482 3615 urbe
2507 3560 2843 3628 investigatio
2870 3567 3048 3612 nostra
3074 3559 3292 3628 reperit,
3322 3554 3596 3627 vigilantia

2008 3650 2323 3718 divulgavit,
2377 3649 2671 3704 auctoritas
2699 3659 2753 3703 et
2783 3662 3008 3703 censura
3036 3647 3296 3703 coercuit.
3327 3645 3473 3713 Quos
3500 3662 3600 3716 po-

2011 3742 2207 3797 tuimus
2237 3742 2524 3797 emendare
2553 3743 2888 3797 correximus
2921 3759 2933 3795 :
2967 3751 3023 3796 et
3051 3749 3110 3797 ut
3137 3741 3454 3796 damnarent
3484 3739 3599 3795 Ma-

2010 3835 2272 3890 nichamm
2331 3849 2454 3887 cum
2499 3833 2965 3902 praedicationibus
3009 3840 3064 3887 et
3103 3831 3398 3902 disciplinis
3443 3831 3595 3898 suis,

2009 3927 2221 3998 publica
2279 3926 2329 3979 in
2365 3923 2606 3980 Ecclesia
2644 3924 2980 3996 professione
3009 3931 3068 3979 et
3088 3938 3278 3979 manus
3315 3937 3427 3979 sum
3466 3921 3599 3978 sub-

2009 4019 2301 4088 scriptione
2323 4019 2682 4087 compulimus
2699 4059 2714 4082 ,
2737 4025 2793 4072 et
2822 4017 2893 4071 ita
2925 4017 2994 4072 de
3021 4017 3276 4084 voragine
3301 4015 3598 4086 impietatis

2009 4125 2119 4164 sum
2146 4112 2424 4164 mulessos
2475 4108 2846 4179 ptuiiitentiain
2886 4107 3234 4162 concedendo
3274 4106 3593 4162 levavimus.

2012 4201 2280 4270 Aliquauti
2314 4216 2465 4266 viro,
2503 4200 2595 4268 qui
2649 4201 2720 4253 ita
2748 4214 2807 4253 se
2853 4198 3258 4264 demet-serunt,
3303 4207 3363 4252 ut
3390 4196 3596 4251 nullum

2009 4293 2095 4347 his
2142 4291 2449 4345 auxiliantis
2492 4299 2677 4358 posset
2704 4289 3000 4344 remedium
3042 4289 3350 4356 subvenire,
3395 4287 3600 4344 subditi

2011 4384 2216 4454 legibus
2257 4381 2551 4438 secundum
2575 4380 3006 4437 Christianorum
3056 4381 3360 4451 principum
3396 4380 3602 4434 consti-

2011 4483 2147 4539 tuta,
2173 4489 2242 4529 ne
2269 4484 2511 4528 sanctum
2543 4487 2757 4543 gregem
2788 4485 2882 4527 sua
2915 4473 3236 4540 contagione
3270 4470 3599 4542 polluerent,

1945 4585 1989 4642 ι)
2015 4583 2112 4639 per
2132 4568 2376 4638 publicos
2415 4566 2625 4635 juiliccs
2665 4574 2927 4636 perpetuo
2956 4573 3081 4618 sunt
3114 4562 3304 4618 exsilio
3351 4560 3595 4628 relegati.

2016 4657 2081 4712 Et
2110 4657 2309 4722 oumia,
2359 4672 2478 4724 qu.e
2509 4665 2614 4710 tam
2643 4656 2699 4711 in
2729 4655 3023 4726 Scripturis
3067 4671 3225 4724 quam
3272 4654 3324 4707 in
3371 4651 3602 4707 occultis

2015 4749 2397 4804 traditionibus
2443 4747 2554 4802 suis
2596 4747 2796 4802 habent
2841 4745 3065 4816 profana
3117 4743 3205 4800 vel
3269 4735 3444 4813 turpia
3471 4781 3486 4805 ,
3538 4750 3604 4796 ut

2017 4849 2203 4895 nosset
2245 4839 2472 4908 populus
2519 4837 2645 4908 quid
2694 4837 2965 4906 refugeret
3021 4844 3114 4890 aut
3152 4835 3366 4900 vitaret,
3419 4831 3600 4888 oculis

2016 4929 2333 4985 Christianze
2361 4928 2531 4998 plebis
2582 4937 2729 4982 certa
2759 4925 3192 4981 manifestatioue
3230 4924 3597 4994 probavimus,

2017 5023 2153 5079 adeo
2205 5032 2263 5077 ut
2294 5023 2432 5092 ipse,
2465 5021 2553 5090 qui
2577 5035 2765 5075 eorum
2793 5019 3073 5074 dicebatur
3100 5018 3411 5088 episcopus,
3437 5032 3468 5071 a
3499 5032 3606 5072 no-

2018 5116 2101 5172 bis
2129 5121 2310 5170 tentus
2337 5113 2592 5184 proderet
2620 5111 2884 5181 ﬂagitiosa
2923 5110 2974 5166 in
3017 5110 3129 5166 suis
3172 5109 3430 5181 mysticis,
3478 5122 3603 5177 qua:

2021 5215 2252 5274 teneret,
2281 5207 2421 5261 sicut
2449 5211 2722 5273 gestorum
2751 5219 2851 5257 vos
2889 5203 3056 5257 series
3078 5201 3275 5273 poterit
3315 5199 3548 5254 educere
3583 5216 3599 5250 :

2019 5299 2084 5354 ad
2116 5297 2524 5355 instructionem
2572 5295 2713 5350 enim
2750 5303 2983 5350 vestram
3032 5293 3195 5348 etiam
3244 5293 3356 5362 ipsa
3399 5289 3605 5344 direxi-

2021 5405 2158 5453 mus,
2189 5388 2382 5457 quibus
2410 5387 2584 5453 lectis,
2618 5385 2799 5440 omnia
2843 5399 2962 5454 quze
3006 5401 3036 5438 a
3078 5383 3234 5438 nobis
3265 5382 3601 5452 deprehensa

2019 5489 2160 5542 sunt,
2195 5495 2354 5533 nosse
2383 5477 2646 5547 poteritis.
2671 5475 2736 5529 Et
2757 5476 2881 5546 quia
2907 5476 3210 5546 aliquantus
3237 5473 3304 5529 dc
3331 5475 3414 5527 his
3436 5487 3597 5542 quos,

2023 5589 2089 5626 ne
2115 5572 2538 5632 absolverentur,
2568 5569 2769 5624 arctior
2795 5577 2975 5622 reatus
3005 5567 3321 5644 involverat,
3347 5566 3600 5636 cognovi-

2024 5681 2143 5720 mus
2168 5665 2452 5731 aufugisse,
2507 5664 2644 5717 hanc
2667 5661 2733 5716 ad
2762 5661 3105 5717 dilectionem
3136 5669 3368 5716 vestram
3399 5663 3605 5733 episto-

2025 5761 2128 5813 lam
2158 5758 2416 5821 misimus,
2447 5763 2505 5809 ut
2533 5755 2724 5810 eﬂ'ecta
2766 5755 2968 5810 certior
2997 5754 3253 5808 sanctitas
3282 5761 3458 5808 vestra
3488 5753 3602 5807 sol-

2020 5856 2218 5913 licitius
2245 5869 2402 5926 agere
2431 5856 2697 5925 dignetur,
2723 5861 2777 5906 et
2802 5850 3028 5917 cautius,
3068 5849 3258 5904 necubi
3290 5847 3608 5903 Maniibmm-
