1991 3098
125 168 178 198 281

645 172 835 201 οοιλεετιο
853 173 1087 203 υεεηετοιιωι
1107 175 1158 204 PP.
1180 176 1238 205 liii.

1719 178 1774 207 282

125 226 317 261 perversitatis
338 227 463 256 bominrs
485 229 579 264 plebes
595 234 702 257 vestras
726 230 855 259 facultate
875 231 921 259 lm-
940 235 963 263 Α
977 232 1052 271 Quod
1073 238 1165 271 cuncta
1185 233 1258 271 nobis
1280 242 1325 268 per
1341 235 1462 271 ordinem
1480 244 1566 263 rerum
1583 244 1629 271 per
1648 236 1772 265 inconta-

124 273 221 305 dcndi,
237 277 267 300 et
283 273 360 307 hujus
374 274 509 309 sacrilegii
524 275 629 309 possint
642 276 764 304 invenire
785 276 921 305 doctores.

126 317 216 345 Aliter
229 319 302 346 enim
318 320 395 346 nobis
407 321 567 348 commissos
585 328 680 355 regere
693 330 748 349 non
770 330 921 357 possumus,

126 364 178 391 nisi
196 364 257 395 hos.
281 365 326 400 qui
350 370 413 392 sunt
438 367 590 400 perditores
608 372 637 394 et
656 367 762 402 perditi.
777 368 835 395 zelo
862 368 923 396 fidei

126 409 271 436 dominica:
287 418 490 444 persequamur,
505 415 532 437 et
547 419 560 437 a
574 412 645 438 sanis
659 413 801 443 mentibus,
821 421 852 439 ne
878 421 923 446 pc-

126 454 174 479 stis
188 454 245 480 lucc
264 454 341 480 latius
356 454 517 490 divulgctur,
531 456 685 489 severitate,
703 465 753 490 qua
770 465 920 490 possumus,

126 503 329 530 abscindamus.
353 503 427 530 Unde
448 505 540 530 hortor
564 504 735 531 dilectionem
752 510 879 535 vestram,
897 510 923 531 et

125 548 260 580 obtestor,
277 554 304 575 et
318 557 425 579 lllI'tH'BO,
443 554 470 575 ut
494 557 545 583 qua
569 549 672 576 debetis
692 554 718 576 et
742 550 853 584 potesti~
867 551 921 576 sol-

124 593 269 620 licitudine
286 593 399 626 vigili-Iis
419 594 451 620 ad
469 595 668 629 investigandos
683 603 739 627 eos,
765 600 860 622 necum
878 603 922 621 uc-

124 638 244 665 cultandi
261 646 291 665 se
306 640 443 673 reperiant
459 640 620 666 lacultatrtn.
640 639 673 667 Ut
692 641 762 667 enim
776 641 883 667 habebit
908 648 922 666 a

125 683 180 710 Deo
197 683 287 717 digna:
300 685 525 712 remunerationis
539 686 686 719 pncmium.
701 686 746 719 qui
758 686 921 719 diligentius,

124 729 197 762 quod
223 729 258 756 ad
283 730 397 756 salutent
426 730 577 757 cominist
601 731 650 757 sibi
677 732 761 764 plebis
789 731 920 766 proficiat,

124 774 205 800 fuerit
219 779 367 801 exsecutus
381 784 386 801 :
405 775 440 802 ita
457 780 519 802 ante
536 776 649 803 tribunal
674 777 776 803 Domini
798 778 831 804 de
846 782 921 805 reatu

124 820 300 854 negligentia:
314 828 343 848 se
358 830 411 848 non
427 823 526 856 poterit
542 830 681 854 excusare,
698 824 851 858 quitunque
866 824 923 858 plc-

124 869 184 892 t-etn
212 873 289 892 suam
311 872 403 893 contra
428 868 566 900 sacrilcgzc
592 869 772 901 persuasionis
798 874 921 895 auctores

124 909 242 938 noluerit
270 911 415 938 custodire.
441 912 506 939 Data
535 921 560 939 m
591 914 642 939 cal.
673 913 750 946 Νὴ,
768 913 921 941 Theodosio
941 922 959 950 ῃ

125 963 187 983 nui
203 961 231 984 et
245 956 342 984 Albino
358 966 401 984 vv.
419 966 460 985 cc.
482 966 570 985 conss.
587 960 648 993 (An.
664 959 759 986 Christi
775 959 850 993 444.)

160 1002 217 1029 Leo
242 1003 386 1037 episcopus
413 1004 543 1032 universis
564 1005 698 1039 episcopis
731 1013 778 1040 per
804 1005 921 1032 Siciliam

123 1048 278 1074 constitutis
290 1048 315 1074 in
331 1047 443 1075 Domino
459 1049 620 1076 salutem.—
630 1050 728 1077 Divinis
743 1052 881 1085 prtcccptis
895 1056 922 1078 ct

123 1094 284 1127 apostolicis
299 1095 407 1122 monitis
423 1095 577 1130 incitamur,
595 1101 623 1123 ut
637 1105 685 1131 pro
700 1098 819 1124 omnium
832 1097 922 1125 Eccle-

123 1139 224 1166 siarum
251 1145 323 1166 statu
346 1141 459 1175 impigro
482 1142 621 1176 vigilemus
645 1142 756 1173 πίτυι-ιιι,
779 1152 809 1170 ac
821 1144 842 1170 si
859 1143 921 1178 quid

123 1193 239 1219 usquam
255 1187 457 1222 reprehensioni
471 1188 605 1215 invenitur
620 1189 774 1221 obnoxium,
789 1190 853 1216 cleri
869 1190 923 1216 sol-

123 1231 267 1259 licitudine
291 1237 337 1258 aut
360 1232 393 1259 ab
417 1234 573 1266 ignorantiw
597 1234 737 1268 imperitia,
754 1239 799 1261 aut
818 1243 830 1261 a
855 1242 922 1269 pra:-

123 1276 290 1310 sumptionis
313 1278 486 1311 usurpatione
509 1286 677 1305 revorcmus.
704 1279 827 1305 Manente
852 1280 921 1305 enim

122 1320 271 1347 dominica:
286 1322 358 1348 vocis
374 1322 486 1355 imperio
497 1342 503 1353 ,
529 1331 582 1356 quo
599 1323 768 1349 beatissimus
784 1325 923 1357 apostolus

122 1364 226 1392 Petrus
241 1366 310 1393 trina
329 1368 490 1401 repetitione
509 1369 629 1403 mystirax
653 1377 707 1395 san.
721 1369 800 1403 tinnis
825 1370 921 1396 imbui-

122 1415 178 1443 tur.
203 1415 231 1438 et
252 1411 351 1440 Christi
373 1421 458 1446 ovcs,
483 1414 528 1448 qui
552 1415 686 1441 Christum
711 1416 804 1448 diligit,
829 1421 922 1450 pascat

121 1456 219 1489 (loqu.
234 1460 289 1492 ut)
301 1483 308 1492 ,
341 1459 423 1493 ipsius
441 1459 522 1492 sedis,
557 1461 598 1487 cui
616 1468 662 1494 per
682 1460 870 1487 abundantiam
886 1461 924 1488 di-

121 1502 198 1528 vina!
218 1504 311 1536 gratim
330 1511 489 1538 prmsumus,
511 1506 662 1532 reverentia
687 1511 866 1537 t-oarctamur,
896 1511 923 1533 ut

121 1547 277 1580 periculum
293 1547 412 1580 desidiic,
428 1553 556 1583 quantum
575 1557 729 1582 possumus,
746 1550 921 1582 declinemus,

1013 268 1107 308 tionem
1134 268 1237 295 Domini
1263 270 1345 296 nostri
1369 272 1461 297 sumtis
1484 268 1649 298 sacramenta
1672 272 1771 308 digesta

1010 307 1072 329 sint.

1012 358 1077 385 Vill.
1098 359 1212 394 Semper
1221 360 1329 394 quidem
1345 360 1371 387 in
1386 365 1489 388 mterno
1503 361 1616 389 consilio
1631 362 1677 389 Dei
1692 369 1771 390 man-

976 403 1010 430 sit
1025 404 1133 431 humani
1146 405 1253 438 generis
1269 405 1523 433 incommutabiliter
1535 407 1714 441 pneordinata
1728 415 1772 435 rc-

978 449 1091 482 paratio,
1107 448 1154 476 sed
1170 449 1237 476 ordo
1254 457 1343 476 rerum
1365 457 1412 484 per
1425 449 1515 477 Jesum
1530 450 1665 478 Christum
1681 450 1772 479 Domi-

977 502 1040 521 num
1056 499 1177 522 nostrum
1200 495 1385 529 temporaliter
1407 495 1586 529 gerendarum
1601 496 1626 522 in
1648 495 1771 523 incarna-

976 540 1049 566 tione
1069 539 1150 566 Verbi
1165 541 1279 575 sumpsit
1301 541 1451 572 exordium,
1476 541 1547 568 unde
1570 541 1642 568 aliud
1665 546 1771 577 tempus

975 589 1024 616 επὶ,
1045 592 1098 619 quo
1113 586 1288 612 annuntiantc
1305 585 1406 619 Angelo
1421 586 1499 612 beata
1516 586 1595 620 Virgo
1620 586 1701 613 Maria
1730 586 1771 614 fe-

975 630 1141 658 cundandam
1153 639 1183 657 se
1195 638 1243 665 per
1256 629 1383 665 Spiritqu
1396 636 1516 658 sanetum
1544 632 1656 658 credidit
1666 636 1692 659 et
1702 639 1770 660 con-

975 675 1066 709 cepit:
1082 674 1164 708 aliud,
1175 683 1229 709 quo
1245 675 1317 702 salva
1334 675 1487 710 integritate
1500 676 1618 709 virginea
1634 684 1700 711 puer
1712 677 1771 705 edi-

975 726 1017 749 tus
1032 721 1168 750 exaltante
1191 723 1289 757 gaudio
1309 724 1460 752 ctelestiunt
1482 724 1665 752 ministrorum
1679 729 1771 760 pasto-

975 766 1048 793 ribus
1057 766 1204 794 iudicatur:
1213 768 1358 803 aliud,quo
1370 769 1457 796 infans
1467 769 1664 797 circumciditur
1672 778 1679 796 :
1687 769 1769 803 aliud,

974 817 1028 845 quo
1051 812 1139 839 hostia
1163 820 1213 847 pro
1232 821 1265 841 eo
1277 814 1369 848 legalis
1391 814 1522 842 ollertur:
1539 814 1621 847 aliud,
1639 821 1699 842 cum
1715 819 1771 843 tres

976 855 1044 890 Magi
1066 857 1188 885 claritate
1207 858 1269 885 novi
1293 858 1389 886 sideris
1409 859 1513 887 incitati
1532 859 1558 886 in
1579 859 1716 887 Bethleem
1736 860 1770 887 ab

975 900 1086 929 Oriente
1109 903 1279 937 perveniunt,
1302 909 1331 931 et
1350 904 1463 931 adorant
1483 904 1634 939 parvulum,
1658 905 1770 940 mystica

974 954 1114 974 munerum
1127 948 1264 977 oblatione
1274 954 1438 976 venerantur
1449 949 1557 984 (Matth.
1571 949 1611 985 n).
1624 949 1680 978 Nec
1690 949 1770 977 iidem

973 997 1036 1018 sunt
1049 993 1117 1024 dies,
1133 994 1230 1027 quibus
1245 994 1327 1028 impio
1342 993 1453 1028 llerodi,
1465 995 1590 1022 ordinata
1602 995 1730 1023 divinitus
1742 995 1770 1023 in

974 1035 1120 1072 Egyptum
1136 1039 1322 1071 translatione,
1338 1039 1490 1067 subtractus
1504 1044 1556 1074 est,
1571 1040 1612 1068 vel
1626 1041 1723 1075 quibus
1735 1041 1770 1068 ab

974 1080 1092 1117 [Egypto
1108 1083 1135 1109 in
1148 1082 1296 1116 Galilazam,
1311 1088 1417 1111 mortuo
1429 1089 1611 1119 persecutore,
1627 1089 1770 1114 revocatus

974 1132 1024 1155 est.
1041 1128 1113 1156 inter
1128 1129 1177 1158 has
1191 1134 1280 1157 autem
1293 1130 1523 1165 dispensationum
1534 1131 1677 1159 varietates
1690 1138 1769 1159 acce-

974 1175 1040 1202 dunt
1066 1180 1210 1210 augmenta
1235 1184 1381 1211 corporea,
1409 1177 1507 1204 crescit
1534 1177 1672 1209 Dominus,
1699 1177 1771 1205 sicut

974 1218 1142 1254 Evangelista
1158 1225 1272 1248 testatur
1293 1221 1369 1255 (Luc.
1396 1221 1427 1257 l),
1444 1221 1608 1256 profectibus
1625 1222 1714 1249 aetatis
1741 1225 1770 1249 et

973 1266 1076 1299 gratim,
1090 1273 1137 1300 per
1147 1266 1204 1294 dies
1219 1266 1329 1294 Pascha:
1343 1267 1370 1294 in
1386 1267 1513 1301 templum
1528 1266 1692 1294 Hierusalem
1708 1273 1769 1294 cum

976 1311 1135 1345 parentibus
1148 1311 1233 1344 venit,
1246 1316 1273 1339 et
1284 1320 1344 1339 cum
1359 1312 1466 1340 abesset
1480 1320 1495 1338 a
1510 1312 1640 1339 societate
1654 1311 1770 1339 redeun-

976 1357 1054 1391 tium,
1066 1357 1162 1385 sedens
1172 1365 1233 1385 cum
1244 1358 1404 1390 senioribus,
1417 1363 1444 1385 et
1454 1358 1524 1385 inter
1536 1358 1700 1385 admirantes
1710 1364 1769 1384 ma-

974 1402 1073 1436 gistros
1089 1402 1229 1437 disputans
1244 1403 1389 1436 invenitur,
1410 1404 1598 1438 rationemque
1622 1403 1769 1430 mansionis

974 1454 1029 1474 sua:
1042 1447 1159 1476 reddens
1171 1457 1177 1474 :
1193 1447 1261 1480 Quid
1276 1452 1326 1481 est,
1343 1448 1437 1483 inquit,
1451 1450 1522 1483 quod
1536 1449 1697 1483 quzercbatis
1709 1449 1769 1476 me?

974 1493 1136 1521 nesciebatis
1157 1493 1229 1528 quod
1239 1494 1265 1520 in
1281 1494 1331 1526 his,
1345 1501 1404 1529 quzc
1416 1494 1501 1522 Patris
1515 1495 1566 1522 mei
1578 1500 1649 1527 sunt,
1663 1499 1770 1529 oportet

979 1546 1022 1566 me
1039 1545 1101 1566 esse
1120 1537 1196 1573 (Luc.
1214 1537 1266 1572 n)?
1279 1537 1438 1571 significans
1451 1537 1512 1570 ejus
1535 1544 1564 1562 se
1585 1543 1647 1562 esse
1666 1535 1766 1567 illium,

121 1599 155 1618 ne
173 1592 308 1626 professio
322 1595 419 1621 summi
432 1595 553 1629 Apostoli
567 1616 573 1625 ,
589 1602 641 1629 qua
657 1602 686 1621 se
704 1600 850 1622 amatorem
869 1596 920 1622 Do-

978 1586 1058 1620 cujus
1073 1589 1148 1612 esset
1167 1589 1195 1611 et
1210 1583 1351 1617 templum.
1368 1582 1426 1609 Jam
1445 1590 1519 1614 vero,
1548 1589 1610 1608 cum
1640 1583 1665 1608 in
1686 1582 1768 1608 annis

120 1637 194 1663 mini
207 1640 320 1665 testatus
335 1643 385 1671 est,
403 1647 456 1666 non
472 1640 623 1666 inveniatur
637 1640 662 1666 in
677 1640 754 1667 nobis
767 1660 774 1671 ,
795 1641 855 1673 quia
873 1648 921 1667 ne-

120 1682 262 1716 gligenter
276 1691 389 1716 pascens
402 1684 482 1711 toties
505 1684 721 1712 commendatum
741 1693 849 1720 gregem
862 1694 923 1713 con-

122 1727 247 1754 vincitur
259 1736 390 1756 summum
406 1737 459 1757 non
474 1737 565 1756 amare
579 1735 726 1765 pastorem.

121 1814 200 1847 Quod
223 1817 390 1852 prohibeatur
412 1819 440 1845 in
467 1818 513 1857 die
531 1818 742 1857 Epiphaniorum
762 1819 921 1857 baptismum

449 1854 584 1882 celebrari.

159 1907 217 1936 V11.
242 1909 308 1936 Cum
322 1917 388 1945 ergo
412 1911 477 1938 mihi
497 1911 531 1939 de
546 1911 687 1939 charilatis
701 1916 796 1940 vestra:
817 1913 922 1941 actibus

121 1952 249 1982 fraterna
260 1954 402 1983 allectione
416 1956 532 1984 sollicito
548 1957 629 1985 certis
643 1957 749 1985 indiciis
763 1957 921 1991 innotuerit,

124 2008 176 2029 ros
186 2001 214 2028 in
231 2008 277 2035 eo,
288 2001 360 2036 quod
371 2002 441 2030 inter
453 2008 622 2031 sacramenta
634 2002 763 2031 Ecclesiae
777 2004 923 2039 principale

124 2051 180 2076 est.
197 2047 234 2074 ab
249 2047 405 2082 apostolica:
420 2048 595 2076 institutionis
612 2049 807 2077 consuetudine
822 2049 924 2078 discre-

122 2099 205 2126 pare,
235 2092 272 2119 ita
292 2097 321 2119 ut
345 2093 467 2128 baptismi
492 2100 691 2122 sacramentum
711 2096 880 2123 numerosius
895 2095 922 2123 in

121 2139 170 2166 die
185 2137 356 2173 Epiphaniae,
381 2147 461 2174 quam
477 2140 502 2167 in
517 2139 641 2168 Paschali
667 2145 789 2176 tempore
802 2142 923 2170 celebre-

125 2188 181 2216 tur,
213 2185 298 2212 miror
313 2193 370 2218 vos,
383 2186 425 2213 vel
445 2186 658 2221 praedecesmres
673 2192 777 2215 vestros
788 2191 842 2215 tam
857 2188 925 2215 irra-

124 2231 288 2258 tionabilem
303 2232 450 2259 novitatem
469 2240 600 2268 usurpare
622 2233 750 2267 potuisse,
763 2237 793 2260 ut
811 2233 924 2261 confuso

123 2276 261 2311 temporis
271 2277 409 2311 utriusque
420 2278 559 2312 mysterio,
572 2278 669 2306 nullam
677 2285 737 2306 esse
745 2277 923 2305 diflerentiam

123 2321 278 2349 craterem
298 2323 370 2350 inter
392 2322 465 2350 diem
483 2331 538 2358 quo
566 2324 694 2351 adoratus
708 2328 751 2352 est
772 2323 895 2351 Christus
909 2331 925 2351 a

124 2366 225 2400 Magis.
241 2371 268 2393 ct
281 2367 352 2394 diem
376 2375 433 2402 quo
453 2369 601 2396 resurrexit
615 2368 738 2397 Christus
761 2376 776 2396 a
799 2369 923 2396 mortuis.

125 2412 218 2445 Quam
244 2412 348 2447 culpam
374 2413 448 2441 nullo
471 2413 552 2442 modo
576 2415 732 2449 potuissetis
756 2415 885 2446 incidere,
902 2413 926 2441 si

122 2459 200 2486 uiuis
223 2459 457 2488 consecrationem
481 2460 593 2488 honoris
616 2461 747 2495 accipitis,
764 2461 826 2488 inde
841 2461 925 2495 legem

123 2504 212 2531 totius
227 2503 407 2533 observantiae
419 2506 572 2538 sumeretis,
589 2509 617 2533 et
627 2506 699 2534 beati
714 2507 831 2541 apostoli
852 2505 925 2533 Petri

123 2549 227 2579 sedes.
242 2558 302 2585 qua:
317 2551 394 2578 vobis
415 2551 591 2579 sacerdotalis
610 2556 697 2579 mater
710 2556 753 2580 est
775 2552 924 2587 dignitatis,

122 2600 205 2624 esset
218 2597 408 2625 ecclesiasticae
428 2598 554 2633 magistra
571 2597 694 2630 rationis,
707 2605 721 2624 a
735 2598 812 2631 cujus
825 2605 872 2625 vos
883 2605 926 2625 re

122 2643 202 2676 gulis
213 2643 357 2671 recessisse
370 2643 475 2671 minore
489 2648 580 2680 posset
590 2644 790 2678 atquanimitatc
805 2644 926 2676 tolerari,

121 2689 149 2715 si
178 2688 269 2722 aliqua
290 2688 508 2716 eommonitionis
532 2693 632 2716 nostra:
647 2688 795 2724 increpatio
808 2695 925 2723 praeces-

122 2738 216 2762 suasct
229 2742 236 2759 ε
250 2742 321 2762 nunc
337 2739 439 2767 autem,
450 2734 513 2768 quia
527 2742 581 2762 non
596 2733 756 2770 desperatur
778 2734 925 2767 correctio,

120 2778 267 2806 servanda
288 2783 332 2806 est
356 2779 523 2807 consuetudo
538 2788 545 2805 :
562 2783 592 2806 ut
612 2780 675 2807 licet
691 2779 733 2806 vix
757 2778 868 2807 ferenda
890 2779 926 2807 sit

119 2827 153 2854 in
171 2825 362 2853 sacerdotibus
387 2826 536 2859 excusatio,
559 2833 619 2861 quae
639 2824 788 2861 praetendat
809 2824 926 2853 inscien-

120 2871 352 2903 tiam,mahunus
366 2876 455 2899 tamen
470 2876 499 2900 et
507 2879 649 2900 censuram
663 2871 841 2900 necessariam
857 2874 926 2898 tem-

122 2923 242 2950 poraria,
249 2920 279 2945 et
291 2920 396 2946 ratione
409 2924 458 2946 vos
468 2917 643 2954 apertissima:
653 2915 774 2945 veritatis
783 2915 926 2946 instruere.

979 1631 1130 1665 majoribus
1139 1630 1264 1665 apertius
1273 1629 1456 1656 declarantlus
1468 1628 1634 1662 baptismum
1646 1635 1767 1662 praecur-

978 1679 1050 1705 soris
1062 1677 1103 1704 sui
1112 1677 1226 1704 Joannis
1234 1676 1358 1710 expetiit,
1370 1675 1435 1710 quid
1447 1675 1557 1701 deitatis
1564 1675 1624 1708 ejus
1636 1673 1769 1700 remansit

979 1724 1148 1759 ambiguum,
1159 1726 1281 1758 quando,
1293 1722 1432 1757 baptizato
1442 1722 1556 1749 Domino
1565 1721 1641 1753 Jesu,
1649 1721 1770 1755 Spiritus

978 1775 1092 1798 sanctus
1108 1770 1136 1797 in
1151 1768 1287 1797 columbae
1302 1769 1395 1803 specie
1408 1776 1490 1802 super
1504 1775 1568 1794 eum
1583 1766 1727 1794 descendit
1743 1772 1771 1793 et

980 1814 1185 1846 inansit,audita
1192 1815 1225 1842 de
1233 1814 1400 1842 cmlisl’atris
1411 1821 1476 1840 voce
1483 1812 1770 1848 dicentis(.llatt/t.tn):

974 1854 1015 1884 Tu
1028 1864 1057 1884 es
1069 1855 1140 1884 ﬁlius
1149 1863 1226 1883 meus
1236 1854 1359 1887 dilectus,
1375 1855 1401 1882 in
1413 1859 1439 1882 te
1449 1854 1517 1882 bene
1528 1853 1695 1888 complacui?
1705 1852 1771 1886 Quae

973 1901 1064 1929 omnia
1078 1900 1149 1933 ideo,
1164 1905 1265 1935 quanta
1289 1900 1435 1935 potuimus,
1457 1899 1588 1926 brevitate
1611 1896 1770 1932 perstrinxi-

974 1953 1044 1978 mus,
1058 1949 1088 1972 ut
1101 1949 1195 1972 notum
1211 1945 1246 1972 sit
1259 1944 1396 1972 dilectioni
1411 1948 1507 1971 vestrm
1522 1943 1662 1970 universos
1672 1941 1770 1969 Christi

975 1990 1033 2018 dies
1052 1990 1199 2018 innumeris
1221 1993 1396 2017 consecratos
1417 1987 1499 2015 fuisse
1519 1987 1673 2018 virtutibus.
1696 1991 1723 2014 et
1744 1987 1771 2014 in

976 2035 1081 2064 cunctis
1096 2034 1155 2070 ejus
1168 2034 1320 2062 actionibus
1332 2038 1562 2062 sacramentorum
1579 2033 1705 2068 mysteria
1722 2039 1771 2060 co-

974 2088 1111 2113 ruscasse;
1126 2079 1172 2108 sed
1186 2079 1265 2107 aliter
1276 2079 1405 2114 quidquid
1417 2078 1499 2114 signis
1509 2078 1681 2109 denuntiarit,
1695 2077 1773 2104 aliter

976 2129 1056 2158 rebus
1071 2128 1188 2164 impleri,
1201 2136 1252 2156 nec
1269 2135 1436 2163 qumcunque
1451 2131 1627 2155 numerantur
1641 2127 1667 2153 in
1682 2126 1772 2161 operi-

976 2175 1027 2203 bus
1041 2174 1199 2205 Salvatoris,
1213 2173 1247 2200 ad
1263 2178 1368 2207 tempus
1382 2179 1462 2207 posse
1476 2172 1612 2207 pertinere
1627 2171 1774 2206 baptisma-

976 2218 1020 2247 tis.
1036 2218 1103 2245 Nam
1118 2218 1141 2245 si
1151 2218 1233 2245 etiam
1249 2217 1304 2249 illa,
1320 2224 1381 2251 quze
1400 2221 1462 2252 post
1481 2216 1553 2244 beati
1568 2215 1677 2243 Joannis
1698 2216 1772 2242 lava-

976 2272 1052 2293 crum
1076 2272 1092 2291 a
1116 2263 1230 2291 Domino
1253 2266 1330 2298 gesta
1349 2264 1532 2299 cognovimus,
1553 2263 1603 2291 sub
1627 2262 1774 2290 indiscrcto

977 2310 1081 2338 honore
1105 2309 1237 2343 colamus,
1258 2309 1348 2337 omnia
1372 2314 1494 2344 tempora
1514 2308 1678 2336 continuatis
1695 2311 1774 2335 erunt

978 2354 1132 2391 deputanda
1145 2355 1229 2386 festis,
1246 2355 1309 2391 quia
1330 2355 1421 2382 omnia
1444 2358 1507 2382 sunt
1524 2354 1604 2389 plena
1626 2353 1772 2381 miraculis.

981 2400 1079 2429 Verum
1090 2400 1153 2436 quia
1166 2400 1278 2436 spiritus
1291 2401 1431 2435 sapientia:
1445 2404 1473 2427 et
1492 2399 1643 2427 intellectus
1654 2398 1690 2426 ita
1702 2397 1775 2432 Apo-

978 2446 1064 2475 stolos
1089 2450 1118 2474 et
1140 2446 1223 2474 totius
1245 2445 1373 2474 Ecclesia:
1394 2445 1509 2473 erudivit
1528 2444 1679 2479 magistros,
1696 2446 1725 2469 ut
1747 2443 1773 2469 in

979 2493 1132 2521 Christiana
1146 2492 1317 2521 observantia
1333 2491 1397 2520 nihil
1413 2490 1604 2522 inordinatum,
1622 2488 1685 2515 nihil
1698 2492 1775 2522 pate-

978 2544 1054 2568 retur
1064 2546 1124 2567 csse
1134 2538 1285 2572 confusum,
1309 2536 1494 2566 discernenda:
1505 2540 1567 2563 sunt
1578 2541 1664 2562 causa:
1674 2532 1773 2560 solem-

978 2586 1104 2617 nitatum,
1115 2589 1143 2612 et
1155 2584 1182 2612 iu
1194 2584 1319 2612 omnibus
1331 2582 1459 2610 institutis
1472 2580 1582 2608 Patrum
1610 2578 1775 2614 principum-

978 2638 1032 2667 que
1051 2635 1204 2659 nostrorum
1224 2629 1391 2657 rationabilis
1406 2627 1536 2655 servanda
1552 2626 1696 2658 distinctio,
1711 2626 1774 2660 quia

979 2677 1117 2704 nonaliter
1124 2684 1190 2703 unus
1196 2683 1272 2710 grex,
1283 2679 1310 2702 et
1317 2683 1385 2703 unus
1392 2678 1482 2711 pastor
1490 2681 1593 2707 sumus,
1605 2673 1666 2707 nisi,
1678 2680 1776 2707 quem-

980 2722 1123 2751 admodum
1138 2720 1284 2756 Apostolus
1298 2720 1378 2747 docet
1400 2718 1426 2754 (Ι
1459 2717 1519 2746 Cor.
1544 2718 1575 2753 t),
1602 2718 1716 2752 idipsum
1732 2716 1769 2743 di-

979 2774 1071 2795 camus
1086 2774 1196 2794 omnes:
1212 2765 1302 2792 Simus
1312 2768 1401 2792 autem
1415 2763 1526 2799 perfecti
1538 2763 1563 2791 in
1578 2762 1672 2790 eodem
1692 2768 1773 2789 scnsu

979 2817 1007 2841 et
1022 2813 1049 2840 in
1063 2811 1157 2839 eadem
1170 2811 1311 2847 sapientia.

981 2878 1057 2911 Quod
1068 2879 1095 2905 in
1110 2877 1236 2911 baptitmo
1247 2886 1315 2904 mors
1330 2877 1463 2911 proveniat
1474 2876 1654 2912 interiectione
1666 2872 1775 2912 peccati,

1016 2919 1042 2942 et
1066 2910 1225 2949 sepulturam
1249 2913 1399 2942 biduanum
1413 2913 1526 2941 imitetur
1540 2910 1610 2938 tritta
1638 2910 1775 2941 damento,
