3976 6196
400 329 505 384 285

1694 316 2048 375 DIONYSXUS
2084 313 2399 370 EXIGUUS.

3581 303 3694 358 εει

472 454 522 497 et
572 440 636 494 ab
691 442 840 510 aquis
890 439 1102 494 elet'atio
1146 439 1236 501 sit,
1289 435 1424 489 velut
1463 434 1774 487 resurrectio
1822 431 1885 484 de
1910 446 1996 483 εο-
2022 434 2072 494 Α
2107 425 2393 481 veritatem
2441 418 2621 491 (Joan.
2662 416 2794 490 xvi).
2847 417 2981 473 Cum
3012 418 3193 486 itaque
3220 416 3417 472 veritas
3445 416 3696 473 Christus

478 514 655 567 δαίετο
665 550 678 565 .

476 627 567 681 lX.
597 625 848 693 Quamvis
885 638 1014 691 ergo
1055 631 1110 676 et
1138 622 1225 676 illa
1255 636 1374 690 qua:
1405 618 1473 673 ad
1516 616 1871 671 humilitatem
1896 654 1912 675 ,
1943 620 1999 667 et

410 720 495 774 Illa
525 732 645 787 qua:
668 716 734 792 ad
764 715 988 782 gloriam
1032 714 1300 783 pertinent
1326 710 1523 765 Christi
1551 747 1565 770 ,
1599 708 1653 761 in
1683 721 1845 759 unum
1870 719 2001 758 con-

411 817 645 869 currant,
696 805 1049 873 eamdemque
1099 817 1385 873 personam
1410 841 1424 866 ,
1460 809 1743 867 totumque
1771 794 1915 865 quod
1942 794 1997 846 in

408 905 499 959 illo
521 914 576 957 et
606 901 820 955 virtutis
849 900 1040 953 divina:
1071 906 1174 961 est,
1227 905 1282 951 et
1306 895 1629 950 inﬁrmitatis
1658 894 1904 947 humanae
1933 888 2000 943 ad

408 1003 605 1050 nostrze
638 991 992 1062 reparationis
1019 990 1204 1044 tendat
1252 987 1502 1042 effectum
1536 1002 1548 1038 ;
1576 984 1792 1055 proprie
1822 992 2000 1036 tamen

412 1088 461 1141 in
488 1092 662 1140 morte
686 1083 926 1139 cruciﬁxi
949 1123 963 1148 ,
995 1092 1048 1137 et
1072 1082 1123 1136 in
1150 1078 1553 1136 resurrectione
1584 1075 1782 1130 mortui
1810 1082 2003 1143 poten-

410 1179 482 1231 tia
506 1175 846 1246 baptismatis
875 1189 1069 1227 novam
1100 1179 1402 1225 creaturam
1425 1169 1608 1225 condit
1636 1182 1701 1221 ex
1726 1167 1917 1229 veteri,
1946 1172 2005 1220 ut

413 1272 465 1323 in
509 1266 915 1323 renascentibus
965 1274 1020 1319 et
1050 1280 1194 1316 mors
1222 1262 1419 1317 Christi
1458 1266 1714 1329 operetur
1737 1298 1751 1322 ,
1786 1265 1840 1310 et
1870 1256 2000 1321 vita,

412 1359 625 1414 dicente
650 1360 805 1411 beato
844 1355 1091 1425 apostolo
1114 1353 1280 1407 Paulo
1299 1372 1309 1405 :
1331 1353 1408 1405 An
1438 1348 1712 1419 ignoratis,
1739 1348 1861 1416 quia
1884 1344 2004 1414 qui-

415 1465 627 1518 cunque
659 1448 916 1518 haptizati
964 1461 1149 1500 sumus
1191 1446 1243 1498 in
1273 1442 1486 1499 Christo
1528 1439 1683 1505 Jesu,
1737 1440 1790 1492 in
1831 1445 2007 1491 morte

415 1542 578 1611 ipsius
629 1540 881 1609 baptizati
929 1553 1112 1593 smnus
1142 1536 1320 1605 (Rom.
1356 1535 1470 1602 vt)?
1510 1530 1829 1600 Consepulti
1859 1529 2006 1583 enim

414 1648 599 1689 sumus
628 1648 748 1686 cum
780 1631 873 1685 illo
906 1646 1003 1699 per
1044 1629 1370 1699 baptismum
1411 1626 1462 1679 in
1494 1632 1723 1677 mortem
1751 1640 1761 1674 :
1791 1630 1848 1675 ut
1873 1636 2009 1688 quo-

417 1724 578 1779 modo
606 1724 839 1777 surrexit
859 1720 1109 1775 Christus
1137 1737 1165 1773 a
1189 1718 1417 1772 mortuis
1447 1732 1542 1785 per
1557 1714 1782 1783 gloriam
1814 1711 2006 1778 Patris,

2101 516 2172 573 sit
2199 514 2379 577 (Joau.
2413 510 2523 578 xw)
2543 550 2559 574 ,
2590 518 2647 563 et
2673 508 2903 578 Spiritus
2926 516 3145 563 sanctus
3172 508 3394 577 spiritus
3415 507 3694 571 veritatis,

2101 617 2407 669 nomenque
2441 600 2702 655 Paracleti
2727 600 2941 667 utrique
2964 598 3037 652 sit
3066 599 3365 668 proprium,
3397 613 3503 653 non
3530 597 3694 652 dissi-

2102 696 2229 750 mile
2249 702 2331 749 est
2356 691 2570 755 festum,
2603 690 2693 743 ubi
2724 706 2886 743 unum
2916 698 3001 747 est
3020 697 3445 744 sacramentum.

2107 835 2257 900 Quod
2277 835 2452 888 beatus
2483 831 2747 901 apostolus
2791 828 2973 901 Petrus
3003 830 3055 882 in
3084 830 3168 881 die
3203 827 3525 901 Pentecoste:
3556 831 3700 884 viro-

2476 898 2591 957 rum
2622 903 2725 954 tria
2754 900 2921 952 millia
2952 898 3306 967 baptizauerit.

2177 1013 2243 1067 X.
2270 1014 2384 1071 Iloe
2411 1021 2588 1067 autem
2619 1024 2718 1064 nos
2744 1024 2851 1063 non
2879 1023 2943 1061 ex
2993 1016 3175 1061 nostra
3209 1008 3563 1076 persuasione
3593 1011 3698 1063 de-

2107 1111 2322 1165 fendere
2347 1152 2361 1177 ,
2391 1109 2485 1163 sed
2515 1123 2581 1161 ex
2623 1104 2922 1174 apostolica
2962 1103 3291 1158 auctoritate
3320 1117 3539 1156 servare
3564 1103 3703 1158 satis

2106 1205 2300 1260 idoneo
2332 1200 2621 1271 probamus
2659 1195 2932 1264 exemplo,
2996 1201 3284 1262 sequentes
3328 1193 3544 1246 beatum
3567 1210 3706 1262 apo-

2107 1295 2305 1352 stolum
2339 1293 2575 1354 Petrum,
2601 1289 2691 1359 qui
2724 1289 2775 1341 in
2802 1288 2918 1357 ipso
2937 1286 3056 1346 die,
3089 1300 3197 1353 quo
3227 1301 3441 1339 omnem
3473 1285 3702 1340 creden-

2109 1388 2238 1441 tium
2288 1396 2571 1437 numerum
2626 1378 2920 1448 promissus
2976 1374 3209 1446 Spiritus
3251 1375 3421 1428 sancti
3470 1374 3703 1443 replevit

2109 1475 2386 1535 adventus,
2419 1474 2576 1526 trium
2622 1470 2845 1524 millium
2874 1466 3132 1538 p0pulum
3169 1481 3269 1521 sua
3312 1464 3704 1535 priedicatione

2111 1580 2431 1622 conversum
2481 1563 2699 1615 lavacro
2748 1558 3088 1630 baptismatis
3135 1555 3495 1621 consecravit,
3553 1554 3708 1623 quod

2112 1665 2295 1713 sancta
2322 1654 2619 1723 Scriptura,
2667 1666 2787 1719 qua:
2827 1649 3199 1720 apostolorum
3228 1648 3394 1701 Actus
3422 1647 3699 1715 continet,

2123 1746 2264 1799 ﬁdeli
2297 1742 2517 1797 historia
2548 1741 2709 1796 docet
2736 1739 2920 1793 dicens
2953 1756 2965 1790 :
3011 1737 3105 1791 His
3134 1737 3329 1792 auditis
3352 1775 3366 1799 ,
3397 1736 3712 1806 compuneti

418 1824 491 1869 ’ω
515 1823 569 1868 et
599 1830 699 1869 nos
721 1830 773 1866 m
799 1820 1035 1866 "omam
1056 1819 1179 1865 vum
1214 1808 1569 1861 ambmemus'
1602 1804 1660 1898 Sl.
1685 1818 1827 1898 eum}
1858 1818 2009 1898 mf"-
2045 1810 2084 1866 Β
2116 1846 2240 1891 sunt
2263 1834 2444 1898 corde,
2472 1842 2528 1887 et
2551 1832 2804 1886 dixerunt
2828 1828 2896 1882 ad
2922 1828 3141 1882 Petrum
3163 1838 3219 1882 et
3238 1826 3475 1896 reliquos
3495 1804 3714 1896 aposto-

418 1907 642 1977 plantati
674 1904 795 1959 facti
824 1918 1008 1958 sumus
1036 1898 1375 1956 similitudini
1402 1898 1594 1951 mortis
1615 1894 1752 1962 ejus,
1778 1892 1935 1947 simul
1958 1898 2012 1945 et

417 1994 828 2051 resurrectionis
851 1993 1073 2059 erimus,
1096 1999 1150 2044 et
1171 1999 1385 2049 cetera,
1419 2002 1537 2057 quae
1566 1985 1730 2037 latius
1756 1982 2012 2049 magister

419 2090 657 2157 gentium
688 2086 753 2140 ad
782 2082 1264 2140 commendandum
1289 2084 1687 2133 sacramentum
1720 2073 2013 2141 baptisma-

422 2180 488 2234 tis
519 2177 832 2248 disputavit,
856 2184 914 2229 ut
944 2180 1229 2244 appareret
1258 2186 1322 2225 ex
1354 2167 1512 2237 hujus
1535 2165 1796 2219 doctrinae
1824 2162 2013 2233 spiritu

420 2268 801 2337 regenerandis
824 2252 942 2320 ﬁliis
968 2266 1242 2320 hominum
1277 2270 1332 2315 et
1386 2261 1438 2314 in
1475 2258 1568 2311 Dei
1600 2257 1738 2310 tilios
1761 2255 2018 2323 adoptan-

422 2361 505 2415 dis
535 2360 682 2413 illum
713 2359 855 2412 diem
877 2399 892 2424 ,
915 2364 969 2410 et
1000 2355 1129 2409 illud
1161 2364 1370 2421 tempus
1392 2351 1625 2404 electum
1659 2366 1671 2400 :
1701 2347 1753 2400 in
1786 2361 1893 2413 quo
1922 2360 2018 2413 per

421 2451 842 2512 similitudinem,
873 2447 1210 2512 formamque
1240 2442 1481 2512 mysterii
1504 2456 1591 2506 ea,
1612 2452 1731 2507 qua:
1759 2445 2018 2505 geruntur

424 2546 479 2599 in
508 2542 764 2597 membris
792 2541 906 2606 his,
935 2555 1053 2608 qu;e
1086 2538 1139 2591 in
1183 2538 1300 2606 ipso
1332 2542 1459 2588 sunt
1483 2532 1679 2601 capite,
1713 2536 1863 2598 gesta
1889 2544 2018 2583 con-

429 2634 683 2706 gruerent
710 2679 725 2703 ,
772 2636 897 2690 dum
929 2634 981 2687 in
1014 2629 1350 2701 baptismatis
1379 2626 1561 2694 regula
1593 2634 1647 2678 et
1675 2637 1819 2677 mors
1848 2621 2016 2674 inter-

424 2732 572 2783 venit
601 2726 979 2783 interfectione
1007 2721 1232 2793 peccati,
1268 2730 1318 2775 et
1351 2719 1679 2790 sepulturam
1712 2713 2015 2767 triduanam

428 2821 669 2875 imitatur
712 2820 849 2872 trina
881 2815 1177 2877 demersio,
1209 2820 1263 2866 et
1293 2811 1359 2863 ab
1387 2808 1540 2880 aquis
1580 2804 1808 2862 elevatio
1837 2818 2020 2856 resur-

426 2912 603 2981 gentis
624 2911 790 2964 instar
806 2916 888 2963 est
910 2906 977 2961 de
1006 2904 1314 2974 sepulchro.
1341 2900 1461 2969 Ipsa
1491 2899 1653 2967 igitur
1676 2894 1855 2964 operis
1880 2908 2016 2963 qua-

429 3004 552 3056 litas
577 3001 738 3055 docet
785 2995 1120 3053 celebrandae
1151 2992 1472 3062 generaliter
1500 2987 1682 3057 gratiae
1711 2985 1851 3039 diem
1884 2983 2016 3051 legi-

433 3094 619 3147 timum
650 3106 771 3144 eum
794 3104 932 3152 esse,
966 3088 1017 3140 in
1045 3101 1153 3154 quo
1184 3091 1300 3137 orta
1334 3089 1456 3148 est,
1485 3089 1539 3133 et
1565 3078 1735 3131 virtus
1760 3073 2001 3127 muneris

2115 1932 2215 1996 los,
2250 1930 2384 1996 Quid
2415 1928 2693 1991 faciemus,
2717 1925 2815 1979 viri
2840 1923 3032 1976 fratres
3062 1921 3198 1991 (Act.
3225 1921 3325 1990 n)?
3351 1921 3541 1974 Petrus
3572 1935 3708 1973 vero

2118 2023 2186 2077 ad
2218 2022 2337 2076 illos
2369 2039 2380 2073 :
2414 2017 2793 2074 Paenitentiam
2819 2056 2834 2079 ,
2870 2014 3081 2082 inquit,
3113 2013 3253 2081 agite
3281 2054 3297 2081 ,
3328 2020 3383 2067 et
3409 2012 3715 2081 baptizetur

2120 2112 2489 2181 unusquisque
2532 2117 2771 2162 vestrum
2804 2106 2856 2159 in
2894 2104 3111 2158 nomine
3142 2102 3266 2157 Jesu
3297 2101 3514 2165 Christi,
3542 2102 3595 2155 in
3628 2118 3717 2155 re-

2117 2201 2426 2257 missionem
2455 2204 2806 2269 peccatorum
2838 2202 3143 2249 vestrorum
3170 2230 3186 2254 ,
3221 2200 3273 2245 et
3302 2192 3582 2262 accipietis
3611 2191 3714 2246 do-

2116 2309 2244 2348 num
2290 2291 2461 2346 sancti
2490 2288 2741 2359 Spiritus.
2778 2285 2941 2340 Vobis
2970 2284 3112 2339 enim
3148 2290 3229 2337 est
3255 2283 3625 2352 repromissio,
3656 2291 3713 2337 et

2120 2384 2241 2438 ﬁliis
2270 2382 2486 2446 vestris,
2518 2388 2572 2435 et
2593 2379 2844 2433 omnibus
2864 2375 2955 2446 qui
2985 2376 3142 2443 longe
3167 2383 3310 2439 sunt,
3344 2389 3705 2443 quoscunque

2119 2472 2468 2529 advocaverit
2514 2469 2771 2525 Dominus
2812 2468 2953 2521 Deus
2984 2472 3186 2520 noster.
3220 2463 3351 2518 Aliis
3381 2465 3542 2517 etiam
3594 2463 3712 2533 plu-

2118 2565 2268 2619 ribus
2307 2563 2483 2617 verbis
2532 2557 2848 2614 testiﬁcatus
2898 2567 3001 2622 est,
3053 2564 3107 2611 et
3154 2555 3544 2610 exhortabatur
3592 2570 3712 2618 eos,

2121 2653 2352 2707 dicens:
2414 2649 2707 2705 Salvamini
2755 2652 2786 2701 a'
2833 2646 3181 2715 generatione
3229 2645 3329 2699 ista
3377 2659 3561 2715 prava.
3610 2644 3713 2709 Qui

2120 2759 2249 2813 ergo
2301 2749 2627 2813 receperunt
2676 2753 2983 2794 sermonem
3011 2736 3145 2805 ejus,
3196 2736 3448 2804 baptizati
3475 2744 3630 2799 sunt,
3657 2743 3715 2788 et

2118 2838 2378 2908 appositae
2421 2842 2547 2891 sunt
2574 2834 2629 2889 in
2658 2833 2748 2887 illa
2777 2831 2864 2885 die
2892 2830 3085 2884 anima!
3123 2828 3339 2882 circiter
3386 2828 3485 2882 tria
3516 2826 3710 2881 millia.

2120 2948 2271 3015 Quod
2308 2951 2421 3004 haec
2445 2948 2547 3002 duo
2578 2955 2846 3015 tempora_,
2877 2941 2933 2995 id
2961 2951 3036 2994 est
3068 2938 3273 3015 Pascha
3302 2949 3356 3015 et
3383 2937 3705 3015 Pentecoste,

2189 3021 2257 3074 ad
2313 3009 2689 3089 baptizattdum'
2727 3031 2758 3067 a
2792 3011 3028 3066 Romano
3059 3010 3303 3080 pontiﬁce
3339 3009 3565 3078 legitima
3588 3019 3714 3061 sant

2195 3091 2435 3162 pra’ﬁxa.

428 3193 484 3238 et
511 3181 718 3252 species
744 3179 987 3241 actionis,
1020 3178 1086 3231 ad
1117 3176 1269 3243 cujus
1291 3174 1366 3226 rei
1398 3168 1860 3225 conﬁrmationem
1892 3164 2010 3234 plu-
2041 3168 2088 3230 C
2193 3183 2278 3237 χι,
2316 3182 2467 3236 unde
2495 3180 2618 3249 quia
2657 3174 3092 3232 manifestissime
3122 3178 3269 3243 patet
3297 3169 3631 3239 baptizandis
3658 3168 3715 3222 in

430 3275 626 3327 rimum
674 3272 835 3333 valet,
887 3268 1030 3338 quod
1081 3268 1195 3337 ipse
1251 3264 1506 3318 Dominus
1554 3259 1709 3313 Jesus
1755 3257 2017 3321 Christus,

430 3372 780 3436 posteaquam
811 3358 1107 3415 resurrexit
1133 3372 1164 3409 a
1194 3353 1419 3409 mortuis
1442 3390 1456 3415 ,
1489 3348 1762 3417 discipulis
1787 3346 1897 3399 suis
1921 3387 1934 3405 ,
1966 3345 2019 3398 in

433 3455 628 3524 quibus
655 3467 844 3507 omnes
872 3448 1230 3503 Ecclesiarum
1262 3441 1516 3513 prmsules
1555 3437 1922 3503 docebantur,
1969 3442 2025 3489 et

432 3547 684 3613 formam,
715 3553 770 3600 et
812 3551 1136 3614 potestatem
1182 3537 1399 3593 tradidit
1422 3530 1761 3602 baptizandi,
1793 3527 1975 3583 dicens
2006 3540 2019 3579 :

436 3637 640 3692 Euntes
669 3636 860 3691 docete
888 3648 1076 3688 omnes
1105 3639 1309 3699 gentes,
1352 3626 1688 3695 baptizantes
1720 3636 1814 3675 eos
1844 3620 1896 3673 in
1928 3633 2027 3673 no-

438 3730 583 3784 mine
598 3727 790 3794 Patris,
819 3735 871 3782 et
893 3725 1030 3788 Filii,
1048 3732 1101 3778 et
1121 3722 1355 3792 Spiritus
1379 3718 1561 3772 Sancti
1578 3714 1790 3787 (Matth.
1816 3712 2022 3774 xxvm).

440 3823 519 3877 De
560 3836 669 3891 quo
710 3821 896 3888 utique
943 3832 1037 3873 eos
1075 3816 1238 3870 etiam
1269 3819 1393 3865 ante
1431 3810 1736 3880 passionem
1755 3805 2028 3886 potuisset

438 3916 732 3979 instruere,
780 3911 878 3965 nisi
908 3908 1123 3979 pmprie
1148 3904 1408 3959 voluisset
1449 3900 1712 3967 intelligi,
1738 3911 2029 3965 regenera-

441 4004 601 4059 tionis
627 4003 851 4072 gratiam
882 4016 950 4055 ex
978 4015 1072 4053 sua
1097 3994 1498 4051 resurrectione
1525 3992 1775 4061 erupisse.
1802 3987 2029 4042 Additur

437 4111 569 4150 sane
600 4095 724 4148 huic
752 4091 1111 4147 observanti-.e
1129 4088 1289 4142 etiam
1321 4084 1674 4138 Pentecostes
1703 4095 1768 4134 ex
1794 4078 2027 4133 adventu

438 4185 611 4240 sancti
643 4182 870 4252 Spiritus
890 4187 1103 4233 sacrata
1131 4175 1448 4230 solemnitas
1474 4213 1489 4237 ,
1517 4186 1637 4240 qua:
1665 4171 1733 4224 de
1758 4168 2030 4224 Paschalis

439 4274 559 4330 festi
591 4272 785 4343 pendet
811 4268 1054 4324 articulo.
1097 4263 1161 4318 Et
1189 4279 1312 4319 cum
1359 4262 1427 4315 ad
1458 4261 1591 4315 alios
1618 4259 1734 4314 dies
1761 4259 1863 4311 alia
1893 4257 2027 4312 festa

437 4364 762 4435 pertineant,
796 4362 908 4415 haec
937 4371 1152 4427 semper
1180 4354 1249 4408 ad
1274 4369 1398 4409 eum
1450 4352 1591 4406 diem
1614 4392 1628 4417 ,
1662 4350 1752 4418 qui
1797 4364 2032 4404 resurre-

436 4456 617 4510 ctione
650 4453 858 4507 Domini
893 4460 977 4504 est
1008 4448 1231 4516 insignis
1254 4486 1268 4511 ,
1302 4444 1555 4507 occurrit,
1585 4442 1867 4512 porrigens
1890 4456 2028 4509 quo-

2125 3273 2364 3329 Ecclesia
2389 3270 2583 3326 electis
2608 3270 2723 3324 haec
2753 3268 2858 3323 duo
2888 3275 3154 3334 tempora,
3201 3262 3269 3316 de
3297 3262 3486 3331 quibus
3532 3261 3699 3315 locuti

2125 3380 2329 3429 sumus,
2357 3377 2476 3416 esse
2497 3359 2752 3429 legitima,
2778 3356 3121 3413 dilectionem
3142 3360 3377 3409 vestram
3406 3367 3711 3417 monemus,

2125 3467 2184 3511 ut
2212 3456 2384 3511 nullos
2409 3454 2544 3507 alios
2572 3452 2687 3507 dies
2715 3450 2842 3505 huic
2872 3445 3227 3503 observantiae
3251 3443 3541 3497 misceatis.

2128 3564 2279 3631 Quod
2301 3562 2442 3618 omni
2469 3572 2692 3631 tempore
2708 3558 2779 3621 lii,
2804 3556 2909 3631 qui
2918 3553 3227 3631 necessitate
3241 3551 3715 3631 mortia'urgentur,

2196 3637 2250 3689 id
2272 3646 2347 3688 est
2371 3620 2695 3703 wgritudinis
2716 3669 2729 3692 ,
2763 3620 3069 3703 obsidionis,
3093 3620 3482 3693 persecutionis,
3512 3630 3560 3672 et
3584 3634 3719 3671 nau-

2200 3706 2378 3777 fragii,
2411 3697 2628 3756 debeant
2651 3697 2926 3769 baptizari.

2196 3820 2312 3874 ΧΠ.
2345 3815 2479 3883 Quia
2507 3814 2552 3867 si
2580 3820 2705 3867 sunt
2737 3808 2840 3863 alia
2888 3820 3103 3877 quoque
3128 3803 3260 3857 festa
3288 3845 3302 3871 ,
3327 3802 3520 3871 quibus
3549 3800 3718 3855 multa

2130 3912 2180 3965 in
2208 3910 2467 3963 honorem
2496 3903 2588 3958 Dei
2627 3897 2929 3956 reverentia
2952 3896 3212 3951 debeatur
3233 3935 3248 3959 ,
3279 3891 3591 3964 principalis
3632 3900 3717 3945 ta-

2129 4014 2250 4055 men
2281 4041 2294 4065 ,
2322 4004 2380 4051 et
2419 3992 2639 4049 maximi
2685 3986 3008 4044 sacramenti
3054 3982 3406 4039 custodienda
3450 3981 3606 4035 nobis
3634 3990 3721 4036 est

2129 4088 2378 4160 mystica,
2421 4092 2478 4139 et
2503 4079 2838 4137 rationabilis
2862 4074 3215 4145 exemplatio,
3275 4087 3381 4126 non
3426 4071 3718 4126 interdicta

2130 4152 2367 4242 licentia,
2389 4190 2491 4243 qua
2520 4174 2574 4226 in
2601 4170 2872 4239 baptismo
2896 4165 3182 4222 tribuendo
3202 4162 3445 4234 quolibet
3470 4152 3721 4231 tempere

2129 4267 2557 4343 periclitantibus
2577 4259 2910 4317 subvenitur.
2941 4258 3017 4311 Ita
3048 4256 3190 4312 enim
3212 4255 3279 4309 ad
3297 4255 3395 4309 has
3409 4253 3544 4308 duas
3568 4252 3721 4308 festi-

2128 4342 2323 4413 vitates
2342 4366 2616 4409 connean
2644 4348 2878 4412 sibimet,
2905 4354 3070 4414 atque
3092 4351 3349 4412 cognatas
3365 4342 3719 4397 incolumium

2129 4454 2187 4502 et
2218 4447 2272 4499 in
2300 4442 2449 4514 pacis
2495 4439 2788 4496 securitate
2816 4434 3126 4502 degentium
3156 4432 3325 4487 libera
3354 4440 3479 4485 vota
3516 4430 3723 4486 ὤσει-ἰ-

437 4543 726 4599 dummodo
769 4538 1083 4594 auxiliantis
1113 4536 1297 4605 gratia:
1337 4550 1552 4588 manum
1584 4532 1649 4587 ad
1679 4548 1773 4587 eos
1792 4575 1806 4598 ,
1835 4547 1970 4602 quos
1996 4547 2027 4586 a
2059 4533 2107 4592 Ι)
2132 4550 2268 4607 mus,
2312 4543 2370 4589 ut
2392 4533 2444 4586 in
2474 4530 2665 4585 mortis
2685 4524 2947 4597 periculo,
2973 4523 3027 4577 in
3056 4521 3353 4578 obsidionis
3381 4520 3717 4587 discrimine,

437 4634 525 4690 die
550 4634 767 4687 Pasehte
789 4640 879 4686 aut
907 4627 1148 4683 molestia
1178 4626 1520 4689 inﬁrmitatis,
1553 4634 1643 4677 aut
1670 4623 2028 4693 longinquitas

436 4727 663 4789 itineris,
695 4732 786 4779 aut
813 4720 1167 4791 navigationis
1206 4717 1492 4773 difﬁcultas
1539 4715 1857 4779 interclusit,
1893 4715 2029 4770 invi-

439 4830 559 4874 tans
578 4858 591 4883 ,
625 4826 683 4871 ut
705 4813 1038 4885 quibuslibet
1064 4808 1474 4863 necessitatibus
1504 4805 1744 4874 impediti
1772 4792 2027 4860 desiderii

435 4913 516 4968 sui
545 4908 793 4965 etl‘ectum
823 4906 968 4960 dono
997 4901 1168 4958 sancti
1200 4899 1431 4969 Spiritus
1458 4904 1876 4964 consequantur.
1909 4893 2028 4964 Ipse

438 5005 581 5059 enim
610 5000 915 5069 unigenitus
936 4996 1051 5060 Dei,
1085 4994 1137 5046 in
1163 4992 1263 5046 [ide
1295 4989 1648 5054 credentium,
1671 4995 1725 5043 et
1755 4989 1807 5042 in
1834 4988 2027 5042 virtute

435 5110 659 5163 operum
686 5093 882 5147 nullam
908 5090 1047 5143 inter
1087 5102 1145 5141 se
1196 5093 1250 5139 et
1278 5083 1537 5153 Spiritum
1579 5089 1825 5135 sanctum
1856 5080 2027 5134 voluit

436 5202 555 5240 esse
583 5185 908 5246 distantiam,
939 5179 1062 5251 quia
1110 5178 1252 5232 nulla
1280 5184 1363 5231 est
1410 5172 1698 5229 diversitas
1728 5172 1783 5226 in
1814 5182 2023 5235 natura,

438 5274 623 5328 dicens
658 5301 672 5324 ι
717 5271 936 5339 Rogabo
960 5284 1059 5337 ego
1101 5265 1344 5331 Patrem,
1394 5274 1450 5319 et
1481 5263 1646 5317 alium
1689 5261 2026 5316 Paracletum

438 5364 585 5419 dabit
608 5361 791 5427 vobis,
822 5370 881 5413 ut
921 5359 1199 5413 vobiscum
1244 5357 1314 5411 sit
1366 5356 1419 5410 in
1461 5362 1744 5419 mternum,
1779 5354 2024 5424 spiritum

440 5452 681 5508 veritatis
712 5448 889 5522 (Joan.
923 5448 1053 5517 xxv).
1104 5447 1170 5502 Et
1194 5448 1420 5501 iterum:
1471 5444 1782 5500 Paracletus
1841 5451 2023 5497 autem

439 5543 668 5612 Spiritus
696 5545 943 5602 sanctus,
969 5550 1131 5605 quem
1161 5537 1341 5590 mittet
1363 5533 1522 5588 Pater
1552 5549 1702 5588 meus
1727 5534 1779 5586 in
1808 5531 2026 5585 nomine

441 5648 561 5688 meo
584 5672 599 5698 ,
625 5630 712 5684 ille
738 5642 833 5681 vos
860 5624 1075 5680 docebit
1110 5625 1309 5687 omnia,
1366 5632 1422 5678 et
1478 5629 1731 5689 suggeret
1773 5622 2023 5676 universa

440 5731 773 5793 quaecunque
800 5714 912 5770 dixi
937 5711 1091 5767 vobis
1121 5711 1331 5782 (lbid.).
1364 5712 1432 5766 Et
1452 5714 1641 5766 iterum
1666 5728 1679 5764 :
1703 5709 1837 5766 Cum
1859 5724 2025 5765 vene-

442 5815 516 5871 rit
562 5814 651 5870 ille
678 5808 909 5882 Spiritus
945 5802 1186 5859 veritatis
1206 5840 1221 5867 ,
1271 5803 1361 5858 ille
1381 5803 1578 5873 diriget
1606 5819 1702 5859 vos
1731 5803 1784 5858 in
1813 5816 2027 5857 onmem

2130 4626 2182 4680 in
2215 4620 2603 4693 persecutionis
2630 4615 2889 4684 angustiis
2912 4652 2929 4678 ,
2960 4613 3013 4667 in
3044 4612 3240 4665 timore
3262 4609 3526 4676 naufragii
3564 4610 3718 4665 nullo

2131 4722 2374 4783 tempore
2403 4711 2506 4765 hoc
2547 4722 2686 4767 verte
2731 4703 2919 4759 salutis
2961 4701 3231 4769 singulare
3260 4700 3564 4770 prmeidium
3595 4702 3716 4755 cui-

2130 4816 2291 4873 quam
2312 4799 2659 4866 denegemus.
2693 4792 2751 4847 Si
2776 4792 2899 4860 quis
2923 4798 3105 4844 autem
3124 4786 3436 4858 Epiphaniae
3463 4787 3725 4842 festivita-

2132 4902 2261 4959 tem,
2285 4905 2405 4960 quae
2423 4890 2475 4944 in
2504 4902 2604 4942 suo
2628 4884 2818 4940 ordine
2847 4882 3030 4937 debito
3054 4881 3261 4935 honore
3285 4879 3588 4934 veneranda
3612 4888 3719 4945 est,

2130 4985 2199 5038 ab
2228 4984 2335 5037 hoc
2362 4980 2594 5035 mstimat
2614 4974 2951 5046 privilegium
2982 4972 3182 5027 habere
3209 4970 3566 5040 baptismatis,
3589 4971 3721 5039 quia

2131 5076 2237 5129 hoc
2263 5071 2480 5142 quidam
2510 5074 2703 5138 putant
2748 5064 2891 5135 quod
2922 5064 2975 5116 in
3012 5061 3205 5117 eadem
3250 5060 3338 5116 die
3364 5061 3626 5115 Dominus
3652 5062 3725 5115 ad

2130 5165 2454 5237 baptismum
2505 5160 2679 5215 sancti
2749 5156 2971 5212 Joannis
3027 5155 3342 5220 accesmi'it,
3390 5154 3533 5208 sciat
3558 5153 3725 5209 illius

2128 5255 2378 5329 baptismi
2412 5254 2571 5308 aliam
2612 5248 2844 5320 gratiam
2866 5287 2883 5313 ,
2909 5247 3070 5301 aliam
3098 5244 3264 5300 fuisse
3288 5245 3575 5309 rationem,
3611 5259 3720 5300 nec

2128 5351 2194 5405 ad
2223 5346 2472 5405 eamdem
2517 5342 2844 5414 pertinuisse
2888 5338 3178 5400 virtutem,
3210 5351 3315 5404 qua
3345 5350 3445 5405 per
3471 5344 3721 5390 sanetum

2130 5442 2389 5512 Spiritum
2416 5443 2794 5497 renascuntur,
2826 5432 2895 5487 de
2916 5430 3113 5498 quibus
3142 5428 3357 5495 dicitur,
3379 5426 3482 5493 Qui
3510 5440 3619 5481 non
3650 5442 3724 5482 ex

2132 5530 2423 5597 sanguine,
2458 5540 2637 5595 neque
2667 5538 2739 5578 ex
2779 5521 3059 5576 voluntate
3087 5516 3265 5575 carnis
3286 5559 3300 5584 ,
3327 5532 3503 5586 neque
3522 5532 3593 5571 ex
3624 5532 3725 5569 vo-

2132 5621 2337 5674 luntate
2362 5618 2483 5683 viri,
2511 5615 2607 5672 sed
2631 5630 2699 5669 ex
2724 5613 2839 5668 Deo
2865 5610 2978 5667 nati
3007 5617 3134 5665 sunt
3160 5609 3341 5678 (Joan.
3371 5607 3434 5677 ι).
3460 5607 3725 5663 Dominus

2133 5711 2276 5766 enim
2308 5709 2511 5764 nullius
2552 5707 2797 5775 indigens
2824 5700 3141 5757 remissione
3165 5699 3371 5771 peccati
3395 5739 3411 5763 ,
3444 5713 3545 5753 nec
3573 5712 3725 5763 qua:-

2136 5816 2263 5857 rens
2292 5798 2590 5856 remedium
2614 5792 2954 5859 renascendi,
2977 5790 3057 5848 sic
3088 5790 3255 5845 voluit
3280 5789 3558 5859 baptizari,
3584 5802 3724 5859 que-
