3982 6196
1241 337 1620 394 CULLECTIO
1657 339 2123 397 DECRETORUM
2164 342 2266 400 PP.
2310 343 2420 403 RR.

3383 344 3485 401 286

206 448 375 504 modo
406 457 465 504 et
491 448 662 505 voluit
683 448 1013 516 circumcidi,
1038 450 1378 520 bestiamque
1397 468 1500 521 pro
1524 467 1584 506 se
1612 465 1797 506 emun-
1824 456 1872 514 Α
1976 453 2260 536 Ecclesia":
2290 474 2522 536 reversus
2553 460 2742 529 fuerit,
2782 461 2837 515 in
2867 477 2928 516 eo
2957 460 3120 533 gradu
3149 464 3203 517 in
3228 480 3327 536 quo
3352 475 3484 531 erat,

202 542 443 597 dationis
468 542 650 597 ollerri
680 560 692 594 2
726 550 787 595 ut
811 541 902 610 qui
924 542 1094 597 factus
1122 543 1296 597 fuerat
1318 560 1382 597 ex
1414 544 1657 606 muliere,
1716 544 1795 598 sic

203 642 262 686 ut
313 633 613 701 Apostolus
642 632 739 693 ait,
768 630 923 687 ﬁeret
950 642 1005 687 et
1025 635 1124 687 sub
1151 634 1288 702 lege,
1316 649 1473 703 quam
1499 650 1605 688 non
1634 650 1792 689 vene-

204 728 290 774 rat
314 722 559 781 solvere,
585 721 678 775 sed
703 721 948 791 implere,
967 731 1023 775 et
1052 723 1323 792 implendo
1357 721 1697 791 ﬁiiiremom.
1716 726 1792 793 ι).

205 809 429 866 Etsicnt
448 813 638 865 beatus
659 811 935 881 apostolus
953 812 1206 880 praedicat
1225 812 1434 867 dicens:
1456 812 1598 865 Finis
1620 822 1795 865 autem

205 904 337 970 legis
361 901 617 956 Christus
662 902 727 956 ad
764 902 1026 971 justitiam
1058 903 1203 955 omni
1247 902 1504 956 credenti.
1540 902 1797 972 Baptismi

204 1002 383 1046 autem
416 994 499 1046 sui
531 993 583 1045 in
614 1007 674 1047 se
704 992 943 1047 condidit
972 1000 1365 1046 sacramentum
1386 1031 1401 1055 ,
1447 993 1570 1061 quia
1600 993 1651 1046 in
1681 1009 1799 1047 om-

201 1082 358 1135 nibus
391 1082 687 1151 primatum
718 1090 908 1135 tenens
935 1096 994 1135 se
1016 1080 1198 1134 docuit
1227 1096 1349 1136 esse
1379 1082 1721 1151 principium,
1742 1092 1798 1137 et

201 1179 327 1223 tunc
376 1169 816 1236 regenerationis
863 1171 1159 1238 potentiam
1210 1173 1407 1235 sanxit,
1461 1172 1677 1241 quando
1732 1173 1799 1227 de

198 1256 370 1312 latere
401 1258 577 1326 ipsius
614 1255 987 1327 proﬂuxerunt
1028 1258 1244 1325 sanguis
1285 1258 1671 1328 redemptionis
1695 1302 1709 1325 ,
1742 1271 1796 1316 et

200 1360 337 1413 aqua
392 1346 764 1415 baptismatis.
823 1344 977 1398 Sicut
1025 1360 1154 1413 ergo
1181 1344 1348 1399 Vetus
1391 1345 1796 1402 Testamentum

200 1436 331 1489 Novi
382 1434 703 1491 testiﬁcatio
740 1436 870 1499 fuit,
901 1446 957 1491 et
1002 1437 1087 1491 lex
1135 1453 1230 1506 per
1277 1437 1497 1510 Moysen
1536 1438 1658 1493 data
1691 1448 1795 1506 est,

198 1528 368 1595 gratia
430 1536 635 1587 autem,
682 1536 738 1581 et
768 1528 964 1581 veritas
1008 1542 1104 1597 per
1144 1525 1325 1581 Iesum
1358 1526 1627 1582 Christum
1659 1528 1796 1581 facta

200 1625 316 1679 est,
374 1615 459 1669 sic
506 1614 721 1668 diversa
772 1614 1034 1668 sacriﬁcia
1072 1631 1231 1668 unam
1262 1615 1496 1668 hostiam
1528 1614 1797 1669 reforma-

200 1714 320 1759 mnt
346 1746 363 1770 ,
417 1713 474 1758 et
505 1704 801 1759 multorum
838 1720 1097 1775 agnorum
1130 1705 1330 1759 oecisio
1378 1704 1522 1758 illius
1554 1706 1797 1759 immola-

1970 527 2081 579 sine
2101 529 2423 595 promotioue
2449 527 2766 599 permaneat.

1971 635 2111 690 XIV.
2139 636 2247 691 Leo
2269 639 2552 708 episcopus
2581 642 2724 695 urbis
2748 641 2932 696 Romae
2952 642 3205 699 Januario
3232 646 3484 717 episcopo

1902 727 2499 795 Aquileiensi.-—-Lcctis
2528 732 2873 788 fraternitatis
2903 744 3004 788 tua:
3034 736 3223 792 litteris
3247 738 3484 805 vigorem

1903 816 2024 870 ﬁdei
2068 826 2203 886 tute,
2249 835 2408 887 quem
2439 822 2564 875 olim
2598 839 2918 877 noveramus
2938 868 2952 891 ,
2981 826 3331 892 agnovimus:
3356 843 3485 881 con-

1900 910 2231 975 gratulantes
2281 912 2372 965 tibi
2398 951 2410 973 ,
2444 913 2585 981 quod
2626 913 2692 967 ad
2744 915 3036 968 custodiam
3068 917 3243 985 gregis
3286 916 3482 971 Christi

1901 1000 2222 1067 pastoralem
2254 1016 2435 1055 curam
2466 1002 2750 1069 vigilanter
2771 1005 3098 1072 exsequeris,
3132 1020 3198 1059 ne
3229 1005 3358 1075 lupi,
3392 1022 3482 1073 qui

1900 1091 1999 1144 sub
2025 1092 2206 1160 specie
2235 1093 2413 1147 ovium
2454 1094 2839 1160 subintrarunt,
2873 1095 3079 1150 bestiali
3126 1097 3327 1151 saavitia
3358 1099 3483 1151 sim-

1900 1182 2066 1252 plices
2111 1199 2349 1251 quosque
2379 1182 2672 1239 dilacercnt
2694 1226 2707 1249 ,
2741 1192 2797 1239 et
2844 1202 2949 1240 non
3002 1187 3176 1241 solum
3210 1188 3306 1256 ipsi
3339 1188 3482 1243 nulla

1899 1272 2233 1327 correctione
2263 1273 2547 1342 proﬁciant
2574 1316 2588 1339 ,
2621 1276 2713 1329 sed
2745 1276 2907 1329 etiam
2935 1290 2997 1330 ea
3038 1291 3156 1345 quae
3184 1287 3304 1331 sunt
3329 1293 3479 1345 sana,

1899 1371 2249 1432 corrumpant
2280 1381 2291 1415 :
2326 1365 2467 1433 quod
2515 1380 2582 1418 ne
2613 1366 2825 1434 viperea
2859 1367 3027 1435 possit
3060 1367 3302 1421 obtinere
3334 1366 3483 1420 falla-

1898 1454 2000 1518 cia,
2028 1454 2371 1509 dilectionem
2405 1463 2546 1509 tuam
2578 1457 2825 1512 duximus
2854 1458 3329 1522 commonendam,
3356 1459 3483 1514 insi-

1900 1553 2128 1599 nuantes
2172 1545 2242 1599 ad
2266 1547 2455 1600 anima:
2478 1548 2773 1615 perieulum
2800 1550 3091 1617 pertinere,
3122 1550 3164 1604 si
3198 1551 3483 1619 quisquam

1898 1631 1964 1687 de
1993 1634 2075 1689 bis
2094 1635 2183 1701 qui
2209 1650 2237 1687 a
2270 1636 2428 1689 nobis
2454 1636 2505 1689 in
2537 1637 2911 1691 harretieorum
2934 1647 3096 1707 atque
3118 1628 3479 1694 schismatieo-

1898 1741 2014 1780 rum
2045 1736 2246 1781 sectam
2276 1728 2547 1797 delapsis,
2581 1738 2636 1783 et
2674 1745 2731 1783 se
2754 1738 3021 1799 utcunque
3043 1731 3305 1786 litereticae
3336 1748 3483 1786 com-

198 1796 345 1889 ιίίξυθ
378 1794 536 1889 Fui”
567 1804 671 1860 es"
692 1795 761 1850 de
777 1811 883 1864 quo
907 1794 1101 1889 die“?
1127 1813 1138 1847 ³
1173 1793 1311 1889 Εοςε
1341 1809 1507 1862 33"“5
1533 1795 1646 1862 Dei:
1664 1810 1795 1889 fec?
1833 1832 1867 1885 Β
1898 1817 2166 1871 munionis
2196 1818 2518 1885 contagione
2558 1819 2843 1873 maeularit
2865 1862 2879 1885 ,
2906 1821 3227 1889 resipiscens
3258 1822 3309 1875 in
3336 1839 3479 1877 eom-

196 1888 285 1957 qui
309 1888 459 1942 tollit
480 1896 765 1957 peccatum
793 1886 995 1940 mundi.
1022 1886 1111 1941 Sic
1154 1896 1205 1941 et
1237 1885 1491 1950 Joannes,
1521 1903 1625 1940 non
1652 1886 1798 1940 Chri-

196 1987 333 2047 stus,
363 1977 464 2033 sed
497 1977 699 2032 Christi
748 1977 979 2047 prmvius
1012 1995 1025 2039 ;
1057 1994 1163 2030 non
1194 1993 1443 2046 sponsus,
1475 1977 1569 2031 sed
1612 1979 1796 2047 sponsi

196 2068 431 2131 amicus,
486 2065 589 2121 fuit
618 2067 756 2121 adeo
788 2066 978 2131 lidelis,
1013 2076 1068 2120 et
1098 2083 1203 2121 non
1233 2083 1327 2121 sua
1373 2082 1652 2136 qumrens,
1702 2067 1796 2122 sed

197 2174 315 2230 qm:
346 2154 485 2213 Iesu
515 2157 739 2219 Christi,
765 2166 822 2211 ut
844 2173 904 2212 se
935 2154 1280 2227 proﬁteretur
1310 2158 1375 2212 ad
1405 2159 1659 2214 solvenda
1682 2160 1792 2213 cal-

198 2258 487 2305 ceamenta
514 2248 711 2320 pedum
739 2247 855 2317 ejus
884 2249 1155 2319 indignum
1175 2249 1351 2320 (Joan.
1386 2267 1469 2315 in;
1492 2249 1684 2304 Matth.
1718 2267 1793 2317 lll;

196 2336 325 2391 Lare.
360 2336 447 2406 ιιι)
479 2334 776 2406 {quoniam
807 2338 923 2407 ipse
944 2339 1158 2407 quidem
1180 2340 1480 2409 haptizaret
1502 2340 1553 2392 in
1581 2354 1717 2409 aqua
1742 2340 1793 2394 in

198 2428 610 2503 pmniteotiam,
636 2429 725 2484 ille
755 2439 934 2484 autem
954 2432 1319 2500 baptizaturus
1345 2439 1492 2485 esset
1520 2432 1570 2484 in
1594 2430 1794 2501 Spiritu

195 2524 397 2575 sancto
444 2527 504 2574 et
558 2519 665 2587 igni
692 2560 707 2584 ,
740 2520 832 2587 qui
863 2520 1062 2588 duplici
1086 2527 1384 2589 potestate,
1409 2528 1463 2573 et
1483 2522 1646 2574 vitam
1675 2520 1796 2576 red-

194 2613 399 2678 deret,
431 2620 739 2682 etpeecata
788 2617 1150 2665 consumeret.
1193 2609 1287 2666 His
1330 2610 1547 2679 itaque,
1602 2611 1796 2666 fratres

193 2699 551 2766 durissimi,
600 2709 679 2754 tot
724 2716 784 2754 ac
822 2700 985 2754 tantis
1024 2701 1376 2755 existentibus
1419 2701 1792 2767 documentis,

194 2794 403 2867 quibus
428 2794 578 2847 omni
629 2792 977 2861 ambiguitate
1019 2793 1267 2846 submota
1318 2792 1595 2847 evidenter
1623 2807 1795 2861 agno-

194 2886 351 2940 scitis
376 2882 433 2939 in
462 2883 799 2953 baptizandis
829 2883 1017 2938 electis
1042 2922 1057 2948 ,
1088 2882 1177 2951 qui
1200 2882 1495 2937 secundum
1532 2885 1793 2953 apostoli-

194 2992 317 3031 cam
374 2976 639 3043 regulam,
693 2984 749 3029 et
776 2974 1092 3029 exorcismis
1142 2973 1437 3038 scrutandi,
1486 2984 1541 3029 et
1578 2974 1797 3043 jejuniis

192 3065 579 3123 sanctilicandi
605 3105 621 3129 ,
651 3074 707 3119 et
758 3064 1127 3133 frequentibus
1155 3074 1280 3119 sunt
1330 3064 1797 3134 prmdicationibus

1899 1908 2152 1961 munione
2174 1908 2437 1962 catholica
2480 1909 2597 1963 sine
2636 1910 2969 1979 professione
2998 1912 3248 1980 legitima:
3277 1912 3484 1967 satisfa-

1897 1997 2093 2051 clionis
2105 1997 2385 2052 habeatur.
2403 1998 2823 2052 Saluberrimum
2847 2002 3008 2065 enim,
3025 2012 3080 2056 et
3098 2004 3351 2071 spiritalis
3375 2021 3459 2059 me.

1899 2086 2087 2141 dicinm
2120 2088 2346 2143 utilitate
2378 2088 2746 2157 plenissimum
2793 2100 2907 2156 est,
2936 2103 2993 2144 ttt
3023 2093 3135 2146 sive
3163 2095 3480 2165 presbyteri,

1899 2179 2012 2232 sive
2041 2178 2252 2233 diaconi
2280 2218 2295 2244 ,
2348 2179 2435 2232 vel
2467 2179 2779 2233 subdiaconi
2806 2220 2819 2243 ,
2847 2188 2940 2234 aut
2976 2180 3256 2249 cujuslibet
3282 2182 3484 2237 ordinis

1898 2266 2100 2331 clerici,
2148 2267 2239 2336 qui
2273 2283 2333 2322 se
2373 2276 2648 2322 correctos
2679 2267 2846 2321 videri
2877 2268 3093 2335 volunt,
3121 2278 3281 2340 atque
3302 2270 3368 2324 ad
3393 2286 3484 2326 ea-

1898 2357 2151 2411 tholicam
2178 2355 2358 2423 ﬁdem,
2385 2371 2546 2427 quam
2574 2356 2893 2426 jampridem
2924 2358 3249 2427 amiserant,
3274 2375 3484 2417 rursum

1898 2449 2095 2503 reverti
2121 2448 2381 2512 ambiunt,
2415 2449 2564 2518 prius
2585 2464 2797 2503 errores
2827 2465 2971 2513 suos,
3007 2450 3223 2519 etipsos
3241 2462 3492 2507 auctores

1897 2539 2098 2593 erroris
2124 2538 2369 2593 damnari
2398 2554 2429 2592 a
2461 2554 2518 2593 se
2546 2539 2661 2593 sine
2692 2539 3037 2606 ambiguitate
3084 2539 3355 2595 fateantur
3380 2582 3398 2609 ,
3428 2551 3485 2594 ut

1899 2630 2144 2684 sensibus
2158 2629 2336 2699 pravis
2351 2629 2512 2683 etiam
2526 2630 2816 2698 peremptis
2829 2629 2971 2683 nulla
2988 2628 3234 2699 sperandi
3258 2630 3496 2701 supersit

1897 2720 2134 2783 occasio,
2161 2734 2259 2774 nec
2282 2720 2449 2774 ullum
2469 2720 2829 2775 membrorum
2849 2719 3033 2773 talium
3050 2721 3217 2789 possit
3234 2725 3498 2778 societatv

1897 2810 2107 2874 violari,
2127 2826 2249 2865 cum
2279 2825 2378 2880 per
2405 2812 2583 2865 omnia
2607 2812 2713 2868 illis
2737 2814 2999 2882 professio
3025 2814 3242 2885 propria
3267 2815 3490 2884 eruperit

1900 2902 2138 2957 obviare.
2164 2901 2318 2956 Circa
2340 2917 2475 2971 quos
2504 2903 2664 2957 etiam
2694 2904 2838 2957 illam
2864 2920 3132 2959 canonum
3154 2906 3489 2960 constitutio—

1899 3007 2021 3047 nem
2042 2993 2377 3062 praecipimus
2406 2993 2682 3056 custodiri,
2710 3003 2764 3048 ut
2792 2995 2842 3048 in
2861 3008 3055 3063 magno
3080 2995 3309 3050 habeant
3332 2997 3489 3050 bene-

1902 3082 2043 3150 ﬁcio,
2060 3082 2364 3152 siadempta
2386 3082 2485 3136 sibi
2508 3084 2652 3137 omni
2675 3099 2771 3153 spe
2801 3084 3178 3152 promotionis,
3210 3087 3263 3138 in
3280 3100 3387 3154 quo
3406 3087 3486 3139 in-

196 3158 487 3213 imbuendi
512 3198 529 3223 ,
575 3156 681 3211 duo
714 3166 918 3211 tantum
950 3166 1192 3226 tempora
1220 3198 1234 3224 ,
1288 3157 1340 3210 id
1369 3166 1451 3211 est
1478 3156 1701 3223 Pascha,
1744 3165 1798 3211 et

1908 3178 2196 3232 veniuntur
2225 3178 2446 3241 ordine,
2494 3178 2787 3233 stabilitate
2829 3187 3086 3248 perpetua
3121 3186 3371 3230 maneant
3401 3193 3413 3227 :
3445 3176 3489 3231 si

196 3249 595 3314 Pentecosten,
614 3263 736 3303 esse
790 3248 1075 3302 servanda.
1119 3246 1235 3302 Hoc
1281 3256 1473 3301 vestra:
1515 3248 1797 3303 indicimus

195 3339 465 3394 ebaritati
490 3380 507 3404 ,
554 3347 611 3393 ut
655 3338 724 3393 ab
752 3338 1063 3408 apostolicis
1091 3338 1348 3393 institutis
1386 3338 1532 3392 nullo
1575 3338 1799 3393 ulterius

200 3428 486 3486 recedatis
532 3445 751 3484 excessu
778 3468 794 3494 ,
834 3428 958 3498 quia
990 3428 1216 3483 inultum
1247 3429 1487 3497 posthtec
1527 3444 1645 3483 esse
1694 3446 1799 3484 non

201 3521 455 3591 poterit,
510 3522 553 3574 si
605 3521 886 3591 quisquam
933 3518 1256 3589 apostolicas
1295 3518 1507 3587 regulas
1537 3518 1588 3572 in
1623 3520 1800 3588 aliquo

204 3613 512 3668 crediderit
550 3611 911 3682 ncgligeodas.

209 3753 281 3808 Ut
319 3754 394 3807 de
430 3752 617 3807 Sicilia
639 3753 767 3806 terni
796 3767 995 3821 anuper
1023 3753 1174 3804 annis
1194 3751 1415 3821 singulis
1472 3750 1534 3804 de
1553 3752 1803 3820 episconis

274 3826 355 3877 ad
375 3825 518 3875 diem
546 3826 749 3876 tertium
779 3823 881 3875 cal.
909 3819 1147 3875 Octobris
1184 3819 1403 3875 Romam
1442 3822 1678 3876 aociandi
1717 3838 1804 3892 ay-

274 3896 426 3949 nodo
455 3893 905 3947 indissimulauler
925 3901 1219 3946 occurrant.

274 4004 427 4061 XIII.
462 4005 701 4070 Quarum
732 4003 863 4059 illud
904 4004 1153 4074 primitus
1182 4019 1281 4074 pro
1309 4004 1550 4059 custodia
1577 4018 1807 4058 concor-

204 4098 453 4155 dissimm
504 4097 720 4151 unitatis
765 4094 1049 4163 exigimus,
1100 4105 1160 4151 ut
1205 4097 1331 4165 quia
1380 4096 1731 4150 saluberrime
1773 4109 1805 4149 a

203 4185 701 4245 “Panibus
716 4186 1067 4241 coiistitutum
1094 4194 1177 4241 est
1201 4188 1355 4241 binos
1373 4187 1426 4240 in
1454 4187 1608 4241 annis
1628 4187 1805 4253 singu-

204 4279 274 4334 ἢ
292 4278 513 4333 debere
548 4290 669 4332 ene
695 4285 993 4332 moventes
1018 4293 1032 4330 :
1068 4278 1204 4331 terni
1234 4290 1449 4345 semper
1469 4291 1535 4330 ex
1563 4277 1717 4331 vobis
1737 4276 1804 4331 ad

203 4371 355 4426 diem
386 4370 613 4426 tertium
653 4368 997 4424 ealendarum
1025 4367 1335 4423 Octobrium
1382 4367 1609 4422 Romam
1634 4406 1649 4430 ,
1695 4367 1804 4421 fra-

204 4472 369 4517 terno
400 4460 641 4517 concilio
669 4459 907 4515 sociandi
947 4460 1405 4515 iudissimulanter
1448 4466 1801 4522 concurrant,

1906 3275 2084 3321 tamen
2145 3268 2336 3321 iterata
2368 3268 2628 3322 tinctione
2676 3283 2784 3321 non
2826 3266 3025 3322 fuerint
3069 3264 3342 3320 maculati.
3374 3264 3490 3321 Non

1903 3361 2076 3416 levem
2106 3360 2244 3429 apud
2270 3359 2550 3414 Dominum
2578 3376 2771 3415 noxam
2802 3360 3025 3415 incurrit
3049 3401 3063 3424 ,
3091 3360 3182 3429 qui
3207 3359 3274 3414 de
3298 3359 3492 3413 talibus

1904 3452 1970 3507 ad
2023 3468 2208 3507 sacros
2255 3452 2648 3522 promovendos
2690 3452 2904 3508 ordines
2951 3451 3245 3522 judicarit;
3276 3449 3418 3522 quod
3447 3451 3492 3507 si

1904 3559 2024 3598 eum
2084 3543 2267 3611 grandi
2323 3544 2721 3599 examinatione
2750 3548 3022 3615 promolio
3063 3547 3379 3603 conceditur
3419 3548 3496 3601 ἰιικ

1905 3634 2168 3703 culpatis,
2214 3635 2385 3689 multo
2431 3636 2598 3703 magis
2638 3652 2743 3690 non
2792 3638 2953 3692 debet
2995 3638 3158 3693 licere
3206 3642 3488 3711 suspectis.

1907 3727 2137 3782 Proinde
2166 3728 2383 3783 dilectio
2413 3736 2523 3790 tua,
2555 3729 2709 3796 cujus
2729 3729 3018 3786 devotione
3042 3734 3357 3799 gaudemus,
3377 3733 3494 3802 jun-

1905 3828 1995 3888 gat
2020 3834 2203 3874 curam
2246 3835 2398 3873 suam
2437 3819 2881 3889 dispositionibus
2904 3824 3098 3877 nostris
3120 3866 3134 3889 ,
3157 3832 3210 3877 et
3239 3824 3330 3877 det
3357 3839 3490 3892 ope-

1904 3926 2044 3979 ram,
2075 3919 2134 3963 ut
2160 3911 2546 3979 circumspecte
2592 3927 2655 3965 ac
2707 3912 2962 3966 velociter
2986 3913 3332 3982 impleantur,
3373 3929 3491 3982 qua:

1906 4001 1974 4055 ad
1999 4000 2163 4055 totius
2190 3999 2442 4055 Ecclesiae
2468 3999 2908 4063 incolumitatem,
2934 4008 2988 4054 et
3010 4000 3346 4055 laudabiliter
3367 4017 3492 4072 sug-

1907 4101 2056 4163 gesta
2076 4100 2219 4152 sunt,
2246 4100 2301 4145 et
2327 4090 2612 4145 salubriter
2638 4091 2903 4145 ordinata.
2936 4090 3052 4145 Non
3083 4100 3261 4145 autem
3284 4091 3494 4147 dubitet

1910 4184 2128 4240 dilectio
2158 4190 2248 4237 tua
2269 4223 2286 4249 ,
2316 4197 2434 4245 nos,
2461 4182 2505 4236 si
2537 4183 2702 4251 (quod
2733 4197 2840 4236 non
2871 4180 3216 4256 arbitramur)
3248 4184 3493 4250 neglecta

1908 4276 2147 4339 fuerint,
2179 4289 2297 4344 qua:
2328 4288 2425 4342 pro
2454 4272 2696 4327 custodia
2728 4289 3025 4339 canonum,
3060 4282 3115 4328 et
3142 4289 3240 4343 pro
3270 4273 3390 4328 ﬁdei
3422 4273 3475 4328 in

1909 4365 2161 4435 tegritate
2212 4362 2584 4428 decernimus,
2644 4363 3014 4417 vehementius
3056 4365 3492 4429 commovendos,

1909 4456 2035 4525 quia
2075 4454 2393 4509 inferiorum
2422 4453 2669 4507 ordinum
2701 4453 2870 4522 culpa:
2916 4452 2982 4507 ad
3012 4453 3189 4507 nullos
3216 4454 3385 4522 magis
3412 4468 3497 4508 re-

203 4556 479 4625 quoniam
510 4553 798 4621 adiuvante
822 4554 992 4621 gratia
1034 4552 1129 4606 Dei
1160 4552 1367 4607 facilius
1392 4550 1591 4622 poterit
1620 4551 1803 4621 provi-
1838 4581 1886 4639 Ι)
1909 4545 2143 4601 ferenda:
2171 4553 2296 4599 sunt
2318 4585 2333 4610 ,
2364 4559 2521 4614 quam
2554 4543 2619 4598 ad
2650 4543 2863 4599 desides
2905 4547 3346 4617 negligeutcsque
3404 4563 3491 4600 re-

205 4648 351 4713 dcri,
386 4657 452 4701 ut
500 4648 553 4701 in
598 4645 854 4702 Eeclesiis
902 4645 1101 4701 Christi
1148 4646 1289 4700 nulla
1338 4644 1619 4711 scandala,
1677 4643 1806 4697 nulli

204 4746 516 4794 nascantur
564 4752 811 4801 errores,
864 4752 987 4792 cum
1043 4752 1226 4791 coram
1281 4735 1594 4789 beatissimo
1647 4731 1808 4788 Petro

202 4828 474 4898 apostolo
503 4827 553 4880 id
582 4842 799 4897 semper
822 4827 874 4881 in
902 4842 1188 4883 commune
1232 4825 1568 4880 tractandum
1614 4824 1684 4881 sit
1709 4865 1725 4892 ,
1752 4834 1811 4878 ut

202 4918 397 4971 omnia
427 4917 598 4985 ipsius
641 4917 935 4972 constituta
960 4957 974 4978 ,
1014 4930 1391 4983 canonumque
1422 4914 1639 4969 decreta
1669 4912 1808 4982 apud

201 5025 409 5063 manes
468 5008 681 5063 Domini
746 5007 1062 5063 sacerdotes
1132 5006 1390 5062 inviolata
1438 5011 1806 5073 permaneant.

198 5098 339 5154 Bac
370 5108 584 5162 autem,
604 5113 726 5167 qua:
748 5098 1041 5168 inspirante
1068 5097 1296 5151 Domino
1318 5097 1471 5150 vobis
1492 5093 1808 5149 insinuanda

196 5190 572 5253 dedidimus,
604 5204 701 5257 per
740 5186 936 5243 fratres
965 5196 1020 5242 et
1047 5187 1402 5257 coepiscopos
1428 5194 1641 5240 nostros
1676 5184 1811 5238 Vac-

194 5285 401 5341 cillum
443 5290 503 5335 et
530 5278 916 5335 Paschasinum
946 5276 1012 5333 ad
1028 5287 1261 5333 vestram
1282 5277 1532 5333 volumus
1562 5278 1804 5332 notitiam

194 5374 540 5447 pervenire,
572 5373 765 5442 quibus
792 5370 1145 5426 referentibus
1170 5384 1557 5439 cognoscamus
1580 5410 1593 5434 ,
1643 5385 1803 5438 quam

194 5472 541 5521 reverenter
565 5477 594 5515 a
619 5462 771 5516 vobis
800 5460 1110 5531 apostolica:
1138 5460 1283 5516 sedis
1313 5460 1553 5514 instituta
1583 5474 1808 5514 serven-

195 5567 313 5612 tur.
379 5552 522 5609 Data
555 5570 626 5609 xu
655 5553 758 5607 ral.
800 5552 1085 5622 Novemb,
1117 5550 1415 5623 Calopodio
1444 5560 1500 5606 et
1540 5549 1817 5606 Ardabure

191 5661 402 5703 emiss.
439 5643 543 5713 (Αη
574 5641 764 5698 Christi
788 5641 941 5712 447.)

194 5754 375 5825 Quod
400 5756 574 5808 omnia
602 5754 872 5825 cujuslibet
899 5754 1096 5811 ordinis
1119 5754 1362 5822 clericus,
1394 5755 1479 5821 qui
1510 5755 1816 5808 catholicon:

266 5828 540 5883 aurem
590 5826 845 5882 heretica:
890 5843 945 5881 se
990 5826 1335 5883 communioni
1361 5825 1722 5881 miscueriuai
1750 5825 1817 5879 ad

1910 4647 2087 4692 ctores
2119 4654 2132 4690 :
2164 4637 2254 4705 qui
2285 4636 2506 4690 multam
2537 4650 2677 4706 smpe
2708 4637 2948 4690 nutriunt
2973 4638 3496 4707 peslilt‘nliat‘n,dUIll

1910 4727 2271 4782 necessariam
2316 4726 2653 4782 dissimulant
2700 4727 2955 4782 adhibere
2997 4731 3334 4784 medicinam.
3366 4730 3498 4787 Data

1911 4836 1965 4875 ιιι
1995 4820 2097 4875 cal.
2129 4819 2385 4886 Januarii,
2411 4820 2601 4891 Alypio
2630 4829 2683 4874 et
2713 4820 2988 4875 Ardabure
3017 4838 3196 4878 conss.

1983 4910 2094 4965 Leo
2112 4911 2331 4965 Rustico
2358 4909 2981 4981 cpiscopoNarbonensi.
3015 4913 3254 4967 Subditis
3276 4929 3498 4983 respon-

1913 5003 2173 5067 sionibus,
2207 5009 2261 5057 et
2290 5002 2359 5057 ad
2386 5002 2622 5072 ejusdem
2645 5004 2888 5060 consulta
2918 5004 3208 5073 rescriptis.

1988 5092 2256 5163 Epistolas
2284 5091 2633 5147 fraternitatis
2658 5102 2759 5146 tum
2783 5134 2796 5157 ,
2830 5108 2961 5162 quas
2983 5091 3206 5146 Hermes
3233 5091 3498 5146 archidia—

1912 5200 2084 5242 conus
2115 5182 2307 5239 detulit
2331 5224 2347 5250 ,
2378 5184 2608 5240 libenter
2653 5184 2855 5252 accepi.
2907 5182 3245 5236 Diversarum
3282 5184 3497 5252 quidem

1908 5290 2192 5331 causarum
2221 5274 2557 5328 eonncxione
2581 5271 2919 5339 multiplices,
2950 5269 3045 5324 sed
3077 5287 3182 5324 non
3201 5272 3272 5326 ita
3297 5274 3498 5344 patien-

1910 5372 1995 5426 tia:
2025 5370 2249 5439 legentis
2271 5382 2559 5429 onerosas,
2593 5375 2650 5420 ut
2672 5365 2869 5435 aliquid
2897 5381 3081 5419 carum
3109 5367 3247 5421 inter
3271 5382 3497 5422 concur-

1917 5472 2100 5517 rentes
2130 5460 2362 5529 undique
2408 5456 2793 5514 sollicitudines
2844 5454 3003 5511 fuerit
3052 5458 3491 5528 przetenuissum.

1924 5551 2073 5608 Unde
2128 5551 2292 5605 totius
2330 5548 2595 5603 sermonis
2650 5548 2727 5601 tui
2784 5547 3107 5616 allegatione
3135 5559 3416 5619 concepta,
3446 5559 3497 5603 et

1919 5642 2105 5710 gestis,
2159 5655 2279 5710 quin
2320 5640 2372 5693 in
2411 5639 2785 5708 episcoporum
2833 5639 3328 5709 bonoratorumque
3372 5657 3503 5696 exa-

1921 5734 2064 5787 mine
2093 5730 2339 5784 eoul'eeta
2367 5737 2491 5783 sunt
2518 5771 2533 5796 ,
2560 5729 2857 5795 recensitis,
2891 5729 3183 5786 Sabiniano
3211 5741 3266 5786 et
3290 5729 3455 5785 Leoni
3479 5767 3494 5793 ,

1927 5821 2254 5896 presbyteris
2301 5821 2529 5877 actionis
2572 5835 2676 5876 tua:
2725 5821 3084 5877 intelleximus
3127 5820 3371 5875 ﬁduciam
3405 5819 3497 5874 de-
