3976 6196
489 299 589 356 ἳ87

1788 287 2140 345 DIONYSIUS
2176 284 2496 342 EXIGUUS.

489 413 673 478 fuisse,
703 426 802 466 nec
825 411 902 464 eis
918 409 1116 480 justam
1140 419 1421 476 superesse
1445 401 1852 472 querimoniam,
1885 401 1974 470 qui
2004 414 2062 453 se
2093 402 2137 460 Δ
2171 397 2312 452 nulla
2343 402 2567 465 possunt
2593 393 2804 448 ratione
2832 390 3106 461 compelli,
3133 391 3204 445 ita
3241 389 3410 444 multa
3454 398 3602 455 sunt,
3625 404 3748 456 qua:

489 506 556 556 ab
601 501 865 556 inchoatis
906 496 1381 566 disceptationibus
1435 501 1630 563 sponte
1658 492 2059 547 subtraxerttnt.

489 595 642 648 Circa
673 607 805 661 quos
825 605 983 659 quam
1011 587 1255 651 formam,
1279 600 1509 653 quamve.
1534 597 1839 638 mensuram
1866 580 2064 634 debeas

492 692 672 736 tenere
697 681 916 748 justitim
939 719 953 743 ,
989 687 1080 731 tuo
1110 676 1351 744 relinquo
1394 673 1766 729 moderamini.
1821 671 2064 725 Suadens

490 787 664 826 tamen
687 771 961 824 charitatis
978 771 1212 832 hortatu,
1243 766 1564 821 utsanandis
1589 765 1743 831 :egris
1771 761 2063 832 spiritalem

489 863 687 916 debeas
737 848 993 915 adhibere
1039 859 1384 923 medicinam,
1417 863 1472 909 et
1499 855 1712 934 dicente
1740 852 2013 921 Scriptura
2048 867 2062 903 :

491 952 739 1007 Noliesse
759 950 977 1004 nimium
995 949 1167 1018 justus
1181 947 1467 1012 (Ea-Lm),
1497 945 1678 997 mitius
1689 957 1815 1011 agas
1828 958 1947 995 cum
1964 941 2063 1004 eis,

491 1045 580 1112 qui
625 1044 742 1098 zelo
793 1041 1057 1112 pudicitize
1088 1041 1332 1092 videntur
1360 1037 1574 1090 modum
1612 1032 1907 1088 excessisse
1951 1031 2069 1084 vin-

492 1137 665 1199 dictaz,
701 1149 766 1187 ne
787 1131 1031 1186 diabolus
1059 1130 1143 1200 qui
1166 1128 1378 1196 decepit
1406 1125 1697 1188 adulteros,
1721 1121 1790 1177 de
1816 1120 2066 1175 adulterii

493 1226 726 1279 exsultet
749 1222 1034 1276 ultoribus.
1061 1218 1230 1272 Miror
1261 1225 1440 1271 autem
1469 1214 1814 1270 dilectionem
1847 1220 1991 1266 tuam
2014 1210 2070 1264 in

493 1325 702 1370 tantmn
753 1312 1124 1368 scandalorum
1179 1321 1498 1377 quacunque
1528 1303 1813 1360 occasione
1840 1315 2069 1356 nasren-

495 1407 622 1460 tium
647 1405 969 1458 adversitate
992 1400 1223 1454 titubare
1241 1439 1256 1462 ,
1290 1407 1345 1451 ut
1373 1395 1703 1449 vacationem
1732 1394 2072 1462 episc0patus

495 1496 766 1549 laboribus
779 1500 1070 1562 prmoptare
1085 1499 1137 1543 te
1158 1488 1323 1551 dicas,
1343 1495 1392 1540 et
1413 1485 1568 1538 malle
1593 1485 1644 1537 in
1667 1483 1880 1538 silentio
1911 1489 2072 1549 atque

496 1586 608 1641 otio
627 1585 792 1637 vitam
821 1583 1013 1649 degere
1035 1621 1050 1646 ,
1081 1595 1241 1648 quam
1291 1577 1343 1629 in
1374 1575 1484 1639 his,
1515 1588 1634 1641 qua:
1662 1571 1758 1625 tibi
1784 1572 2071 1625 commissa

495 1681 640 1736 sunt,
667 1685 982 1741 permanere
1007 1710 1022 1736 ,
1053 1668 1264 1722 dicente
1287 1681 1411 1718 vere
1437 1663 1682 1730 Domino,
1704 1661 1904 1716 Beatus
1932 1676 1944 1710 :
1979 1659 2070 1728 qui

496 1762 859 1832 perseveravit
903 1774 1070 1828 usque
1117 1759 1170 1810 in
1211 1756 1366 1810 linem
1398 1753 1613 1825 (Matth.
1668 1752 1722 1822 ι)
1747 1791 1763 1814 ,
1793 1750 1930 1805 unde
1968 1751 2071 1804 erit
2106 1764 2146 1822 Β

498 1852 652 1905 beata
687 1847 1112 1919 perseverantia,
1143 1845 1242 1899 nisi
1273 1843 1336 1898 de
1375 1846 1569 1896 virtute
1609 1839 1911 1910 patientiat?
1942 1838 2075 1892 Nam

498 1942 788 1995 secundum
832 1939 1178 2007 apostolicam
1227 1933 1696 2004 praedicationem:
1728 1927 1954 1992 Omnes,
1983 1927 2075 1996 qui

499 2034 768 2085 voluerint
797 2031 848 2082 in
881 2030 1094 2082 Christo
1137 2026 1224 2094 pie
1256 2025 1433 2078 vivere
1457 2064 1473 2091 ,
1501 2022 1930 2093 persecutionem
1976 2035 2074 2090 pa-

501 2124 698 2173 tientur
722 2119 806 2189 (II
842 2119 969 2171 Tim.
1003 2118 1120 2185 ιιι),
1151 2131 1270 2185 qua:
1300 2129 1406 2168 non
1437 2114 1489 2167 in
1520 2128 1587 2167 eo
1617 2119 1821 2166 tantum
1861 2126 2078 2180 compu-

503 2210 660 2263 tanda
708 2217 808 2272 est,
864 2208 1008 2276 quod
1055 2215 1242 2260 contra
1297 2202 1654 2258 Christianam
1703 2203 1956 2272 pietatem
1983 2209 2077 2261 aut

500 2299 660 2364 ferro,
682 2308 774 2352 aut
797 2298 1004 2365 ignibus
1025 2298 1216 2364 agitur,
1235 2302 1328 2349 aut
1347 2293 1754 2364 quibUsrunque
1775 2293 2073 2362 suppliciis:

499 2406 621 2445 cum
660 2388 1090 2458 persecutionum
1131 2387 1387 2441 sasvitiam
1415 2383 1702 2454 suppleant
1721 2391 1775 2436 et
1801 2382 2074 2438 dissimili-

503 2479 713 2534 tudines
728 2493 958 2541 morum,
989 2475 1861 2540 etcontumaciaainobedientium,
1887 2482 1942 2528 et
1964 2488 2078 2527 ma-

499 2571 760 2638 lignarum
809 2569 911 2623 tela
955 2570 1272 2636 linguarum.
1330 2566 1536 2632 Quibus
1589 2563 2077 2620 conﬂictationibus

501 2678 623 2717 cum
651 2663 828 2716 omnia
856 2676 1068 2730 semper
1097 2661 1334 2714 membra
1365 2661 1676 2729 pulsentur,
1701 2667 1755 2713 et
1785 2658 1927 2711 nulla
1969 2657 2080 2727 pio-

501 2768 617 2808 rum
642 2753 818 2822 portio
846 2767 877 2804 a
899 2750 1295 2806 conﬂictatione
1317 2750 1386 2804 sit
1417 2749 1612 2813 libera,
1647 2749 1718 2802 ita
1749 2756 1808 2802 ut
1827 2747 2080 2817 periculis

502 2859 604 2898 nec
629 2844 738 2898 otia
769 2851 1016 2906 careant,
1046 2859 1145 2897 nec
1172 2842 1401 2896 labores.
1432 2840 1562 2907 Quis
1591 2841 1727 2894 inter
1755 2839 1944 2896 ﬂuctus
1973 2855 2079 2894 ma-

502 2935 578 2988 ris
607 2948 796 2986 navem
824 2933 1020 3001 diriget
1040 2973 1054 2998 ,
1087 2933 1132 2986 si
1169 2931 1494 2999 gubernator
1541 2929 1828 2985 abscedat?
1857 2929 1986 2995 Quis
2013 2929 2079 2984 ab

504 3023 707 3077 insidiis
731 3023 976 3092 luporum
993 3022 1256 3077 custodiet
1283 3037 1430 3085 oves,
1449 3021 1493 3075 si
1523 3029 1796 3090 pastorum
1821 3034 1949 3073 cura
1969 3034 2079 3073 non

504 3115 688 3182 vigilet
717 3115 895 3184 (Joan.
927 3116 982 3184 χ)
1009 3115 1030 3167 ?
1054 3113 1183 3179 Quis
1211 3114 1439 3182 denique
1463 3113 1757 3167 latronibus
1782 3112 2006 3174 obsistet
2025 3120 2079 3168 et

504 3207 706 3262 furibus
731 3248 746 3274 ,
777 3208 819 3260 si
849 3207 1240 3276 speculatorem
1266 3205 1318 3258 in
1367 3213 1652 3274 prospectu
1697 3203 2082 3273 explorationis

505 3298 740 3353 locatum
774 3299 840 3352 ab
862 3298 1158 3352 intentione
1185 3295 1556 3350 sollicitudinis
1589 3309 1740 3348 amor
1766 3294 1958 3363 quietis
1985 3294 2084 3348 ab-

507 3388 667 3442 ducat
699 3387 908 3459 (Ezech.
938 3387 1014 3458 ιιι)
1045 3392 1067 3440 ?
1114 3386 1539 3442 Perntanendum
1565 3398 1692 3453 ergo
1732 3392 1814 3440 est
1842 3387 1894 3440 in
1920 3401 2082 3455 opere

507 3478 711 3532 credito
758 3487 813 3532 ct
865 3479 916 3532 in
959 3477 1142 3530 labore
1168 3487 1438 3545 suscepto.
1493 3474 1821 3530 Constanter
1852 3474 2082 3532 tenenda

507 3578 590 3623 est
611 3567 835 3635 justitia,
882 3575 935 3622 et
983 3567 1210 3634 benigne
1257 3566 1554 3635 praestanda
1595 3565 1900 3619 clementia.
1951 3565 2083 3620 Odio

509 3659 808 3713 habeantur
833 3667 1051 3730 peccata
1078 3700 1092 3724 ,
1126 3673 1232 3711 non
1277 3657 1541 3711 homines.
1587 3655 1958 3725 Corripiantur
1996 3664 2081 3709 tu-

509 3751 636 3805 midi
663 3792 678 3813 ,
722 3751 1016 3806 tolerentur
1043 3749 1234 3804 inﬁrmi
1260 3791 1274 3815 ,
1307 3757 1362 3804 et
1397 3750 1541 3820 quod
1571 3749 1809 3802 severius
1835 3747 2085 3815 castigari

509 3857 730 3895 necesse
759 3851 840 3896 est
864 3882 880 3909 ,
911 3857 1016 3895 non
1039 3839 1305 3894 smvientis
1331 3838 1596 3909 plectatur
1623 3837 1825 3903 animo,
1854 3837 1947 3891 sed
1973 3851 2088 3890 mc-

510 3933 708 3990 dentis.
741 3932 810 3985 At
837 3933 880 3987 si
909 3933 1278 3987 vehementior
1319 3930 1592 3984 tribulatio
1615 3929 1952 3994 incubuerit,
1979 3942 2085 3983 non

428 4079 436 4088 ,
510 4025 584 4078 ita
610 4039 1029 4094 expavescamus
1048 4065 1062 4088 ,
1090 4023 1242 4091 quasi
1272 4022 1348 4077 illi
1378 4020 1686 4075 adversitati
1717 4018 1948 4090 propriis
1968 4017 2091 4072 viri-

511 4115 611 4171 bus
639 4116 938 4169 resistendo
962 4156 977 4182 ,
1007 4129 1128 4167 cum
1159 4122 1212 4168 et
1239 4112 1518 4167 consilium
1546 4118 1808 4177 nostrum,
1848 4119 1904 4164 et
1931 4109 2086 4163 forti-

513 4202 641 4256 tudo
681 4203 751 4257 sit
788 4200 1032 4256 Christus
1057 4239 1071 4262 ,
1104 4215 1168 4253 ac
1196 4200 1311 4253 sine
1339 4214 1446 4268 quo
1477 4198 1605 4252 nihil
1639 4213 1922 4268 possumus
1945 4238 1960 4265 ,
1990 4211 2089 4266 per

513 4292 685 4358 ipsum
713 4301 902 4346 cuneta
930 4304 1230 4360 possumus,
1255 4289 1344 4356 qui
1372 4287 1692 4342 confirmans
1715 4287 2090 4357 przedicatores

515 4380 824 4448 Evangelii,
868 4389 921 4434 et
966 4387 1420 4435 sacramentorum
1450 4378 1720 4432 ministros
1753 4394 1765 4430 :
1803 4375 1944 4431 Ecce
1991 4390 2089 4446 ego

2164 497 2255 542 aut
2283 502 2383 556 pro
2410 485 2842 542 consideratione
2887 493 3104 538 uitatum
3127 522 3142 546 ,
3168 490 3258 535 aut
3290 496 3388 552 pro
3425 481 3750 536 necessitate

2166 593 2343 630 rcrtttn
2397 583 2647 644 oporteat
2688 574 2972 642 temperari
3008 591 3020 624 :
3053 572 3142 625 illa
3180 586 3396 639 semper
3438 569 3748 624 conditione

2165 673 2397 729 servata,
2431 672 2492 718 ut
2510 665 2562 720 in
2585 664 2691 730 bis,
2718 678 2836 732 qua:
2857 663 2942 716 vel
2980 663 3142 716 dubia
3163 661 3363 716 fuerint
3380 669 3474 713 aut
3497 660 3746 724 obscura,

2169 757 2219 810 id
2247 756 2552 814 noverimus
2577 754 2934 822 sequendum,
2961 753 3102 821 quod
3133 767 3234 807 nec
3261 750 3545 822 pmceptis
3570 749 3743 806 Evan-

2167 847 2351 916 gelicis
2370 847 2716 912 contrarium,
2745 861 2844 901 nec
2862 843 3093 900 decretis
3114 851 3421 898 sanctorum
3445 843 3750 898 inveniatur

2169 937 2468 989 adversum.

2238 1024 2504 1094 Incipiunt
2530 1025 2598 1078 ad
2643 1023 3016 1094 inquisitiones
3061 1021 3316 1090 ejusdem.
3349 1022 3587 1091 episcopi
3613 1022 3745 1078 sub-

2163 1115 2309 1184 jecta
2336 1130 2618 1185 responsa.

2172 1225 2324 1288 Quod
2365 1242 2469 1279 non
2503 1224 2790 1278 habeantur
2827 1223 3072 1293 episcopi,
3101 1240 3226 1293 quos
3263 1239 3355 1276 nec
3381 1224 3547 1275 clerus
3572 1223 3751 1293 elegit,

2242 1313 2333 1349 nec
2354 1295 2572 1364 pupulas
2595 1294 2883 1364 exquisivit,
2915 1310 3006 1346 nec
3026 1293 3364 1364 provinciales
3379 1293 3611 1364 episcopi
3629 1309 3754 1346 cortu

2240 1362 2508 1418 secrarimt
2542 1382 2558 1418 :
2589 1362 2734 1434 siqui
2759 1374 2927 1416 tamen
2956 1362 3128 1416 clerici
3146 1362 3218 1434 ab
3248 1362 3322 1415 his
3352 1363 3754 1434 pseudoepisco-

2241 1436 2324 1504 pis
2347 1431 2676 1495 ordinantur,
2707 1447 2820 1487 rata
2848 1441 3013 1502 potest
3039 1433 3298 1486 ordinatio
3329 1431 3446 1485 talis
3471 1432 3714 1485 existere.

2242 1524 2358 1578 XV.
2404 1523 2558 1578 Nulla
2585 1523 2726 1577 ratio
2770 1524 2896 1577 sinit
2937 1532 2994 1576 ut
3026 1522 3162 1576 inter
3192 1521 3478 1591 episcopos
3512 1522 3753 1575 habean-

2175 1626 2280 1682 tur,
2312 1617 2404 1686 qui
2435 1632 2533 1672 nec
2561 1632 2591 1669 a
2635 1615 2848 1670 clericis
2877 1622 3002 1669 sunt
3048 1614 3206 1669 electi
3230 1652 3244 1678 ,
3291 1629 3392 1668 nec
3436 1629 3466 1667 a
3504 1613 3754 1684 plebibus

2176 1706 2417 1776 expetiti,
2447 1721 2546 1760 nec
2575 1721 2604 1759 a
2628 1704 3164 1774 comprovincialibus
3189 1703 3456 1774 episcopis
3483 1721 3603 1757 cum
3632 1719 3753 1758 me—

2174 1797 2485 1868 tropolitani
2511 1795 2714 1865 judicio
2744 1795 3066 1850 consecrati.
3106 1793 3258 1849 Unde
3283 1810 3402 1848 cum
3435 1810 3573 1863 saepe
3608 1808 3753 1861 quas

2174 1891 2280 1945 stio
2305 1889 2372 1944 de
2398 1889 2536 1943 male
2558 1877 2790 1958 accepto
2813 1885 3023 1943 honore
3053 1895 3323 1951 nascatur,
3349 1886 3468 1955 quis
3491 1885 3756 1954 ambigat,

2177 1995 2514 2049 nequaquam
2559 1981 2625 2035 ab
2654 1979 2769 2034 istis
2796 1994 2915 2034 esse
2962 1977 3317 2040 tribuendum,
3349 1977 3490 2046 quod
3517 1994 3624 2032 non
3653 1977 3758 2031 do-

2175 2080 2364 2126 ceatur
2390 2069 2551 2125 fuisse
2595 2070 2885 2128 collatum?
2914 2070 2970 2125 Si
2998 2070 3090 2139 qui
3118 2078 3296 2124 autem
3336 2068 3518 2127 clerici
3546 2067 3614 2124 ab
3637 2068 3759 2123 istis

2175 2164 2653 2236 pseudoepiscopis
2678 2165 2730 2218 in
2776 2165 2854 2220 eis
2894 2163 3153 2218 Ecelesiis
3181 2162 3413 2218 ordinati
3449 2169 3604 2229 sunt,
3631 2175 3760 2230 qua:

2176 2258 2245 2314 ad
2273 2255 2523 2328 proprios
2549 2256 2836 2326 episcopos
2863 2253 3224 2325 pertinebant,
3257 2262 3310 2308 et
3348 2251 3616 2307 ordinatio
3652 2267 3758 2307 eo-

2178 2367 2296 2404 rum
2348 2365 2613 2404 consensu
2643 2357 2697 2402 et
2713 2346 2914 2416 judicio
2941 2345 3338 2416 pnesidentium
3359 2345 3496 2398 facta
3524 2351 3624 2409 est,
3654 2357 3762 2412 po-

2181 2451 2284 2496 test
2314 2450 2429 2494 rata
2461 2440 2651 2494 haberi
2699 2457 2711 2492 :
2745 2439 2819 2492 ita
2867 2447 2927 2493 ut
2955 2437 3006 2491 in
3051 2436 3180 2507 ipsis
3225 2435 3476 2490 Ecclesiis
3503 2448 3762 2505 perseve-

2179 2541 2319 2587 rent.
2364 2532 2532 2586 Aliter
2561 2538 2740 2584 autem
2769 2544 2907 2582 vana
2952 2527 3194 2582 habenda
3243 2534 3327 2581 est
3368 2522 3756 2588 consecratio,

2178 2639 2298 2692 qua:
2327 2638 2428 2677 nec
2457 2622 2579 2677 loco
2610 2619 2827 2676 fundata
2853 2627 2955 2685 est,
2981 2633 3083 2672 nec
3109 2615 3430 2670 auctoritate
3458 2610 3682 2668 munita.

2182 2731 2332 2794 Quod
2357 2730 2659 2800 presbyteri,
2684 2737 2771 2780 aut
2801 2729 3034 2800 diaconi,
3059 2729 3104 2779 si
3125 2727 3183 2779 in
3207 2724 3616 2800 atiquo_crimi_ue
3640 2739 3770 2788 pro-

2251 2794 2384 2869 lapsi
2426 2794 2638 2870 fuerint,
2677 2815 2783 2870 non,
2805 2799 3002 2866 possint
3030 2794 3344 2870 permittitis
3375 2794 3762 2863 impositionem

2251 2868 2566 2940 ptruiténtite
2598 2868 2874 2922 remedium
2902 2868 3158 2936 consequi.

2251 2961 2389 3016 XVI.
2443 2961 2687 3015 Alienum
2736 2966 2818 3013 est
2854 2975 2884 3012 a
2934 2955 3317 3011 consuetudine
3356 2953 3766 3017 ecclesiastica.

2184 3063 2244 3108 ut
2291 3053 2385 3122 qui
2430 3053 2483 3107 in
2531 3049 2884 3122 presbyterali
2929 3049 3138 3102 honore
3185 3057 3278 3100 aut
3315 3045 3548 3101 di‘acouii
3593 3045 3768 3114 gradu

2109 3137 2152 3198 C
2185 3143 2388 3197 fuerint
2432 3141 2734 3196 consecrati
2763 3178 2778 3204 ,
2828 3139 2882 3194 hi
2913 3153 3012 3208 pro
3040 3137 3262 3193 crimine
3301 3137 3481 3204 aliquo
3517 3151 3619 3189 suo
3665 3149 3772 3204 per

2185 3250 2376 3289 manus
2397 3233 2798 3304 impositionem
2820 3230 3114 3285 remedium
3137 3229 3402 3298 accipiant
3425 3227 3724 3298 prenitendi
3750 3243 3768 3282 :

2185 3325 2329 3394 quod
2371 3325 2489 3378 sine
2529 3323 2693 3377 dubio
2723 3337 2789 3377 ex
2829 3321 3126 3391 apostolica
3152 3319 3440 3374 traditione
3464 3318 3769 3386 descendit,

2185 3415 2477 3470 secundum
2501 3414 2642 3484 quod
2670 3414 2928 3483 scriptum
2960 3423 3062 3474 est,
3096 3411 3352 3466 Sacerdos
3379 3413 3423 3465 si
3458 3412 3771 3482 peccaverit,

2184 3509 2300 3579 quis
2324 3505 2490 3561 orabit
2512 3523 2606 3575 pro
2626 3505 2718 3560 illo
2739 3504 2788 3578 (1
2814 3503 2939 3576 Reg.
2967 3505 3066 3575 tt)?
3099 3501 3246 3558 Unde
3275 3503 3579 3572 hujusmodi
3602 3502 3774 3571 lapsis

2185 3600 2255 3654 ad
2304 3598 2714 3670 promerendam
2745 3597 3172 3652 misericordiam
3205 3596 3298 3650 Dei
3327 3596 3532 3665 privata
3564 3602 3649 3649 est
3671 3609 3774 3648 ειη

2188 3691 2420 3761 pezenda
2441 3692 2678 3746 secessio
2708 3709 2720 3743 :
2748 3691 2838 3745 ubi
2867 3689 2970 3744 illis
2987 3689 3305 3753 satisfactio,
3327 3688 3369 3744 si
3394 3688 3556 3742 fuerit
3583 3687 3772 3755 digna,

2187 3782 2258 3837 sit
2281 3783 2442 3836 etiam
2468 3781 2764 3837 fructuosa.

2191 3891 2342 3959 Quod
2371 3893 2614 3957 diaconi,
2657 3895 2786 3947 sicut
2828 3911 3097 3963 episcopus
3154 3903 3203 3948 et
3244 3893 3525 3964 presbyter,
3559 3907 3773 3964 cessare

2259 3964 2541 4047 debeutab
2587 3979 2741 4035 opere
2779 3961 3046 4037 coitjugaii
3083 3981 3102 4018 .'
3146 3961 3253 4018 noti
3285 3961 3455 4016 tamen
3494 3961 3777 4031 repudiare

2261 4051 2526 4105 conjugta.

2263 4125 2424 4182 XVII.
2454 4124 2566 4180 Lex
2589 4125 2936 4180 continentite
2959 4124 3147 4181 eadem
3169 4133 3252 4179 est
3279 4123 3461 4178 altaris
3489 4122 3774 4187 ministris,

2192 4230 2310 4285 quae
2361 4216 2649 4286 episcopis,
2691 4225 2854 4287 atque
2897 4218 3224 4288 presbyteris
3247 4255 3262 4279 ,
3307 4215 3398 4286 qui
3440 4221 3778 4270 cumessent

2195 4309 2338 4376 laici,
2370 4309 2484 4364 sive
2523 4309 2776 4376 lectores,
2807 4309 2957 4365 licito
2986 4317 3042 4364 et
3084 4323 3280 4367 uxores
3307 4307 3522 4374 ducere,
3549 4315 3606 4360 et
3631 4305 3778 4359 ﬁlios

2195 4414 2482 4470 procreare
2511 4407 2805 4470 potuerunt
2853 4417 2866 4452 :
2893 4398 2989 4454 sed
3017 4415 3138 4454 cum
3163 4399 3230 4454 ad
3269 4396 3554 4468 praedictos
3581 4411 3782 4467 perve-

518 4472 731 4540 ιῑηίιιιίι)
753 4471 1031 4565 γνοδίδοιιω
1059 4484 1173 4565 Sili“
1196 4469 1452 4565 gmnibus
1471 4469 1658 4565 diem}
1681 4483 1849 4538 usque
1877 4469 1942 4523 ad
1967 4484 2092 4523 (ἴσθ’
2117 4506 2171 4565 D
2197 4469 2372 4545 neriut
2417 4469 2620 4558 gradus
2646 4529 2662 4554 ,
2717 4491 2882 4558 cmpit
2926 4489 3012 4544 eis.
3049 4504 3157 4543 non
3207 4489 3371 4544 licere
3415 4487 3562 4558 quod
3596 4486 3775 4543 licuit.

515 4564 923 4616 snannationem
965 4561 1140 4616 seculi
1166 4561 1378 4631 (Matth.
1418 4561 1559 4630 ηιμ).
1607 4559 1928 4614 Etiterum:
1964 4560 2087 4616 Ilaec

516 4653 730 4723 (inquit)
764 4653 971 4707 locutus
991 4667 1108 4705 sum
1131 4651 1301 4716 vobis,
1332 4659 1390 4704 ut
1420 4651 1470 4704 in
1502 4667 1586 4704 me
1607 4666 1791 4721 pacem
1814 4649 2083 4706 habeatis:

514 4745 568 4798 in
612 4743 717 4797 hoc
754 4751 931 4796 autem
978 4741 1176 4795 mundo
1223 4741 1620 4795 tribulationem
1665 4741 1962 4809 habebitis,
1992 4741 2086 4796 sed

516 4833 770 4890 confidite
793 4874 807 4898 ,
838 4833 963 4902 quia
994 4847 1093 4901 ego
1121 4832 1224 4886 vici
1272 4832 1528 4886 mttndum
1571 4831 1748 4903 (Joan.
1794 4832 1923 4901 xvi).
1957 4832 2087 4899 Quae

513 4925 930 4996 pollicitationes
950 4923 1074 4992 quia
1104 4924 1221 4979 sine
1250 4924 1412 4978 dubio
1436 4924 1728 4978 manifeste
1750 4931 1894 4984 sunt,
1929 4923 2088 4979 nullis

511 5018 768 5072 debemus
795 5015 1060 5070 scandalis
1088 5014 1341 5069 infirmari
1371 5058 1385 5083 ,
1414 5031 1482 5070 ne
1513 5015 1766 5070 electioni
1794 5014 1888 5069 Dei
1907 5015 2091 5070 videa-

514 5123 634 5161 mur
662 5107 873 5175 ingrati,
899 5105 1050 5175 cujus
1081 5114 1186 5158 tam
1218 5105 1452 5175 patentia
1474 5113 1599 5158 sunt
1623 5104 1905 5173 adjutoria,
1929 5119 2091 5173 quam

515 5209 640 5246 vera
664 5197 947 5262 promissa.
975 5195 1050 5250 De
1077 5193 1560 5250 consultationibus
1588 5202 1765 5248 autem
1787 5193 2089 5248 dilectionis

517 5290 620 5336 tua:
639 5323 652 5347 ,
685 5299 816 5352 quas
839 5287 1131 5354 separatim
1161 5285 1495 5354 conscriptas
1532 5284 1938 5340 archidiaconus
1969 5294 2089 5339 tuus

516 5373 726 5440 detulit,
754 5375 883 5443 quid
910 5378 1243 5432 sentiendum
1273 5377 1342 5432 sit
1365 5377 1506 5430 inter
1533 5385 1821 5446 praesentes
1841 5384 2092 5445 Opportu-

517 5465 637 5519 nius
665 5474 996 5534 quaereretur
1017 5508 1031 5532 ,
1081 5469 1124 5522 si
1154 5469 1310 5523 nobis
1340 5475 1659 5537 conspectus
1691 5467 1762 5521 tui
1793 5468 1944 5537 copia
1973 5483 2093 5536 pro-

514 5557 761 5623 veniret;
795 5572 916 5609 nam
948 5571 1066 5610 cum
1097 5560 1338 5626 quaedam
1395 5558 1832 5626 interrogationis
1871 5558 2089 5611 modum

518 5647 801 5700 videantur
823 5645 1084 5699 excedere
1108 5687 1122 5710 ,
1153 5647 1391 5716 intelligo
1420 5664 1511 5704 eas
1551 5648 1832 5716 colloquiis
1857 5648 2091 5718 aptiores

517 5751 655 5802 esse,
690 5751 846 5805 quam
895 5735 1126 5807 scriptis.
1158 5737 1292 5803 Quia
1321 5741 1460 5794 sicut
1509 5740 1749 5811 quatdam
1797 5750 1944 5808 sunt,
1972 5756 2091 5810 quae

2198 4579 2351 4634 Unde
2376 4587 2436 4634 ut
2460 4579 2531 4634 de
2559 4580 2760 4636 carnali
2791 4579 2886 4634 ﬁat
2918 4579 3158 4650 spiritale
3187 4579 3511 4648 conjugium,
3553 4586 3776 4647 oportet

2195 4685 2289 4722 cos
2319 4684 2417 4722 nec
2447 4668 2716 4722 dimittere
2744 4684 2973 4733 uxores,
3019 4677 3074 4724 et
3114 4669 3268 4736 quasi
3299 4685 3403 4722 non
3435 4668 3671 4732 habeant
3695 4669 3778 4723 sic

2211 4758 2436 4823 habere,
2467 4774 2574 4826 quo
2602 4768 2658 4813 et
2704 4758 2850 4813 salva
2876 4759 2948 4814 sit
2984 4758 3214 4812 cbaritas
3243 4757 3635 4812 connubiorum
3657 4797 3674 4823 ,
3721 4767 3780 4811 et

2193 4857 2368 4916 cesset
2393 4849 2636 4916 operatio
2661 4848 2988 4918 nuptiarum.

2200 4972 2348 5036 Quod
2381 4973 2524 5025 aliud
2550 4975 2617 5026 sit
2648 4989 2800 5035 uxor,
2829 4973 2973 5025 aliud
3002 4972 3304 5032 concubina.
3339 4990 3429 5026 aee
3457 4982 3591 5026 erret
3632 4989 3782 5043 qm:-

2303 5044 2762 5165 uisﬁliaéttdsuam
2787 5044 2843 5096 iu
2888 5045 3272 5099 matrimonium
3302 5044 3638 5098 concubinam
3683 5046 3784 5096 ha-

2303 5123 2405 5165 entt
2437 5124 2514 5165 tra
2557 5131 2572 5165 t
2613 5123 2729 5165 ertt.

2302 5123 2405 5166 entt
2437 5123 2729 5167 tradtdertt.

2268 5201 2453 5256 XVIII.
2479 5201 2593 5256 Non
2619 5202 2791 5257 omnis
2808 5202 3000 5258 mulier
3023 5202 3140 5258 viro
3155 5201 3343 5272 juncta
3361 5217 3495 5256 uxor
3514 5209 3597 5257 est
3651 5201 3781 5267 viri,

2197 5294 2319 5363 quia
2352 5309 2453 5348 nec
2478 5294 2653 5349 omnis
2677 5294 2816 5349 titius
2846 5294 3020 5350 haeres
3055 5302 3137 5350 est
3158 5294 3318 5364 patri.
3350 5293 3666 5362 Nuptiarum
3693 5308 3786 5346 au-

2201 5392 2305 5438 tem
2337 5382 2537 5439 fmdera
2588 5385 2728 5438 inter
2769 5385 3029 5454 ingenuos
3055 5393 3180 5440 sunt
3227 5384 3461 5451 legitima
3488 5425 3504 5451 ,
3543 5391 3599 5438 et
3639 5383 3788 5437 inter

2197 5475 2449 5544 mquales,
2483 5483 2538 5528 et
2568 5476 2737 5530 multo
2769 5477 2917 5546 prius
2962 5478 3068 5532 hoc
3101 5477 3284 5546 ipsum
3316 5475 3544 5536 Domino
3572 5475 3783 5530 consti-

2205 5573 2385 5618 tuente
2410 5605 2424 5629 ,
2467 5580 2624 5634 quam
2655 5566 2862 5619 initium
2913 5557 3140 5620 Romani
3178 5565 3312 5634 juris
3359 5566 3634 5620 existeret.
3671 5563 3784 5618 lta-

2201 5668 2306 5720 que
2336 5653 2475 5709 aliud
2505 5663 2588 5709 est
2617 5672 2773 5723 uxor,
2803 5655 2945 5710 aliud
2978 5656 3274 5710 concubina
3313 5673 3325 5708 :
3355 5655 3494 5709 sicut
3517 5653 3660 5707 aliud
3685 5669 3784 5707 an-

2202 5743 2322 5798 cilla
2347 5783 2363 5808 ,
2413 5744 2554 5800 aliud
2597 5744 2784 5802 libera.
2834 5743 3061 5816 l’r0p1cr
3103 5745 3244 5815 quod
3292 5745 3456 5802 etiarn
3492 5743 3783 5815 Apostolus
