3916 6202
186 343 292 400 289

1229 343 1600 404 COLLECTlO
1640 347 2103 405 DECRETORUM
2147 348 2249 406 PP.
2297 351 2409 405 RR.

3368 289 3471 410 εεκὶ

183 457 332 513 (ϐαι.
365 461 443 528 tv)
489 458 556 512 ad
586 461 1034 514 manili-statutum
1074 459 1260 516 harum
1289 477 1646 531 perswnarum
1675 463 1784 517 dis-
1818 472 1862 529 Α
1893 462 2044 528 Quod
2073 464 2144 518 ad
2169 466 2409 518 militiam
2437 465 2740 537 stimulorm
2773 475 2886 536 post
2923 465 3277 537 pwnitrntiam
3309 471 3477 524 redire

188 553 518 614 actionem,
549 553 918 607 testimonium
948 553 1100 622 ponit
1127 569 1195 608 ex
1221 552 1420 608 Genesi
1472 557 1610 626 (cap.
1637 557 1782 628 xxx),

187 646 278 699 ubi
308 645 514 700 dicitur
541 645 767 698 Abrahm
794 662 808 697 :
839 643 987 713 Ejice
1028 645 1274 699 ancillam
1294 686 1308 709 ,
1358 655 1414 701 et
1453 644 1617 702 ﬁlium
1649 648 1787 717 ejus,

191 754 300 792 non
342 736 491 792 enim
537 737 706 791 bzeres
751 736 855 791 erit
904 735 1045 791 ﬁlius
1084 737 1291 791 ancillae
1339 751 1459 791 cum
1507 737 1620 793 ﬁlio
1668 754 1790 794 meo

190 828 367 883 Isaac.
424 823 577 880 Unde
621 841 742 880 cum
788 826 1024 880 societas
1072 827 1376 896 nuptiarum
1423 829 1496 882 ita
1540 829 1607 883 ab
1638 830 1790 884 initio

195 919 491 973 constituta
514 919 602 982 sit,
630 926 687 972 ut
716 926 914 986 printer
930 935 1153 972 sexuum
1183 917 1645 987 conjunctionem,
1671 937 1789 990 qnze

198 1011 425 1064 haberet
447 1010 501 1063 iu
525 1010 728 1064 Christi
771 1017 827 1064 et
848 1009 1107 1065 Ecclesia!
1128 1022 1543 1075 sacramentum,
1573 1014 1790 1067 dubium

197 1115 301 1152 nun
333 1109 422 1155 est
468 1116 590 1154 eam
635 1101 917 1154 mulierem
951 1117 1055 1155 non
1088 1102 1360 1170 pertinere
1400 1103 1465 1156 ad
1510 1105 1792 1157 matrimo-

196 1194 366 1257 nium,
401 1193 453 1245 in
477 1207 585 1261 qua
617 1193 844 1246 docetur
874 1193 1112 1262 nuptiale
1143 1209 1248 1247 non
1273 1192 1434 1248 fuisse
1461 1197 1791 1266 mysterium.

195 1282 366 1350 Igitur
397 1281 689 1350 cujuslibet
715 1281 820 1335 loci
851 1281 1094 1343 clericus,
1127 1283 1169 1336 si
1196 1282 1355 1337 ﬁliam
1387 1301 1537 1338 suam
1557 1285 1670 1339 viro
1699 1285 1796 1338 lia—

196 1372 344 1426 bemi
377 1371 740 1426 concubinam
770 1372 822 1424 in
865 1373 1264 1427 matrimonium
1293 1374 1519 1439 dederit,
1572 1391 1676 1428 non
1723 1376 1792 1428 ita

199 1462 582 1531 accipiendum
626 1469 726 1524 est,
763 1463 915 1531 quasi
945 1477 1062 1518 eam
1101 1465 1388 1532 conjugato
1433 1465 1658 1532 dederit,
1695 1469 1793 1522 nisi

200 1554 341 1608 forte
371 1553 464 1606 illa
501 1552 694 1606 mulier
719 1561 773 1606 et
795 1555 1021 1626 ingenua
1051 1554 1214 1621 facta,
1244 1564 1297 1609 et
1326 1555 1511 1609 dutata
1535 1557 1794 1625 legitime,

203 1654 254 1697 et
280 1643 517 1711 publicis
547 1642 746 1713 nuptiis
775 1642 1060 1698 honestata
1082 1645 1349 1700 videatur.
1383 1645 1619 1702 Paterno
1651 1649 1798 1702 arbi-

205 1734 308 1785 trio
339 1732 473 1786 viris
498 1732 701 1800 juncta:
746 1741 933 1786 carent
977 1734 1131 1806 culpa
1158 1777 1172 1802 ,
1214 1735 1257 1789 si
1287 1736 1571 1802 mulieres,
1620 1753 1737 1806 qua:
1768 1754 1797 1792 a

207 1823 338 1878 viris
362 1822 726 1888 habebantur,
759 1823 812 1876 in
841 1826 1186 1880 matrimonio
1233 1842 1338 1882 non
1394 1827 1629 1892 fuerunt,
1677 1831 1800 1898 quia

208 1911 355 1964 aliud
384 1919 470 1966 est
502 1921 689 1980 nupta,
718 1912 862 1966 aliud
893 1915 1216 1970 concubina.

281 2041 438 2107 Quod
467 2058 573 2098 non
612 2044 678 2096 sit
703 2044 933 2120 conjugii
957 2046 1260 2114 duplicatio,
1291 2050 1496 2120 quando
1527 2051 1764 2107 ancilla.

689 2115 870 2168 relicta
910 2132 1042 2169 uxor
1069 2115 1368 2172 assumitur.

283 2219 432 2276 XIX.
471 2223 731 2278 Ancillam
761 2240 791 2278 a
823 2233 944 2280 toro
971 2226 1205 2296 abjicere
1229 2269 1244 2293 ,
1293 2239 1348 2284 et
1387 2247 1610 2286 uxorem
1639 2243 1804 2290 certat

215 2312 572 2381 ingenuitatis
607 2315 855 2384 accipere
883 2357 899 2382 ,
943 2331 1050 2370 non
1090 2316 1382 2387 duplicatio
1423 2321 1676 2391 conjugii,
1709 2325 1806 2380 sed

215 2403 500 2472 profectus
529 2415 614 2458 est
641 2399 959 2460 honestatis.
990 2406 1270 2477 Culpanda
1315 2417 1398 2466 est
1441 2428 1573 2468 sane
1620 2415 1804 2468 talium

216 2495 551 2562 negligentia
575 2536 588 2559 ,
635 2494 730 2549 sed
761 2512 868 2550 non
898 2497 1108 2566 penitus
1136 2498 1432 2556 deserenda
1474 2520 1486 2555 :
1521 2512 1578 2557 ut
1605 2506 1808 2559 crebris

213 2587 693 2642 cohortationibus
733 2589 969 2654 incitati,
1016 2591 1160 2659 quod
1187 2594 1498 2649 necessario
1527 2598 1804 2666 expetive-

216 2686 349 2731 runt
382 2678 614 2733 ﬁdeliter
637 2688 1020 2749 exsequantur.
1063 2681 1235 2738 Nemo
1263 2684 1406 2738 enim
1441 2685 1808 2754 desperandus

214 2780 300 2824 est
334 2769 467 2824 dum
498 2771 550 2826 in
591 2771 697 2826 hoc
723 2787 954 2842 corpore
985 2774 1309 2830 constitutus
1350 2785 1466 2843 est,-
1513 2777 1637 2846 quia
1669 2795 1808 2833 unn—

216 2875 508 2930 nunquam
535 2862 678 2929 quod
720 2861 1014 2918 difﬁdentia
1043 2864 1220 2919 aetatis
1266 2865 1532 2932 diﬁ‘ertur,
1579 2870 1807 2926 consilio

215 2950 528 3005 maturiore
555 2951 848 3021 perﬁcitur.

410 3079 492 3133 De
518 3082 874 3136 communione
901 3084 1138 3151 privatis,
1167 3094 1217 3139 et
1245 3087 1320 3140 ita
1351 3087 1628 3160 defunctis.

288 3190 420 3246 XX.
461 3191 662 3248 Horum
691 3209 853 3250 causa
883 3195 977 3250 Dei
1001 3197 1205 3265 judicio
1247 3201 1572 3256 reservanda
1603 3213 1706 3270 est,
1757 3203 1808 3259 in
1840 3206 1883 3268 C

217 3283 386 3352 mins
405 3297 568 3337 manu
608 3283 728 3351 fuit,
759 3294 818 3338 ut
847 3285 1032 3339 talium
1063 3288 1241 3342 obitus
1272 3305 1441 3360 usque
1471 3283 1537 3345 ad
1567 3308 1810 3348 commu-

217 3375 410 3429 nionis
437 3376 733 3429 remedium
784 3392 890 3431 uon
927 3376 1221 3433 differatur.
1271 3381 1379 3436 Nos
1408 3391 1587 3437 autem
1617 3387 1810 3452 quibus

219 3465 537 3519 viventibus
567 3481 669 3518 non
701 3469 1231 3538 communicavimus,
1254 3473 1481 3548 mortuis
1509 3479 1810 3530 communi-

221 3571 358 3610 care
378 3569 492 3610 non
520 3571 820 3626 possumus.

448 3687 527 3743 De
554 3689 634 3743 his
653 3691 739 3778 qui
777 3693 1127 3761 paenitentiam
1148 3711 1300 3766 agere
1321 3697 1593 3766 diffamat.

293 3804 446 3859 XXI.
481 3805 842 3861 Dissimulatio
871 3808 983 3863 haec
1025 3817 1206 3878 potest
1249 3825 1358 3866 non
1388 3811 1454 3867 de
1501 3822 1809 3884 contemptu

222 3909 352 3948 esse
380 3894 629 3959 remedii,
659 3895 751 3950 sed
772 3896 840 3950 de
868 3906 1011 3952 metu
1032 3901 1246 3967 gravius
1265 3901 1628 3973 delinquendi.
1661 3903 1810 3960 Unde

223 3987 551 4055 pauentia
581 4025 598 4052 ,
639 4000 761 4055 qua:
796 3986 961 4043 dilata
1009 3999 1127 4056 est,
1173 4005 1294 4046 cum
1320 3994 1608 4050 studiosius
1643 3998 1810 4066 petita

222 4073 412 4136 fuerit,
447 4090 557 4127 non
586 4087 812 4142 negetur
843 4095 856 4128 :
895 4087 955 4132 ut
983 4093 1202 4148 quoquo
1235 4082 1392 4136 modo
1420 4084 1485 4137 ad
1524 4085 1808 4153 indulgen-

221 4170 312 4221 ὼ
339 4168 671 4223 ωωιοίιιειιιι
701 4170 878 4223 anima
909 4172 1186 4226 vulnerata
1211 4177 1506 4243 perveniat.

257 4277 420 4342 Quod
451 4288 686 4360 oporteat
719 4283 971 4360 eum,‘q_tti
991 4301 1109 4360 pro
1123 4283 1322 4360 illicitis
1351 4288 1555 4341 veniam
1585 4292 1768 4360 poscit,

586 4351 742 4402 etiam
773 4353 946 4404 multis
982 4355 1137 4406 licitis
1167 4355 1446 4410 abstinere.

295 4436 466 4493 XIII.
507 4438 667 4492 Aliud
706 4440 921 4508 quidem
955 4450 1036 4497 est
1062 4443 1242 4500 debita
1289 4445 1432 4514 justa
1479 4464 1766 4518 reposcere
1789 4493 1804 4516 ,

217 4529 372 4583 alia]
400 4530 620 4599 propria
652 4531 1003 4598 perfectionis
1049 4549 1234 4590 amore
1275 4548 1623 4594 contemnere
1651 4583 1665 4608 ,
1715 4543 1808 4596 sed

219 4619 538 4674 ilicitonun
569 4621 781 4674 veniam
812 4623 1172 4691 postulantem
1202 4636 1414 4695 oportet
1435 4630 1594 4683 etiam
1627 4647 1655 4684 a
1689 4633 1807 4686 lici-

216 4708 294 4761 tis
320 4707 602 4762 abstinere
629 4749 644 4771 ,
687 4709 900 4764 dicente
930 4712 1191 4780 Apostolo
1223 4731 1236 4766 :
1268 4712 1454 4770 Omnia
1496 4717 1676 4783 licent,
1712 4721 1809 4776 scd

219 4814 334 4853 Ilua
359 4800 546 4852 omnia
585 4801 963 4870 expediunt-(1
1003 4803 1202 4858 Corint.
1238 4807 1331 4875 γι).
1367 4805 1520 4864 Unde
1549 4811 1592 4863 si
1637 4814 1802 4880 pinni-

217 4897 402 4944 teutes
436 4888 640 4943 habent
684 4906 902 4945 causam
931 4935 944 4959 ,
991 4910 1149 4963 quam
1199 4897 1469 4965 negligere
1513 4899 1651 4955 forte
1695 4919 1801 4956 non

214 4980 481 5043 debeant,
533 4982 727 5036 melius
751 4985 954 5052 expetit
993 4985 1113 5054 quis
1140 4987 1564 5044 ecclesiasticum
1584 5033 1598 5058 ,
1649 5008 1808 5062 quam

213 5072 442 5127 [orense
457 5071 738 5141 judicium.

289 5183 455 5250 Quod
479 5183 745 5252 ptznitenti
767 5183 910 5238 nulla
933 5184 1091 5268 lucra.
1106 5189 1472 5259 negotiationis
1501 5208 1739 5260 exercere

883 5269 1166 5310 conveniat.

287 5340 484 5396 XIIII.
517 5341 762 5406 Qualitas
783 5343 916 5398 lucri
944 5347 1304 5414 negotiantem
1335 5358 1428 5404 aut
1456 5359 1680 5406 excusat
1715 5363 1806 5407 aut

207 5434 443 5502 arguit,
492 5435 618 5504 quia
659 5442 745 5488 est
770 5433 1030 5490 honestus
1058 5446 1324 5506 quaestus,
1365 5449 1419 5494 et
1469 5443 1657 5512 turpis.
1705 5444 1805 5500 Ve-

207 5533 534 5578 rumtamen
574 5523 857 5591 pmniteuti
902 5525 1085 5580 utilius
1123 5525 1405 5596 dispendia
1447 5531 1595 5599 pati,
1643 5547 1803 5602 quam

206 5612 488 5683 periculis
516 5613 894 5678 negotiationis
911 5615 1189 5684 obstringi,
1220 5618 1344 5686 quia
1377 5617 1592 5676 difﬁcile
1621 5629 1701 5677 est
1725 5623 1806 5677 in-

205 5712 300 5756 ter
337 5702 580 5756 ementis
613 5704 1001 5775 vendentisque
1040 5709 1432 5765 commercium
1476 5725 1584 5767 non
1639 5713 1804 5770 inter-

205 5792 414 5850 venire
444 5802 748 5862 peccatum.

2514 551 2618 589 non
2647 536 2845 590 debeat.

1965 623 2156 678 XXIV.
2189 624 2536 680 Contrarium
2565 633 2649 679 est
2675 627 2896 680 omnino
2917 626 3301 681 ecclesiasticis
3325 642 3477 696 regu-

1894 715 1958 769 lis
1987 725 2110 783 post
2137 717 2467 784 poenitentiae
2497 719 2765 771 actionem
2795 716 2974 771 redire
3009 719 3075 772 ad
3107 720 3345 772 militiam
3369 736 3474 774 sa:-

1893 805 2158 872 cularem,
2227 822 2348 860 cum
2377 806 2668 874 Apostolus
2690 807 2838 860 dicat
2861 824 2874 859 :
2899 806 3069 862 Nemo
3099 809 3336 864 militans
3364 811 3474 864 Deo

1895 893 2137 964 implicat
2179 910 2238 949 se
2269 895 2501 964 negotiis
2541 896 2886 950 secularibus
2910 896 2995 967 (Il
3030 897 3163 950 Tim.
3194 899 3274 967 ιι).
3321 896 3474 954 Unde

1896 994 2116 1037 nonest
2146 985 2279 1038 liber
2305 1000 2334 1036 a
2366 985 2572 1052 laqueis
2600 985 2794 1039 diaboli
2819 1025 2834 1051 ,
2885 987 2974 1053 qui
3018 1001 3077 1040 se
3109 987 3295 1040 militia
3325 1005 3452 1041 mnu

1895 1078 2033 1133 dana
2058 1079 2294 1132 voluerit
2327 1079 2626 1148 implicare.

1900 1190 2050 1256 Quod
2079 1193 2393 1254 adolescens,
2426 1194 2494 1259 si,
2522 1209 2731 1261 urgente
2759 1211 3053 1265 quocunque
3077 1197 3325 1262 periculo,
3364 1212 3472 1263 pa:-

1917 1281 1924 1288 ·
1970 1264 2240 1314 nitentium
2277 1265 2464 1331 gessit,
2510 1272 2557 1315 et
2587 1279 2641 1315 se
2684 1280 2785 1316 non
2820 1264 3068 1328 continet,
3100 1269 3277 1318 uxoris
3310 1274 3476 1334 potest

1970 1333 2194 1386 remedio
2222 1334 2485 1385 sustineri.

1972 1421 2138 1479 XXV.
2170 1423 2222 1475 In
2269 1424 2634 1478 adolescentia
2667 1425 3014 1486 constitutus,
3035 1426 3098 1489 si,
3135 1436 3355 1494 urgente
3383 1437 3479 1482 aut

1903 1521 2046 1565 luctu
2074 1514 2260 1566 mortis
2281 1554 2298 1576 ,
2349 1523 2441 1566 aut
2469 1514 2792 1582 captivitatis
2814 1515 3069 1584 periculo,
3106 1519 3476 1586 paenitentiam

1903 1605 2087 1674 gessit,
2119 1614 2172 1658 et
2203 1615 2389 1674 postea
2421 1606 2614 1660 timens
2645 1607 2854 1676 lapsum
2901 1609 3302 1668 incontinentiae
3325 1652 3340 1676 ,
3389 1628 3481 1666 ve-

1906 1697 2058 1749 nialis
2088 1696 2338 1764 copulam
2373 1697 2554 1750 uxoris
2577 1698 2757 1768 elegit,
2792 1714 2857 1753 ne
2888 1699 3090 1754 crimen
3115 1700 3480 1757 fornicationis

1907 1787 2235 1852 iuvui-reret,
2277 1801 2392 1840 rem
2421 1786 2629 1840 videtur
2657 1789 2848 1842 fecisse
2901 1791 3189 1857 venialem,
3221 1793 3264 1845 si
3289 1803 3482 1861 [taeter

1907 1875 2218 1943 coniugium
2246 1875 2448 1929 nullam
2476 1878 2696 1932 omnino
2725 1881 3056 1946 cognoverit.
3087 1880 3145 1934 iu
3173 1896 3280 1950 quo
3304 1891 3480 1938 tamen

1909 1981 2017 2020 non
2047 1965 2283 2033 regulam
2325 1967 2727 2035 constituimus,
2773 1972 2866 2024 sed
2902 1972 3028 2038 quid
3059 1973 3128 2025 sit
3158 1973 3483 2029 tolerabilius

1907 2056 2235 2108 aestimamus
2269 2071 2281 2106 :
2316 2069 2438 2109 nam
2466 2056 2759 2110 secundum
2790 2073 2970 2113 veram
3001 2063 3361 2127 cognitionem
3405 2065 3484 2117 ni-

1909 2149 1984 2202 hil
2011 2149 2178 2214 magis
2206 2147 2256 2201 ei
2284 2149 2560 2216 congruit,
2589 2149 2679 2218 qui
2709 2151 3080 2217 pmnitentiam
3109 2155 3293 2220 gessit,
3326 2170 3484 2224 quam

1909 2240 2124 2293 ca.~titas
2153 2252 2522 2307 perseverans,
2547 2246 2602 2291 et
2625 2240 2819 2292 mentis
2847 2248 2904 2293 et
2927 2244 3190 2309 corporis.

1917 2343 2065 2407 Quod
2093 2347 2137 2397 si
2153 2347 2264 2414 quis
2295 2345 2610 2421 propositum
2639 2347 2880 2421 monachi
2909 2349 3186 2402 deseruerit
3209 2392 3222 2415 ,
3271 2353 3485 2421 publica

2124 2428 2190 2468 sit
2217 2418 2527 2486 paenitentia:
2567 2418 2926 2487 satisfactione
2953 2425 3260 2489 purgandus

1984 2505 2322 2576 Propositum
2353 2509 2599 2564 monachi
2646 2513 2865 2580 proprio
2926 2514 3151 2566 arbitrio
3181 2523 3274 2568 aut
3301 2516 3486 2570 volun-

1911 2605 2023 2652 tate
2049 2608 2358 2668 suseeptum
2384 2641 2398 2665 ,
2444 2598 2618 2654 deseri
2666 2617 2773 2654 non
2805 2609 2983 2670 potest
3013 2605 3212 2672 absque
3241 2615 3485 2674 peccato.

1911 2684 2063 2750 Quod
2091 2688 2235 2740 ettim
2263 2688 2382 2754 quis
2410 2688 2556 2741 vovit
2585 2687 2717 2752 Deo,
2757 2689 2918 2742 debet
2957 2698 3012 2743 et
3041 2691 3287 2746 reddere.
3339 2692 3487 2749 Unde

1910 2777 2003 2844 qui
2027 2776 2215 2831 relicta
2247 2777 2634 2846 singularitatis
2661 2767 3014 2848 professione,
3037 2783 3100 2835 ad
3131 2783 3370 2837 militiam
3401 2787 3487 2839 vel

1912 2867 1980 2920 ad
2013 2867 2225 2936 nuptias
2253 2866 2538 2922 devolutus
2566 2877 2670 2937 est,
2718 2870 2946 2938 publica:
2976 2873 3303 2940 pmnitentize
3330 2877 3488 2930 satis-

1909 2959 2145 3016 factione
2175 2962 2478 3032 purgandus
2504 2970 2610 3028 est,
2632 2964 2756 3030 quia
2780 2965 2878 3017 etsi
2905 2964 3166 3020 innocens
3185 2968 3400 3036 militia,
3432 2978 3488 3025 et

1913 3053 2201 3107 honestum
2233 3060 2411 3122 potest
2439 3068 2557 3108 esse
2584 3055 2910 3122 conjugium,
2955 3056 3271 3112 electionem
3300 3061 3489 3115 melio-

1913 3158 2027 3197 rem
2055 3143 2360 3199 deseruisse
2390 3147 2743 3215 transgressio
2772 3157 2874 3202 est.

1919 3253 2070 3332 Quod
2097 3259 2301 3332 puellae,
2333 3276 2446 3330 qum
2474 3275 2575 3332 non
2617 3267 2824 3324 coactw,
2867 3261 2958 3312 sed
2995 3262 3254 3315 voluntate
3281 3266 3490 3332 propria

1984 3329 2291 3398 virginitatis
2317 3331 2633 3399 propositum
2662 3341 3008 3399 susceperunt,
3033 3329 3354 3399 delinquant,
3377 3329 3489 3387 cum
3583 3350 3586 3355 '

1983 3401 2272 3461 nupserim,
2321 3401 2417 3453 etsi
2449 3400 2675 3453 nondum
2703 3402 2907 3470 fuerant
2937 3412 3271 3456 consecrata}.

1985 3483 2192 3539 XXVII.
2233 3485 2448 3552 Puelke,
2497 3502 2616 3556 quae
2644 3504 2751 3543 non
2781 3499 3062 3558 parentum
3092 3501 3290 3548 coactae
3319 3493 3490 3562 impe-

1915 3576 2039 3641 rio,
2078 3575 2172 3631 sed
2208 3586 2508 3646 spontaneo
2559 3579 2762 3646 judicio
2791 3578 3112 3648 virginitatis
3155 3585 3488 3653 propositum

1909 3674 2074 3736 atque
2119 3667 2360 3722 habitum
2390 3677 2782 3739 susceperunt,
2831 3674 2876 3725 si
2920 3682 3103 3740 postea
3135 3676 3350 3743 nuptias
3393 3677 3488 3730 eli-

1912 3767 2062 3825 gunt,
2091 3760 2528 3827 prazvaricantur,
2553 3761 2764 3814 etiamsi
2803 3762 3038 3816 nondum
3064 3764 3142 3816 eis
3162 3766 3331 3830 gratia
3361 3783 3487 3820 con-

1911 3847 2228 3902 secrationis
2253 3849 2480 3904 accessit
2514 3865 2527 3900 :
2573 3849 2726 3916 cujus
2755 3851 2939 3917 utique
2969 3866 3074 3903 non
3115 3851 3486 3908 fraudarentur

1913 3953 2155 4001 munere,
2185 3937 2229 3992 si
2256 3939 2308 3992 in
2334 3938 2612 4007 proposito
2639 3948 3038 4008 permanerent.

1910 4047 1992 4102 De
2011 4049 2092 4103 liis
2129 4047 2308 4123 quibus
2348 4048 2559 4101 dubium
2587 4057 2688 4111 est,
2713 4058 2884 4102 utrum
2907 4052 3218 4120 baptismum
3242 4069 3488 4123 percepe-

2227 4119 2356 4186 rint,
2381 4133 2586 4174 necesse
2611 4127 2687 4171 est
2723 4127 2779 4172 ut
2807 4119 3164 4177 renascantur.

1985 4205 2215 4262 XXVIII.
2244 4206 2302 4271 Si
2333 4206 2476 4260 nulla
2499 4215 2714 4260 exstant
2742 4207 2936 4262 indicia
2965 4209 3107 4264 inter
3134 4212 3490 4283 propinquus,

1913 4302 2006 4348 aut
2033 4294 2340 4358 familiares,
2372 4293 2516 4348 nulla
2546 4294 2688 4349 inter
2714 4295 2964 4364 clericos,
2993 4307 3087 4352 aut
3114 4300 3340 4366 vicinos,
3371 4305 3492 4372 qui-

1909 4384 2011 4440 bus
2052 4384 2127 4446 bi,
2160 4382 2229 4438 de
2257 4383 2448 4454 quibus
2475 4384 2754 4452 quieritur,
2786 4385 3041 4455 baptizati
3071 4389 3232 4444 fuisse
3260 4391 3483 4446 docean-

1913 4481 2022 4538 tur,
2081 4472 2344 4540 agendum
2375 4479 2476 4536 est,
2511 4481 2569 4527 ut
2597 4483 2970 4543 renascantur,
3002 4492 3069 4532 ne
3097 4481 3378 4536 manileste
3400 4498 3494 4552 pe-

1843 4579 1887 4637 υ
1916 4570 2087 4625 reant,
2121 4561 2173 4616 in
2217 4561 2409 4630 quibus
2441 4563 2582 4630 quod
2615 4578 2720 4618 non
2752 4565 3054 4620 ostenditur
3093 4579 3324 4635 gestum,
3352 4574 3493 4627 ratio

1917 4669 2024 4706 non
2053 4653 2200 4719 sinit,
2229 4660 2288 4706 ut
2315 4653 2560 4708 videatur
2603 4654 2875 4709 iteratum.
2908 4656 3009 4722 Qui
3047 4668 3227 4714 autem
3269 4671 3492 4730 possunt

1918 4742 2243 4808 meminisse,
2270 4743 2412 4811 quod
2453 4743 2519 4796 ad
2569 4744 2856 4800 ecclesiam
2885 4747 3177 4802 veniebant
3217 4766 3338 4805 cum
3389 4768 3488 4822 pa-

1916 4833 2157 4887 rentibus
2188 4833 2317 4898 suis,
2363 4843 2588 4902 possunt
2615 4835 2887 4890 recordari
2916 4853 2984 4891 an
3007 4840 3152 4906 quod
3179 4857 3366 4896 eorum
3394 4859 3491 4912 pa-

1916 4922 2154 4978 rentibus
2179 4921 2428 4988 dabatur,
2475 4924 2784 4994 acceperint
2815 4943 2828 4978 :
2859 4927 2953 4980 sed
2999 4929 3043 4981 si
3090 4929 3193 4983 hoc
3223 4931 3380 4983 etiam
3421 4933 3492 4985 ab

1917 5011 2029 5080 ipsa
2059 5011 2318 5066 memoria
2360 5011 2594 5070 alienum
2640 5024 2760 5081 est,
2810 5015 3193 5070 conferendum
3222 5018 3300 5072 eis
3341 5018 3491 5074 vide-

1916 5108 2021 5164 tur,
2070 5101 2214 5172 quod
2258 5101 2510 5156 collatum
2531 5115 2661 5158 'esse
2691 5104 2963 5168 nescitur,
3008 5107 3133 5172 quia
3164 5121 3270 5160 non
3315 5117 3490 5166 teme-

1912 5191 2046 5246 ritas
2096 5191 2381 5254 intervenit
2428 5194 2901 5264 prazsumptionis,
2953 5195 3172 5251 ubi-est
3215 5198 3488 5268 diligentia

1913 5273 2178 5354 pietatis.’

1915 5396 2065 5482 Quod
2106 5415 2211 5462 eos,
2246 5401 2345 5480 qui
2375 5416 2429 5453 se
2473 5398 2762 5482 baptizatos
2803 5413 3120 5482 agnoscunt,
3171 5409 3275 5482 sed,
3293 5409 3345 5463 in
3388 5429 3490 5482 qua

1983 5469 2098 5550 ﬁde.
2116 5469 2370 5538 nesciunt,
2398 5485 2490 5539 per
2526 5485 2709 5523 manus
2738 5469 3116 5541 impositionent
3141 5481 3331 5546 suscipi
3361 5469 3488 5536 σόη-

1983 5546 2173 5592 veniat.

1967 5627 2154 5682 XXIX.
2170 5627 2232 5684 lli
2250 5629 2520 5692 autem,de
2533 5630 3107 5704 quibusscripsisti,qui
3121 5654 3176 5691 se
3190 5638 3492 5708 baptizatos

1912 5717 2104 5781 sciunt,
2132 5720 2220 5771 sed
2249 5720 2402 5788 cujus
2429 5720 2548 5776 ﬁdei
2579 5720 2795 5788 fuerint,
2820 5727 2907 5794 qui
2937 5743 3032 5782 eos
3061 5728 3488 5798 baptizaverunt,

1915 5822 1972 5861 sc
1997 5808 2202 5863 nescire
2233 5811 2553 5880 proﬁteantur
2587 5831 2598 5868 :
2623 5816 2878 5884 quoniam
2895 5817 3153 5888 utrolibet
3183 5820 3344 5875 modo
3372 5819 3481 5876 lor—
