3916 6202
441 275 537 333 991

1720 264 2075 323 DIONYSIUS
2114 260 2432 319 EXIGUUS.

3593 253 3700 309 39?.

441 406 581 445 lnam
624 386 958 457 baptismatis
987 393 1351 454 acceperunt,
1400 386 1705 455 baptizandi
1733 400 1840 439 non
1865 392 2010 449 sunt,
2046 389 2086 442 Α
2120 396 2238 435 mus
2267 380 2337 432 ita
2362 378 2561 443 dicere,
2594 390 2701 431 non
2730 373 2798 428 de
2824 388 2993 443 parvo
3018 372 3182 427 animi
3214 371 3400 425 dolore
3429 372 3691 439 procedit.

441 478 532 531 sed
555 492 649 546 per
670 492 856 529 manus
884 474 1276 542 impositionem
1295 474 1544 526 virtutem
1567 472 1799 541 Spiritus
1821 470 2015 534 sancti,

441 584 603 637 quam
628 568 694 620 ab
716 565 978 619 haereticis
997 564 1243 632 accipere
1267 579 1370 617 non
1395 570 1705 632 potuerunt,
1737 561 2018 617 catholicis

445 658 727 729 copulandi
756 664 897 711 sunt.
988 712 999 717 _

446 772 524 825 De
553 772 630 823 liis
660 770 742 837 qui
774 766 1001 820 convivio
1038 764 1307 835 gentilium
1334 774 1383 817 et
1403 765 1533 817 escis
1563 761 1909 817 immolatitiis
1934 763 2020 814 usi

1165 843 1303 887 sunt.

517 928 683 982 XXX.
709 927 765 981 Si
788 926 1033 981 convivio
1061 925 1177 979 solo
1202 923 1480 991 gentilium
1528 931 1583 978 et
1622 923 1760 977 escis
1786 920 2025 975 immola-

449 1023 580 1075 titiis
611 1020 688 1073 usi
719 1026 864 1085 sunt,
886 1023 1107 1085 possunt
1131 1014 1347 1082 jejnniis
1388 1023 1445 1068 et
1471 1028 1661 1067 manus
1682 1013 2024 1082 impositione

447 1113 681 1183 purgari,
716 1118 775 1163 ut
803 1108 1057 1176 deinceps
1095 1106 1160 1158 ab
1206 1104 1517 1174 idolothytis
1580 1103 1911 1156 abstinentes
1940 1117 2027 1155 sa-

450 1211 843 1258 cramentorum
872 1196 1070 1250 Christi
1115 1196 1320 1264 possint
1345 1208 1463 1247 esse
1499 1193 1805 1262 participes.
1833 1190 1888 1245 Si
1930 1206 2025 1245 au-

450 1302 560 1348 tem
590 1300 682 1345 aut
704 1291 841 1345 idola
874 1288 1248 1349 adoraverunt,
1276 1292 1367 1337 aut
1397 1282 1696 1338 homicidiis
1741 1281 1825 1336 vel
1854 1280 2025 1335 forni-

450 1384 750 1442 eationibus
777 1377 1127 1435 contaminati
1165 1383 1321 1438 sunt,
1367 1374 1433 1428 ad
1474 1374 1905 1428 communionem
1931 1387 2027 1426 eos

454 1478 555 1532 nisi
578 1490 675 1545 per
701 1470 1069 1543 pmnitentiam
1098 1466 1366 1536 publicam
1400 1480 1504 1518 non
1532 1469 1746 1532 Oportet
1794 1460 2024 1515 admitti.

458 1586 607 1654 Quod
654 1600 854 1654 semper
894 1576 1364 1654 Thessalonicensis
1411 1575 1625 1654 antistes
1656 1573 1786 1625 vices
1814 1579 2026 1640 aposto-

918 1652 1032 1703 licae
1059 1648 1196 1701 sedis
1232 1646 1536 1712 impleverit.

2123 469 2378 538 Meipsum
2406 467 2546 520 enim
2579 463 2974 534 quodammodo
3010 462 3144 515 trahi
3176 461 3228 515 in
3256 461 3466 530 culpam
3495 462 3694 527 sentio,

2121 577 2241 614 cum
2274 569 2325 614 te
2371 574 2401 611 a
2442 557 2648 611 traditis
2678 556 2769 609 tibi
2813 554 3012 622 regulis
3060 552 3346 608 immodice
3383 552 3697 607 discessisse

2120 666 2425 720 cognosco.
2475 649 2565 717 qui
2610 648 2652 701 si
2686 655 2787 701 tua)
2814 644 3183 701 aestimationis
3230 659 3416 713 parum
3463 642 3694 710 diligens

2121 758 2259 805 cras,
2294 754 2426 794 mea:
2470 740 2660 793 saltem
2694 736 2846 790 fama:
2893 751 3118 805 parcere
3145 734 3375 789 debuisti
3412 753 3425 787 :
3458 750 3545 790 ne.
3577 749 3694 802 qua:

2124 840 2219 883 tuo
2260 837 2465 883 tantum
2513 827 2652 880 facta
2705 833 2831 880 sunt
2881 825 3098 886 animo,
3151 833 3337 878 nostro
3386 823 3698 878 viderentur

2122 928 2270 988 gesta
2290 919 2512 987 judicio.
2536 916 2759 985 Relegat
2788 918 3096 969 fraternitas
3119 923 3204 968 tua
3231 915 3447 984 paginas
3462 923 3696 981 nostras,

2124 1011 2412 1077 omniaque
2442 1008 2508 1061 ad
2538 1017 2659 1062 tuos
2701 1007 2895 1061 emissa
2923 1006 3157 1077 majores
3204 1005 3512 1075 apostolica:
3554 1006 3700 1060 sedis

2128 1100 2415 1170 praesulum
2449 1100 2649 1167 scripta
2682 1104 2979 1167 percurrat,
3005 1104 3059 1150 et
3086 1095 3170 1150 vel
3199 1111 3229 1148 a
3255 1110 3364 1162 me,
3395 1095 3476 1149 vel
3504 1110 3534 1147 a
3564 1110 3703 1163 pra:-

2127 1191 2437 1246 ccssoribus
2466 1189 2599 1242 meis
2641 1188 2878 1240 inveniet
2904 1187 3207 1240 ordinatum
3234 1228 3250 1253 ,
3289 1185 3430 1259 quod
3461 1200 3491 1238 a
3523 1194 3575 1240 te
3604 1200 3707 1239 co—

2127 1280 2412 1349 gnovimus
2441 1293 2559 1333 esse
2590 1287 2993 1347 pnesurnptuni.
3043 1276 3199 1331 Venit
3235 1291 3465 1346 namque
3492 1277 3556 1329 ad
3602 1292 3705 1332 nos

2130 1385 2251 1423 cum
2286 1369 2553 1441 episcopis
2594 1368 2883 1437 provinciae
2923 1382 3033 1421 sua:
3073 1367 3240 1420 frater
3264 1375 3445 1420 noster
3470 1365 3705 1435 Atticus,

2127 1464 2327 1517 veteris
2357 1462 2502 1531 Epiri
2528 1460 2978 1531 metropolitanus
3000 1460 3243 1525 antistes,
3274 1466 3331 1511 et
3358 1458 3425 1512 de
3456 1459 3697 1526 indignis.

2130 1557 2267 1611 sima
2297 1554 2618 1617 afﬂictione,
2661 1569 2821 1623 quam
2854 1553 3093 1622 pertulit,
3123 1551 3449 1622 lacrymabili
3489 1552 3709 1605 acti0ne

2131 1654 2460 1715 conquestus
2511 1653 2613 1709 est,
2664 1659 2847 1699 coram
2887 1642 3182 1697 astantibus
3211 1641 3520 1696 diaconibus
3556 1642 3706 1695 tuis:

525 1744 716 1801 XXXI.
744 1743 852 1798 Leo
883 1741 1122 1810 episcop.
1153 1737 1299 1790 urbis
1328 1735 1509 1789 Romae
1539 1731 1821 1786 Anastasio
1862 1729 2029 1799 epise.
2066 1743 2108 1802 Β
2135 1736 2225 1803 qui
2248 1733 2480 1802 querelis
2508 1732 2771 1787 ﬂebilibus
2792 1730 2923 1785 nihil
2945 1740 3131 1785 contra
3159 1729 3456 1795 referendo,
3480 1746 3562 1796 ea,
3585 1746 3711 1801 qua:

466 1833 1233 1897 Tbessalonicensi.—Quanta
1249 1827 1565 1884 fraternitati
1582 1833 1685 1879 tua!
1697 1841 1724 1877 a
1740 1823 2030 1879 beatissimi

461 1928 603 1983 Petri
632 1925 862 1996 apostoli
901 1925 1222 1978 auctoritate
1250 1919 1538 1975 commissa
1567 1918 1677 1971 sint
1697 1957 1710 1979 ,
1761 1923 1818 1969 et
1854 1912 2031 1984 qualia

461 2018 621 2070 etiam
662 2024 846 2069 nostro
882 2014 974 2066 tibi
1008 2011 1191 2065 favore
1216 2012 1324 2063 sint
1347 2007 1572 2073 credita,
1597 2005 1643 2060 si
1672 2019 1797 2059 vera
1827 2004 2034 2058 ratione

462 2106 814 2175 perspiceres,
845 2112 900 2156 et
924 2103 1070 2169 justo
1110 2099 1358 2154 examine
1399 2097 1726 2165 ponderares
1749 2131 1765 2160 ,
1809 2093 2034 2148 multum

462 2210 741 2267 possemus
787 2194 853 2247 de
896 2193 1147 2261 injunctte
1179 2189 1273 2242 tibi
1324 2186 1697 2242 sollicitudinis
1752 2184 2038 2238 devotione

461 2285 715 2357 gaudere.
757 2282 1023 2348 Quoniam
1055 2280 1195 2333 sicut
1224 2290 1583 2348 praecessores
1612 2273 1715 2327 mei
1751 2287 2039 2340 praecesso-

464 2378 613 2431 ribus
651 2373 773 2436 tuis,
804 2372 877 2424 ita
906 2370 1068 2423 etiam
1108 2382 1209 2435 ego
1239 2364 1514 2419 dilectioni
1546 2372 1670 2427 tuae,
1693 2362 1928 2430 priorum
1954 2376 2042 2415 se—

464 2476 623 2522 cutus
659 2462 990 2530 exemplum,
1021 2460 1164 2513 vices
1214 2458 1320 2512 mei
1352 2455 1729 2510 moderaminis
1751 2451 1990 2521 delegavi
2023 2468 2038 2504 :

468 2566 527 2613 ut
561 2570 766 2619 curam,
807 2568 969 2621 quam
1000 2551 1267 2605 universis
1295 2547 1550 2603 Ecelesiis
1576 2545 1944 2615 principaliter
1975 2559 2041 2599 ex

466 2648 645 2701 divina
674 2643 1008 2698 institutione
1046 2640 1302 2693 debemus
1325 2679 1342 2704 ,
1384 2637 1622 2690 imitator
1654 2643 1853 2689 nostra:
1893 2648 2047 2688 man-

470 2738 766 2795 suetudinis
789 2734 1094 2802 adjuvares,
1124 2738 1181 2785 et
1202 2728 1505 2798 longinquis
1524 2742 1555 2780 a
1583 2726 1736 2781 nobis
1757 2723 2044 2795 provinciis

471 2826 809 2899 prtesentiam
841 2820 1237 2892 quodammodo
1266 2828 1464 2874 nostra:
1494 2816 1817 2871 visitationis
1842 2817 2046 2885 impen-

471 2920 631 2979 deres
657 2958 673 2983 ,
739 2924 797 2971 et
855 2913 1200 2976 continenti,
1282 2918 1698 2981 opportunaque
1760 2916 2047 2977 prospectu

475 3016 781 3079 promptum
812 3005 907 3059 tibi
948 3010 1092 3060 esset
1135 3016 1426 3070 agnoscere
1449 3041 1464 3067 ,
1511 3001 1636 3071 quid
1667 3001 1719 3055 in
1749 3000 2049 3069 quibusque

2134 1821 2287 1877 nobis
2335 1822 2733 1895 ingerebantur,
2780 1819 2882 1875 fide
2924 1835 3031 1873 non
3080 1834 3266 1873 carere
3312 1820 3710 1881 monstrabant.

2137 1915 2440 1985 Legebatnr
2468 1927 2682 1984 quoque
2729 1913 2782 1966 in
2829 1911 3025 1966 litteris
3056 1910 3158 1962 luis
3178 1951 3193 1975 ,
3242 1926 3376 1980 quas
3406 1910 3564 1964 iidem
3594 1911 3712 1963 dia-

2135 2010 2258 2064 coni
2288 2010 2363 2063 tui
2389 2008 2715 2067 detulerunt,
2747 2004 2889 2074 quod
2920 2003 3085 2057 frater
3114 2002 3321 2057 Atticus
3366 2001 3715 2056 Thessaloni-

2136 2115 2254 2154 cam
2278 2098 2534 2163 venisset,
2566 2096 2817 2164 quodque
2858 2108 3179 2147 consensum
3204 2108 3355 2147 suum
3387 2094 3545 2145 etiam
3576 2090 3716 2146 scri-

2138 2198 2309 2259 ptura:
2338 2186 2673 2257 professione
2698 2186 2988 2253 signasset,
3021 2191 3083 2236 nt
3126 2182 3190 2236 de
3235 2184 3324 2236 illo
3354 2198 3455 2236 ron
3486 2182 3629 2236 aliud
3683 2197 3716 2235 a

2139 2280 2297 2334 nobis
2324 2286 2506 2348 posset
2531 2275 2775 2343 intelligi,
2807 2289 2964 2343 quam
2993 2273 3194 2345 proprii
3218 2274 3445 2339 arbitrii,
3473 2282 3526 2327 et
3555 2288 3717 2342 spon-

2140 2377 2315 2425 taneis
2358 2368 2659 2422 devotionis
2705 2366 2904 2426 fuisse,
2957 2364 3102 2433 quod
3151 2373 3408 2423 venerat,
3458 2363 3719 2431 quodque

2142 2462 2440 2516 chartulam
2470 2459 2537 2514 de
2580 2458 2899 2512 obedientite
2949 2457 3239 2526 sponsione
3269 2456 3707 2525 conscripserat:

2142 2554 2198 2607 in
2228 2551 2380 2619 cujus
2404 2559 2582 2604 tamen
2614 2549 2869 2603 chartula:
2900 2547 3173 2601 mentione
3210 2546 3418 2615 signum
3450 2544 3723 2616 prodeba-

2146 2651 2237 2698 tur
2262 2641 2488 2710 injuriae.
2534 2640 2648 2694 Non
2680 2639 2823 2692 enim
2852 2626 3214 2693 necessarium
3257 2638 3450 2704 fuerat,
3483 2646 3540 2690 ut
3579 2635 3726 2690 obli-

2151 2741 2372 2803 garetur
2398 2732 2619 2800 scripto,
2650 2730 2740 2800 qui
2770 2729 3130 2784 obedientiam
3160 2745 3309 2784 suam
3342 2730 3456 2799 ipso
3482 2728 3592 2798 jam
3621 2740 3727 2784 vo-

2144 2824 2367 2879 luntarii
2397 2824 2655 2877 adventus
2688 2823 2948 2891 probabat
2976 2820 3155 2876 officio
3174 2864 3189 2890 ,
3219 2822 3360 2876 unde
3386 2822 3729 2890 deploratio~

2148 2917 2303 2971 nibus
2323 2914 2614 2986 supradicti
2640 2914 2752 2970 inec
2772 2915 2935 2969 verba
2957 2913 3197 2984 epistolae
3221 2922 3322 2968 tua:
3356 2913 3727 2968 testimonium

2148 3008 2511 3076 prmbuerunt,
2545 3013 2599 3058 et
2646 3019 2743 3075 per
2772 3004 2894 3068 hoc,
2934 3004 3078 3074 quod
3107 3019 3213 3058 non
3240 3012 3324 3059 est
3351 3004 3589 3069 tacitum,
3616 3020 3729 3059 nu-

474 3099 635 3152 rcbus
663 3096 749 3151 vel
779 3103 871 3148 tuo
910 3092 1088 3148 studio
1115 3105 1492 3161 componeres,
1522 3089 1606 3144 vel
1636 3099 1819 3142 nostro
1843 3086 2044 3155 judicio
2073 3109 2118 3172 ο
2149 3094 2330 3147 datum
2361 3102 2442 3149 est
2472 3094 2617 3172 illud,
2643 3093 2785 3164 quod
2814 3094 3025 3149 silentio
3046 3093 3221 3148 fuerat
3244 3093 3585 3164 adopenum,
3605 3094 3729 3149 adi-

473 3200 797 3242 reservares.
836 3182 967 3236 Nam
998 3196 1117 3236 eum
1148 3178 1352 3247 majora
1379 3178 1611 3246 negotia,
1641 3185 1693 3231 et
1719 3174 2044 3230 difficiliores

472 3290 755 3332 causarum
795 3273 971 3328 exitus
996 3271 1222 3325 liberum
1271 3270 1362 3323 tibi
1392 3278 1536 3323 esset
1561 3269 1659 3323 sub
1701 3276 1898 3323 nostra:
1922 3282 2046 3322 sen-

475 3367 653 3423 tentia:
681 3364 1088 3434 exspectatione
1114 3361 1464 3431 suspendere,
1499 3376 1596 3415 nec
1619 3360 1757 3414 ratio
1788 3359 1901 3424 tibi,
1946 3372 2045 3414 nec

479 3457 771 3513 necessitas
793 3455 961 3508 fuitin
986 3453 1057 3516 id,
1081 3452 1223 3521 quod
1247 3466 1552 3505 mensuram
1575 3459 1717 3504 tuam
1740 3450 2044 3515 excederet,

476 3545 742 3603 deviandi.
769 3543 1054 3598 Abundant
1082 3543 1223 3596 enim
1253 3541 1391 3611 apud
1423 3550 1475 3595 te
1503 3540 1825 3594 monitorum
1847 3539 2046 3608 scripta

479 3646 788 3693 nostrorum
814 3677 829 3703 ,
870 3633 1065 3702 quibus
1093 3641 1146 3686 te
1170 3633 1238 3686 de
1266 3633 1503 3687 omnium
1544 3631 1813 3684 actionum
1847 3638 2050 3699 tempe-

476 3729 651 3783 rantia
680 3726 989 3794 frequenter
1016 3725 1361 3779 instruximus
1385 3763 1399 3787 ,
1447 3729 1505 3776 ut
1531 3721 1930 3776 commendatas
1956 3721 2050 3775 tibi

477 3816 674 3872 Christi
704 3814 969 3869 Ecclesias
997 3828 1092 3883 per
1119 3812 1548 3867 exhortationem
1570 3810 1844 3864 charitatis
1865 3808 1931 3862 ad
1960 3824 2047 3863 sa-

479 3905 783 3960 lubritatem
812 3902 1095 3956 audientiae
1135 3916 1457 3971 provocares
1489 3917 1503 3955 :
1532 3901 1656 3971 quia
1685 3903 1784 3956 etsi
1816 3901 2049 3971 plerum-

476 4010 582 4065 que
609 3994 845 4050 existunt
872 3992 1011 4046 inter
1038 3993 1368 4060 negligentes
1390 4032 1404 4056 ,
1452 3992 1535 4047 vel
1578 3992 1790 4047 desides
1827 3993 2050 4058 fratres,

477 4097 597 4152 qua:
626 4089 875 4150 oporteat
911 4080 1113 4147 majore
1156 4081 1476 4134 auctoritate
1516 4080 1689 4135 curari
1713 4120 1729 4146 ,
1761 4082 1837 4137 sic
1875 4092 2051 4137 tamen

479 4168 781 4224 adhibenda
804 4177 887 4223 est
913 4166 1203 4235 correptio,
1226 4176 1284 4219 ut
1311 4182 1525 4236 semper
1543 4171 1610 4223 sit
1640 4169 1787 4223 salva
1811 4170 2047 4225 dilectio.

485 4258 633 4315 Unde
661 4267 716 4313 et
763 4258 954 4312 beatus
981 4257 1257 4325 apostolus
1285 4255 1479 4311 Paulus
1521 4258 1586 4311 ad
1632 4259 2049 4315 ecclesiasticum

484 4348 723 4415 regimen
762 4346 1103 4399 Timotheum
1147 4345 1389 4400 imbuens
1435 4346 1611 4401 dicit:
1660 4348 1935 4403 Seniorem
1984 4364 2054 4404 ne

487 4436 884 4505 increpaveris,
936 4434 1030 4488 sed
1084 4435 1304 4489 obsecra
1372 4444 1431 4489 ut
1460 4446 1685 4506 patrem,
1731 4440 1956 4508 juvenes
1996 4450 2055 4495 ut

484 4527 715 4590 fratres,
766 4541 900 4578 anus
950 4533 1008 4577 ut
1035 4534 1263 4589 matres,
1307 4526 1621 4595 juveneulas
1658 4538 1717 4582 ut
1758 4545 1970 4586 soi-ores
2000 4532 2052 4585 in

485 4617 634 4673 omni
661 4617 907 4672 castitate
938 4615 992 4687 (I
1023 4615 1209 4671 Timot.
1242 4618 1317 4688 v).
1364 4617 1492 4684 Quae
1521 4621 1838 4687 moderatio,
1870 4623 1914 4676 si
1937 4623 2055 4692 qni-

484 4710 797 4776 buscunque
822 4706 1162 4762 inferioribus
1191 4710 1443 4764 membris
1472 4726 1539 4766 ex
1568 4713 1865 4781 apostolica
1910 4715 2055 4769 insti-

487 4798 695 4853 tutione
722 4797 964 4861 debetur,
995 4806 1197 4867 quanto
1230 4801 1396 4866 magis
1425 4798 1675 4857 fratribus
1703 4810 1759 4857 et
1786 4804 2056 4873 coepisco-

484 4889 567 4960 pis
597 4888 793 4943 nostris
815 4888 931 4941 sine
957 4886 1252 4942 olfensione
1272 4889 1539 4944 reddenda
1568 4899 1669 4955 est,
1697 4899 1753 4945 ut
1773 4893 1898 4947 licet
1918 4909 2051 4948 non-

482 4995 754 5050 nunquam
787 4980 1068 5044 accidant,
1122 4994 1243 5049 quae
1275 4980 1327 5032 in
1366 4981 1789 5037 sacerdotalibus
1816 4994 1939 5038 sunt
1968 5000 2054 5040 re-

484 5067 861 5138 prehendenda
891 5067 1171 5136 personis:
1202 5067 1322 5136 plus
1351 5064 1527 5122 tamen
1558 5085 1681 5138 erga
1707 5072 2055 5140 corrigendos

487 5165 609 5223 agat
634 5156 1005 5211 benevolentia
1039 5171 1198 5225 quam
1254 5159 1532 5223 severitas,
1587 5161 1707 5229 plus
1751 5162 2054 5219 cohortatio

484 5261 644 5313 quam
674 5248 985 5310 commotio,
1026 5248 1145 5315 plus
1199 5247 1431 5303 Charitas
1469 5264 1630 5318 quam
1662 5258 1919 5320 potestas.
1947 5254 2053 5308 Sed

486 5338 555 5392 ab
585 5337 688 5400 bis,
718 5337 805 5403 qui
835 5351 953 5404 qua:
975 5354 1071 5392 sua
1098 5346 1224 5394 sunt
1250 5348 1497 5408 quaerunt
1519 5381 1534 5405 ,
1578 5358 1684 5396 non
1710 5357 1829 5409 qua:
1856 5342 2053 5398 Christi

483 5423 609 5479 Jesu
638 5424 857 5495 (Philip.
883 5429 961 5493 ιι),
988 5426 1141 5482 facile
1160 5428 1228 5483 ab
1256 5429 1357 5483 hac
1380 5429 1499 5499 lege
1517 5430 1828 5499 disceditur,
1857 5440 1911 5487 et
1930 5432 2054 5487 dum

488 5517 750 5570 dominari
782 5518 950 5585 magis
993 5533 1151 5586 quam
1172 5524 1455 5579 consulere
1476 5526 1701 5581 subditis
1731 5527 1930 5596 placet,
1962 5528 2059 5581 ho-

487 5621 587 5659 nor
618 5606 763 5660 inllat
790 5609 1119 5676 superbiam,
1154 5618 1208 5664 et
1235 5612 1378 5679 quod
1411 5614 1680 5682 provisum
1726 5624 1809 5669 est
1837 5616 1902 5670 ad
1934 5632 2058 5671 con-

486 5696 744 5768 cordiam,
789 5700 957 5755 tendit
995 5700 1062 5756 ad
1104 5717 1318 5768 noxam,
1353 5706 1512 5775 quod,
1553 5715 1613 5764 ut
1638 5722 1857 5765 necesse
1902 5708 2060 5765 habe-

2150 3192 2260 3238 tam
2290 3184 2495 3238 scilicet
2521 3174 2714 3253 lllyrici
2745 3183 3119 3253 praefecturam
3140 3224 3157 3252 ,
3198 3191 3256 3239 et
3284 3183 3728 3241 sublimissimam

2153 3275 2293 3329 inter
2322 3273 2623 3328 mundanos
2672 3273 2850 3342 apices
2877 3281 3201 3343 potestatem
3250 3273 3302 3327 in
3334 3273 3729 3330 exhibitionem

2152 3366 2377 3420 insontis
2420 3364 2676 3419 antistitis
2723 3360 3018 3426 incitatam,
3065 3374 3125 3418 ut
3162 3364 3324 3419 missa
3370 3366 3732 3420 exsecutione

2154 3454 2410 3521 terribili,
2446 3469 2563 3523 qum
2606 3453 2783 3507 omnia
2812 3454 2911 3508 sibi
2939 3451 3111 3507 ofﬁcia
3143 3454 3352 3523 publica
3376 3454 3441 3509 ad
3472 3453 3732 3509 enectum

2152 3542 2528 3613 prmceptionis
2578 3541 2919 3610 adjnngcret,
2971 3557 3001 3595 a
3038 3542 3205 3597 sacris
3251 3542 3505 3598 Ecclesia:
3548 3544 3734 3614 adytis

2154 3636 2300 3689 nullo
2331 3635 2417 3688 vel
2446 3634 2580 3687 falso
2619 3634 2956 3687 insimulatus
2978 3633 3201 3687 crimine
3229 3635 3609 3688 extraheretur
3637 3650 3729 3689 sa-

2153 3725 2344 3779 cerdos
2377 3742 2389 3777 :
2423 3723 2506 3779 cui
2537 3738 2641 3777 non
2673 3724 2740 3777 ob
2770 3724 3071 3777 molestiam
3101 3724 3449 3791 mgritudinis,
3497 3740 3605 3779 non
3656 3728 3732 3781 ob

2154 3815 2410 3869 saevitiam
2460 3814 2654 3870 hiemis
2692 3814 2951 3868 darentur
2998 3813 3258 3879 induciae,
3300 3814 3394 3869 sed
3437 3815 3540 3870 iter
3566 3830 3708 3885 aspe

2154 3922 2292 3971 rum,
2336 3916 2388 3961 et
2431 3906 2680 3975 periculis
2705 3905 2918 3975 plenum
2947 3921 3043 3974 per
3070 3906 3239 3960 invias
3267 3906 3416 3960 nives
3441 3919 3603 3973 agere
3634 3922 3728 3962 co-

2155 4003 2386 4064 geretur,
2418 3995 2559 4065 quod
2588 3996 2719 4049 tanti
2749 3995 2964 4059 laboris,
2995 3997 3233 4063 tantique
3258 3996 3580 4051 discriminis
3605 3994 3732 4063 fuit,

2158 4096 2215 4139 ut
2258 4100 2322 4139 ex
2354 4085 2455 4150 his,
2506 4084 2596 4154 qui
2653 4086 2963 4154 episcopum
3014 4087 3254 4141 comitati
3304 4094 3462 4153 sunt,
3504 4086 3733 4155 quidam

2156 4173 2415 4229 defecisse
2445 4176 2708 4229 dicantur.
2755 4175 2980 4229 Multum
3028 4186 3241 4247 stupeo,
3285 4176 3445 4237 frater
3473 4180 3732 4235 charissi—

2156 4279 2263 4330 me,
2314 4264 2407 4318 sed
2437 4272 2491 4318 et
2536 4264 2822 4332 plurimum
2870 4264 3059 4327 doleo,
3099 4266 3245 4335 quod
3272 4267 3323 4320 in
3351 4281 3495 4334 eum,
3525 4266 3593 4322 de
3617 4282 3732 4336 quo

2160 4356 2286 4410 nihil
2312 4354 2538 4424 amplius
2556 4355 2905 4423 indicaveras,
2924 4371 3085 4425 quam
3108 4357 3253 4426 quod
3269 4367 3523 4414 evocatus
3538 4359 3732 4414 adesse

2158 4447 2424 4512 differret,
2478 4456 2534 4501 et
2573 4448 2978 4502 excusationem
3020 4448 3342 4505 infirmitatis
3386 4451 3730 4516 obtenderet,

2159 4546 2267 4590 tam
2298 4537 2554 4591 atrociter
2601 4546 2657 4591 et
2704 4545 2811 4591 tam
2842 4538 3191 4592 vehementer
3217 4540 3458 4608 potueris
3487 4556 3733 4595 commo-

2160 4627 2267 4680 veri
2303 4645 2315 4679 :
2348 4627 2641 4697 przesertim
2672 4641 2825 4691 cum,
2862 4628 3073 4682 etiamsi
3133 4628 3239 4683 tale
3266 4629 3464 4699 aliquid
3492 4645 3733 4686 merere-

2158 4724 2262 4780 tur,
2295 4716 2712 4786 exspectandum
2762 4717 2853 4771 tibi
2885 4717 3077 4781 fuerat,
3117 4717 3243 4786 quid
3272 4718 3339 4773 ad
3370 4728 3455 4773 tua
3482 4721 3731 4775 consulta

2158 4810 2530 4865 rescriberem.
2581 4808 2685 4863 Sed
2721 4817 2779 4864 ut
2826 4810 2982 4864 video
3023 4810 3161 4865 bene
3200 4811 3268 4865 de
3315 4811 3448 4866 meis
3489 4813 3732 4866 moribus

2158 4899 2496 4965 existimasti,
2526 4911 2580 4954 et
2607 4914 2765 4970 quam
2794 4901 2969 4955 civilia
3006 4916 3103 4971 pro
3143 4904 3508 4958 conservanda
3549 4919 3735 4959 sacer-

2158 4988 2321 5043 dotali
2354 4989 2639 5044 concordia
2668 5005 3025 5060 responsurus
3054 5007 3224 5047 essem
3242 5034 3258 5060 ,
3288 4994 3567 5049 verissime
3595 5010 3731 5063 pm

2158 5080 2352 5134 vidisti.
2396 5079 2462 5133 Et
2491 5080 2610 5135 ideo
2639 5089 2819 5136 motus
2864 5090 2983 5137 tuos
3018 5085 3239 5152 exsequi
3283 5084 3399 5139 sine
3426 5084 3732 5139 dissimula-

2159 5170 2308 5224 tione
2357 5171 2659 5239 properasti
2702 5188 2716 5224 :
2759 5186 2829 5226 ne
2856 5212 2871 5236 ,
2926 5187 3048 5227 cum
3096 5172 3486 5229 moderationis
3529 5184 3730 5229 nostra

2160 5262 2302 5316 aliud
2347 5261 2685 5331 disponentia
2734 5262 2937 5333 scripta
2974 5266 3327 5333 sumpsisses,
3377 5263 3607 5323 faciendi
3647 5268 3728 5334 id,

2160 5350 2306 5423 quod
2335 5351 2532 5407 factum
2563 5362 2677 5415 est,
2720 5352 2991 5408 licentiam
3021 5370 3129 5411 non
3176 5356 3424 5413 haberes.
3477 5357 3558 5411 An
3587 5355 3731 5412 forte

2158 5442 2373 5511 aliquod
2405 5442 2500 5504 tibi
2554 5443 2761 5497 facilius
2790 5443 3120 5512 innotuerat,
3151 5453 3207 5500 et
3252 5447 3728 5516 metropolitanum

2161 5530 2473 5599 episcopum
2513 5533 2637 5586 novi
2689 5533 2829 5601 apud
2866 5548 2924 5588 se
2962 5534 3200 5589 criminis
3225 5535 3436 5604 pondus
3464 5537 3731 5605 urgebat?

2162 5618 2231 5674 At
2259 5620 2362 5673 hoc
2389 5620 2607 5689 quidem
2629 5622 2861 5677 alienum
2886 5623 2952 5676 ab
2981 5625 3070 5678 illo
3098 5639 3217 5679 esse
3246 5627 3410 5679 etiam
3436 5634 3491 5680 tu
3519 5624 3646 5680 nihil
3678 5626 3730 5679 ei

2166 5709 2468 5779 objiciendo
2492 5711 2794 5781 conﬁrmas,
2837 5712 2933 5768 sed
2962 5714 3121 5771 etiam
3150 5715 3195 5768 si
3236 5716 3362 5784 quid
3398 5729 3556 5786 grave
3586 5716 3726 5770 into.
