3916 6202
242 308 354 362 ’ὶῧὸ

1292 293 1667 350 COLLECTIO
1706 293 2165 350 DECRETORUM
2206 294 2309 349 PP.
2354 296 2469 349 RR.

3406 305 3511 363 99$

240 415 638 484 leranuumque
667 414 1034 470 committeret
1073 452 1088 478 ,
1122 418 1305 465 nostra
1328 422 1444 466 erat
1472 413 1836 481 exspectanda
1870 416 1915 473 Α
1944 421 2001 466 et
2034 412 2125 465 fiat
2149 412 2326 467 minus
2352 412 2624 480 religiosa,
2670 428 2831 483 quam
2874 417 3150 487 convenit,
3201 418 3286 475 cui
3316 437 3423 477 non
3452 424 3520 479 li-

242 521 484 559 censura
518 522 532 559 :
564 514 625 559 ut
668 503 743 558 nil
771 503 921 573 prius
949 502 1066 571 ipse
1093 500 1450 568 decerneres,
1500 517 1661 570 quam
1690 501 1835 569 quod

245 595 410 649 nobis
458 596 671 665 placere
710 606 1090 659 cognosceres.
1120 590 1282 646 Vices
1331 593 1473 645 enim
1504 600 1718 646 nostras
1761 592 1835 645 ita

247 695 356 739 tua:
390 682 721 738 credidimus
744 681 1025 745 cbaritati,
1068 687 1125 733 ut
1162 680 1215 735 in
1253 691 1461 750 partem
1509 680 1584 736 sis
1613 689 1836 735 vocatus

243 776 645 839 sollicitudinis,
700 790 806 829 non
838 775 891 828 in
920 773 1307 842 plenitudinem
1341 773 1660 842 potestatis:
1694 772 1835 828 unde

245 868 387 922 sicut
415 866 647 921 multum
677 880 775 917 nos
803 878 887 928 ea,
919 877 1041 931 quae
1078 877 1107 915 a
1138 870 1190 916 te
1220 863 1310 932 pie
1337 870 1463 916 sunt
1502 868 1710 927 curata,
1739 863 1835 918 lse-

246 959 487 1022 titicant;
522 958 595 1013 ita
627 956 849 1011 nimium
877 970 940 1009 ea
965 995 983 1022 ,
1027 968 1148 1024 qua:
1176 962 1303 1008 sunt
1340 970 1621 1023 perperam
1662 964 1832 1022 gesta,

246 1049 581 1102 contristaut
620 1062 634 1098 :
667 1053 725 1099 et
768 1058 989 1098 necesse
1014 1053 1102 1098 est
1144 1052 1267 1113 post
1294 1044 1584 1098 multarum
1630 1045 1836 1114 experi-

246 1146 432 1192 menta
462 1150 751 1191 causarum
790 1134 1075 1190 sollicitius
1120 1132 1384 1201 prospici,
1436 1141 1491 1188 et
1530 1133 1837 1200 diligentius

246 1228 567 1296 praacaveri,
595 1234 866 1295 quatenus
896 1239 990 1293 per
1008 1224 1254 1292 spiritum
1279 1224 1557 1279 charitatis
1583 1234 1640 1279 et
1669 1225 1833 1294 pacis,

243 1317 425 1371 omnis
477 1316 705 1370 materia
737 1314 1110 1369 scandalorum
1165 1312 1236 1368 de
1288 1313 1544 1370 Ecclesiis
1590 1316 1833 1382 Domini,

243 1421 381 1475 quas
413 1406 514 1460 tibi
554 1404 1079 1469 commendavimus,
1112 1402 1406 1471 auferatur,
1452 1407 1837 1475 praceminente

244 1497 467 1567 quidem
514 1498 566 1552 in
608 1497 714 1551 illis
752 1496 1045 1566 provinciis
1082 1496 1425 1566 episcopatus
1466 1498 1541 1552 tui
1595 1497 1835 1566 fastigio,

241 1588 338 1642 sed
367 1596 654 1657 amputato
678 1588 842 1642 totius
871 1586 1230 1658 usurpationis
1284 1602 1533 1644 excessu.

490 1724 563 1780 Ut
603 1726 1009 1797 metrapolitanis
1040 1740 1135 1780 sua
1158 1725 1285 1796 jura
1313 1734 1597 1781 serventur.

298 1843 343 1895 Χ
360 1838 698 1909 SXIIJgitur
714 1838 1013 1895 secundum
1029 1847 1338 1894 sanctorum
1354 1838 1569 1893 Patrum
1583 1854 1835 1900 canones,

239 1934 441 2004 spiritu
473 1933 571 1986 Dei
596 1931 850 1986 conditos
899 1940 951 1984 et
976 1931 1141 1985 totius
1165 1930 1347 1983 mundi
1377 1931 1677 1984 reverentia
1707 1945 1839 1985 con-

242 2031 535 2085 secratos,
593 2016 1040 2088 metropolitanos
1077 2017 1405 2088 singularum
1443 2018 1847 2087 provinciarum

244 2113 567 2182 episcopos,
593 2110 787 2179 quibus
817 2125 885 2165 ex
915 2109 1251 2179 delegatione
1282 2117 1463 2162 nostra
1493 2109 1842 2166 fraternitatis

244 2214 356 2257 une
386 2219 522 2257 cura
555 2202 926 2272 prmtenditur,
955 2200 1042 2270 jus
1074 2200 1283 2254 traditae
1312 2201 1411 2254 sibi
1442 2202 1733 2270 antiquitus
1762 2203 1842 2256 di-

244 2296 474 2363 gnitatis
517 2295 897 2349 intemeratum
939 2293 1141 2347 habere
1180 2293 1518 2347 decernimus
1554 2310 1567 2346 :
1619 2294 1689 2346 ita
1725 2300 1839 2347 uta

244 2384 456 2454 regulis
494 2383 804 2454 prrestitutis
831 2384 977 2439 nulla
1009 2392 1100 2438 aut
1148 2383 1475 2453 negligentia
1499 2422 1513 2447 ,
1564 2391 1658 2437 aut
1701 2398 1840 2456 prce-

245 2478 569 2546 sumptione
599 2476 897 2531 discedant.

248 2591 321 2647 Ut
358 2608 392 2643 α
421 2592 830 2659 metropolitanis
861 2607 961 2643 non
1008 2589 1166 2655 laici,
1217 2605 1318 2659 non
1368 2587 1578 2658 bigami,
1627 2605 1729 2642 non
1770 2591 1843 2642 vi-

324 2663 555 2743 duarum
578 2658 768 2723 mariti,
793 2661 883 2713 sed
904 2658 1372 2728 irreprehenribiles
1402 2659 1707 2711 ordinentur
1732 2660 1845 2729 epi-

322 2748 497 2800 scopi.

321 2838 567 2894 XXXIII.
601 2839 654 2893 In
686 2838 1010 2904 civitatibus,
1059 2852 1281 2909 quarum
1321 2845 1561 2893 rectores
1590 2838 1842 2904 obierint,

243 2931 321 2985 de.
374 2928 760 2985 substituendis
800 2929 1067 2999 episcOpis
1118 2929 1229 2983 hzcc
1272 2925 1441 2981 forma
1490 2936 1754 2994 servetur,
1787 2937 1846 2984 ut

244 3022 302 3074 is
324 3019 425 3088 qui
452 3017 773 3073 ordinandus
798 3025 903 3084 est,
948 3017 1157 3073 etiamsi
1188 3018 1342 3072 homo
1384 3018 1507 3071 vita:
1539 3018 1844 3073 testimonio

240 3110 533 3173 fuldatur,
567 3124 671 3164 non
696 3109 883 3172 laicus,
937 3124 1042 3162 non
1086 3108 1407 3178 neophytus,
1462 3122 1559 3162 nec
1597 3108 1845 3162 secunda:

239 3200 507 3268 conjugis
545 3200 614 3254 sit
641 3200 884 3265 maritus,
922 3209 1015 3254 aut
1043 3199 1135 3270 qui
1176 3215 1335 3253 unam
1362 3196 1576 3269 quidem
1625 3200 1839 3267 habeat,

240 3292 339 3345 vel
374 3291 642 3356 habuerit,
665 3290 759 3345 sed
785 3305 947 3360 quam
974 3291 1073 3345 sibi
1104 3290 1318 3344 viduam
1346 3290 1626 3358 copularit.
1653 3290 1843 3345 Sacer-

242 3381 448 3435 dotum
476 3382 618 3435 enim
647 3392 753 3436 tam
782 3380 1056 3436 excellens
1080 3389 1161 3436 est
1182 3379 1374 3435 electio
1401 3388 1458 3433 ut
1487 3379 1620 3445 haec,
1651 3395 1769 3449 quae
1790 3382 1843 3435 in

242 3472 377 3525 aliis
404 3470 661 3525 membris
690 3469 941 3526 Ecclesiae
981 3486 1091 3525 non
1136 3478 1399 3526 vocantur
1427 3470 1491 3524 ad
1531 3470 1759 3540 culpam,
1790 3472 1844 3525 in

245 3561 363 3615 illis
392 3570 580 3616 tamen
610 3560 911 3617 habeantur
940 3561 1146 3617 illicita.
1220 3568 1244 3583 ⁸

345 3698 506 3766 Quod
534 3701 863 3756 mbdiaeonis
884 3701 1099 3756 carnale
1118 3702 1429 3757 connubium
1459 3702 1753 3774 denegetur.

326 3812 568 3868 XXXIV.
600 3813 729 3868 Nam
752 3829 873 3869 cum
902 3823 1053 3869 extra
1097 3815 1418 3870 clericorum
1447 3814 1687 3870 ordinem
1712 3832 1845 3871 con-

242 3906 460 3960 stitutis
491 3905 793 3974 nuptiarum
822 3904 1067 3958 societati
1115 3912 1171 3958 et
1228 3904 1588 3974 procreationi
1617 3905 1846 3959 filiorum

243 3996 477 4051 studere
504 3996 575 4049 sit
599 3996 820 4049 liberum
852 3994 1151 4059 arbitrium,
1180 3995 1247 4049 ad
1270 3994 1629 4049 exhibendam
1660 4003 1843 4048 tamen

245 4089 519 4161 perfecta!
539 4088 883 4143 continentia:
912 4088 1222 4157 puritatem,
1266 4103 1332 4143 ne
1362 4088 1701 4142 subdiaconis
1726 4088 1846 4156 qui-

242 4185 374 4239 dem
402 4182 735 4237 connubium
759 4180 976 4236 carnale
996 4181 1327 4243 conceditur,
1350 4189 1409 4234 ut
1432 4189 1483 4234 et
1506 4181 1594 4251 qui
1622 4180 1843 4245 habent,

240 4275 357 4327 sint
387 4280 651 4340 tanquam
692 4287 799 4326 non
832 4270 1095 4324 habentes
1141 4269 1196 4340 (1
1225 4268 1459 4324 Corinth.
1492 4271 1610 4340 vn),
1655 4280 1709 4325 et
1755 4272 1846 4339 qui

244 4381 361 4419 non
391 4364 619 4427 habent,
650 4370 1003 4433 permaneant
1031 4361 1345 4430 singulares.
1382 4360 1533 4427 Quod
1572 4363 1617 4415 si
1659 4363 1710 4416 in
1744 4363 1848 4417 hoc

242 4455 469 4517 ordine,
499 4454 591 4523 qui
625 4460 848 4522 quartus
890 4459 973 4504 est
1002 4467 1029 4503 a
1061 4451 1257 4521 capite,
1290 4450 1505 4519 dignum
1550 4461 1635 4506 est
1663 4461 1847 4507 custo-

243 4546 373 4608 diri,
406 4553 618 4616 quanto
660 4543 830 4611 magis
860 4542 913 4595 in
958 4542 1150 4611 primo,
1183 4540 1268 4594 vel
1317 4540 1571 4607 secundo,
1616 4542 1847 4597 tertiove

241 4638 585 4696 servandum
628 4646 729 4698 est,
762 4650 829 4688 ne
860 4642 953 4688 aut
976 4633 1208 4698 levitico,
1250 4642 1341 4687 aut
1366 4634 1713 4705 presbyterali
1744 4634 1845 4689 ho-

243 4743 413 4795 nore,
464 4735 559 4780 aut
606 4724 900 4795 episcopali
941 4723 1258 4778 excellentia
1297 4724 1579 4792 quisquam
1624 4724 1848 4778 idoneus

241 4819 575 4884 tstimetur,
596 4817 689 4885 qui
714 4832 773 4871 se
794 4831 825 4870 a
848 4815 1123 4885 voluptate
1144 4815 1326 4869 uxoris
1348 4814 1570 4869 necdum
1612 4814 1847 4871 frenasse

238 4906 559 4979 detegitur!

528 5017 599 5074 Ut
626 5018 798 5072 nullus
826 5018 1000 5071 invitis
1030 5018 1298 5073 ordinetur
1326 5018 1562 5073 antistet.

322 5121 544 5182 XXXV.
576 5121 711 5176 Cum
758 5133 888 5188 ergo
916 5118 981 5173 de
1009 5120 1203 5174 summi
1245 5119 1541 5174 sacerdotis
1584 5119 1847 5174 electione

236 5216 605 5277 tractabitur,
654 5212 744 5267 ille
791 5212 1040 5266 omnibus
1085 5212 1436 5280 praeponitur,
1484 5225 1643 5278 quem
1694 5209 1844 5274 cleri,

232 5309 543 5381 plebisque
571 5318 867 5360 consensus
893 5302 1235 5358 concorditer
1280 5294 1603 5371 postularim
1644 5318 1656 5353 :
1688 5302 1759 5355 ita
1791 5308 1849 5354 ut

230 5405 284 5459 si
322 5403 391 5457 in
422 5400 588 5452 aliam
636 5395 777 5450 forte
804 5408 1089 5464 personam
1118 5393 1349 5463 partium
1396 5409 1455 5448 se
1483 5402 1607 5447 vota
1650 5392 1848 5448 divise-

228 5496 390 5555 rint.
423 5486 830 5558 metropolitani
852 5485 1055 5554 judicio
1083 5485 1130 5540 is
1157 5485 1312 5539 alteri
1368 5493 1733 5555 praeponatur,
1760 5485 1849 5553 qui

232 5583 565 5653 majoribus
607 5588 665 5633 et
689 5577 884 5634 studiis
907 5576 1144 5647 juvatur,
1193 5587 1250 5632 et
1296 5577 1523 5641 meritis,
1555 5584 1761 5630 tantum
1792 5587 1852 5630 ut

232 5677 448 5734 nullus
478 5672 659 5728 invitis
686 5678 739 5725 et
768 5684 873 5724 non
903 5670 1206 5739 petentibus
1254 5668 1550 5733 ordinetur,
1576 5684 1644 5722 ne
1662 5668 1853 5723 civitas

236 5771 587 5838 episcopum
617 5776 724 5816 non
754 5768 998 5831 optatum
1025 5771 1118 5820 aut
1156 5769 1487 5827 contemnat,
1537 5768 1631 5815 aut
1657 5761 1850 5824 oderit,

1938 505 2110 557 cuerit
2139 506 2361 572 habere,
2391 520 2551 573 quem
2584 505 2767 559 voluit.

1943 612 2010 667 Ut
2035 616 2460 683 metropolitanus
2484 612 2633 684 Epiri
2681 615 2742 686 de
2780 617 2958 682 electo,
3006 634 3151 686 quem
3186 628 3260 673 est
3304 621 3518 674 ordina-

2009 693 2151 759 turus
2189 688 2481 759 episcopum
2512 724 2527 749 ,
2572 685 2640 737 ad
2678 685 3178 759 Thessalonicensem
3224 693 3518 759 pontiﬁcem

2010 757 2222 830 referat,
2265 766 2318 830 et
2345 758 2421 830 de_
2441 757 2833 825 metropolitano
2861 758 3019 811 electo
3049 757 3286 813 similiter
3311 757 3517 830 prociu-

2007 824 2165 876 ciales
2195 825 2440 893 episcopi.

2009 936 2233 991 XXXVI.
2270 937 2343 990 De
2373 952 2600 1005 persona
2641 947 2817 991 autem
2849 941 3200 995 consecrandi
3253 944 3513 1013 episcopi,

1939 1034 1993 1080 et
2022 1026 2087 1080 de
2117 1027 2268 1091 cleri,
2301 1027 2578 1095 plebisque
2616 1043 2879 1082 consensu
2926 1033 3372 1100 tnctrOpolitanus
3400 1037 3518 1103 epi—

1938 1133 2132 1185 scopus
2180 1117 2245 1170 ad
2297 1117 2686 1171 fraternitatem
2734 1126 2875 1171 luant
2925 1117 3142 1185 referat,
3190 1122 3436 1191 quodque
3468 1125 3520 1178 in

1936 1206 2211 1275 provincia
2252 1208 2386 1261 bene
2417 1207 2615 1275 placuit
2641 1207 2779 1261 scire
2812 1217 2862 1262 te
2909 1207 3087 1274 faciat,
3138 1219 3194 1264 ut
3223 1212 3521 1267 ordinatio-

1939 1310 2059 1347 nem
2092 1294 2191 1348 rite
2234 1294 2608 1348 celebrandam
2642 1303 2730 1349 tua
2762 1312 2975 1365 quoque
3002 1295 3175 1353 firmet
3206 1305 3519 1368 auctoritas,

1939 1402 2058 1454 qua:
2081 1387 2242 1442 rectis
2265 1388 2704 1456 dispositionibus
2729 1388 2859 1442 nihil
2886 1405 3067 1451 morte,
3086 1400 3175 1445 aut
3200 1392 3523 1450 dillicultatis

1940 1476 2157 1530 debebit
2183 1476 2393 1543 afferre,
2445 1492 2512 1532 ne
2553 1479 2803 1547 gregibus
2834 1479 3045 1534 Domini
3074 1481 3165 1535 diu
3210 1482 3349 1537 desit
3393 1498 3521 1538 cura

1943 1573 2236 1633 pastorum.

2012 1657 2426 1727 Metropolitano
2452 1675 2582 1715 vero
2625 1659 2895 1727 defuncto,
2945 1678 3065 1717 cum
3098 1664 3147 1718 in
3198 1664 3372 1720 locum
3406 1665 3522 1735 ejus

1877 1776 1916 1832 Β
1946 1747 2080 1800 alius
2126 1747 2284 1802 fuerit
2327 1749 2714 1816 subrogandus,
2767 1753 3124 1820 provinciales
3169 1754 3405 1824 episcopi
3455 1754 3523 1809 ad

1943 1834 2211 1889 civitatem
2260 1838 2598 1907 metropolim
2646 1840 2934 1894 convenire
2983 1840 3272 1906 debebunt,
3319 1852 3378 1897 ut
3404 1859 3521 1897 om-

1942 1924 2087 1978 nium
2118 1925 2457 1993 clericorum,
2507 1936 2670 1995 atque
2718 1930 2956 1983 omnium
3005 1932 3200 1985 civimn
3245 1934 3523 1989 voluntate

1940 2014 2199 2079 discussa,
2248 2032 2312 2070 ex
2361 2018 2687 2087 presbyteris
2731 2018 2968 2087 ejusdem
3014 2019 3281 2088 Ecclesiae,
3331 2024 3415 2078 vel
3456 2041 3522 2081 ex

1942 2103 2183 2160 diaconis
2215 2107 2449 2175 Optimus
2478 2108 2722 2176 eligatur.
2765 2108 2841 2162 De
2871 2108 3023 2178 cujus
3052 2113 3266 2166 nomine
3287 2114 3352 2167 ad
3379 2127 3521 2169 tuam

1944 2195 2188 2248 notitiam
2230 2197 2589 2266 provinciales
2617 2196 2854 2253 referant
2881 2202 3209 2267 sacerdotes,
3252 2204 3521 2273 impleturi

1942 2296 2068 2339 vota
2098 2287 2455 2355 poscentium,
2502 2302 2623 2342 cum
2654 2289 2797 2357 quod
2838 2289 2965 2358 ipsis
2994 2291 3211 2360 placuit,
3264 2295 3358 2348 tibi
3387 2310 3521 2365 quo-

1942 2391 2047 2445 que
2070 2377 2334 2449 placuisse
2359 2380 2732 2449 cognoverint.
2756 2379 2905 2435 Sicut
2931 2383 3073 2437 enim
3098 2381 3273 2451 justas
3299 2386 3520 2442 electio-

1944 2485 2038 2524 ncs
2069 2470 2225 2524 nullis
2250 2470 2593 2526 dilationibus
2616 2472 2861 2527 volumus
2889 2473 3119 2544 fatigari,
3143 2475 3215 2529 ita
3239 2476 3368 2531 nihil
3398 2494 3519 2548 per-

1943 2558 2201 2617 mittimus
2228 2569 2280 2615 te
2308 2562 2587 2629 ignorante
2618 2563 2887 2630 praesumi.

1940 2658 2008 2715 Ut
2038 2661 2161 2735 bina
2190 2679 2282 2731 per
2310 2680 2501 2718 annum
2527 2664 3256 2735 provincialla'episcoporum
3294 2664 3518 2735 concilia

2007 2732 2347 2803 celebrentur,
2377 2744 2426 2786 et
2462 2735 2508 2787 si
2528 2732 2626 2788 'res
2669 2735 2891 2803 di/ﬁct'lis
2924 2732 3208 2800 emerserit,
3241 2749 3331 2785 nec
3362 2733 3517 2803 [πίει-ξι

1992 2799 2482 2856 ‘Thessalouicensis
2511 2799 2747 2871 episcopi
2757 2804 2956 2873 judicio
2987 2799 3280 2866 terminata,
3310 2799 3379 2854 ad
3407 2799 3515 2854 lto-

2015 2894 2226 2931 manum
2254 2880 2511 2948 referatur
2539 2878 2844 2931 antistitem.

2015 2966 2277 3021 XXXVII.
2331 2968 2405 3022 De
2456 2968 2697 3023 conciliis
2744 2977 2923 3023 autem
2983 2970 3376 3041 episcopalibus
3413 2987 3521 3031 non

1947 3057 2091 3112 aliud
2122 3057 2423 3125 indicimus,
2452 3072 2614 3127 quam
2652 3058 2823 3111 sancti
2853 3060 3036 3114 Patres
3065 3061 3351 3134 salubriter
3378 3063 3525 3117 ordi-

1874 3139 1921 3203 C
1950 3154 2166 3212 narunt,
2197 3154 2254 3200 ut
2275 3146 2481 3200 scilicet
2508 3146 2618 3200 bini
2647 3156 2942 3201 conventus
2972 3162 3068 3217 per
3095 3165 3264 3204 annos
3289 3151 3526 3218 singulos

1947 3238 2265 3301 habeantur,
2299 3238 2353 3291 in
2382 3237 2574 3307 quibus
2601 3238 2668 3292 de
2692 3239 2940 3292 omnibus
2968 3240 3200 3306 querelis
3240 3255 3359 3308 qutc
3389 3241 3526 3296 inter

1945 3327 2185 3382 diversos
2214 3327 2469 3383 Ecclesia;
2496 3327 2712 3383 ordines
2754 3328 2898 3383 nasci
2921 3329 3177 3389 assolent,
3208 3330 3477 3398 judicetur
3504 3318 3537 3383 :7

1947 3429 2011 3471 ac
2038 3416 2082 3470 si
2112 3416 2250 3471 forte
2296 3418 2434 3471 inter
2479 3417 2643 3486 ipsos,
2693 3418 2784 3487 qui
2831 3427 3086 3487 praesunt,
3117 3420 3183 3474 de
3233 3420 3525 3489 majoribus

1950 3507 2114 3579 (quod
2143 3508 2305 3580 absit)
2347 3509 2583 3578 peccatis
2631 3523 2793 3563 causa
2838 3511 3096 3575 nascitur,
3147 3525 3266 3579 quae
3311 3514 3527 3582 provin-

1949 3598 2070 3653 ciali
2102 3608 2334 3667 nequeat
2372 3600 2620 3653 examine
2668 3598 2908 3666 diliiniri,
2951 3600 3340 3656 fraternitatem
3383 3612 3526 3658 tuam

1946 3688 2014 3744 de
2060 3690 2225 3745 totius
2273 3691 2473 3757 negotii
2512 3689 2771 3759 qualitate
2820 3692 3270 3760 metropolitanus
3316 3694 3528 3747 curabit

1946 3779 2232 3844 instruere,
2264 3787 2324 3833 ut
2350 3779 2392 3832 si
2425 3793 2609 3833 coram
2640 3780 2831 3848 positis
2857 3781 3096 3849 partibus
3123 3796 3221 3836 nec
3251 3790 3341 3835 tuo
3370 3781 3528 3838 fuerit

1947 3886 2035 3925 res
2064 3873 2240 3941 sopita
2258 3870 2480 3940 judicio,
2512 3870 2578 3924 ad
2601 3879 2837 3923 nostram
2860 3870 3242 3938 cognitionem,
3272 3872 3527 3940 quidquid

1947 3962 2078 4016 Illud
2101 3971 2203 4027 est,
2233 3961 2600 4015 transferatur.

1952 4073 2020 4129 Ut
2042 4075 2088 4128 si
2106 4074 2216 4145 quis
2238 4073 2502 4145 episcopus
2532 4090 2677 4126 suam
2708 4072 2947 4126 deserens
2972 4072 3245 4145 civitatem,
3276 4076 3524 4144 majorem

1984 4146 1989 4149 ⁷
2017 4143 2188 4199 sedent
2210 4143 2431 4197 mnbltus
2459 4158 2621 4217 causa
2645 4145 2866 4217 petierit,
2894 4158 2986 4197 nec
3014 4144 3157 4195 illam
3178 4143 3407 4199 obtinere
3430 4163 3526 4217 po-

2017 4217 2156 4276 terit,
2184 4224 2235 4271 et
2262 4230 2356 4268 sua
2384 4229 2560 4268 carere
2587 4212 2806 4267 debebit.

2019 4303 2300 4358 XXXVIII.
2328 4303 2384 4357 Si
2425 4303 2545 4371 quis
2573 4311 2752 4358 autem
2794 4302 3097 4374 episcopus,
3145 4303 3377 4359 civitatis
3417 4320 3528 4361 sua:

1947 4395 2323 4450 mediocritate
2361 4393 2639 4460 despecta,
2684 4391 3207 4448 administrationem
3246 4394 3349 4451 loci
3387 4395 3529 4450 cele-

1877 4519 1924 4577 D
1950 4485 2144 4540 brioris
2170 4483 2437 4549 ambierit,
2486 4491 2541 4536 et
2583 4481 2649 4536 ad
2678 4483 2938 4551 majorem
2965 4497 3025 4538 se
3051 4484 3260 4554 plebem
3285 4500 3528 4553 quacun-

1950 4589 2056 4644 que
2085 4573 2294 4629 ratione
2324 4572 2677 4639 transtulerit,
2721 4588 2751 4626 a
2776 4573 3028 4628 cathedra
3058 4575 3274 4642 quidem
3300 4578 3531 4647 pellatur

1950 4666 2148 4729 aliena,
2193 4662 2289 4719 sed
2321 4663 2528 4719 carebit
2554 4672 2610 4717 et
2655 4665 2893 4734 propria,
2943 4677 3005 4720 ut
3046 4681 3147 4721 nec
3192 4666 3296 4721 illis
3343 4670 3530 4736 praesi-

1948 4756 2094 4821 deat,
2126 4770 2265 4825 quos
2304 4768 2400 4825 per
2440 4755 2717 4810 avaritiam
2749 4757 3074 4826 concupivit,
3126 4774 3226 4814 nec
3254 4758 3359 4813 illis
3393 4775 3530 4828 quos

1951 4863 2049 4918 per
2090 4847 2395 4917 superbiam
2442 4845 2666 4915 sprevit.
2718 4844 2841 4901 Suis
2888 4846 3046 4915 igitur
3100 4847 3344 4901 terminis
3382 4848 3531 4915 quis-

1950 4954 2057 5009 que
2082 4946 2368 4994 contentus
2395 4940 2485 5003 sit,
2517 4952 2616 4993 nec
2642 4952 2804 5007 supra
2835 4953 3137 4993 mensuram
3170 4937 3307 5005 juris
3342 4938 3425 4991 sui
3452 4935 3532 4990 aL

1940 5029 2120 5085 fectet
2143 5029 2347 5097 augeri.

1959 5142 2027 5198 Ut
2055 5144 2227 5196 nullus
2254 5143 2474 5196 alienum
2505 5142 2741 5195 clericum
2768 5141 3065 5211 sollicitare,
3091 5137 3169 5191 rel
3197 5146 3366 5192 tenere
3393 5157 3530 5211 pm.

2071 5223 2259 5276 sumat,
2292 5229 2385 5267 suo
2412 5214 2649 5282 episcopo
2678 5227 2781 5263 non
2807 5209 3061 5278 praebente
3085 5209 3406 5264 consensum.

2022 5300 2262 5357 XXXIX.
2293 5302 2538 5357 Alienum
2565 5300 2839 5363 clericum,
2863 5298 3029 5351 invito
3058 5298 3313 5369 episcopo
3342 5300 3527 5371 ipsius,

1956 5411 2113 5451 nemo
2140 5396 2415 5464 suscipiat,
2451 5407 2608 5447 nemo
2635 5390 2910 5457 sollicitet,
2941 5389 3041 5445 nisi
3073 5388 3214 5445 forte
3241 5404 3308 5444 ex
3333 5390 3532 5461 placito

1950 5484 2229 5541 charitatis
2260 5484 2310 5539 id
2338 5485 2479 5538 inter
2507 5481 2748 5547 dantem,
2778 5480 3237 5550 accipientemque
3263 5497 3535 5537 convene-

1953 5577 2042 5630 rit.
2075 5575 2207 5630 Nam
2233 5574 2449 5646 gravius
2478 5572 2687 5641 injuriae
2716 5587 2840 5627 reus
2861 5581 2964 5638 est,
3009 5575 3099 5644 qui
3127 5574 3194 5628 de
3220 5572 3400 5630 fratris
3427 5575 3532 5630 Ec-

1952 5666 2117 5721 clesia
2144 5666 2222 5732 id,
2251 5664 2395 5733 quod
2440 5672 2526 5718 est
2552 5663 2754 5727 utilius,
2787 5671 2880 5717 aut
2924 5656 3212 5733 pretiosius
3250 5668 3412 5719 audet
3448 5665 3532 5719 vel

1956 5758 2209 5827 abjiccrc,
2242 5756 2324 5811 vcl
2355 5765 2561 5811 tenere.
2610 5754 2795 5824 Itaque
2821 5756 2865 5811 si
2914 5756 3048 5810 intra
3088 5755 3411 5823 provinciam
3445 5768 3533 5809 res
