3916 6202
485 339 592 401 293

1750 335 2107 397 DlONYSIUS
2144 336 2463 397 EXIGUUS.

3653 344 3763 401 29G

485 457 681 525 agitur,
725 450 1052 524 transfugam
1082 451 1335 508 clericum
1366 450 1432 505 ad
1462 449 1759 507 Ecclesiam
1783 468 1935 507 suam
1965 468 2072 507 me-
2107 465 2142 517 Α
2175 452 2429 508 Ecclesia!
2452 466 2581 508 cura
2610 450 2925 517 conﬂueret,
2970 460 3027 507 et
3064 453 3193 509 nihil
3222 467 3447 521 usquam
3476 470 3507 509 ει
3534 470 3635 511 suo
3664 472 3761 513 ca-

487 546 846 615 tropolitauus
889 544 1065 598 redire
1090 542 1396 611 compellet.
1447 542 1503 596 Si
1533 550 1712 597 autem
1742 543 1949 610 longius
1974 560 2063 597 re-

486 636 667 699 cessit,
718 636 793 688 tui
824 631 1075 703 praecepti
1106 632 1429 687 auctoritate
1458 632 1823 694 revocabitur.
1872 641 1930 687 ut
1968 648 2068 688 nec

485 726 786 795 cupiditati,
817 738 918 777 nec
947 722 1227 777 ambitioni
1260 722 1476 777 occasio
1506 722 1857 791 relinquatur.

491 837 560 893 Ut
590 840 641 891 in
671 836 945 891 erocandis
972 835 1371 906 provincialibus
1397 836 1646 904 episcopis
1678 853 1707 888 a
1741 835 2069 889 Thessaloni-

558 924 705 961 ceuse
744 908 987 977 ponti/ire
1030 907 1315 959 moderatio
1365 919 1703 963 conseri-clm,
1752 924 1817 977 (ne
1846 910 1935 957 sub
1978 910 2070 959 hoc

555 978 726 1032 colore
745 976 1088 1030 sacerdotalis
1117 977 1280 1029 honor
1311 979 1631 1030 contumeliis
1654 976 1946 1028 addicatur.
1982 992 2070 1027 nec

557 1048 779 1116 amplius
806 1064 959 1116 quant
989 1045 1093 1098 bini
1126 1047 1187 1098 de
1215 1049 1488 1114 provinciis
1518 1047 1766 1111 episcom',
1807 1063 1931 1111 quos
1968 1062 2069 1099 me-

557 1117 860 1187 tropolitani
889 1117 1236 1185 probareriut,
1264 1117 1579 1186 dirigantur.

558 1226 667 1284 XL.
698 1227 755 1283 ιιι
779 1227 1067 1283 evocandis
1095 1236 1273 1281 autem
1299 1242 1328 1280 a
1361 1237 1412 1281 te
1442 1226 1710 1295 episcopis
1751 1224 2066 1279 moderatis-

486 1324 680 1378 sinunn
710 1336 827 1376 esse
860 1328 910 1375 te
955 1320 1220 1381 volumus,
1278 1336 1344 1372 ne
1393 1334 1488 1386 per
1540 1318 1755 1383 majoris
1784 1317 2072 1385 diligentia:

486 1414 723 1482 speciem
766 1412 1014 1467 fraternis
1042 1410 1259 1479 gloriari
1306 1410 1534 1463 videaris
1576 1408 1800 1477 injuriis.
1851 1407 2001 1463 Unde
2029 1409 2070 1462 si

488 1520 647 1561 causa
679 1504 854 1572 aliqua
884 1502 1055 1570 major
1082 1502 1206 1563 erit,
1235 1500 1304 1554 ob
1334 1514 1494 1567 quam
1525 1498 1863 1561 rationabile,
1888 1513 1950 1551 ac
1982 1513 2073 1553 ne-

487 1595 772 1649 cessarium
800 1594 867 1647 sit
909 1590 1201 1646 fraternum
1234 1590 1498 1645 advocare
1526 1598 1871 1650 conventum,
1918 1589 2074 1643 binos

487 1685 552 1737 de
580 1684 803 1752 singulis
828 1681 1119 1753 provinciis
1147 1681 1452 1750 episcopos,
1496 1694 1633 1748 quos
1674 1678 2071 1747 metropolitani

488 1775 815 1830 crediderint
852 1788 971 1828 esse
1016 1770 1327 1839 mittendos,
1375 1770 1443 1824 ad
1488 1768 1877 1825 fraternitatem
1922 1778 2069 1824 tuam

490 1865 677 1923 venire
702 1864 953 1919 sufﬁciat.

492 1974 560 2029 Ut
589 1991 693 2028 non
720 1975 941 2042 amplius
970 1991 1001 2026 a
1030 1981 1221 2027 statuto
1255 1974 1458 2028 concilii
1489 1981 1733 2037 tempore,
1782 1987 1937 2041 quam
1964 1970 2071 2023 dies

560 2062 627 2099 xv
652 2054 971 2098 remorentur
1003 2044 1253 2113 episcopi,
1284 2053 1331 2096 et
1372 2048 1416 2097 si
1455 2044 1590 2095 inter
1612 2059 1696 2113 eos
1716 2044 1865 2111 fuerit
1891 2043 2073 2113 oborta

560 2112 1040 2178 contentio,cuncta
1068 2113 1301 2166 Romano
1338 2113 1568 2181 pontiﬁci
1597 2112 1688 2165 sub
1705 2123 1959 2181 gestorum
1989 2112 2072 2163 in-

555 2185 849 2237 sinuatione
877 2182 1173 2250 panduntur
1194 2198 1213 2236 :
1236 2193 1291 2234 ut
1316 2183 1378 2235 ab
1406 2197 1467 2236 eo
1494 2182 1628 2252 quod
1656 2181 1764 2235 Deo
1798 2182 2072 2250 placuerit,

558 2256 847 2307 ordinetur.

553 2365 689 2421 XLI.
723 2366 799 2419 Ita
846 2374 901 2420 ut
939 2380 969 2418 a
1012 2367 1312 2435 praestituto
1358 2372 1605 2433 tempore
1654 2376 1762 2418 non
1814 2363 1954 2417 ultra
2005 2361 2076 2415 15

474 2459 621 2522 dies,
666 2458 756 2525 qui
786 2457 1156 2521 convenerint,
1189 2473 1294 2510 non
1327 2456 1687 2510 retardentur.
1720 2454 1778 2510 Si
1806 2464 1986 2511 autem
2018 2456 2073 2511 in

489 2564 557 2603 eo
594 2547 738 2616 quod
789 2561 911 2601 cum
968 2546 1221 2601 fratribus
1269 2547 1605 2601 tractandum
1642 2544 2073 2603 deﬁniendumve

487 2636 801 2703 credideris,
828 2636 1037 2690 diversa
1067 2650 1254 2692 eorum
1285 2634 1444 2689 fuerit
1466 2650 1493 2688 a
1529 2647 1615 2689 tua
1643 2636 1920 2690 voluntate
1948 2651 2073 2691 sen-

488 2728 677 2796 tentia,
709 2727 775 2782 ad
800 2742 900 2781 nos
927 2727 1105 2781 omnia
1133 2727 1231 2780 sub
1260 2733 1536 2794 gestorum
1568 2726 1947 2781 testificatione
1990 2724 2071 2781 fe-

487 2824 691 2881 rentur,
721 2826 779 2871 ut
806 2816 1026 2871 remotis
1055 2816 1508 2883 ambiguitatibus,
1552 2816 1697 2887 quod
1732 2816 1841 2872 Deo
1863 2816 2072 2885 placeat

485 2907 822 2962 decernatur.
873 2906 953 2961 Ad
997 2905 1139 2961 hunc
1167 2906 1310 2961 enim
1357 2906 1516 2962 linem
1557 2922 1773 2962 omnem
1815 2906 2069 2964 allectum

486 3007 730 3055 nostrum
778 3013 1072 3068 curamque
1099 2998 1394 3069 dirigimus,
1438 3006 1497 3054 ut
1525 3000 1669 3069 quod
1698 3000 1765 3056 ad
1809 3000 2068 3055 unitatem

485 3091 806 3157 concordiae,
833 3099 887 3146 et
910 3090 1052 3160 quod
1080 3091 1145 3145 ad
1168 3091 1468 3147 custodiam
1500 3091 1732 3161 pertinet
1755 3090 2067 3160 disciplinae,

2174 548 2282 616 pite
2308 546 2611 601 dissideret.
2643 547 2745 611 Qui
2788 560 2917 614 ergo
2944 545 3050 600 scit
3085 561 3146 600 se
3194 548 3513 615 quibusdam
3545 562 3761 618 praepo-

2172 637 2355 704 situm,
2380 652 2486 691 non
2508 636 2737 695 moleste
2764 632 2903 690 ferat
2924 635 3159 704 aliquem
3182 636 3285 690 sibi
3313 652 3434 691 esse
3456 643 3758 707 prmlatum,

2172 728 2267 783 sed
2294 726 2674 790 obedientiam,
2720 742 2879 796 quam
2912 726 3096 795 exigit,
3126 725 3290 781 etiam
3320 729 3436 797 ipse
3464 730 3759 799 dependat,

2173 828 2230 873 ct
2255 819 2396 874 sicut
2425 833 2531 873 non
2580 819 2694 872 vult
2731 820 2908 885 gravis
2954 819 3135 873 oneris
3163 820 3427 873 sarcinam
3472 819 3632 885 ferre,
3686 825 3757 876 ita

2177 924 2281 964 non
2309 909 2503 963 audeat
2526 910 2612 961 alii
2648 909 2989 977 importabile
3021 909 3233 977 pondus
3263 910 3559 978 imponere.
3594 911 3764 967 Disci-

2176 1001 2286 1067 puli
2315 1000 2458 1054 enim
2487 1014 2673 1055 sumus
2705 1000 2919 1054 humilis
2946 1006 3003 1053 et
3045 999 3191 1053 mitis
3212 1001 3470 1068 magistri,
3495 1002 3723 1059 dicentis
3744 1021 3763 1060 ;

2178 1088 2377 1143 Discite
2405 1104 2434 1143 a
2464 1104 2567 1152 me,
2599 1090 2724 1159 quia
2765 1089 2909 1143 mitis
2952 1103 3074 1143 sum
3114 1097 3172 1143 et
3217 1090 3432 1144 humilis
3477 1092 3665 1153 corde,
3707 1104 3765 1147 tt

2177 1180 2460 1236 invenietis
2508 1182 2748 1249 requiem
2795 1180 3074 1235 animabus
3120 1181 3345 1246 vestris;
3388 1181 3571 1249 jugum
3616 1184 3763 1237 enim

2180 1285 2356 1325 meum
2383 1282 2551 1325 suave
2576 1280 2677 1336 cst,
2715 1280 2770 1325 et
2798 1286 2936 1326 onus
2959 1286 3137 1326 meum
3167 1272 3282 1325 leve
3305 1282 3389 1326 est
3417 1272 3629 1341 (Matth.
3660 1280 3765 1329 λιι.

2177 1364 2332 1427 Quod
2352 1362 2625 1431 quomodo
2654 1362 3016 1432 experiemur,
3067 1363 3167 1419 nisi
3205 1371 3259 1417 et
3310 1364 3440 1417 illud
3485 1365 3538 1418 in
3570 1366 3766 1419 obser-

2176 1460 2411 1514 vantiam
2438 1460 2638 1525 veniat,
2672 1458 2816 1529 quod
2841 1459 2982 1513 idem
3015 1458 3268 1512 Dominus
3300 1459 3376 1511 ait
3404 1475 3416 1510 :
3457 1457 3555 1524 Qui
3590 1457 3769 1527 major

2175 1562 2261 1607 est
2298 1562 2557 1615 vestrum,
2589 1553 2696 1607 erit
2732 1553 2977 1606 minister
3005 1558 3179 1606 vester
3225 1549 3437 1621 (Manli.
3483 1567 3583 1615 xx;
3629 1550 3763 1604 Luc.

2179 1644 2347 1709 xxii);
2379 1644 2469 1710 qui
2499 1650 2679 1696 autem
2709 1656 2769 1698 se
2797 1642 3117 1696 exaltaverit
3167 1641 3551 1709 humiliabitur,
3590 1651 3645 1698 et
3669 1643 3768 1713 qui

2177 1749 2237 1788 se
2266 1734 2508 1789 humiliat
2531 1732 2857 1789 exaltabitur
2883 1731 3039 1804 (Luc.
3071 1732 3217 1804 xiv)?

2108 1828 2155 1891 Β
2249 1845 2360 1902 Leo
2392 1845 2591 1901 Nicetm
2615 1846 2874 1916 episcopo
2901 1846 3230 1916 Aquileiensi
3259 1846 3511 1901 salutem.

2251 1936 2543 2004 Regressus
2574 1936 2637 1990 ad
2672 1952 2769 1991 nos
2795 1938 2934 1990 lilius
2964 1952 3114 1991 meus
3146 1935 3468 1999 Adeodatns,
3495 1936 3637 1992 sedis
3665 1953 3769 1993 nec

2176 2035 2299 2081 διε-ω
2324 2026 2600 2088 diaconus,
2632 2024 2978 2079 dilectionem
3025 2034 3170 2079 tuam
3214 2026 3523 2095 poposcisse
3552 2041 3768 2081 memo-

2176 2118 2333 2180 ravit,
2376 2126 2435 2171 ut
2474 2116 2543 2171 de
2574 2116 2655 2169 his
2684 2118 3061 2171 auctoritatem
3090 2119 3403 2186 apostolicm
3450 2118 3591 2174 sedis
3620 2121 3770 2175 acci-

2177 2222 2354 2277 peres,
2404 2220 2523 2275 qua:
2550 2205 2765 2276 quidem
2816 2221 3062 2275 magnam
3112 2208 3479 2264 dillicultatem
3511 2208 3771 2279 dijudica-

2177 2298 2338 2352 tionis
2362 2297 2607 2352 videntur
2636 2298 2825 2353 alferre
2854 2316 2865 2351 :
2890 2298 2985 2354 sed
3012 2314 3109 2368 pro
3135 2299 3465 2369 inspectione
3495 2309 3770 2369 tempora-

2178 2389 2305 2443 lium
2334 2390 2714 2444 necessitatum
2745 2389 3042 2443 adhibenda
3068 2390 3277 2444 curatio
3299 2397 3401 2453 est,
3432 2398 3490 2444 ιιι
3514 2390 3766 2455 vulnera,

2175 2492 2294 2546 qure
2343 2477 2669 2533 adversitatc
2717 2477 3025 2532 hostilitatis
3072 2476 3217 2533 illata
3264 2485 3387 2533 sunt
3416 2519 3435 2548 ,
3485 2478 3769 2547 religionis

2178 2572 2412 2627 maxime
2446 2570 2657 2624 ratione
2686 2580 2963 2623 sanentur.
3598 2595 3602 2599 ε

2176 2688 2327 2756 Quod
2347 2688 2563 2742 debeant
2586 2687 2807 2754 (entiam,
2846 2700 2960 2755 quae
2978 2685 3141 2754 captis
3165 2684 3283 2739 viris
3310 2693 3588 2754 nupserant
3612 2685 3767 2751 aliis,

2247 2758 2489 2828 regressis
2536 2757 2598 2810 de
2633 2757 2924 2824 captivitate
2952 2759 3071 2810 viris
3106 2757 3361 2828 prioribus
3402 2756 3655 2826 copulari,
3707 2764 3767 2808 ut

2245 2826 2381 2901 quod
2409 2844 2554 2880 suum
2581 2835 2653 2880 est
2681 2828 3020 2895 unusquisque
3045 2826 3275 2894 recipiat.

2244 2939 2403 2996 XLII.
2452 2936 2586 2993 Cum
2615 2952 2743 3007 ergo
2769 2954 2866 3008 per
2895 2937 3141 2993 bellicam
3194 2936 3400 2992 cladem
3429 2945 3485 2991 et
3512 2952 3607 3005 per
3633 2950 3766 3003 gra-

2172 3016 2421 3087 vissimos
2456 3028 2764 3086 hostilitatis
2809 3030 3051 3085 incursus
3081 3030 3155 3084 ita
3183 3030 3423 3098 quaedam
3452 3028 3641 3083 dicatis
3673 3028 3767 3085 di-

2173 3123 2285 3179 visa
2316 3136 2435 3177 esse
2462 3120 2729 3189 conjugia,
2760 3130 2818 3174 ut
2842 3120 3084 3175 abductis
3129 3119 3183 3173 in
3230 3119 3593 3189 captivitatem
3628 3120 3770 3175 viris

486 3182 632 3279 Bulla
659 3181 995 3279 ρίξδεηεξοηθ
1022 3180 1299 3279 νξξξιθιίξνν,
1323 3181 1469 3235 “una
1511 3180 1716 3279 deSif'ia
1747 3181 2064 3249 "egligawr'
2097 3199 2141 3261 C
2169 3212 2382 3267 femina:
2412 3226 2597 3267 eorum
2622 3210 2977 3267 remanserint
3000 3209 3289 3275 destitutae,
3318 3225 3438 3279 quae
3468 3211 3765 3279 virospro-

485 3272 553 3327 Et
583 3282 634 3328 te
657 3274 834 3341 igitur,
862 3272 1026 3327 frater
1049 3270 1414 3336 dilectissime,
1431 3279 1596 3326 cteos
1618 3270 1811 3325 fratres
1833 3280 2066 3336 nostros,

484 3365 575 3435 qui
605 3364 673 3419 de
699 3363 803 3418 tuis
831 3360 1174 3417 offenduntur
1203 3362 1529 3425 excessibus,
1578 3375 1700 3415 cum
1734 3371 1912 3414 tamen
1960 3375 2064 3416 non

484 3453 673 3507 similis
720 3454 789 3508 sit
816 3452 1065 3508 omnibus
1109 3452 1335 3506 materia
1365 3451 1729 3521 querelarum,
1775 3452 1964 3506 hortor
2014 3459 2070 3506 et

484 3559 702 3610 moneo,
734 3554 793 3597 ut
819 3558 937 3613 quae
961 3543 1044 3612 pie
1072 3551 1197 3598 sunt
1224 3543 1492 3606 ordinata.
1533 3542 1927 3612 salubriterque
1952 3542 2066 3597 dis-

483 3637 681 3706 posita,
724 3634 869 3690 nulla
917 3633 1322 3689 concertatione
1364 3634 1680 3698 turbentur,
1725 3649 1883 3689 nemo
1922 3635 2065 3704 quod

484 3742 642 3782 snum
684 3734 767 3780 est
809 3732 1035 3793 quierat,
1085 3724 1179 3779 sed
1235 3724 1379 3792 quod
1417 3724 1639 3778 alterius
1670 3723 1723 3791 (I
1745 3723 1863 3779 Cor.
1892 3724 1967 3793 ς).
2003 3723 2067 3778 Et

482 3817 623 3871 sicut
648 3816 724 3870 ait
761 3814 1068 3884 Apostolus,
1123 3815 1487 3882 unusquisque
1532 3823 1769 3869 vestrum
1816 3814 2066 3882 proximo

482 3923 582 3964 suo
621 3907 834 3977 placeat
878 3907 932 3960 in
976 3905 1175 3960 bonum
1205 3904 1272 3959 ad
1298 3904 1705 3960 aedificationem
1735 3902 1913 3973 (Rom.
1950 3903 2063 3973 xv).

483 3997 598 4052 Non
623 3996 765 4051 enim
788 3994 989 4065 poterit
1008 3993 1228 4048 unitatis
1250 4002 1447 4047 nostra:
1470 3991 1620 4046 firma
1640 4006 1759 4048 esse
1780 4006 2062 4062 compago,

484 4089 585 4144 nisi
615 4101 714 4141 nos
742 4085 809 4139 ad
835 4083 1248 4155 inseparabilem
1278 4083 1607 4138 soliditatem
1635 4082 1906 4138 vinculum
1936 4083 2065 4137 cha-

481 4180 658 4237 ritatis
684 4178 996 4235 astrinxerit
1021 4194 1035 4231 :
1065 4177 1190 4246 quia
1230 4177 1371 4231 sicut
1408 4177 1461 4231 in
1491 4192 1599 4231 uno
1637 4191 1870 4246 corpore
1896 4175 2063 4230 multa

482 4272 727 4329 membra
756 4268 1033 4331 habemus,
1066 4267 1246 4321 omnia
1269 4275 1450 4320 autem
1486 4266 1729 4321 membra
1760 4281 1867 4321 non
1908 4280 2062 4320 euin—

480 4363 603 4418 dem
626 4368 804 4416 actum
833 4359 1064 4422 habent;
1097 4357 1170 4411 ita
1200 4355 1355 4411 multi
1384 4370 1546 4409 unum
1574 4369 1771 4424 corpus
1797 4370 1981 4410 sumus
2010 4355 2061 4409 in

482 4452 720 4515 Christo,
762 4449 954 4517 singuli
985 4454 1162 4501 autem
1212 4445 1348 4500 alter
1376 4445 1597 4501 alterius
1626 4445 1887 4499 membra.
1912 4444 2059 4499 Con-

483 4543 645 4596 nexio
674 4539 838 4595 totius
857 4537 1097 4606 corporis
1121 4551 1279 4590 unam
1308 4536 1616 4600 sanitatem,
1645 4550 1803 4589 unam
1826 4536 2058 4605 pulchri—

482 4632 719 4686 tudinem
750 4628 891 4683 facit.
927 4627 993 4681 Et
1039 4628 1151 4682 lucc
1176 4626 1390 4695 quidem
1418 4628 1685 4681 connexio
1731 4628 1899 4682 totius
1939 4641 2059 4682 cor-

483 4722 630 4793 poris
675 4718 1079 4773 unanimitatem
1127 4716 1384 4785 requirit,
1434 4713 1530 4769 sed
1578 4714 1849 4784 prascipue
1892 4714 2060 4784 exigit

480 4807 824 4865 concordiam
870 4805 1230 4871 sacerdotum,
1278 4805 1473 4873 quibus
1507 4805 1607 4858 etsi
1651 4805 1883 4873 dignitas
1907 4819 2061 4858 eom-

479 4899 657 4956 munis
686 4913 791 4952 non
831 4905 933 4960 est,
982 4905 1157 4950 tamen
1206 4895 1339 4949 ordo
1365 4897 1630 4963 generalis
1658 4898 1757 4950 est.
1790 4892 2055 4959 Quoniam

478 5002 535 5047 et
562 4993 702 5046 inter
728 4986 1062 5043 beatissimos
1085 4986 1359 5055 apostolos
1386 4986 1439 5038 in
1467 4984 1814 5039 similitudine
1834 4984 2055 5038 honoris

478 5082 576 5137 fuit
602 5079 846 5151 quaedam
872 5077 1125 5132 discretio
1152 5076 1452 5146 po;estatis,
1476 5084 1531 5131 et
1556 5092 1677 5130 cum
1698 5075 1937 5131 omnium
1959 5091 2055 5145 par

477 5180 622 5226 esset
648 5170 856 5234 electio,
883 5169 975 5222 uni
1016 5176 1195 5221 tamen
1224 5166 1406 5221 datum
1468 5174 1551 5221 est
1593 5174 1650 5220 ut
1683 5167 1895 5222 caeteris
1920 5180 2056 5235 pra:-

477 5258 963 5325 eminereLDequa
990 5256 1160 5311 forma
1189 5257 1561 5324 episcoporum
1587 5269 1803 5324 quoque
1824 5263 1908 5309 est
1934 5263 2053 5309 orta

475 5351 767 5405 distinctio.
792 5349 865 5403 Et
906 5364 1097 5418 magna
1141 5350 1480 5405 ordinatione
1526 5350 1797 5419 provisum
1847 5357 1949 5413 est,
1985 5362 2053 5403 ne

476 5454 665 5495 omnes
689 5439 790 5493 sibi
821 5441 999 5493 omnia
1021 5440 1374 5506 vindicarent,
1404 5440 1496 5495 sed
1526 5448 1707 5493 essent
1734 5440 1787 5494 in
1825 5438 2049 5508 singulis

474 5531 765 5601 provinciis
809 5531 1028 5597 singuli,
1078 5547 1302 5600 quorum
1345 5534 1483 5586 inter
1522 5530 1714 5586 fratres
1762 5531 2050 5585 haberetur

474 5619 645 5688 prima
674 5618 959 5679 sententia,
990 5626 1043 5671 et
1064 5636 1275 5674 rursum
1307 5620 1518 5687 quidam
1550 5620 1604 5673 in
1635 5618 1925 5686 majoribus
1953 5634 2045 5672 ur-

475 5707 631 5762 bibus
659 5707 936 5761 constituti
964 5708 1375 5765 sollicitudinem
1422 5708 1541 5775 ejus
1569 5709 1902 5777 susciperent
1929 5723 2045 5762 am-

473 5798 720 5871 pliorem,
742 5813 837 5869 per
864 5814 999 5870 quos
1044 5801 1111 5855 ad
1153 5814 1311 5855 uuam
1347 5798 1491 5856 I’etri
1518 5799 1701 5857 sedem
1731 5799 2047 5857 universalis

2171 3302 2319 3371 prius
2360 3308 2453 3354 aut
2488 3300 2840 3368 interemptos
2867 3306 3135 3367 putarent,
3175 3307 3269 3352 aut
3294 3314 3567 3369 nunquam
3594 3316 3624 3354 a
3654 3301 3768 3356 do-

2171 3390 2464 3444 minatione
2491 3388 2774 3443 crederent
2802 3388 3126 3454 liberandos,
3179 3397 3236 3444 et
3274 3389 3329 3444 in
3360 3389 3586 3444 aliorum
3631 3406 3769 3446 eon-

2164 3479 2369 3548 jugium
2400 3478 2685 3533 solitudine
2714 3486 2941 3546 cogente
2973 3478 3315 3535 transierint:
3348 3495 3579 3550 cumque
3610 3498 3765 3538 nunc

2169 3576 2310 3622 statu
2338 3583 2537 3635 rerum,
2568 3568 2859 3623 auxiliante
2889 3567 3136 3633 Domino,
3164 3570 3215 3624 in
3241 3569 3462 3625 meliora
3491 3587 3765 3629 converso

2170 3661 2408 3714 nonnulli
2448 3675 2660 3726 eorum,
2684 3660 2775 3730 qui
2809 3662 3133 3729 putabantur
3168 3663 3409 3732 periisse,
3441 3667 3761 3729 remearint,

2169 3751 2361 3804 merito
2388 3750 2624 3804 charitas
2651 3758 2739 3803 tua
2772 3750 2981 3804 videtur
3005 3751 3275 3819 ambigere
3312 3754 3444 3823 quid
3469 3753 3536 3809 de
3566 3756 3767 3809 mulie-

2168 3840 2335 3905 ribus,
2385 3856 2505 3908 qua:
2542 3839 2661 3894 aliis
2682 3840 2885 3906 iunctm
2931 3849 3060 3895 sunt
3103 3842 3251 3904 viris,
3295 3858 3327 3897 ιι
3358 3843 3513 3898 nobis
3558 3843 3765 3901 debeat

2166 3935 2424 3990 ordinari.
2471 3933 2578 3987 Sed
2622 3933 2748 4002 quia
2798 3934 3043 3988 novimus
3078 3935 3365 4004 scriptum:
3407 3935 3550 4006 quod
3577 3952 3610 3990 a
3641 3937 3762 3993 Deo

2161 4022 2403 4091 jungitur
2446 4022 2636 4076 mulier
2664 4023 2798 4083 viro,
2848 4031 2903 4077 et
2939 4023 3132 4078 iterum
3162 4033 3487 4093 prmceptum
3526 4028 3760 4092 agnovi-

2166 4126 2306 4172 mus,
2337 4121 2393 4164 ut
2420 4110 2564 4180 quod
2591 4109 2730 4163 Deus
2754 4109 2929 4178 junxit
2978 4110 3138 4165 homo
3158 4126 3266 4165 non
3286 4121 3502 4180 separet
3531 4113 3758 4182 (Matth.

2167 4201 2306 4270 xix),
2332 4215 2555 4256 necesse
2583 4208 2668 4255 est
2703 4208 2762 4254 ut
2813 4200 3169 4268 legitimarum
3211 4201 3410 4257 ftedera
3440 4204 3758 4271 nuptiarum

2165 4290 2577 4361 redintegranda
2606 4290 2908 4354 credamus,
2948 4300 3002 4346 et
3031 4293 3251 4347 remotis
3292 4294 3464 4357 malis,
3497 4309 3617 4362 qua:
3647 4296 3756 4351 ho-

2164 4382 2358 4438 stilitas
2411 4382 2606 4446 intulit,
2671 4381 2956 4450 unicuique
2998 4382 3050 4436 id
3094 4383 3238 4452 quod
3276 4384 3513 4453 legitime
3561 4387 3760 4442 habuit

2164 4474 2526 4533 relermetur.
2576 4472 2830 4541 omnique
2876 4473 3054 4528 studio
3121 4475 3514 4542 procurandum
3561 4483 3646 4531 est
3695 4486 3757 4532 ut

2085 4557 2134 4615 D
2161 4564 2384 4633 recipiat
2408 4564 2768 4632 unusquisque
2793 4562 2941 4633 quod
2970 4568 3241 4635 pr0prium
3270 4575 3371 4621 est.

2164 4702 2313 4768 Quod
2340 4720 2442 4757 non
2467 4705 2708 4775 probetur
2731 4720 2840 4757 esse
2861 4707 3154 4777 culpabilis,
3177 4708 3261 4777 qui
3290 4722 3500 4761 uxorem
3524 4708 3667 4777 rupti
3694 4708 3751 4762 in

2482 4777 2811 4828 matrimonio
2840 4776 3038 4829 videtur
3066 4793 3173 4829 esse
3190 4776 3423 4831 sortitus.

2231 4882 2406 4941 XLIII.
2440 4884 2547 4941 Nec
2580 4898 2755 4940 tamen
2786 4888 3064 4956 culpabilis
3085 4888 3371 4956 judicetur,
3402 4901 3457 4945 et
3486 4899 3751 4960 tanquam

2158 4975 2317 5030 alieni
2362 4976 2499 5046 juris
2540 4992 2796 5046 pervasor
2833 4978 3110 5045 habeatur,
3155 4980 3246 5049 qui
3295 4995 3576 5050 personam
3626 4986 3749 5051 ejus

2159 5070 2361 5135 mariti,
2390 5070 2481 5141 qui
2501 5069 2610 5137 jam
2641 5086 2746 5125 non
2792 5085 2909 5125 esse
2949 5070 3376 5135 existimabatur,
3428 5078 3746 5144 assumpsit.

2157 5159 2249 5216 Sic
2276 5161 2417 5215 enim
2460 5161 2628 5215 multa
2655 5177 2771 5231 qua:
2799 5162 2863 5215 ad
2893 5176 2989 5217 eos
3038 5165 3127 5231 qui
3159 5164 3215 5217 in
3242 5163 3603 5233 captivitatem
3632 5164 3748 5218 da-

2157 5252 2230 5307 cti
2258 5261 2384 5305 sunt
2409 5252 2765 5321 pertinebant,
2818 5252 2869 5305 in
2895 5251 2993 5320 jus-
3026 5252 3257 5307 alienum
3289 5255 3514 5307 transire
3538 5265 3746 5323 potue-

2157 5350 2303 5403 runt,
2334 5349 2387 5395 ct
2411 5349 2590 5393 tamen
2618 5340 2833 5408 plenum
2854 5339 3072 5408 justitim
3100 5350 3184 5395 est
3228 5352 3283 5395 ut
3332 5342 3518 5398 iisdem
3550 5358 3747 5397 rever-

2157 5431 2230 5485 sis
2278 5431 2493 5500 propria
2522 5430 3067 5496 rel'ormentur.Quod
3096 5434 3141 5485 si
3169 5433 3219 5486 in
3251 5433 3526 5502 mancipiis
3571 5433 3648 5490 vel
3685 5434 3744 5488 in

2149 5522 2311 5588 agris,
2344 5529 2437 5574 aut
2462 5520 2622 5574 etiam
2671 5520 2721 5573 in
2751 5520 2998 5575 domibus
3047 5537 3108 5576 ac
3163 5524 3587 5591 possessionibus
3629 5525 3744 5579 rite

2149 5618 2419 5673 servatur,
2468 5620 2669 5677 quanto
2696 5610 2863 5677 magis
2891 5610 2942 5663 in
2987 5612 3354 5680 conjugiorum
3395 5613 3741 5680 redintegra-

2153 5705 2297 5757 tione
2326 5702 2624 5757 faciendum
2650 5710 2749 5766 est,
2777 5710 2833 5756 ut
2858 5704 3002 5770 quod
3034 5702 3226 5757 bellica
3258 5705 3582 5760 necessitate
3609 5711 3740 5759 tur-

2152 5796 2333 5853 batum
2358 5803 2440 5850 est
2467 5793 2614 5867 pacis
2634 5795 2870 5850 remedio
2895 5794 3247 5851 reformcturl
3734 5782 3757 5791 ’⁷
