3976 6196
282 336 391 395 297

1323 333 1695 393 CULLECTIO
1732 334 2193 391 DECRE’I'ORUM
2236 331 2337 389 PP.
2384 336 2498 390 th.

3451 336 3556 390 193

283 445 354 503 Ut
382 451 430 503 si
464 450 560 503 viri
589 447 653 504 de
680 444 977 519 captivitate
1017 446 1687 519 regressi,intemperantia
1731 461 1869 519 uao-
1904 448 1949 507 Λ
1978 452 2256 513 ceperunt,
2311 460 2434 500 cum
2480 444 2737 515 baptizati
2784 454 2940 501 antea
2987 462 3092 501 non
3138 445 3394 514 fuissent,
3439 448 3557 502 sola

347 536 464 574 rum
493 520 678 587 επινιδί
709 517 813 573 non
845 521 1038 588 fuerint
1057 517 1090 583 ,⁷
1109 527 1158 588 et
1195 518 1447 588 voluerint
1474 532 1563 569 eas
1596 518 1651 568 in
1680 517 1865 585 conju-

350 592 493 661 giunt
518 586 764 659 recipere,
797 586 1011 642 liberam
1040 587 1263 640 habeant
1290 586 1610 656 facultatem.

352 696 533 751 XLIV.
563 694 630 749 Et
656 696 778 749 ideo
806 696 853 750 si
885 696 981 749 viri
1008 703 1131 765 post
1158 696 1372 763 longam
1397 696 1762 765 captivitatem
1783 710 1870 750 re-

282 788 421 841 versi
448 787 521 839 ita
553 786 605 839 in
633 786 924 840 dilectione
950 801 1163 839 suarum
1186 785 1471 853 coniugum
1502 792 1864 855 perseverent,

280 887 338 930 ut
367 892 460 930 eas
485 876 708 945 cupiant
751 876 803 928 in
847 891 1002 930 suum
1029 876 1206 930 redire
1234 876 1584 940 consortium,
1616 876 1869 929 omitten-

277 968 404 1022 dum
431 974 536 1028 est,
571 974 626 1019 et
651 965 975 1034 inculpabile
998 965 1364 1033 iudicandum,
1397 963 1542 1032 quod
1577 965 1867 1019 necessitas

275 1058 477 1121 intulit,
511 1065 569 1111 et
597 1056 985 1111 restituendum
1014 1064 1097 1110 est
1124 1056 1267 1124 quod
1290 1055 1421 1109 ﬁdes
1449 1056 1640 1125 poscit.

274 1170 345 1248 Ut
368 1170 683 1248 si_mulieres
713 1167 782 1248 ad
812 1168 1009 1248 priores
1038 1167 1250 1220 maritos
1265 1165 1452 1247 .redire
1469 1166 1748 1248 noluerint,
1782 1180 1887 1217 vc-.

312 1242 390 1294 (ut
418 1238 618 1308 impiaa,
643 1235 991 1290 ecclesiastica
1020 1236 1375 1290 communione
1402 1235 1666 1299 privantia:
1685 1238 1811 1287 sint.

341 1349 504 1403 XLV.
540 1349 601 1404 Si
642 1357 822 1403 autem
870 1349 1061 1418 aliqua:
1098 1348 1348 1403 mulieres
1393 1348 1467 1401 ita
1506 1346 1866 1416 posteriorum

268 1441 514 1495 virorum
545 1455 732 1494 amore
761 1446 885 1494 sunt
922 1447 1112 1509 captae,
1160 1446 1218 1492 ut
1248 1438 1435 1492 malint
1462 1438 1544 1492 his
1571 1437 1863 1503 cohaerere,

270 1547 437 1601 quam
463 1530 532 1585 ad
562 1530 853 1599 legitimum
900 1531 1078 1585 redire
1106 1530 1455 1595 consortium,
1504 1529 1697 1583 merito
1740 1534 1866 1582 sunt

270 1621 566 1685 notandus,
632 1621 704 1675 ita
751 1630 807 1675 ut
852 1621 1012 1676 etiam
1063 1620 1425 1675 ecclesiastica
1490 1618 1865 1674 communione

270 1715 577 1784 priventur,
631 1728 753 1782 qum
798 1712 865 1767 de
913 1727 973 1766 re
1016 1711 1309 1766 excusabili
1355 1710 1863 1765 contaminationem

1971 535 2142 588 sancti
2159 535 2389 603 Spiritus
2412 537 2750 592 invocatibue
2772 553 2867 608 per
2884 539 3279 608 impositionem
3303 554 3556 596 manuum

1970 626 2319 681 conﬁrmandi
2348 636 2489 693 sunt,
2522 629 2645 698 quia
2677 629 2903 683 formam
2929 638 3135 684 tantum
3165 630 3419 699 baptismi
3440 632 3559 685 sine

1966 717 2405 772 sanctiﬁcationis
2424 720 2619 773 virtute
2641 728 3004 789 sumpserunt.
3046 719 3113 773 Et
3134 721 3271 773 hanc
3290 720 3552 787 regulam,

1968 815 2025 860 ut
2046 808 2207 871 scitis,
2226 808 2542 862 servandam
2573 810 2624 863 in
2650 811 2895 864 omnibus
2911 810 3163 865 Ecclesiis
3183 811 3556 879 prmdicamus,

1967 905 2027 950 ut
2056 898 2329 953 lavacrum
2368 901 2534 955 semel
2578 900 2765 954 initum
2795 902 2941 955 nulla
2989 902 3273 956 iteratione
3302 902 3556 966 violetur,

1966 987 2178 1042 dicente
2207 988 2466 1058 Apostolo
2509 1008 2521 1043 :
2567 989 2714 1046 Unus
2743 992 2901 1059 Deus,
2933 1008 3039 1046 una
3072 993 3223 1059 ﬁdes,
3252 1007 3415 1047 unum
3454 994 3555 1048 ba-

1966 1076 2161 1146 ptisma
2193 1078 2409 1148 (Ep/tes.
2445 1081 2541 1149 Iv),
2574 1079 2726 1148 cujus
2755 1081 2958 1135 ablutio
2989 1082 3132 1135 nulla
3163 1082 3446 1136 iteratione
3476 1091 3556 1137 tc-

1967 1168 2221 1221 meranda
2250 1177 2352 1233 est,
2386 1170 2497 1234 sed,
2532 1178 2590 1223 ut
2614 1171 2863 1236 diximus,
2908 1172 3022 1226 sola
3050 1172 3403 1226 sanctiﬁcatio
3429 1171 3554 1241 Spi-

1968 1257 2104 1311 ritus
2147 1258 2318 1312 sancti
2372 1257 2668 1313 invocanda
2718 1269 2839 1325 est,
2888 1268 2947 1313 ut
2981 1260 3125 1328 quod
3174 1261 3241 1315 ab
3290 1261 3555 1316 hmreticis

1968 1362 2128 1402 nemo
2158 1348 2373 1417 accipit,
2406 1363 2436 1402 a
2475 1350 2755 1405 catholicis
2777 1351 3142 1406 sacerdotibus
3173 1362 3550 1420 consequatur.

1968 1433 2118 1490 Hanc
2145 1446 2323 1490 autem
2345 1438 2625 1506 epistolam
2677 1449 2937 1506 nostram,
2983 1456 3145 1510 quam
3176 1442 3242 1495 ad
3281 1444 3553 1497 consulta-

1968 1525 2170 1581 tionem
2200 1535 2301 1581 tua:
2325 1527 2675 1583 fraternitatis
2700 1531 2991 1597 emisimus,
3028 1532 3095 1586 ad
3124 1546 3312 1587 omnes
3340 1532 3552 1599 [τίκτω.

1968 1623 2024 1670 et
2050 1618 2527 1686 comprovinciales
2560 1630 2677 1675 tuos
2721 1622 3006 1691 episcopos
3054 1623 3221 1678 facias
3248 1626 3551 1693 pervenire,

1968 1715 2027 1760 ut
2056 1708 2293 1761 omnium
2323 1709 2677 1764 observantia:
2719 1711 2839 1764 data
2870 1715 3039 1782 prosit
3068 1716 3376 1770 auctoritas.
3420 1715 3552 1772 Data

271 1805 520 1860 criminis
544 1804 842 1873 elegerunt,
875 1804 1221 1858 ostendentes
1267 1803 1482 1856 sibimet
1512 1817 1609 1870 pro
1657 1816 1751 1855 sua
1783 1801 1862 1854 in-
1897 1805 1940 1864 Β
1968 1795 2035 1848 12
2063 1797 2164 1851 cal.
2196 1798 2475 1867 Aprilium,
2507 1816 2656 1855 cons.
2687 1800 2978 1870 Majoriano
3009 1804 3267 1872 Augusto.

274 1894 613 1950 Continentia
658 1894 952 1963 placuisse,
994 1892 1139 1962 quod
1168 1891 1312 1961 justa
1360 1891 1604 1946 remissio
1652 1884 1863 1960 poterat

271 1984 517 2053 expiare.
566 1982 810 2038 Redeant
839 1997 968 2051 ergo
1016 1982 1069 2036 in
1115 1997 1269 2038 suum
1318 1989 1513 2035 statum
1564 1980 1862 2034 voluntaria

269 2074 731 2142 redintegratione
754 2072 1026 2140 conjugis,
1051 2087 1225 2140 neque
1248 2072 1357 2125 ullo
1385 2070 1546 2125 modo
1570 2070 1633 2123 ad
1663 2084 1860 2138 oppro-

270 2165 449 2219 brium
480 2165 634 2218 make
680 2164 971 2217 voluntatis
1021 2164 1279 2229 trahatur,
1320 2163 1462 2233 quod
1500 2162 1736 2218 conditio
1768 2176 1862 2215 ne-

270 2256 544 2311 cessitatis
574 2256 979 2325 extorsitzquia
1007 2255 1144 2308 sicut
1196 2255 1276 2308 hac
1323 2255 1594 2319 mulieres,
1640 2268 1757 2321 quae
1786 2269 1864 2307 re~

270 2347 411 2401 verti
442 2346 510 2399 ad
538 2346 684 2400 viros
720 2359 847 2399 suos
876 2343 1166 2406 uoluerint,
1213 2344 1387 2413 impia:
1430 2353 1553 2398 sunt
1581 2342 1855 2408 habendae,

271 2434 348 2488 ita
380 2435 502 2498 illas,
534 2448 654 2502 qua:
683 2434 735 2487 in
766 2432 1018 2487 affectum
1040 2448 1107 2486 ex
1132 2431 1243 2487 Deo
1267 2433 1454 2486 initum
1480 2433 1721 2497 redeunt,
1748 2447 1861 2486 me-

271 2526 382 2583 rito
411 2536 538 2581 sunt
562 2525 861 2580 laudandae.

269 2636 507 2705 Captivis
536 2645 624 2689 aut
652 2652 845 2700 errore,
895 2644 983 2687 aut
1027 2635 1185 2704 fame,
1228 2652 1329 2688 non
1360 2636 1681 2705 veneratione
1721 2633 1860 2705 cibos

303 2704 664 2762 immolatitios
684 2707 833 2759 edere
855 2705 1127 2775 compulsis
1151 2705 1448 2774 pamitentia
1476 2704 1820 2757 concedenda.

346 2815 530 2871 XLVI.
563 2816 637 2870 De
662 2816 745 2870 his
767 2824 943 2870 autem
982 2814 1321 2879 Christianis,
1365 2815 1455 2883 qui
1496 2815 1635 2868 inter
1681 2830 1794 2880 eos,
1827 2831 1858 2871 a

269 2910 469 2980 quibus
508 2907 717 2961 fuerant
742 2908 1015 2977 captivati,
1066 2905 1417 2961 immolatitiis
1452 2906 1583 2961 cibis
1612 2921 1860 2962 asserun-

270 3008 366 3053 tur
387 3014 506 3053 esse
528 2998 739 3066 polluti,
754 2996 1135 3051 consultationi
1157 2996 1436 3049 charitatis
1455 3004 1556 3048 tuae
1576 2995 1677 3050 hoc
1699 2997 1858 3049 etiam

270 3088 707 3159 respondendum
742 3103 861 3143 esse
887 3087 1227 3152 credidimus,
1274 3096 1329 3141 ut
1357 3086 1683 3156 paenitentiae
1709 3087 1861 3141 satis-

271 3155 511 3235 factione
537 3189 851 3249 purgentur,
892 3193 1009 3247 qua:
1038 3193 1144 3232 non
1196 3186 1300 3231 tam
1343 3155 1595 3246 temporis
1624 3177 1856 3245 longilu-
1886 3155 1931 3215 Ο

271 3269 424 3334 dine,
475 3286 635 3339 quam
676 3269 853 3324 cordis
897 3269 1312 3338 compunctione
1359 3266 1631 3337 pensanda
1659 3276 1757 3321 est.
1791 3266 1858 3321 Et

271 3360 391 3415 sive
419 3359 523 3413 hoc
561 3374 713 3412 error
741 3358 1044 3422 extorserit,
1088 3357 1200 3411 sive
1244 3356 1410 3411 fames
1455 3356 1702 3421 suaserit,
1750 3372 1857 3410 non

272 3449 548 3503 dubitetnr
567 3448 909 3513 abolendum,
927 3463 1047 3501 cum
1073 3446 1375 3515 huiusmodi
1398 3448 1547 3501 cibus
1571 3463 1667 3516 pro
1691 3431 1853 3511 metu,

272 3544 369 3591 aut
414 3535 733 3605 indigentia,
781 3548 889 3589 non
940 3548 1039 3604 pro
1086 3533 1355 3602 religionis
1401 3534 1743 3589 veneratione
1789 3536 1859 3589 sit

274 3635 541 3698 sumptus.

275 3737 428 3802 Quod
458 3739 529 3802 hi,
558 3737 645 3807 qui
672 3738 741 3790 ad
767 3738 1088 3791 iterationem
1118 3735 1356 3805 baptismi
1384 3736 1461 3791 vel
1488 3735 1555 3804 ri,
1578 3738 1655 3790 rel
1680 3740 1858 3793 timore

345 3810 511 3862 coacti
532 3810 730 3861 animos
751 3808 1084 3870 inclinarunt,
1110 3808 1418 3876 pmnitentiw
1437 3809 1539 3860 sint
1560 3807 1857 3862 sublevandi

346 3880 568 3931 remedio
592 3879 721 3949 :“ita
754 3886 810 3929 ut
842 3877 1020 3929 senilis
1057 3878 1241 3939 aetatis,
1280 3878 1855 3949 parvulorumrquoque,

343 3956 392 4000 et
412 3946 797 4016 aegritudinum,
822 3954 1217 4016 cwterarumque
1237 3947 1590 3999 necessitatum
1610 3946 1859 4000 habeatur

344 4017 568 4070 sollicita
596 4016 1006 4069 consideratione
1025 4024 1299 4085 respectus.
1764 4023 1766 4027 '

344 4129 549 4184 XLVII.
582 4129 647 4183 Ili
676 4143 825 4193 vero,
875 4128 943 4184 de
978 4130 1170 4198 quibus
1217 4128 1464 4184 similiter
1504 4127 1723 4183 dilectio
1768 4134 1858 4181 tua

271 4235 376 4275 nos
413 4218 640 4273 credidit
663 4218 1056 4283 consulendos,
1106 4218 1194 4288 qui
1237 4218 1303 4271 ad
1340 4218 1642 4272 iterandum
1683 4217 1858 4286 bapti-

275 4326 457 4367 smum
484 4309 568 4365 vel
596 4318 742 4364 metu
779 4310 974 4375 coacti,
1022 4308 1106 4363 vel
1142 4322 1327 4363 errore
1354 4307 1582 4362 traducti
1609 4314 1755 4373 sunt,
1803 4313 1860 4359 et

270 4418 417 4459 nunc
448 4418 507 4458 se
534 4410 720 4458 contra
765 4402 1041 4457 catholica
1086 4400 1207 4456 fidei
1254 4408 1646 4455 sacramentum
1685 4399 1859 4467 egisse

269 4504 624 4564 cognoscunt,
674 4509 739 4549 ea
786 4502 868 4549 est
895 4493 1243 4548 custodienda
1284 4491 1605 4556 moderatio,
1654 4506 1758 4559 qua
1802 4492 1855 4571 in
1888 4521 1934 4578 υ

268 4588 584 4643 societatem
632 4593 869 4641 nostram
916 4600 1023 4638 non
1052 4583 1155 4638 nisi
1199 4597 1297 4653 per
1322 4581 1650 4651 pmnitentire
1682 4595 1856 4635 reme-

268 4678 439 4739 dium,
473 4683 527 4730 et
554 4690 649 4744 per
681 4675 1076 4744 impositionem
1104 4672 1424 4743 episcopalis
1451 4686 1663 4735 manus,
1705 4686 1856 4725 com-

266 4766 543 4820 munionis
571 4765 832 4834 recipiant
858 4765 1137 4818 unitatem.
1183 4764 1447 4833 Tempora
1482 4761 1852 4832 paenitudinis,

266 4856 455 4909 habita
484 4854 870 4918 moderatione,
905 4863 1001 4909 tuo
1044 4854 1419 4909 constituenda
1445 4852 1669 4921 judicio,
1697 4861 1856 4922 prout

262 4958 653 4999 conversorum
684 4946 892 5000 animos
921 4945 1220 5014 inspexeris
1249 4958 1369 4999 esse
1412 4942 1662 5008 devotos,
1712 4944 1854 5012 pari-

264 5042 465 5102 terque
492 5034 653 5089 etiam
680 5035 938 5090 habentes
963 5036 1137 5090 aetatis
1163 5034 1346 5089 senilis
1375 5034 1646 5095 intuitum,
1678 5042 1734 5087 et
1761 5047 1856 5101 pe-

265 5124 559 5178 riculorum
587 5139 942 5193 quorumque,
993 5132 1087 5177 aut
1112 5122 1481 5190 aegritudinum
1510 5122 1856 5191 respicientes

267 5215 644 5271 necessitates.
688 5214 747 5269 In
789 5214 981 5284 quibus
1006 5215 1051 5269 si
1077 5215 1195 5283 quis
1221 5214 1293 5267 ita
1320 5213 1555 5281 graviter
1582 5221 1852 5279 urgeatur,

267 5312 335 5360 nt
360 5307 486 5359 dum
511 5304 686 5360 adhuc
714 5306 955 5374 panitet,
1004 5306 1072 5358 de
1099 5304 1273 5358 salute
1314 5302 1480 5372 ipsius
1519 5300 1852 5369 desperetur,

267 5405 490 5469 oportet
528 5397 577 5452 ei
605 5413 705 5469 per
743 5396 1130 5452 sacerdotalem
1173 5395 1587 5451 sollicitudinem
1617 5408 1857 5447 commu-

268 5491 453 5546 nionis
480 5490 649 5559 gratia
678 5489 970 5544 subveniri.

268 5600 347 5656 Ut
374 5602 444 5666 Iri,
471 5602 557 5673 qui
584 5602 647 5655 ab
675 5601 924 5673 hmreticis
952 5600 1200 5673 baptizati
1227 5610 1365 5667 sunt,
1396 5602 1506 5655 sola
1535 5604 1701 5655 sancti
1734 5602 1855 5673 Spi-

670 5672 801 5725 ritus
828 5672 1149 5725 invocatione
1176 5672 1470 5739 ﬁrmentur.

345 5758 571 5815 XLVIII.
612 5756 761 5813 Nam
791 5761 866 5822 bi,
911 5760 1001 5829 qui
1029 5759 1349 5830 baptismum
1379 5761 1446 5815 ab
1474 5762 1734 5817 haereticis
1764 5776 1855 5816 ac-

560 5855 827 5912 ΡΑτιιοι.
876 5850 1125 5914 LXVII.

1964 1885 2031 1940 In
2057 1888 2479 1966 causanLupicini
2510 1892 2735 1966 episcopi
2763 1891 2883 1966 _Leo
2909 1894 3159 1966 universis
3186 1895 3436 1964 episcopis
3462 1911 3550 1966 per

2198 1957 2568 2012 Ctesariensem
2597 1957 2974 2015 Mauritaniam
2999 1957 3308 2018 constitutis.

2033 2045 2217 2099 XLIX.
2266 2046 2402 2101 Cum
2448 2049 2516 2102 de
2564 2051 2991 2106 ordinationibus
3038 2054 3377 2109 sacerdotum
3405 2070 3550 2124 qua:-

1961 2136 2084 2191 dam
2114 2137 2255 2206 apud
2294 2154 2389 2193 vos
2411 2139 2594 2194 illicite
2624 2148 2875 2209 usurpata
2900 2142 3140 2196 crebrior
3163 2144 3229 2196 ad
3252 2159 3352 2198 nos
3389 2160 3543 2199 com-

1962 2228 2257 2281 meantium
2286 2243 2463 2283 sermo
2495 2229 2779 2298 perferret,
2830 2231 2970 2284 ratio
3002 2232 3217 2299 pietatis
3260 2234 3460 2301 exegit,
3492 2244 3549 2289 ut

1961 2332 2061 2387 pro
2089 2317 2446 2373 sollicitudine
2477 2320 2657 2389 (quam
2687 2320 2948 2376 universa:
2982 2320 3233 2377 Ecclesia:
3273 2338 3338 2378 ex
3368 2325 3549 2381 divina

1961 2408 2297 2463 institutione
2338 2410 2723 2481 dependimus)
2779 2428 2958 2466 rerum
3004 2413 3161 2468 ﬁdem
3207 2415 3549 2474 studeremus

1960 2511 2275 2565 agnoscere,
2326 2499 2499 2554 vicem
2543 2515 2684 2554 cura:
2721 2510 2919 2556 nostra:
2949 2501 3307 2569 proﬁciscenti
3334 2520 3364 2558 a
3392 2507 3548 2562 nobis

1961 2586 2220 2642 confratri
2247 2596 2304 2642 et
2330 2590 2701 2644 consacerdoti
2731 2598 2916 2646 nostro
2939 2589 3190 2647 Potentio
3212 2594 3544 2663 delegautes,

1960 2678 2051 2746 qui
2079 2679 2370 2734 secundum
2396 2681 2615 2751 scripta,
2660 2696 2777 2750 qua:
2806 2698 2902 2752 per
2930 2684 3103 2753 ipsum
3130 2685 3197 2738 ad
3224 2701 3322 2740 vos
3348 2687 3546 2742 direxi-

1961 2784 2100 2834 mus,
2130 2769 2198 2823 de
2221 2771 2506 2842 episcopis,
2554 2787 2784 2840 quorum
2829 2774 3108 2843 culpabilis
3136 2774 3405 2831 ferebatur
3424 2779 3545 2833 ele-

1961 2858 2092 2924 ctio,
2122 2859 2249 2926 quid
2280 2860 2477 2914 veritas
2501 2859 2747 2930 haberet,
2776 2863 3089 2931 inquireret,
3143 2865 3404 2935 nobisque
3426 2884 3545 2921 om-

1962 2950 2050 3003 nia
2081 2948 2311 3005 ﬁdeliter
2360 2951 2647 3007 indicaret.
2696 2952 2848 3009 Unde
2893 2956 3019 3025 quia
3062 2955 3201 3011 idem
3242 2958 3547 3027 plenissime

1964 3040 2167 3093 notitia:
2189 3050 2386 3094 nostra:
2406 3052 2595 3095 cuncta
2626 3044 2902 3104 reseravit,
2936 3053 2991 3099 et
3010 3047 3109 3101 sub
3134 3048 3348 3115 quibus,
3375 3050 3547 3118 quali-

1963 3128 2169 3198 busque
2198 3132 2495 3187 rectoribus
2524 3134 2765 3201 quaedam
2784 3135 2981 3191 Christi
3007 3138 3191 3207 plebes
3220 3140 3274 3199 in
3304 3143 3545 3211 partibus

1960 3221 2249 3289 provinciae
2272 3221 2622 3279 Caesariensis
2662 3225 2980 3293 habeantur,
3027 3229 3233 3284 sincera
3276 3232 3429 3289 nobis
3458 3248 3545 3287 re-

1958 3310 2160 3365 latione
2184 3311 2457 3381 patefecit,
2489 3316 2849 3371 necessarium
2875 3316 2996 3386 fuit,
3020 3328 3079 3373 ut
3096 3319 3338 3377 dolorem
3366 3324 3543 3378 cordis

1959 3403 2147 3464 nostri,
2179 3417 2286 3470 quo
2314 3417 2410 3471 pro
2431 3403 2820 3460 dominicorum
2843 3422 3065 3476 gregum
3086 3412 3334 3480 periculis
3353 3422 3547 3468 testua-

1959 3505 2097 3556 mus,
2123 3492 2262 3545 datis
2292 3509 2434 3549 nunc
2471 3511 2686 3565 quoque
2724 3498 2792 3552 ad
2820 3499 3162 3556 dilectionem
3191 3513 3421 3559 vestram
3452 3506 3544 3560 lit--

1960 3584 2089 3637 teris
2119 3598 2507 3653 promeremus,
2556 3589 2813 3643 mirantes
2858 3599 3065 3646 tantum
3113 3595 3257 3663 apud
3301 3611 3398 3650 vos
3445 3611 3544 3665 per

1959 3673 2300 3727 occasionem
2333 3676 2589 3744 temporis
2616 3678 2867 3747 impacati
2904 3690 2997 3734 aut
3033 3684 3381 3741 ambientinm
3406 3703 3545 3757 pne-

1958 3764 2340 3833 sumptionem,
2389 3775 2483 3820 aut
2523 3770 2809 3824 tumultum
2838 3773 3067 3828 valuisse
3095 3778 3432 3845 popularem,
3484 3790 3545 3835 ut

1959 3854 2190 3922 indignis
2219 3858 2539 3926 quibusque,
2582 3869 2636 3913 et
2658 3860 2815 3928 longe
2841 3870 2991 3917 extra
3017 3866 3543 3923 sacerdotale'meri-

1961 3952 2074 3998 tum
2120 3947 2425 4001 constitutis
2470 3950 2741 4017 pastorale
2780 3951 3080 4020 fastigium,
3132 3963 3188 4008 et
3228 3958 3543 4023 gubernatio

1960 4034 2215 4091 Ecclesiae
2242 4037 2547 4094 dederetur.
2597 4041 2712 4096 Non
2743 4050 2827 4097 cst
2865 4044 2969 4099 hoc
2998 4048 3280 4104 consulere
3309 4054 3538 4121 populis,

1961 4123 2054 4178 sed
2084 4140 2298 4191 nocere,
2328 4142 2428 4183 nec
2456 4138 2712 4198 praestare
2737 4132 2994 4200 regimen,
3019 4136 3112 4190 sed
3133 4152 3329 4206 augere
3355 4142 3545 4198 discri-

1958 4231 2103 4270 men.
2150 4216 2435 4285 Integritas
2465 4221 2607 4274 enim
2638 4223 3035 4291 praesidentium
3065 4229 3209 4283 salus
3253 4240 3336 4285 est
3363 4234 3545 4288 subdi-

1959 4316 2157 4373 torum,
2184 4318 2239 4361 et
2266 4310 2354 4362 ubi
2383 4317 2467 4364 est
2495 4310 2834 4369 incolumitas
2851 4314 3188 4385 obedientim,
3213 4319 3282 4374 ibi
3306 4336 3435 4375 sana
3464 4333 3546 4378 est

1960 4393 2133 4450 forma
2155 4396 2432 4452 doctrinm.
2467 4398 2804 4469 Principatus
2832 4412 3031 4471 autem,
3059 4421 3218 4476 quem
3239 4419 3331 4464 aut
3350 4413 3545 4469 seditio

1961 4486 2208 4551 contulit,
2241 4495 2334 4540 aut
2360 4488 2592 4544 ambitus
2619 4493 2926 4561 occupavit,
2956 4496 3166 4553 etiamsi
3204 4502 3445 4557 moribus
3473 4513 3548 4561 at-
3624 4510 3629 4515 ’

1962 4592 2068 4645 que
2092 4579 2301 4635 actibus
2330 4596 2435 4635 non
2461 4581 2713 4651 oﬁ‘endat,
2762 4587 2929 4654 ipsius
2960 4598 3139 4646 tamen
3188 4594 3326 4650 initii
3353 4598 3435 4652 sui
3464 4609 3548 4655 est

1962 4669 2296 4737 perniciosus
2324 4674 2592 4741 exemplo,
2625 4685 2681 4730 et
2707 4677 2758 4731 di
2783 4677 2923 4734 ﬁcile
2961 4689 3063 4746 est,
3112 4692 3171 4737 ut
3198 4685 3342 4742 bono
3387 4673 3548 4758 pera-

1962 4767 2155 4826 gantur
2181 4762 2348 4828 exitu,
2364 4778 2482 4831 qua:
2503 4766 2645 4820 malo
2670 4776 2794 4822 sunt
2816 4770 3065 4826 inchoata
3095 4775 3376 4845 principio.
3396 4779 3548 4845 Quod

1962 4850 2005 4903 si
2029 4850 2081 4903 in
2108 4853 2432 4919 quibuslibet
2450 4854 2702 4912 Ecclesia:
2724 4861 2974 4927 gradibus
2995 4866 3357 4933 providenter,
3382 4872 3548 4925 scien-

1965 4948 2153 5010 terque
2182 4946 2475 5001 curandum
2501 4957 2601 5014 est,
2646 4959 2704 5004 ut
2732 4951 2785 5005 in
2809 4951 3020 5007 Domini
3046 4954 3205 5009 domo
3236 4959 3365 5011 nihil
3386 4960 3457 5013 sit
3476 4962 3548 5015 in-

1961 5032 2286 5101 ordinatum,
2316 5036 2555 5106 nihilque
2578 5049 2988 5109 praeposterum,
3013 5053 3214 5110 quanto
3241 5048 3411 5114 magis
3439 5050 3551 5105 cla.

1961 5123 2257 5179 borandum
2274 5136 2375 5191 est,
2391 5131 2517 5183 utin
2532 5131 2796 5187 electione
2811 5134 2946 5200 ejus,
2961 5135 3050 5201 qui
3062 5150 3221 5204 supra
3234 5152 3421 5194 omnes
3435 5154 3544 5209 gra.

1962 5216 2063 5270 dus
2090 5218 2449 5284 constituitur,
2478 5236 2585 5275 non
2606 5225 2853 5278 erretur?
2874 5223 3004 5276 Nam
3029 5228 3193 5280 totius
3216 5225 3428 5284 familia:
3450 5230 3547 5287 Ι)οο

1963 5307 2093 5361 mini
2122 5316 2312 5376 status,
2331 5318 2386 5364 et
2405 5310 2537 5366 ordo
2558 5314 2786 5379 notabit,
2804 5314 2849 5367 si
2878 5315 3021 5382 quod
3044 5318 3331 5388 requiritur
3351 5321 3404 5376 in
3427 5338 3541 5378 eor-

1961 5412 2094 5467 pore
2123 5415 2231 5453 non
2252 5400 2552 5456 inveniatur
2576 5403 2629 5457 in
2659 5405 2853 5473 capite.
2882 5404 2979 5461 Ubi
3003 5417 3085 5464 est
3110 5410 3199 5464 illa
3226 5412 3373 5469 beati
3396 5414 3544 5469 Pauli

1962 5492 2204 5562 Apostoli
2234 5510 2330 5564 per
2376 5497 2618 5565 spiritum
2667 5497 2763 5552 Dei
2810 5500 3002 5556 emissa
3049 5506 3380 5574 praeceptio:
3436 5523 3536 5576 qua

1963 5583 2016 5637 in
2049 5600 2278 5653 persona
2307 5586 2573 5643 Timothei
2594 5590 2830 5645 omnium
2860 5592 3058 5649 Christi
3078 5597 3418 5653 sacerdotum
3449 5616 3539 5653 nu~

1962 5690 2145 5731 merus
2172 5676 2433 5744 eruditur,
2457 5687 2511 5733 et
2536 5680 2823 5750 unicuique
2842 5693 3087 5740 nostrum
3108 5686 3321 5753 dicitur,
3354 5688 3529 5743 Manu1

1963 5766 2073 5822 cito
2094 5768 2295 5824 nemini
2324 5768 2668 5841 imposueris,
2712 5789 2885 5844 neque
2914 5779 3277 5835 communices
3304 5782 3522 5847 peccati:
