3976 6196
429 319 530 374 999

1699 308 2052 363 DIONYSIL‘S
2093 308 2250 364 EXIG
2263 308 2301 363 υ
2313 308 2414 364 L'S.

3593 319 3692 370 300

430 427 619 484 alienis
643 424 734 496 (11
768 426 898 479 Tim.
925 427 1016 495 v)?
1046 424 1184 490 Quid
1212 431 1296 478 est
1333 421 1442 477 cito
1490 435 1679 475 manus
1706 420 2005 490 imponere,
2043 421 2092 480 A
2117 421 2387 490 adjuvant,
2416 437 2576 492 quam
2606 423 2850 492 diligens,
2900 435 2953 480 et
2981 441 3143 494 quam
3185 428 3421 497 prudens
3449 430 3692 490 habenda

431 518 534 574 nisi
561 523 690 572 ante
713 524 926 570 aetatem
956 513 1300 577 maturitatis,
1332 518 1456 566 ante
1483 519 1692 581 tempus
1722 511 2005 576 examinis,

431 616 559 664 ante
587 607 838 664 meritum
861 604 1202 670 obedientizn,
1228 603 1450 667 laboris,
1477 610 1602 656 ante
1621 601 2008 671 experientiam

432 697 724 766 disciplina:
749 694 1139 750 sacerdotalem
1173 693 1437 746 honorem
1468 692 1705 745 tribuere
1732 706 1838 744 non
1879 707 2008 760 pro-

432 788 608 844 batis?
635 787 702 841 Et
729 786 857 855 quid
882 791 964 841 est
984 785 1380 840 communicare
1403 783 1640 851 peccatis
1668 783 1881 850 alienis,
1910 784 2011 838 nisi

432 887 488 933 et
514 877 674 932 talem
723 877 865 931 effici
907 876 1279 941 ordinantem,
1311 875 1487 944 qualis
1517 881 1598 928 est
1630 873 1736 935 ille,
1784 873 1873 942 qui
1903 889 2008 927 non

434 966 630 1022 meruit
655 965 924 1021 ordinari?
946 965 1095 1020 Sicut
1121 965 1263 1020 enim
1295 964 1422 1019 boni
1462 963 1642 1032 operis
1668 963 1768 1017 sibi
1794 978 2012 1032 compa-

434 1064 517 1110 rat
559 1055 812 1120 fructum,
837 1055 930 1125 qui
959 1065 1166 1110 rectum
1193 1061 1345 1109 tenet
1375 1053 1426 1107 in
1460 1053 1705 1120 eligendo
1729 1052 2012 1106 sacerdote

433 1149 692 1218 judicium
720 1166 732 1200 :
760 1148 832 1200 ita
847 1147 995 1216 gravi
1016 1146 1369 1215 semetipsum
1398 1145 1562 1198 allicit
1591 1144 1809 1208 damno,
1837 1143 1928 1211 qui
1960 1143 2011 1196 in

433 1255 590 1296 suum
619 1239 900 1306 collegium
931 1238 1155 1293 assumit
1182 1236 1476 1304 indignum.
1509 1235 1629 1289 Non
1658 1249 1788 1303 ergo
1818 1235 1870 1288 in
1920 1251 2015 1288 cu-

435 1331 683 1400 jusquam
709 1343 942 1398 persona
963 1325 1478 1397 praetermittendum
1511 1334 1622 1387 est,
1657 1324 1798 1394 quod
1828 1325 1879 1378 in
1906 1335 2014 1378 sta-

437 1421 567 1476 tutis
593 1418 932 1487 generalibus
953 1417 1284 1484 continetur,
1312 1431 1414 1470 nec
1435 1416 1703 1483 putandus
1732 1424 1814 1470 est
1843 1417 2016 1469 honor

436 1510 527 1567 ille
554 1509 947 1577 legitimus,qui
969 1507 1129 1562 fuerit
1156 1516 1342 1562 contra
1366 1508 1556 1562 divina:
1587 1507 1718 1574 legis
1749 1513 2013 1575 praecepta

435 1599 680 1655 collatus.
717 1598 936 1653 Dicente
959 1598 1101 1652 enim
1150 1597 1432 1667 Apostolo,
1467 1607 1525 1651 ut
1556 1598 1696 1652 inter
1741 1597 1874 1650 alias
1901 1596 2014 1649 ele-

440 1689 636 1746 ctionis
666 1688 878 1758 regulas
908 1688 952 1742 is
1001 1688 1287 1758 episcopus
1315 1687 1611 1751 ordinetur,
1643 1702 1802 1755 quem
1861 1686 2014 1740 unius

2109 522 2195 567 est
2240 514 2567 589 dispensatio
2613 516 2917 572 divinorum
2947 535 3253 586 munerum,
3289 527 3348 575 et
3394 522 3690 578 caelestium

2112 605 2465 671 dignitatum?
2541 605 2617 660 Ne
2662 608 2713 660 in
2762 609 2944 676 aliquo
2990 611 3281 679 apostolica
3325 620 3380 666 et
3433 615 3691 670 canonica

2113 695 2328 749 decreta
2368 696 2658 761 violentur,
2691 708 2746 753 et
2796 699 2880 753 his
2926 700 3168 756 Ecclesia
3224 704 3431 757 Domini
3462 706 3693 772 regenda

2114 783 2387 848 credatur,
2434 786 2526 853 qui
2573 787 2930 854 legitimarum
2983 791 3378 845 institutionum
3419 795 3606 858 nescii,
3643 806 3696 850 et

2114 873 2279 926 totius
2307 873 2623 928 humilitatis
2647 877 2815 944 ignari
2837 893 2943 931 non
2975 879 3042 932 ab
3073 878 3268 933 inﬁmis
3290 897 3500 937 sumere
3529 884 3697 937 incre-

2114 971 2372 1027 mentum,
2402 964 2497 1019 sed
2525 980 2553 1018 a
2586 966 2808 1020 summis
2855 968 3045 1020 volunt
3096 969 3295 1024 habere
3350 971 3695 1039 principium,

2116 1068 2238 1106 cum
2277 1053 2438 1108 valde
2485 1055 2726 1121 iniquum
2774 1056 2864 1121 sit,
2896 1067 2950 1111 et
2996 1059 3309 1120 absurdum,
3361 1069 3419 1113 ut
3467 1062 3696 1130 imperiti

2115 1145 2404 1212 magistris,
2458 1147 2582 1202 novi
2609 1149 2874 1216 antiquis,
2908 1158 2962 1204 et
2991 1150 3149 1205 rudes
3179 1152 3527 1222 praeferantur
3551 1169 3698 1207 eme-

2114 1236 2248 1289 ritis.
2281 1235 2336 1290 in
2365 1236 2525 1290 domo
2553 1238 2768 1305 quidem
2798 1254 3010 1308 magna.
3042 1243 3184 1296 sicut
3208 1242 3497 1312 Apostolus
3523 1245 3696 1300 disse-

2115 1325 2202 1389 rit,
2229 1341 2451 1381 necesse
2478 1335 2578 1392 est,
2613 1337 2670 1381 ut
2693 1344 2818 1383 vasa
2847 1330 3055 1386 diversa
3085 1332 3212 1395 sint,
3238 1334 3478 1400 quasdam
3510 1335 3694 1396 aurea.

2114 1424 2169 1469 et
2196 1427 2468 1484 argentea,
2500 1420 2740 1488 quardam
2772 1437 2900 1476 vero
2930 1423 3124 1491 lignea,
3156 1433 3210 1478 et
3242 1425 3448 1492 fictilia,
3478 1428 3572 1482 sed
3601 1429 3696 1482 ho-

2114 1523 2232 1560 rum
2259 1508 2612 1566 ministerium
2653 1527 2750 1580 pro
2787 1516 3026 1568 materia:
3054 1516 3312 1585 qualitate
3348 1519 3696 1584 discernitur,

2114 1613 2216 1652 nec
2240 1607 2322 1653 cst
2346 1602 2706 1668 pretiosorum
2739 1604 2878 1657 idem
2910 1621 3062 1669 usus,
3081 1614 3138 1661 et
3164 1607 3368 1661 vilium.
3395 1607 3525 1662 Nam
3559 1609 3694 1664 inor-

2116 1688 2297 1742 dinata
2332 1699 2488 1744 erunt
2524 1693 2724 1756 omnia,
2758 1694 2804 1748 si
2836 1694 3016 1748 fictilia
3046 1697 3244 1760 aureis,
3276 1706 3332 1752 et
3365 1697 3536 1766 lignea
3559 1715 3696 1766 pra:-

438 1779 621 1835 uxoris
648 1779 821 1833 virum
843 1778 1032 1846 fuisse,
1054 1786 1146 1832 aut
1174 1793 1292 1833 esse
1318 1779 1619 1834 consiiterit
1644 1776 1709 1848 (1
1743 1777 1872 1831 Tim.
1910 1773 2010 1844 ιιι),
2051 1800 2090 1856 Β
2117 1776 2359 1832 feruntur
2385 1781 2673 1848 argenteis.
2705 1783 2857 1837 Sicut
2899 1793 3076 1838 autem
3104 1785 3154 1838 in
3184 1785 3393 1852 ligneis,
3435 1795 3489 1841 et
3517 1789 3697 1842 fictili-

439 1877 548 1924 tam
602 1875 813 1924 sacrata
853 1883 1068 1939 semper
1115 1868 1294 1922 habita
1332 1877 1417 1923 est
1462 1869 1562 1924 ista
1599 1869 1902 1937 princeptio,
1959 1878 2014 1921 ut

439 1959 602 2014 etiam
624 1958 692 2014 de
736 1958 960 2013 muliere
1006 1958 1303 2014 sacerdotis
1329 1958 1557 2026 eligendi
1591 1959 1778 2012 eadem
1813 1959 2012 2012 intelli-

437 2055 653 2114 geretur
671 2048 932 2102 servanda
958 2048 1195 2103 conditio
1228 2065 1241 2101 :
1271 2063 1339 2102 ne
1369 2047 1507 2102 forte
1551 2049 1661 2112 illa,
1704 2050 2012 2118 priusquam

437 2140 491 2193 in
513 2139 911 2194 matrimonium
939 2138 1055 2207 ejus
1083 2140 1308 2201 veniret,
1335 2139 1426 2206 qui
1469 2140 1626 2192 aliam
1658 2156 1764 2193 non
1797 2140 2015 2193 habuis-

436 2237 520 2287 set
549 2245 794 2294 uxorem,
824 2229 1046 2285 alterius
1071 2230 1173 2285 viri
1221 2239 1371 2286 esset
1416 2238 1637 2299 experta
1685 2229 2010 2298 conjugium.

435 2321 568 2391 Quis
590 2322 753 2392 igitur
779 2323 1012 2377 tolerare
1037 2323 1255 2390 audeat,
1278 2322 1422 2392 quod
1453 2325 1506 2377 in
1531 2324 1662 2377 tanti
1691 2325 2012 2378 sacramenti

437 2421 782 2484 perpetratur
808 2412 1055 2481 injuriam
1075 2449 1089 2474 ,
1138 2429 1258 2466 cum
1307 2415 1431 2468 huic
1458 2427 1652 2481 magno
1682 2414 2016 2467 venerando-

436 2517 543 2572 que
591 2505 872 2574 mysterio,
906 2518 1005 2558 nec
1031 2504 1225 2558 divinae
1254 2504 1470 2573 quidem
1501 2505 1633 2572 legis
1675 2512 1874 2558 statuta
1922 2505 2017 2558 de-

441 2592 656 2664 fuerint,
684 2593 875 2661 quibus
903 2593 1184 2649 evidenter
1212 2603 1294 2650 est
1331 2593 1630 2657 definitum,
1670 2603 1725 2648 ut
1755 2597 2012 2663 virginem

437 2683 687 2740 sacerdos
711 2684 939 2754 accipiat
967 2699 1191 2739 uxorem
1216 2683 1423 2755 (Levit.,
1448 2702 1570 2751 xxI;
1604 2685 1818 2753 Esca/1.,
1841 2688 2009 2756 xuv),

439 2781 495 2828 et
529 2774 750 2830 alterius
788 2781 962 2829 torum
992 2775 1200 2830 nesciat
1227 2777 1485 2844 conjugis,
1529 2791 1648 2846 quas
1675 2793 1810 2832 uxor
1831 2778 2008 2832 futura

437 2872 520 2917 est
542 2863 1006 2947 sacerdotis?Jam
1037 2873 1147 2918 tum
1169 2866 1311 2920 enim
1344 2865 1395 2920 in
1426 2867 1797 2922 sacerdotibus
1830 2868 2016 2936 figura-

439 2956 596 3009 batur
638 2951 837 3009 Christi
875 2962 930 3008 et
977 2953 1231 3010 Ecclesia:
1277 2957 1516 3026 spiritale
1565 2957 1903 3028 conjugium,
1955 2968 2015 3012 ut

438 3043 690 3113 quoniam
717 3043 799 3098 vir
833 3051 995 3113 caput
1023 3053 1103 3098 est
1131 3045 1389 3110 mulieris,
1419 3046 1590 3100 discat
1631 3061 1824 3116 sponsa
1852 3047 2014 3101 Verbi

2119 1868 2217 1922 bus
2246 1883 2433 1922 eorum
2460 1871 2734 1926 hominum
2760 1874 2968 1942 species
2997 1873 3271 1942 ﬁguratur,
3302 1877 3393 1944 qui
3423 1877 3578 1932 nullis
3598 1877 3696 1930 ad.

2120 1959 2224 2012 huc
2253 1959 2535 2015 virtutibus
2564 1962 2766 2024 nitent,
2815 1964 2885 2016 ita
2937 1964 2990 2017 in
3033 1965 3211 2019 aureis
3239 1977 3294 2019 et
3341 1970 3613 2036 argenteis
3644 1970 3698 2022 lii

2117 2049 2232 2102 sine
2261 2049 2424 2106 dubio
2479 2052 2852 2119 declarantur,
2886 2056 2976 2124 qui
3021 2072 3116 2125 per
3162 2058 3333 2125 longa“:
3383 2059 3700 2116 eruditionis

2118 2137 2317 2204 ignem,
2343 2149 2396 2193 et
2427 2156 2521 2209 per
2550 2142 2821 2197 fornacem
2869 2144 3108 2199 diuturni
3138 2146 3335 2200 laboris
3366 2150 3578 2202 excocti
3604 2165 3701 2202 au-

2116 2244 2233 2281 rum
2263 2231 2570 2298 probatum,
2601 2240 2655 2286 et
2683 2244 2962 2302 argentum
3000 2252 3191 2305 purum
3217 2252 3337 2292 esse
3360 2249 3695 2294 meruerunt.

2117 2317 2319 2383 Quibus
2345 2323 2386 2372 si
2413 2335 2618 2375 merces
2647 2336 2744 2390 pro
2771 2324 3058 2380 devotione
3099 2342 3203 2380 non
3234 2327 3489 2394 redditur,
3521 2332 3701 2384 omnis

2117 2407 2476 2463 ecclesiastica
2507 2409 2789 2479 disciplina
2812 2413 3099 2468 resolvitur
3123 2433 3135 2468 :
3162 2417 3336 2469 omnis
3363 2418 3495 2471 ordo
3520 2418 3701 2472 turba-

2116 2504 2222 2560 tur,
2250 2497 2374 2552 dum
2409 2499 2459 2552 in
2491 2498 2752 2566 Ecclesia,
2783 2505 2873 2570 qui
2915 2504 3116 2557 nullum
3147 2507 3425 2560 subierunt
3453 2508 3700 2563 ministe-

2115 2584 2541 2654 rium,perverso
2566 2588 2875 2656 eligentium
2898 2590 3100 2659 judicio
3127 2593 3421 2648 indebitum
3445 2597 3701 2650 obtinent

2115 2677 2493 2746 principatum.
2525 2678 2656 2734 Cum
2709 2697 2838 2750 ergo
2882 2684 3023 2738 inter
3053 2701 3151 2740 vos
3194 2694 3401 2741 tantum
3431 2687 3702 2744 valuerint

2117 2777 2209 2822 aut
2235 2769 2410 2826 studia
2438 2772 2784 2840 populorum,
2817 2783 2910 2828 aut
2940 2777 3174 2830 ambitus
3203 2779 3555 2848 superborum
3590 2797 3603 2830 :
3641 2791 3703 2834 ut

2116 2873 2222 2911 non
2251 2859 2424 2914 solum
2447 2861 2633 2926 laicos,
2661 2865 2754 2918 sed
2784 2866 2946 2919 etiam
2975 2867 3328 2922 secundarum
3362 2885 3590 2923 uxorum
3616 2872 3702 2924 vi-

2115 2965 2225 3014 ros,
2272 2959 2364 3004 aut
2389 2952 2666 3006 viduarum
2697 2956 2920 3009 maritos
2949 2954 3016 3009 ad
3045 2955 3275 3011 ofﬁcium
3306 2972 3702 3026 cognoscamus

2117 3041 2388 3108 pastorale
2434 3051 2716 3110 provectos
2769 3061 2783 3096 :
2849 3060 3026 3099 nonne
3075 3047 3427 3114 apertissima:
3476 3047 3703 3115 exigunt

439 3149 546 3190 non
575 3134 740 3189 alium
770 3135 942 3189 virum
973 3151 1153 3202 nosse,
1186 3153 1347 3206 quam
1393 3137 1662 3192 Christum
1695 3137 1910 3209 (Ep/tes.
1944 3155 2008 3203 v;

2118 3143 2312 3193 causae,
2345 3137 2400 3182 ut
2451 3129 2702 3185 Ecclesia:
2755 3133 2808 3186 in
2837 3135 3030 3201 quibus
3058 3134 3157 3188 ista
3207 3137 3490 3189 commissa
3546 3145 3703 3202 sunt,

441 3223 467 3278 1
495 3223 615 3279 Cor.
647 3225 747 3295 ιι).
805 3225 904 3292 Qui
927 3228 1123 3281 merito
1148 3242 1306 3280 unam
1346 3228 1526 3297 elegit,
1556 3244 1714 3281 unam
1743 3228 1932 3295 diligit,
1960 3239 2015 3283 et

437 3316 594 3370 aliam
623 3325 819 3385 pmter
846 3318 1016 3386 ipsam
1065 3333 1162 3372 suo
1199 3321 1473 3374 consortio
1521 3335 1628 3372 non
1667 3319 1922 3388 adiungit.
1956 3319 2011 3373 Si

438 3417 568 3473 ergo
590 3403 753 3458 etiam
775 3405 827 3458 in
858 3404 1037 3460 Veteri
1068 3405 1414 3478 Testamento
1452 3408 1566 3462 hzec
1593 3408 2012 3464 sacerdotalium

436 3492 803 3562 conjugiorum
851 3493 1023 3547 forma
1070 3504 1282 3549 servata
1328 3505 1447 3551 est:
1481 3507 1681 3566 quanto
1725 3499 1891 3566 magis
1915 3500 2014 3552 sub

439 3580 716 3653 Evangelii
743 3585 914 3653 gratia
963 3587 1238 3641 constituti
1268 3589 1578 3658 apostolicis
1617 3590 1875 3646 debemus
1903 3607 2015 3645 ser-

437 3673 555 3728 vire
609 3675 935 3744 praeceptis?
966 3673 1034 3729 Ut
1072 3677 1367 3746 quamlibet
1407 3680 1528 3749 quis
1575 3679 1731 3734 bonis
1779 3682 2018 3736 moribus

437 3763 707 3834 pratditus,
733 3773 788 3819 et
817 3767 1016 3820 sanctis
1043 3769 1296 3836 operibus
1327 3769 1627 3824 inveniatur
1650 3781 1889 3836 ornatus,
1924 3790 2018 3828 ne-

437 3867 706 3921 quaquam
731 3862 908 3909 tamea
934 3856 1017 3910 vel
1044 3855 1111 3910 ad
1139 3856 1349 3913 diaconi
1372 3859 1616 3926 gradum,
1653 3861 1737 3914 vel
1775 3862 1842 3915 ad
1866 3877 2016 3931 pres-

437 3943 626 4013 byterii
651 3944 930 4011 honorem,
955 3946 1037 4000 vel
1060 3947 1124 4000 ad
1149 3948 1491 4018 episcopatus
1507 3949 1715 4004 culmen
1740 3953 2013 4006 ascendat:

437 4035 482 4090 si
525 4045 618 4090 aut
656 4038 826 4107 ipsum
874 4055 980 4094 non
1009 4041 1167 4095 unius
1217 4041 1399 4095 uxoris
1428 4042 1618 4106 virum,
1647 4050 1740 4096 aut
1792 4058 2015 4098 uxorem

436 4125 554 4193 ejus
597 4141 704 4180 non
755 4128 911 4181 unius
936 4129 1038 4182 viri
1080 4128 1241 4184 fuisse
1286 4130 1572 4185 claruerit?
1596 4129 1846 4187 Monente
1888 4148 2016 4187 vero

438 4217 718 4286 Apostolo,
745 4225 906 4287 atque
928 4217 1140 4292 dicente
1166 4238 1178 4272 :
1205 4220 1272 4272 Et
1294 4221 1345 4273 hi
1375 4229 1553 4274 autem
1581 4222 1879 4290 probentur
1900 4226 2015 4292 pri-

437 4321 604 4371 mum,
635 4316 691 4362 et
712 4308 791 4362 sic
819 4289 1120 4362 ministrent
1143 4308 1195 4379 (Ι
1228 4309 1362 4362 Tim.
1395 4309 1494 4379 ιιι),
1539 4310 1666 4378 quid
1695 4311 1839 4364 aliud
1861 4289 2019 4366 intel—

437 4395 706 4464 ligendum
748 4407 1019 4466 putamus,
1043 4399 1144 4453 nisi
1174 4408 1230 4453 ut
1256 4401 1307 4452 in
1334 4401 1415 4456 his
1445 4402 1878 4470 provectiouibus
1908 4419 2014 4458 non

437 4485 612 4542 solum
632 4489 1096 4544 matrimoniorum
1117 4493 1506 4553 castimoniam.
1537 4493 1633 4548 sed
1663 4494 1826 4548 etiam
1863 4495 2016 4550 labo—
2047 4513 2090 4568 υ

438 4590 560 4632 rum
588 4578 778 4632 merita
809 4580 1123 4649 cogitemus,
1167 4599 1235 4637 ne
1259 4591 1352 4636 aut
1397 4597 1426 4636 a
1450 4583 1718 4653 baptismo
1765 4586 2012 4651 novellis,

437 4673 531 4722 aut
558 4681 589 4722 a
610 4669 851 4725 saeculari
881 4679 1000 4740 actu
1027 4682 1250 4742 repente
1272 4675 1544 4729 conversis
1574 4673 1811 4730 officium
1841 4685 2019 4745 pasto-

436 4757 554 4814 rale
577 4759 860 4814 credatur?
894 4759 1027 4822 Cum
1053 4778 1150 4832 per
1177 4779 1365 4818 omnes
1394 4765 1591 4832 gradus
1621 4766 1821 4820 militia:
1860 4765 2014 4821 Chri-

437 4849 627 4904 stianae
655 4848 722 4904 de
747 4851 1092 4906 incrementis
1116 4853 1448 4922 profectuum
1479 4854 1709 4909 debeant
1739 4856 2010 4920 aestimari,

437 4957 505 4997 an
555 4944 762 5014 possint
785 4945 1034 5014 cuiquam
1064 4947 1268 5015 majora
1298 4949 1581 5014 committi,
1607 4949 1802 5027 merito
1833 4950 2016 5005 beato-

437 5050 554 5090 rum
583 5033 802 5092 Patrum
827 5038 1161 5094 venerabiles
1202 5040 1526 5105 sanctiones,
1575 5057 1695 5096 cum
1741 5042 1808 5097 de
1839 5057 2017 5098 sacer-

439 5123 626 5180 dotum
656 5130 920 5186 electione
941 5131 1308 5201 loquerentur,
1334 5133 1550 5187 eosdem
1581 5143 1640 5188 ut
1670 5134 1893 5190 idoneos
1923 5151 2010 5189 sa-

438 5214 546 5269 cris
580 5217 1125 5277 administrationibus
1165 5225 1499 5289 censuerint,
1538 5225 1630 5293 qui
1669 5226 1838 5278 multo
1881 5234 2017 5280 tem-

439 5315 574 5373 pore
598 5318 696 5372 per
720 5308 957 5376 singulos
995 5313 1294 5370 officiorum
1325 5314 1522 5381 gradus
1552 5315 1813 5384 provecti,
1845 5331 2010 5385 expe-

438 5390 725 5446 rimentum
753 5397 834 5449 sui
873 5400 1147 5465 probabile
1192 5403 1564 5471 praebuissent,
1615 5413 1676 5457 ut
1728 5403 2014 5470 unicuique

438 5483 806 5540 testimonium
833 5488 957 5542 vita:
984 5507 1092 5546 sum
1112 5503 1324 5548 actuum
1354 5511 1570 5549 suorum
1601 5497 1738 5550 ratio
1767 5495 2016 5564 perhibe-

437 5580 542 5628 ret.
570 5573 627 5630 Si
648 5577 789 5631 enim
821 5578 888 5632 ad
918 5579 1150 5637 honores
1173 5585 1352 5639 mundi
1377 5587 1493 5640 sine
1521 5585 1774 5654 suffragio
1807 5595 2015 5655 tempo-

442 5660 536 5726 ris,
566 5663 682 5719 sine
727 5667 920 5722 merito
944 5666 1145 5724 laboris
1193 5672 1464 5740 indignum
1509 5683 1592 5728 est
1622 5674 1924 5744 pervenire,
1958 5683 2013 5727 et

442 5752 615 5808 notari
641 5755 875 5811 ambitus
895 5757 1087 5823 solent,
1108 5773 1244 5826 quos
1259 5761 1538 5827 probitatis
1556 5764 1875 5821 documenta
1906 5779 2009 5817 non

2111 3217 2311 3286 judicio
2356 3221 2629 3275 severiore
2660 3233 2972 3291 purgentur,
3005 3232 3060 3277 et
3096 3239 3204 3278 non
3254 3225 3427 3278 solum
3474 3225 3527 3278 in
3561 3225 3704 3280 tales

2117 3310 2389 3378 prtesules,
2420 3311 2512 3364 sed
2543 3313 2702 3365 etiam
2738 3313 2788 3366 in
2813 3314 3151 3369 ordinatores
3179 3329 3366 3369 eorum
3391 3315 3522 3368 ultio
3548 3331 3704 3370 com-

2117 3409 2305 3468 petens
2336 3401 2672 3469 proferatur?
2715 3402 2818 3456 Sed
2864 3403 3214 3457 circumstant
3261 3419 3360 3459 nos
3398 3405 3523 3459 hinc
3555 3422 3706 3459 man-

2117 3490 2344 3544 suetudo
2371 3491 2689 3557 clementire,
2722 3493 2847 3547 hinc
2897 3508 3122 3548 censura
3167 3494 3388 3562 justitite
3419 3512 3430 3547 :
3487 3504 3542 3549 et
3571 3497 3704 3564 quia

2119 3580 2381 3635 universa:
2411 3581 2553 3634 sedis
2597 3583 2906 3650 apostolicm
2957 3584 3158 3652 pietate
3206 3583 3582 3652 compellimur
3628 3587 3705 3640 ita

2119 3679 2357 3724 nostram
2391 3680 2692 3741 temperare
2723 3675 3073 3738 sententiam,
3099 3682 3157 3728 ut
3180 3675 3435 3728 trutinato
3458 3675 3706 3743 pondere

2119 3761 2456 3824 delictorum,
2489 3779 2714 3832 quorum
2767 3770 2949 3832 utique
2996 3781 3102 3819 non
3136 3780 3238 3817 una
3295 3781 3544 3819 mensura
3590 3777 3700 3832 est,

2117 3853 2360 3919 quaedam
2382 3853 2662 3908 credamus
2690 3864 2958 3924 utcunque
2975 3855 3271 3921 toleranda,
3297 3857 3542 3924 quaedam
3566 3874 3707 3912 vero

2119 3943 2330 4012 penitus
2374 3946 2717 4013 amputanda.
2751 3944 2858 4000 Eos
2887 3947 3028 4000 enim
3057 3947 3147 4016 qui
3177 3947 3264 4000 vel
3304 3948 3568 4001 secundas
3600 3964 3707 4002 nu-

2119 4033 2259 4102 ptias
2287 4034 2553 4099 inierunt,
2593 4036 2676 4090 vel
2719 4036 2996 4090 viduarum
3027 4045 3084 4091 Se
3122 4035 3370 4105 conjugio
3402 4038 3706 4099 sociarum,

2119 4139 2218 4178 nec
2245 4126 2566 4193 apostolica,
2613 4141 2712 4181 nec
2761 4126 2948 4195 legalis
2995 4128 3290 4180 auctoritas
3337 4126 3708 4180 sacerdotium

2119 4214 2413 4269 obtendere
2437 4216 2717 4284 permittit.
2765 4214 2830 4268 Et
2859 4216 3029 4270 multo
3070 4217 3237 4283 magis
3268 4215 3437 4277 illum,
3466 4216 3510 4268 si
3541 4214 3708 4270 fuerit

2119 4305 2171 4359 in
2223 4315 2400 4360 vestro
2425 4306 2625 4374 judicio
2657 4306 2982 4373 confutatus,
3015 4309 3125 4375 qui,
3158 4309 3300 4362 sicut
3333 4308 3400 4361 ad
3433 4323 3532 4361 nos
3557 4307 3708 4360 rela-

2119 4402 2230 4448 tum
2261 4404 2361 4460 est,
2392 4396 2617 4450 duarum
2645 4396 2804 4450 simul
2844 4407 2927 4450 est
2974 4399 3202 4451 maritus
3232 4412 3481 4462 uxorum,
3524 4397 3609 4449 vel
3640 4397 3708 4450 il-

2119 4488 2227 4541 lum
2257 4489 2348 4556 qui
2371 4488 2438 4542 ab
2467 4505 2636 4543 uxore
2661 4489 2931 4555 dimissus,
2962 4491 3188 4543 alteram
3211 4488 3428 4542 duxisse
3452 4488 3707 4557 perhibe-

2121 4587 2223 4632 tur.
2250 4578 2484 4634 Cmteros
2511 4593 2659 4644 vero,
2691 4595 2923 4648 quorum
2948 4580 3227 4649 pruvectiu
3258 4580 3363 4634 hoc
3389 4587 3597 4632 tantum
3624 4595 3709 4632 re-

2118 4667 2492 4738 prehensionis
2522 4669 2762 4735 incurrit,
2794 4669 2939 4737 quod
2969 4685 3034 4723 ex
3059 4669 3209 4724 laicis
3237 4670 3302 4722 ad
3321 4667 3557 4722 ofﬁcium
3582 4669 3709 4736 epi-

2117 4758 2336 4827 scopale
2355 4758 2551 4813 delecti
2580 4769 2723 4825 sunt,
2757 4775 2930 4827 neque
2953 4775 3021 4814 ex
3049 4759 3172 4822 hoc,
3201 4759 3345 4827 quod
3377 4773 3575 4812 uxores
3607 4759 3710 4811 ιη.

2118 4851 2502 4919 bent,possunt
2527 4866 2646 4906 esse
2667 4852 2980 4921 culpabiles,
3005 4860 3312 4920 susceptum
3341 4850 3710 4906 sacerdotium

2121 4948 2306 4995 tenere
2355 4942 2734 5009 permittimus,
2769 4957 2878 4996 non
2933 4941 3342 5011 prmjudicantes
3389 4940 3713 5008 apostolicae
3779 4951 3785 4958 '

2119 5031 2260 5086 sedis
2287 5032 2527 5099 statutis,
2571 5047 2671 5087 nec
2701 5032 2982 5086 beatorum
3012 5032 3230 5086 Patrum
3269 5031 3479 5100 regulas
3530 5033 3715 5086 resol-

2119 5131 2326 5187 vcntes,
2365 5124 2558 5191 quibus
2608 5123 2895 5178 salubriter
2951 5123 3302 5178 constitutum
3331 5131 3432 5187 est,
3485 5136 3553 5175 ne
3595 5124 3718 5192 pri~

2119 5232 2286 5279 mum,
2315 5225 2406 5268 aut
2432 5215 2746 5280 secundum,
2772 5225 2866 5270 aut
2890 5217 3104 5270 tertium
3136 5216 3189 5269 in
3212 5214 3450 5270 Ecclesia
3477 5214 3717 5280 gradum

2117 5307 2237 5374 quis
2260 5320 2399 5372 luam
2431 5305 2709 5368 laicorum,
2745 5306 3073 5374 quibuslibet
3100 5304 3366 5372 suffragiis
3403 5303 3568 5356 fultus
3620 5317 3718 5356 as~

2119 5395 2334 5460 cendat,
2355 5394 2665 5462 priusquam
2690 5396 2757 5448 ad
2786 5395 2890 5448 hoc
2911 5395 3163 5449 meritum
3183 5409 3278 5463 per
3306 5393 3541 5461 legitima
3573 5406 3716 5459 aug-

2119 5497 2296 5543 menta
2321 5492 2615 5557 perveniat.
2646 5488 2799 5553 Quod
2825 5489 2965 5542 enim
2997 5504 3139 5544 nunc
3167 5496 3441 5556 utcunque
3465 5487 3716 5556 patimur

2117 5594 2236 5635 esse
2263 5579 2489 5643 venialc,
2527 5579 2754 5632 inultum
2798 5579 3145 5648 postmodum
3191 5594 3308 5633 esse
3338 5593 3445 5633 non
3476 5577 3714 5647 poterit,

2117 5673 2159 5726 si
2187 5671 2466 5740 quisquam
2493 5670 2543 5724 id
2568 5669 2711 5739 quod
2745 5671 2967 5726 omnino
3007 5670 3375 5726 interdicimus
3401 5667 3716 5737 usurparit.

2117 5761 2250 5827 Quia
2279 5761 2525 5817 remissio
2547 5760 2752 5828 peccati
2787 5775 2894 5818 non
2913 5760 3006 5816 dat
3035 5760 3310 5819 licentiam
3328 5755 3714 5823 delinquendi,

2428 5888 2469 5906 σε
