3916 6202
225 324 367 400 tot

1273 339 1649 397 COLLECTIO
1690 339 2157 397 oscuuronuu
2199 309 2304 400 pr.
2347 339 2464 398 un.

3418 351 3523 406 362

224 472 410 527 neque
461 453 603 524 quod
631 454 811 525 potuit
858 454 1039 525 aliqua
1069 456 1280 511 ratione
1307 457 1568 524 concedi,
1621 458 1700 510 fas
1731 455 1834 510 erit
1860 460 1912 516 Α
1938 455 2228 525 episcopus
2257 455 2457 512 factum
2485 472 2605 513 esse
2633 468 2883 516 causatus
2913 468 3012 526 est,
3048 467 3105 515 et
3133 460 3527 515 rationabiliivr

226 548 470 619 amplius
497 546 716 615 impune
746 547 1033 602 committi.
1065 546 1201 603 Cum
1247 548 1431 617 itaque
1469 548 1537 603 de
1576 548 1827 604 omnibus

229 637 371 702 fere,
400 652 524 707 quas
575 635 759 691 fratris
786 639 956 693 nostri
984 636 1221 692 Potentii
1270 639 1464 693 relatio
1492 637 1822 696 continebat.

232 730 555 800 plenissime
583 728 926 783 dilectionem
957 738 1194 783 vestram
1243 745 1342 799 per
1383 729 1551 783 David
1606 729 1825 781 fratrent

231 829 289 877 et
316 819 709 889 coepiscopum
764 827 1043 883 nostrum,
1074 819 1165 888 qui
1196 828 1252 873 et
1294 818 1581 874 sacerdotii
1638 817 1831 871 merito

235 913 401 970 nobis
430 922 515 968 est
545 914 823 983 probatus,
872 921 929 967 et
958 912 1201 967 moribus
1228 911 1455 966 videatis
1486 911 1826 973 instructum,

231 990 511 1075 superest,
547 1004 764 1070 fratres,
794 1015 855 1057 ut
880 1003 1219 1058 concorditer
1239 1010 1293 1057 et
1318 1003 1560 1057 salubres
1582 1002 1833 1069 suseipia-

234 1096 309 1151 tis
340 1096 619 1159 hortatus,
644 1104 701 1149 et
746 1095 877 1149 nihil
907 1111 1006 1164 per
1043 1096 1445 1150 contentionem
1476 1103 1714 1164 agentes,
1739 1091 1833 1146 sed

234 1187 305 1242 ad
365 1203 535 1242 omne
585 1188 818 1241 studium
870 1187 1172 1242 devotionis
1215 1188 1494 1241 unanimes
1550 1186 1743 1240 divinis
1781 1196 1836 1241 et

233 1277 563 1347 apostolicis
594 1277 1070 1331 constitutionibus
1097 1278 1353 1346 parcatis,
1386 1286 1440 1331 et
1470 1278 1525 1330 in
1570 1278 1715 1331 nullo
1740 1293 1835 1345 pa-

233 1370 452 1424 tiamini
512 1369 985 1439 providentissima
1034 1385 1302 1424 canonum
1348 1370 1567 1424 decreta
1622 1369 1830 1423 violari.

230 1462 371 1528 Qus
422 1462 570 1516 enim
600 1469 869 1514 certarum
900 1461 1204 1515 remisimus
1232 1460 1665 1515 consideratione
1701 1473 1832 1512 cau-

232 1567 448 1615 sarum,
483 1552 719 1622 antiquis
763 1553 1018 1622 deinceps
1056 1553 1407 1609 custodienda
1459 1559 1586 1606 sunt
1610 1551 1831 1618 regulis,

232 1657 303 1696 ne
334 1641 487 1710 quod
514 1641 584 1695 ad
629 1650 841 1710 tempus
887 1643 975 1711 pia
1005 1642 1227 1696 lenitate
1268 1641 1651 1702 concessimus,
1690 1639 1834 1707 justa

234 1731 611 1800 postulatione
632 1730 951 1799 plectamus,
984 1729 1035 1784 in
1065 1745 1161 1785 eos
1193 1730 1477 1799 specialius
1506 1735 1563 1784 et
1602 1743 1835 1797 propen-

1934 544 2243 615 postulavit,
2270 554 2327 601 ut
2375 548 2419 601 si
2467 548 2708 619 episcopi
2736 565 2923 605 eorum
2951 550 3216 617 locorum,
3256 552 3307 604 in
3331 554 3527 621 quibus

1933 652 2043 691 non
2065 637 2365 693 debuerant
2391 641 2650 707 ordinari,
2673 642 2907 697 humana
2933 643 3245 698 conditione
3275 644 3530 699 decesse-

1933 726 2062 789 rint,
2088 726 2208 782 loca
2260 729 2370 798 ipsa
2421 731 2484 784 ad
2512 731 2599 799 jus
2629 731 2745 800 ejus
2792 733 3047 788 antistitis
3094 735 3341 803 redeant,
3372 736 3533 805 cujus

1934 814 2134 870 fuerint
2179 825 2307 872 ante
2352 820 2572 888 priora:
2606 828 2662 876 et
2690 822 2878 876 inutile
2919 831 3020 890 est,
3081 832 3139 877 ut
3174 826 3538 881 sacerdotali;

1936 904 2167 974 dignitas
2195 908 2593 965 inconsiderata
2622 912 2936 968 ordinandis
2966 913 3222 970 facilitate
3251 917 3521 986 superflua

1938 996 2385 1067 multiplicatione
2407 1002 2696 1055 minuatur.

2013 1086 2086 1141 De
2118 1087 2200 1143 his
2229 1098 2438 1155 autem,
2472 1105 2590 1159 quae
2623 1093 2675 1145 in
2706 1106 2859 1146 sacro
2890 1093 3212 1161 virginitatis
3242 1099 3520 1167 proposito

1939 1178 2243 1232 constitutae
2267 1179 2604 1235 barbaricam
2634 1183 2905 1250 pertulere
2936 1184 3268 1251 violentiam,
3302 1196 3358 1241 et
3378 1188 3459 1241 int
3494 1220 3521 1230 -

1939 1270 2188 1338 gritalem
2212 1271 2432 1340 pudoris
2448 1288 2555 1327 non
2578 1274 2775 1340 animo,
2790 1274 2884 1330 sed
2906 1290 3133 1346 corpore
3155 1279 3518 1346 perdiderunt,

1940 1377 2001 1414 ea
2034 1362 2187 1417 nobis
2211 1363 2424 1418 videtur
2477 1365 2739 1419 servanda
2786 1365 3106 1434 moderatio,
3158 1377 3217 1423 ut
3268 1387 3443 1440 neque
3471 1370 3543 1425 in

1940 1452 2216 1507 viduarqu
2238 1453 2562 1524 dejiciantur
2585 1457 2774 1523 gradu,
2807 1474 2907 1512 nec
2930 1458 2982 1512 in
3011 1474 3304 1527 sacrarum,
3330 1470 3384 1515 et
3410 1477 3524 1531 per-

1938 1545 2301 1599 severantiqu
2330 1546 2600 1613 virginum
2632 1562 2859 1602 numero
2890 1558 3213 1603 censeantur
3239 1568 3251 1602 :
3307 1552 3519 1620 quibus.

1937 1635 1982 1688 si
2014 1634 2066 1688 in
2097 1635 2345 1689 omnibus
2366 1636 2714 1703 virginalibus
2737 1647 3106 1707 perseverant,
3126 1630 3541 1697 etcastimonite'

1938 1723 2265 1779 soliditatem
2296 1736 2476 1781 mente
2522 1729 2849 1796 custodiunt,
2901 1741 3363 1787 sacramentorum
3415 1752 3523 1789 non

233 1827 351 1879 sius
370 1824 772 1891 commovendi,
796 1824 887 1891 qui
918 1824 969 1875 in
994 1820 1263 1890 episcopis
1291 1819 1601 1874 ordinandis
1621 1826 1837 1876 sancto-
1868 1828 1915 1885 Β
1941 1826 2024 1868 est
2049 1816 2293 1883 neganda
2325 1819 2653 1885 communio,
2688 1821 2814 1889 quia
2844 1820 3102 1890 injustum
3125 1832 3209 1878 est
3234 1822 3353 1880 illas
3374 1825 3429 1879 in
3458 1820 3541 1880 cu'

234 1931 359 1971 rum
389 1913 614 1971 Patrum
643 1924 845 1969 statuta
894 1914 1272 1982 neglexerunt,
1323 1918 1378 1965 et
1431 1927 1567 1981 quos
1597 1909 1833 1964 refutare

233 2006 552 2072 debuerint,
583 2004 1041 2061 consecraverint.
1078 2001 1232 2057 Unde
1263 2001 1307 2055 si
1337 2002 1430 2070 qui
1473 2001 1713 2070 episcopi
1740 2006 1835 2053 ta-

234 2093 345 2151 lem
380 2097 819 2151 consecraverint
841 2095 1200 2158 sacerdotem,
1233 2094 1449 2162 qualem
1479 2107 1600 2146 esse
1626 2108 1731 2145 non
1763 2091 1829 2144 li-

233 2197 379 2252 ceat,
403 2187 621 2241 etiamsi
661 2187 843 2257 aliquo
893 2185 1054 2239 modo
1101 2184 1354 2238 damnum
1384 2181 1585 2252 proprii
1614 2182 1833 2236 honoris

232 2278 535 2343 evaserint,
567 2276 922 2332 ordinationis
947 2284 1126 2329 tamen
1162 2274 1251 2342 jus
1273 2274 1498 2327 ulterius
1526 2286 1632 2325 non
1665 2272 1833 2326 habe-

233 2366 389 2428 bunt,
426 2380 531 2419 nec
577 2380 813 2433 unquam
846 2364 894 2417 ei
927 2372 1268 2418 sacramento
1318 2362 1656 2424 intererunt,
1689 2360 1832 2428 quod

235 2455 495 2522 neglecto
525 2453 707 2508 divino
729 2455 934 2521 judicio
983 2454 1252 2508 immerito
1277 2454 1665 2523 praestiterunt.
1696 2448 1833 2505 Illud

233 2560 395 2612 sane,
421 2545 569 2613 quod
599 2545 663 2598 ad
693 2544 1084 2599 sacerdotalem
1126 2544 1360 2613 pertinet
1386 2543 1721 2610 dignitatem,
1747 2541 1831 2594 in-

231 2646 323 2692 ter
349 2636 536 2690 omnia
560 2636 807 2690 volumus
835 2650 1103 2689 canonum
1126 2642 1327 2689 statuta
1350 2635 1553 2690 servari
1586 2652 1599 2687 :
1634 2642 1694 2689 ut
1725 2648 1832 2688 non

230 2729 289 2785 in
320 2727 658 2797 quibuslibet
682 2727 837 2790 locis,
866 2741 1038 2795 neque
1066 2727 1119 2781 in
1141 2726 1548 2797 quibuscunque
1576 2726 1831 2791 castellis,

231 2828 292 2873 et
317 2818 413 2872 ubi
443 2826 571 2872 ante
593 2833 695 2872 non
727 2816 941 2873 fuerunt
968 2819 1227 2888 episcopi,
1253 2827 1638 2874 consecrentur
1671 2837 1683 2871 :
1711 2834 1833 2873 cum

231 2912 333 2965 ubi
386 2910 629 2964 minores
680 2918 808 2963 sunt.
860 2909 1065 2977 plebes,
1121 2910 1467 2977 minoresque
1513 2918 1829 2976 conventus,

233 3002 686 3072 presbyterorum
714 3016 843 3055 cura
882 2999 1135 3065 sufliciat,
1166 2999 1491 3070 episeopalia
1530 3007 1709 3053 autem
1737 3013 1835 3066 gu-

232 3090 536 3146 bernacula
561 3106 667 3145 non
697 3092 797 3146 nisi
827 3091 1122 3160 majoribus
1151 3090 1391 3161 populis,
1424 3098 1478 3144 et
1499 3088 1832 3159 frequentia-

1937 1908 2021 1964 vel
2044 1909 2214 1976 argui,
2241 1911 2327 1963 vel
2350 1912 2546 1975 notari,
2573 1911 2717 1980 quod
2748 1929 2855 1967 non
2903 1914 3154 1969 voluntas
3180 1917 3399 1984 amittit,
3430 1920 3525 1972 sel

1938 1999 2015 2054 vis
2044 2000 2251 2055 hostilis
2273 2001 2486 2071 eripuit.
2520 1999 2747 2057 Causam
2770 2020 2984 2075 quoque
3008 2004 3255 2078 Lupicini
3277 1990 3538 2079 episcoiii‘

1936 2088 2044 2143 illic
2068 2088 2317 2156 jubemus
2338 2092 2533 2158 audiri,
2575 2094 2658 2147 cui
2685 2095 2909 2148 multum
2936 2104 2991 2149 et
3011 2098 3204 2166 saepius
3229 2100 3524 2168 postulanti

1936 2180 2368 2234 communionem
2399 2196 2463 2235 ac
2488 2183 2754 2237 rationem
2799 2184 3089 2250 reddimus,
3119 2189 3374 2255 quoniam
3398 2205 3519 2245 cum

1937 2267 2003 2322 ad
2034 2275 2278 2323 nostrum
2332 2270 2593 2338 judicium
2648 2281 3020 2341 provocasset,
3072 2258 3343 2331 immerito
3397 2292 3520 2331 eum

1936 2361 2201 2431 pendente
2228 2363 2466 2431 negotio,
2499 2379 2530 2417 a
2560 2364 2941 2419 communione
2984 2366 3299 2422 videbamus
3357 2349 3542 2423 fuisse

1936 2466 2276 2520 suspensum.
2307 2452 2598 2530 Adjectum
2620 2454 2782 2508 etiam
2810 2453 2938 2507 illud
2970 2462 3070 2519 est,
3104 2456 3247 2525 quod
3277 2455 3404 2511 huic
3444 2439 3544 2511 te?

1937 2556 2086 2596 mere
2115 2544 2561 2612 superordinatus
2590 2560 2710 2599 esse
2739 2545 3102 2612 cognoscitur,
3147 2549 3238 2616 qui
3269 2564 3375 2603 non
3424 2550 3521 2603 de-

1936 2630 2054 2686 buit
2074 2634 2333 2699 ordinari,
2366 2642 2654 2704 antequam
2706 2633 2995 2705 Lupicinus
3024 2636 3077 2689 in
3105 2637 3354 2705 prtesenti
3378 2622 3541 2708 posi-i

1938 2732 2044 2787 tus,
2090 2731 2183 2778 aut
2211 2723 2535 2789 confutatus,
2563 2732 2655 2777 aut
2681 2732 2829 2779 certe
2859 2722 3137 2779 confessus
3171 2725 3329 2794 justzc
3352 2718 3541 2797 possit:

1936 2814 2215 2882 subjacere
2246 2813 2547 2878 sententiae,
2591 2822 2653 2865 ut
2680 2822 2959 2867 vacantem
3009 2813 3209 2878 locum,
3258 2815 3520 2884 quemad-

1935 2906 2150 2959 modum
2175 2890 2457 2969 disciplina
2487 2904 2851 2958 ecclesiastica
2879 2906 3074 2973 exigit,
3108 2906 3172 2972 is,
3204 2907 3296 2975 qui
3327 2922 3521 2962 conse-

1937 2995 2205 3059 crabatur,
2260 2994 2547 3064 acciperet.
2582 2991 2639 3049 Si
2694 3010 2815 3063 quae
2854 3010 2986 3050 vero
3037 2996 3154 3050 alite
3204 2998 3541 3053 emerserint

1936 3096 2129 3149 causa,
2146 3099 2266 3154 qute
2288 3084 2353 3138 ad
2383 3093 2581 3139 statum
2602 3082 2979 3153 Ecclesiarum,
2999 3094 3053 3141 et
3080 3086 3148 3141 ad
3175 3089 3518 3143 concordiam

232 3182 391 3238 ribus
418 3184 730 3238 civitatibus
777 3191 1029 3253 oporteat
1077 3184 1385 3254 prmsidere,
1418 3198 1487 3238 ne
1534 3184 1677 3251 quod
1706 3198 1834 3238 san.
1858 3195 1901 3254 η
1937 3177 2244 3246 pertineant
2270 3176 2629 3242 sacerdotum,
2657 3177 2766 3231 illic
2789 3176 2888 3231 sub
2913 3178 3106 3233 timore
3130 3177 3337 3232 Domini
3368 3178 3520 3231 volu-

233 3281 456 3327 ctorum
486 3270 701 3327 Patrum
722 3272 977 3329 divinitus
1000 3274 1255 3342 inspirata
1278 3274 1496 3328 decreta
1519 3282 1829 3343 vetuerunt,

235 3363 458 3431 viculis,
487 3372 544 3418 et
592 3364 1023 3433 possessionibus
1069 3364 1152 3417 vel
1183 3363 1453 3426 obscuris,
1482 3371 1537 3417 et
1577 3363 1833 3419 solitariis

238 3456 553 3526 municipiis
579 3456 844 3510 tribuatur
870 3455 1209 3510 sacerdotale
1234 3454 1523 3524 fastigium,
1557 3466 1613 3512 et
1633 3459 1826 3523 honor,

238 3547 329 3600 ωε
359 3547 565 3601 debent
592 3548 973 3601 excellentiora
1004 3546 1286 3610 committi,
1323 3548 1435 3615 ipsa
1464 3548 1544 3601 sui
1579 3564 1831 3602 numero.

241 3637 405 3691 citate
429 3637 672 3693 vilescat.
696 3637 849 3703 Quod
881 3653 1022 3692 nunc
1053 3638 1104 3691 in
1135 3654 1230 3693 sua
1262 3638 1483 3693 dioecesi
1534 3638 1834 3694 Restitutus

1937 3284 2057 3325 mus
2099 3270 2301 3338 judicio
2340 3268 2697 3335 ventilentur,
2727 3278 2782 3324 et
2835 3269 2902 3325 de
2932 3270 3322 3339 componendis
3362 3280 3523 3337 atque

1937 3360 2251 3430 compositis
2278 3360 2528 3415 omnibus
2555 3359 2621 3414 ad
2652 3374 2751 3414 nos
2798 3360 2990 3415 relatio
3020 3361 3177 3430 plena
3225 3360 3470 3414 mittatur
3508 3358 3539 3411 τί

1937 3463 1997 3508 ut
2023 3468 2086 3507 ea
2111 3492 2125 3516 ,
2164 3468 2283 3522 quzc
2306 3453 2459 3521 juxta
2490 3452 2913 3508 ecclesiasticum
2945 3466 3148 3506 morem
3178 3451 3323 3521 juste
3351 3458 3405 3507 et
3426 3460 3539 3505 ra—‘

1937 3544 2268 3599 tionabiliter
2288 3542 2487 3598 fuerint
2506 3542 2745 3607 dellnita,
2798 3550 2981 3598 nostra
3011 3557 3229 3611 quoque
3256 3541 3541 3596 sententia

1936 3636 2283 3691 roborentur.
2315 3634 2449 3688 Data
2488 3650 2538 3688 tv
2561 3632 2639 3687 Id.
2673 3633 2917 3701 Augusti.
3048 3632 3049 3635 “

263 3785 3519 3818 -————————-—-——-——u——-————-—————————————————————————C-
3536 3810 3537 3813 η

1381 3901 1743 3962 DECRETA
1792 3900 2104 3963 GELASll
2149 3897 2399 3959 PAPIE.

252 4129 328 4184 De
350 4128 644 4183 constitutis
673 4126 1032 4245 εεειεεὶαεὲἱεὶδ
1061 4144 1155 4248 iam
1187 4128 1428 4196 temporis
1450 4126 1698 4195 qualitate
1728 4141 1838 4178 mo-

948 4212 1070 4248 erau
1116 4213 1176 4248 ιε.

948 4212 1176 4249 eratcum.

318 4290 359 4345 Ι.
382 4288 633 4345 Gelasius
664 4287 918 4341 fratribus
946 4287 1211 4341 universis
1239 4288 1504 4358 episc0pis
1534 4303 1631 4357 per
1660 4287 1834 4341 Luca-

248 4385 394 4437 niam
447 4390 504 4437 et
528 4381 764 4445 Brutios,
798 4388 853 4433 et
887 4379 1124 4433 Siciliam
1156 4381 1480 4433 constitutis.
1526 4380 1837 4433 Necessaria

249 4470 865 4539 rerumdiSpeusatioue
919 4469 1360 4535 constringimur,
1421 4477 1477 4523 et
1524 4469 1839 4539 apostolica:

249 4563 393 4617 sedis
419 4560 790 4616 moderamine
818 4559 1186 4620 convenimur,
1217 4560 1295 4615 sic
1342 4575 1608 4615 canonum
1654 4569 1837 4630 pater-
1872 4537 1917 4595 υ

246 4669 447 4709 norum
485 4652 705 4707 decreta
734 4651 964 4717 librare,
993 4658 1049 4704 et
1076 4660 1223 4705 retro
1259 4652 1544 4721 prmsulum
1584 4650 1838 4706 decesso-

248 4758 478 4815 rumque
528 4752 840 4798 nostrorum
870 4749 1135 4813 prmcepta
1165 4742 1363 4806 metiri,
1423 4750 1481 4796 ut
1527 4756 1645 4812 quae
1700 4756 1840 4811 pra:-

248 4839 487 4892 sentium
518 4836 814 4891 necessitas
837 4841 1141 4903 temporum
1172 4832 1535 4888 restaurandis
1586 4832 1840 4888 Ecclesiis

246 4924 544 4979 relaxanda
574 4924 838 4994 deposcit,
863 4923 1097 4977 adhibita
1119 4920 1554 4977 consideratione
1574 4923 1837 4991 diligenti,

244 5022 511 5081 quantum
542 5019 726 5082 potest
756 5011 892 5076 fieri,
920 5021 1301 5081 temperemus,
1326 5027 1436 5080 quo
1463 5026 1563 5066 nec
1590 5013 1642 5066 in
1667 5020 1841 5066 totum

246 5102 482 5154 formam
512 5110 756 5155 veterum
797 5100 1075 5157 videamur
1102 5100 1367 5157 excedere
1424 5102 1752 5171 regularum,
1785 5112 1841 5158 et

244 5190 569 5258 reparandis
600 5192 800 5245 militia:
822 5193 1085 5247 clericalis
1106 5192 1318 5260 officiis,
1340 5209 1460 5261 qua:
1489 5209 1585 5264 per
1602 5195 1844 5249 diversas

243 5278 415 5333 Itali:
445 5290 629 5351 partes
654 5282 727 5335 ita
759 5283 881 5337 belli
936 5282 1197 5352 famisque
1224 5286 1558 5354 consumpsit
1585 5286 1839 5350 incursio,

244 5380 312 5425 ut
338 5372 392 5426 in
426 5374 610 5427 multis
637 5371 894 5428 Ecclesiis
923 5376 1080 5443 (sicut
1110 5376 1290 5429 fratris
1315 5384 1368 5431 et
1396 5376 1704 5446 eoepiscopi
1735 5394 1837 5431 no-

237 5463 345 5517 atri
358 5458 610 5524 Joannis,
628 5460 955 5517 Ravennatis
977 5462 1225 5519 Ecclesiae
1241 5466 1553 5529 sacerdotis,
1576 5467 1839 5536 frequenti

241 5549 518 5605 relatione
561 5551 958 5625 comperimus)
995 5570 1378 5625 usquequaque
1406 5554 1692 5611 deficiente
1721 5573 1838 5611 ser-

236 5642 383 5694 vitio
411 5642 806 5706 ministrorum,
839 5644 941 5698 nisi
984 5645 1305 5699 remittendo
1353 5646 1626 5715 paulisper
1671 5648 1840 5702 eccle-

235 5732 484 5785 siasticis
512 5732 945 5801 promotionibus
968 5734 1261 5802 antiquitus
1292 5733 1573 5787 intervalla
1597 5734 1832 5801 praeﬁxa,

239 5833 574 5879 temaztcant
602 5826 738 5893 (sine
752 5827 943 5894 quibus
966 5826 1323 5884 administrari
1357 5826 1646 5894 nemnem)
1674 5827 1842 5883 sacris

1943 4126 2222 4181 ordinibus
2244 4121 2498 4179 Ecclesia:
2537 4118 2774 4176 funditus
2803 4119 3096 4191 destitutae,
3126 4130 3289 4193 atque
3314 4124 3367 4179 in
3407 4125 3527 4198 plu.

1946 4213 2099 4269 rimis
2131 4213 2263 4268 locis
2294 4227 2388 4282 per
2415 4210 2653 4281 inopiam
2697 4212 3057 4280 competentis
3085 4213 3269 4267 auxilii
3296 4215 3531 4271 salutare

1942 4307 2233 4363 subsidium
2290 4304 2722 4361 redimendarum
2775 4303 2913 4357 desit
2968 4303 3288 4369 animarum,
3320 4322 3526 4376 uosque

1944 4414 2139 4467 magno
2170 4408 2345 4466 reatu,
2393 4398 2438 4451 si
2470 4404 2620 4451 tanto
2653 4402 2965 4451 coarctante
2995 4397 3260 4466 periculo,
3289 4414 3395 4455 non
3426 4401 3524 4455 ali-

1946 4501 2210 4560 quatenus
2238 4488 2604 4553 consulemus,
2636 4488 2851 4543 invecti.

1950 4598 2016 4654 Ut
2038 4600 2125 4653 ubi
2154 4599 2297 4653 nulla
2325 4606 2562 4667 perurget
2616 4597 2923 4667 necessitas,
2980 4599 3263 4652 constituta
3312 4598 3531 4653 Patrum

2016 4669 2265 4723 inuiolata
2288 4666 2569 4723 serventur.
2601 4667 2678 4720 vel
2701 4682 2815 4720 cum
2838 4666 3097 4727 defuerint
3124 4668 3315 4733 clerici,
3341 4670 3404 4723 de
3434 4685 3545 4725 nte-7

2019 4741 2198 4793 naclu's
2229 4739 2505 4807 eligantur.

2018 4829 2082 4884 ll.
2136 4828 2331 4883 Priscis
2373 4828 2533 4898 igitur
2578 4842 2679 4897 pro
2718 4828 2799 4882 sui
2843 4828 3149 4883 reverentia
3196 4826 3533 4881 manentibus

1948 4921 2272 4986 constitutis,
2302 4934 2423 4989 qua:
2463 4919 2551 4974 ubi
2582 4920 2725 4974 nulla
2755 4921 2839 4975 vel
2878 4935 3080 4987 rerum,
3110 4920 3194 4973 vel
3224 4928 3530 4987 temporum

1945 5020 2201 5084 perurget
2220 5012 2486 5081 angustia,
2511 5013 2830 5081 regulariter
2853 5014 3106 5067 convenit
3133 5010 3407 5076 custodiri,
3434 5026 3529 5065 ea-

1948 5113 2105 5158 tenus
2146 5102 2425 5168 Ecclesiis,
2457 5118 2575 5171 qure
2605 5103 2688 5156 vel
2715 5104 2926 5158 cunctis
2954 5110 3078 5156 sunt
3124 5102 3343 5173 privata:
3374 5086 3547 5158 mini-2

1944 5193 2094 5257 stris,
2124 5193 2211 5246 vel
2231 5191 2621 5246 sufﬁcientibus
2663 5206 2832 5259 usque
2858 5190 2992 5244 adeo
3024 5190 3326 5263 dispoliata:
3361 5194 3536 5248 servi-

1948 5282 2055 5349 tiis,
2085 5290 2143 5335 ut
2189 5282 2434 5351 plebibus
2463 5280 2528 5334 ad
2578 5295 2637 5334 se
2660 5280 3051 5349 pertinentibus
3097 5283 3274 5337 divina
3306 5274 3545 5340 munera

1950 5374 2203 5443 supplere
2234 5390 2338 5427 non
2360 5373 2593 5436 valeant,
2629 5381 2735 5425 tam
2768 5371 3101 5440 instituendi,
3131 5391 3291 5445 quam
3322 5393 3535 5446 pronio-

1946 5464 2105 5519 vcndi
2128 5464 2392 5519 clericalis
2415 5463 2577 5518 officii
2607 5464 2684 5518 sic
2731 5464 2903 5533 spatia
2949 5466 3308 5536 dispensanda
3338 5448 3536 5531 concc-

1950 5554 2145 5619 (limus,
2178 5564 2235 5607 ut
2262 5556 2305 5609 si
2336 5555 2455 5623 quis
2482 5556 2643 5608 etiam
2664 5554 2731 5609 de
2752 5555 3002 5623 religioso
3025 5560 3323 5628 proposito,
3350 5569 3405 5614 et
3424 5560 3536 5614 dis-

1949 5646 2163 5719 ciplinis
2190 5645 2656 5700 monasterialibus
2680 5645 2917 5701 eruditus
2957 5646 3316 5704 adclericale
3343 5631 3543 5701 munus'

1946 5734 2190 5798 accedat,
2225 5734 2485 5804 imprimis
2536 5734 2651 5803 ejus
2680 5736 2787 5789 vita
2815 5736 3100 5805 praeteritis
3132 5744 3254 5791 acta
3284 5734 3538 5803 tempori—

1945 5825 2045 5884 bus
2076 5824 2391 5894 inquiratur,
2430 5824 2511 5881 vel
2541 5826 2584 5882 si
2613 5826 2757 5882 nullo
2808 5825 2954 5897 gravi
2997 5822 3233 5879 facinore
3280 5820 3537 5891 probatur
