3976 6196
390 328 496 387 303

1686 326 2040 383 DIO‘NYSIUS
2080 327 2399 385 EXIGUUS.

3561 328 3671 383 τιοι

389 448 637 510 infectus,
670 444 717 502 sl
742 443 1035 503 secundam
1060 458 1169 498 non
1209 442 1397 498 habuit
1440 442 1685 500 fortassis
1714 458 1966 508 uxorem,
2004 447 2053 506 Α
2080 444 2254 499 aliena
2275 444 2575 515 pervadere
2604 444 2809 515 absque
2840 442 2983 501 sedis
3030 443 3343 515 apostolica:
3364 443 3513 513 justa
3556 444 3670 501 dis-

390 553 492 595 nec
513 553 543 594 a
573 537 769 593 marito
796 537 1040 593 relictam
1085 536 1310 591 sortitus
1358 535 1689 602 ostenditur,
1719 536 1764 590 si
1798 538 1974 607 pinni-

390 629 616 685 tentiam
643 626 909 698 publicam
939 626 1181 682 fortassis
1207 642 1314 682 non
1342 627 1546 695 gessit,
1595 642 1698 682 nec
1724 627 1832 681 ulla
1854 643 1978 681 cor-

392 722 538 793 poris
567 727 719 790 parte
748 718 965 772 vitiatus
994 725 1235 787 apparet,
1262 716 1305 771 si
1335 717 1538 784 servili,
1561 725 1654 771 aut
1674 716 1979 784 originariie

404 829 511 868 non
559 819 642 866 est
666 809 960 866 conditioni
1009 809 1294 871 obnoxius,
1330 808 1372 862 si
1400 808 1562 863 curiae
1582 808 1693 877 jam
1721 808 1979 877 probatur

398 902 623 958 nexibus
645 901 939 967 absolutus,
972 899 1017 955 si
1044 908 1318 954 assecutus
1343 906 1426 953 est
1448 898 1673 963 litteras.
1702 898 1818 953 sine
1861 898 1981 966 qui-

395 995 495 1047 bus
523 991 615 1045 vix
639 989 883 1044 fortassis
911 989 1118 1044 ostiarii
1148 991 1321 1059 possit
1348 988 1572 1057 implere
1600 988 1978 1053 ministerium,

396 1090 455 1137 ut
481 1082 525 1137 si
552 1080 638 1136 his
675 1080 946 1147 omnibus,
982 1094 1101 1148 quae
1126 1087 1249 1133 sunt
1279 1078 1558 1149 praedicta,
1590 1077 1825 1141 fulcitur,
1851 1095 1982 1133 con-

398 1172 550 1227 tinuo
574 1170 768 1236 lector,
790 1170 877 1225 vel
904 1170 1167 1234 notarius,
1191 1178 1284 1222 aut
1306 1176 1455 1223 certe
1482 1166 1733 1223 defensor
1761 1168 1981 1223 effectus

398 1272 521 1334 post
545 1274 653 1319 tres
697 1278 907 1317 menses
954 1261 1150 1316 existat
1178 1260 1476 1331 acolythus,
1508 1260 1740 1314 maxime
1784 1262 1829 1316 si
1860 1260 1983 1315 huic

399 1363 529 1410 tetas
566 1354 730 1409 etiam
760 1353 1102 1421 suffragatur,
1130 1360 1287 1407 sexto
1333 1366 1520 1406 mense
1547 1350 1862 1405 subdiaconi
1886 1366 1986 1405 no-

402 1467 525 1507 men
554 1450 801 1522 accipiat,
828 1465 893 1503 ac
913 1448 959 1503 si
980 1448 1235 1503 modesta:
1255 1446 1700 1513 conversationis,
1725 1447 1989 1502 honestae-

407 1558 518 1613 que
568 1541 866 1597 voluntatis
919 1540 1121 1605 existit,
1180 1554 1325 1594 nono
1376 1553 1563 1592 mense
1608 1538 1678 1591 sit
1706 1537 1985 1601 diaconus,

405 1631 781 1705 completoque
808 1645 949 1684 anno
969 1630 1039 1685 sit
1068 1630 1369 1701 presbyter,
1402 1628 1488 1684 cui
1519 1636 1697 1682 tamen
1726 1627 1869 1698 quod
1892 1642 1987 1681 an-

408 1735 600 1776 norum
630 1719 844 1773 fuerant
893 1717 1179 1773 interstitia
1212 1717 1493 1784 collatura,
1524 1717 1696 1772 sancti
1727 1716 1986 1787 propositi

407 1816 600 1879 sponte
625 1816 875 1879 suscepta
904 1806 1164 1863 doceatur
1193 1807 1507 1878 przestitisse
1537 1807 1773 1862 devotio.

411 1986 481 2042 Ut
508 1989 553 2042 si
593 1986 677 2052 qui
706 1987 768 2039 de
794 1987 943 2039 laicis
970 1987 1230 2057 eliguntur
1258 1986 1327 2038 ad
1352 1986 1565 2057 clerum,
1597 1987 1756 2041 multo
1798 1988 1994 2041 sollici-

478 2059 579 2110 tius
607 2058 660 2109 in
692 2058 793 2121 his,
816 2072 877 2109 ea
905 2071 1016 2126 qua:
1044 2056 1119 2108 'de
1166 2056 1433 2109 monac/tis
1480 2057 1619 2109 dicta
1647 2066 1787 2120 sunt,
1822 2058 1994 2128 inqui-

478 2136 680 2180 rantur.

478 2264 563 2320 IlI.
598 2264 653 2320 Si
676 2280 803 2320 vero
830 2265 896 2321 de
926 2264 1074 2320 laicis
1093 2266 1359 2337 quispiam
1384 2266 1765 2323 ecclesiasticis
1793 2275 1876 2323 est
1903 2282 1995 2336 ag-

408 2355 712 2424 gregandus
740 2354 948 2418 officiis,
983 2361 1134 2411 tanto
1186 2356 1470 2412 sollicitius
1520 2357 1572 2410 iu
1603 2358 1845 2426 singulis,
1877 2373 1996 2427 quae

409 2445 655 2516 superius
680 2445 1076 2514 comprehensa
1104 2454 1250 2513 sunt,
1278 2447 1585 2516 hujusmodi
1614 2446 1771 2503 decet
1793 2449 1995 2503 exarui—

410 2538 529 2595 nari
568 2553 879 2608 personam,
911 2548 1171 2606 quantum
1221 2539 1361 2593 inter
1400 2540 1725 2594 mundanam
1782 2541 1999 2609 religio-

411 2644 635 2701 samque
665 2630 828 2684 vitam
857 2637 1070 2684 constat
1114 2646 1234 2686 esse
1257 2630 1605 2700 discriminis,
1637 2634 1763 2701 quia
1813 2634 1998 2704 utique

412 2720 787 2777 convenientia
812 2718 1067 2776 Ecclesizn
1098 2721 1392 2777 ministeria
1416 2723 1714 2793 reparanda
1743 2732 1867 2780 sunt
1891 2741 1995 2778 non

413 2814 917 2872 inconvenientibus
946 2814 1150 2869 meritis
1172 2815 1467 2884 ingerendi.
1501 2816 1784 2887 Tantaque
1807 2819 1994 2886 magis,

415 2905 560 2980 quod
604 2906 773 2962 sacris
801 2913 985 2976 aptum
1023 2907 1199 2977 possit
1249 2922 1368 2963 esse
1412 2909 1668 2973 servitiis,
1717 2910 1770 2963 in
1811 2925 1996 2964 eorum

416 2998 759 3071 quaerendum
788 3006 871 3055 est
898 2998 1175 3066 institutis,
1206 3010 1466 3071 quantum
1487 3001 1555 3057 de
1596 3010 1862 3074 tempore,
1888 3018 1998 3071 quo

416 3089 628 3145 fuerant
652 3088 766 3143 hzec
794 3088 1144 3159 assequenda,
1175 3090 1485 3161 decerpitur
1514 3110 1528 3145 :
1563 3101 1622 3147 ut
1659 3109 1871 3148 morum
1902 3093 1998 3146 ha-

416 3181 545 3236 bere
566 3181 825 3236 doceatur
854 3180 957 3236 hoc
1001 3182 1259 3251 probitas,
1289 3181 1434 3252 quod
1462 3182 1726 3252 prolixior
1763 3198 1994 3238 consue-
2027 3170 2071 3231 C

418 3271 547 3327 tudo
574 3287 680 3325 non
706 3271 954 3336 contulit,
980 3286 1047 3326 ne
1065 3286 1167 3342 .per
1190 3271 1535 3326 occasionem
1560 3273 1873 3342 supplenda:
1903 3289 1996 3342 μοι

420 3362 585 3416 nuria:
610 3361 874 3416 clericalis
910 3362 1035 3416 vitia
1060 3363 1238 3431 potius
1268 3361 1465 3417 divinis
1490 3362 1723 3417 cultibus
1754 3363 1997 3418 intulisse

419 3449 736 3519 iudicemur,
783 3466 888 3505 non
918 3450 1168 3519 legitima:
1197 3451 1410 3505 familia:
1436 3452 1778 3508 confutemur
1800 3470 1998 3524 procu-

419 3556 567 3600 rasse
594 3544 912 3615 compendia
944 3562 956 3598 :
983 3560 1209 3613 quorum
1232 3546 1663 3615 promotionibus
1682 3562 1847 3617 super
1874 3549 2000 3602 anni

420 3644 592 3690 metas
612 3650 707 3690 sex
728 3650 940 3690 menses
962 3636 1309 3690 nihilominus
1322 3636 1690 3704 subrogamus.
1713 3636 1997 3704 Quoniam,

419 3727 556 3783 sicut
608 3726 809 3782 dictum
862 3735 967 3794 est,
993 3727 1193 3781 distare
1238 3730 1491 3782 convenit
1544 3729 1685 3784 inter
1714 3746 1999 3799 personam

420 3819 602 3875 divino
631 3818 797 3873 cultui
827 3817 1081 3882 deditam,
1114 3827 1169 3872 et
1190 3817 1258 3873 de
1286 3818 1545 3873 laicorum
1588 3820 2002 3875 conversatione

422 3908 745 3963 venientem.
779 3907 909 3973 Qure
949 3915 1130 3963 tamen
1160 3917 1387 3963 eatenus
1416 3908 1739 3977 indulgenda
1767 3910 2001 3966 credidi-

421 4014 557 4064 mus,
586 4006 645 4052 ut
673 3998 777 4052 illis
822 3996 1103 4064 Ecclesiis,
1133 3998 1328 4066 quibus
1364 3997 1708 4054 infestatione
1738 3998 2002 4055 bellorum

423 4088 507 4143 vel
537 4088 680 4141 nulla
704 4086 933 4155 penitus,
962 4086 1043 4139 vel
1066 4087 1259 4152 exigua
1282 4096 1661 4141 remanserunt
1686 4089 2002 4156 ministeria,

423 4183 771 4231 renoventur.
803 4174 1079 4239 Quatenus
1126 4175 1209 4229 his
1237 4174 1348 4230 Deo
1384 4178 1620 4245 propitio
1664 4181 1926 4234 restitutis
1951 4183 2003 4235 in

424 4266 799 4323 ecclesiasticis
828 4263 1084 4333 gradibus
1112 4265 1490 4333 subrogandis,
1519 4282 1787 4321 canonum
1820 4280 2003 4339 pater-

426 4374 615 4413 norum
645 4366 801 4411 vetus
824 4356 993 4411 forma
1016 4364 1278 4422 servetur,
1314 4372 1413 4412 nec
1440 4366 1626 4413 contra
1657 4374 1753 4414 eos
1784 4363 1889 4415 ulla
1922 4379 2005 4415 ra—

424 4448 571 4505 tione
596 4447 902 4518 prazvaieat,
930 4447 1073 4517 quod
1103 4462 1198 4517 pro
1226 4449 1534 4506 accedentis
1564 4451 1805 4508 defectus
1827 4470 2004 4509 reme—

425 4540 514 4597 dio
539 4537 873 4609 providctur,
923 4554 1029 4592 non
1087 4538 1342 4594 adversus
1390 4542 1525 4596 scita
1554 4543 1822 4612 majorum
1864 4562 2002 4601 nova
2038 4547 2084 4604 D

424 4630 544 4700 lege
564 4629 902 4699 proponitur,
934 4630 1142 4683 ueteris
1172 4628 1427 4685 Ecclesiis
1464 4633 1531 4686 ab
1572 4634 1672 4688 hac
1717 4636 2003 4692 occasione

425 4720 775 4782 cessantibus,
802 4734 934 4788 quas
964 4735 1071 4773 non
1100 4720 1260 4775 simili
1281 4720 1434 4777 clade
1465 4732 1699 4780 vastatas
1725 4726 2003 4795 pristinam

424 4810 682 4867 faciendis
708 4808 1134 4866 ordinationibus
1161 4813 1415 4866 convenit
1444 4822 1630 4869 tenere
1657 4817 2001 4882 sententiain,

423 4920 533 4977 quo
558 4902 728 4971 magis
754 4901 858 4956 hac
899 4902 1300 4972 opportunitate
1345 4905 1661 4959 commoniti
1701 4906 2005 4961 observan-

426 4997 555 5051 tiam
576 4990 1002 5050 venerandorum
1025 5006 1293 5047 canonum
1323 4995 1641 5064 propensius
1674 4995 2005 5066 delegamus,

425 5086 754 5155 singulorum
781 5084 1040 5156 graduum
1066 5084 1425 5142 conscientias
1464 5084 1833 5152 admonentes,
1864 5103 1931 5141 ne
1955 5089 2007 5142 in

429 5177 645 5233 illicitos
665 5194 1017 5249 prorumpere
1038 5179 1329 5233 moliantur
1350 5194 1623 5235 excessus.
1648 5179 1757 5235 Nec
1780 5179 1858 5235 fas
1887 5196 2013 5237 esse

428 5268 663 5323 confidat
689 5271 913 5341 quisque
958 5272 1271 5343 pontificum
1326 5272 1588 5341 bigamos,
1623 5280 1716 5326 aut
1754 5274 2005 5343 conjugia

428 5357 721 5412 sortientes
747 5359 813 5413 ab
844 5360 960 5415 aliis
987 5361 1261 5427 derelicta,
1303 5362 1418 5417 sive
1450 5363 1719 5432 quoslibet
1747 5374 1871 5435 post
1899 5382 2007 5435 poe-

429 5448 729 5511 nitentiam,
764 5447 845 5502 vel
875 5448 990 5503 sine
1028 5451 1241 5521 litteris,
1271 5452 1358 5507 vel
1392 5469 1620 5523 corpore
1651 5454 1887 5519 vitiatos,
1919 5456 2005 5510 vel

428 5536 872 5603 conditionarios,
894 5545 986 5589 aut
1007 5541 1185 5607 curiae,
1210 5541 1649 5611 publicarumque
1668 5558 1845 5596 rerum
1861 5544 2007 5597 nexi-

429 5627 533 5683 bus
560 5628 882 5697 implicatos,
911 5634 1002 5681 aut
1031 5629 1227 5696 passim
1257 5631 1400 5685 nulla
1429 5632 1686 5701 temporis
1712 5647 2004 5702 congruen-

430 5719 501 5775 tis
526 5716 934 5787 exspectatione
978 5715 1250 5773 discussos
1279 5720 1471 5776 divinis
1518 5723 1815 5777 servituros
1838 5723 2003 5792 appli-

430 5822 556 5865 care
582 5804 867 5876 mysteriis,
915 5818 1091 5872 neque
1135 5819 1232 5874 pro
1280 5822 1377 5862 suo
1429 5809 1577 5863 libito
1604 5810 1722 5879 jura
1752 5811 2007 5867 studeant

2080 535 2352 605 positione
2372 537 2679 589 mandante.

2087 647 2153 701 Ut
2182 648 2245 701 ab
2270 649 2545 719 episcopis,
2568 648 2911 719 prwceptione
2935 661 3087 717 papa:
3104 685 3119 712 ,
3150 662 3295 702 nocte
3318 646 3548 702 basilica
3578 646 3675 702 de-

2743 718 2997 771 diceutur.
3666 762 3669 763 ,

2151 807 2240 862 IV.
2293 808 2548 865 Basilicas
2600 809 2813 863 noviter
2872 808 3171 871 institutas,
3224 822 3331 863 non
3374 808 3557 876 petitis
3602 823 3677 863 ex

2084 916 2234 956 more
2282 900 2755 971 prmceptionibus,
2812 898 3063 953 dedicare
3110 913 3217 951 non
3261 898 3509 963 audeant,
3563 915 3675 953 non

2085 990 2323 1045 ambiant
2350 990 2564 1044 sibimet
2593 987 2865 1043 vindicare
2893 987 3119 1046 clericos
3144 986 3426 1055 potestatis
3458 986 3669 1040 alienae.

2090 1103 2158 1158 Ut
2200 1102 2341 1156 nulla
2364 1102 2527 1167 pretia
2551 1101 2626 1170 de
2642 1100 2968 1170 baptizandis
2995 1099 3461 1169 ronsignandisque
3494 1098 3643 1170 ﬁdeli
3659 1128 3677 1140 ο

2157 1173 2249 1226 bus
2271 1173 2563 1242 exigantur.
2595 1168 2743 1234 Quod
2764 1172 2809 1225 si
2832 1172 2917 1242 qui
2939 1170 3032 1223 hoc
3058 1170 3473 1240 perpetrauerint,
3507 1169 3671 1222 Itono—

2158 1245 2231 1296 ris
2261 1243 2342 1295 sui
2359 1240 2596 1313 periculo
2617 1243 2707 1294 sub
2706 1240 2967 1311 jacebunt.

2163 1353 2224 1407 V.
2289 1351 2629 1422 Baptizandis
2689 1350 3175 1420 consignandisque
3222 1348 3465 1406 fidelibus
3503 1350 3681 1420 pretia

2091 1446 2235 1500 nulla
2265 1442 2563 1513 praefrgant,
2590 1459 2689 1498 nec
2712 1443 3042 1497 illationibus
3063 1442 3389 1511 quibuslibet
3416 1442 3683 1511 impositis

2091 1540 2370 1608 exagitare
2390 1537 2610 1607 cupiant
2636 1544 3010 1600 renascentes,
3035 1535 3290 1604 quoniam
3342 1534 3488 1603 quod
3517 1534 3685 1603 gratis

2092 1630 2406 1700 accipimus,
2438 1628 2603 1695 gratis
2635 1627 2764 1682 dare.
2793 1626 3107 1681 mandamur
3129 1624 3341 1696 (Matth.
3363 1625 3443 1694 κ).
3468 1623 3535 1678 Et
3564 1625 3685 1678 ideo

2099 1719 2231 1772 nihil
2261 1734 2291 1772 a
2323 1717 2591 1788 praedictis
2612 1731 2831 1788 prorsus
2862 1718 3078 1783 exigere
3119 1716 3429 1780 moliantur,
3459 1729 3566 1784 quo
3598 1713 3685 1767 vel

2099 1816 2413 1879 paupertate
2434 1817 2661 1876 cogente
2672 1806 2934 1869 deterriti,
2962 1806 3043 1860 vel
3067 1806 3430 1874 indignatione
3446 1806 3685 1861 revocati

2098 1897 2481 1968 redemptionis
2534 1895 2617 1951 sui
2669 1911 2859 1952 causas
2901 1894 3048 1949 adire
3100 1894 3399 1965 despiciant
3431 1913 3444 1947 :
3476 1901 3686 1959 certum

2098 1986 2388 2053 habentes,
2416 1986 2561 2055 quod
2585 1986 2676 2055 qui
2716 1985 2983 2056 prohibita
3014 1985 3333 2055 deprehensi
3367 1985 3567 2041 fuerint
3599 1985 3686 2038 ad-

2099 2075 2330 2143 misisse,
2356 2076 2442 2129 vel
2470 2074 2751 2129 commissa
2782 2089 2888 2129 non
2917 2074 3094 2143 potius
3108 2088 3204 2127 sua
3226 2082 3417 2143 sponte
3441 2087 3688 2129 correxeo

2098 2166 2223 2233 rint,
2256 2166 2553 2237 periculum
2577 2165 2805 2220 subituri
2840 2165 3042 2236 proprii
3069 2164 3177 2220 sint
3200 2165 3441 2220 honoris.

2103 2278 2171 2334 Ut
2216 2278 2499 2349 presbyteri
2546 2278 2753 2332 modum
2796 2276 3020 2330 debitum
3063 2288 3282 2340 servent,
3324 2294 3428 2331 non
3457 2276 3687 2349 chrisma

2169 2345 2467 2416 conﬁciant,
2502 2364 2603 2401 non
2652 2350 2989 2418 consignant,
3020 2364 3110 2400 nec
3164 2358 3413 2418 praesente
3462 2345 3688 2418 quolibet

2172 2420 2426 2488 episc0po,
2460 2419 2562 2470 nisi
2596 2417 2876 2489 jubeantur
2900 2417 2963 2489 ab
2999 2418 3133 2489 ipso,
3165 2417 3258 2470 νει
3280 2434 3449 2489 orare,
3495 2420 3573 2469 vel
3601 2434 3657 2470 se

2171 2485 2292 2542 dere
2332 2485 2666 2557 prtesumant,
2701 2503 2792 2541 nec
2838 2487 3150 2558 acolythum,
3183 2488 3260 2541 vel
3310 2485 3686 2542 subdiaconuns

2174 2560 2387 2630 faciant.

2177 2666 2261 2721 VI.
2306 2665 2416 2722 Nec
2444 2667 2620 2722 minus
2646 2668 2807 2722 etiam
2842 2667 3185 2738 presbyteros
3213 2667 3353 2721 ultra
3392 2682 3545 2723 suum
3565 2681 3689 2722 mo-

2100 2758 2225 2812 dum
2254 2758 2479 2814 tendere
2500 2760 2865 2828 prohibemus,
2901 2774 3001 2814 nec
3029 2758 3321 2828 episcopali
3351 2758 3564 2825 fastigio
3590 2757 3690 2813 de-

2100 2846 2234 2912 bita,
2287 2847 2503 2901 sibimet
2546 2847 2804 2902 audacter
2858 2862 3133 2901 assumere
3169 2865 3182 2899 :
3214 2861 3320 2901 non
3369 2848 3691 2904 conficiendi

2100 2936 2423 3001 chrismatis,
2453 2952 2559 2991 non
2583 2936 3003 3005 consignationis
3026 2933 3349 3005 pontificalis
3371 2937 3693 2993 adhibenda:

2101 3027 2317 3081 sibimet
2346 3027 2588 3095 arripere
2614 3027 2927 3080 facultatem
2961 3044 2974 3079 :
3004 3042 3111 3080 non
3154 3036 3418 3095 praesente
3445 3028 3690 3095 quolibet

2102 3116 2361 3181 antistite,
2392 3116 2494 3170 nisi
2538 3115 2767 3171 fortasse
2809 3117 3121 3184 jubeantur,
3155 3117 3239 3171 vel
3286 3118 3566 3182 orationis,
3601 3120 3692 3173 vel

2103 3205 2330 3259 actionis
2356 3219 2521 3259 sacra:
2568 3214 2855 3274 suppetere
2902 3205 3000 3260 sibi
3032 3215 3357 3274 praesumant
3380 3206 3688 3271 licentiam,

2103 3311 2276 3365 neque
2301 3296 2399 3352 sub
2422 3296 2537 3365 ejus
2585 3305 2824 3365 aspectu,
2855 3297 2956 3351 nisi
3001 3297 3331 3365 jubeantur,
3381 3306 3472 3352 aut
3498 3299 3694 3355 sedero

2102 3394 2445 3456 praesumant,
2475 3393 2567 3440 aut
2602 3387 2931 3441 venerabilia
2982 3396 3217 3443 tractare
3262 3389 3543 3459 mysteria,
3586 3403 3694 3445 nec

2101 3476 2203 3531 sibi
2250 3477 2592 3532 meminerint
2618 3477 2723 3531 ulla
2773 3477 2984 3532 ratione
3032 3479 3277 3543 concedi,
3307 3480 3424 3533 sine
3475 3495 3695 3534 summo

2101 3568 2377 3638 pontifice,
2426 3570 2837 3631 subdiaconum,
2872 3569 2958 3623 vel
3006 3570 3315 3640 acolythum
3357 3570 3446 3639 jus
3487 3570 3695 3625 habere

2104 3659 2357 3726 faciendi;
2391 3675 2491 3715 nec
2544 3675 2767 3730 prorsus
2819 3659 3155 3726 addubitent,
3210 3661 3252 3714 si
3283 3660 3573 3730 quidquam
3623 3660 3691 3714 ad

2104 3752 2411 3821 episcopale
2426 3752 2783 3806 ministerium
2799 3751 3103 3820 specialiter
3128 3751 3404 3821 pertinens
3424 3766 3522 3805 suo
3539 3758 3693 3805 motu

2104 3842 2411 3914 putaverint
2461 3840 2888 3911 exsequendum,
2938 3841 3195 3895 continuo
3249 3856 3309 3895 se
3364 3840 3688 3911 presbyterii

2102 3933 2365 4003 dignitate
2394 3941 2450 3989 et
2498 3948 2653 3989 sacra
2694 3934 3072 3989 communione
3115 3933 3335 4003 privari.
3392 3932 3546 4000 Quod
3574 3929 3696 3987 fieri

2104 4039 2327 4079 necesse
2348 4033 2450 4089 est,
2480 4040 2831 4090 censeamus,
2861 4025 2907 4078 si
2936 4040 3122 4080 eorum
3146 4025 3375 4095 praesule
3396 4023 3695 4089 deferente,

2106 4114 2410 4183 hujusmodi
2432 4114 2591 4170 fuerit
2618 4115 2990 4185 prmvaricatio
3021 4115 3401 4184 comprobata,
3432 4129 3535 4170 nec
3574 4114 3698 4185 ipso

2109 4221 2300 4258 eorum
2330 4206 2587 4275 episcopo
2617 4206 2821 4274 aculpa
2850 4205 3227 4268 conniventiaa,
3274 4212 3329 4258 et
3360 4202 3563 4258 ultione
3592 4217 3695 4256 va-

2106 4301 2315 4358 caturo,
2346 4294 2391 4349 si
2417 4294 2765 4348 immoderata
2797 4293 3055 4349 facientes
3083 4293 3500 4349 dissimulaverit
3530 4292 3698 4348 vindi-

2108 4398 2250 4438 care.

2110 4495 2359 4549 Similiter
2379 4505 2431 4549 ut
2453 4497 2660 4551 diaconi
2682 4514 2973 4551 mensuram
3002 4499 3263 4567 propriam
3282 4498 3437 4567 juxta
3459 4496 3681 4552 Patrum

2634 4570 2841 4621 decreta
2866 4568 3176 4622 custodiant.

2183 4681 2293 4737 VII.
2318 4682 2587 4738 Diaconos
2613 4697 2829 4751 quoque
2853 4682 3125 4751 propriam
3170 4682 3546 4737 constituimus
3577 4698 3699 4739 ser-

2113 4786 2241 4825 vare
2263 4786 2591 4837 mensuram,
2624 4787 2725 4825 nec
2747 4772 2883 4825 ultra
2916 4780 3157 4825 tenorem
3200 4773 3441 4841 paternis
3468 4773 3698 4826 canoni-

2114 4862 2214 4917 hus
2242 4862 2552 4930 deputatum
2583 4862 2856 4931 quidpiam
2904 4870 3116 4917 tentare
3159 4863 3538 4932 permittimus,
3562 4862 3699 4917 nihil

2117 4968 2302 5007 eorum
2346 4968 2445 5007 suo
2469 4952 2770 5006 ministerio
2794 4954 3008 5022 penitus
3036 4954 3326 5024 applicare,
3353 4968 3471 5022 qua:
3509 4954 3705 5023 primis

2115 5043 2393 5097 ordinibus
2438 5044 2655 5113 proprie
2692 5043 2933 5097 decrevit
2962 5044 3276 5113 antiquitas,
3327 5045 3533 5112 absque
3580 5046 3712 5114 epi-

2113 5148 2301 5202 scopo,
2316 5132 2401 5187 vel
2416 5134 2728 5203 presbytero
2750 5134 3021 5202 baptizare
3038 5149 3146 5189 non
3169 5134 3419 5198 audeant,
3437 5134 3536 5188 nisi
3562 5150 3710 5203 pra:-

2113 5223 2270 5278 dictis
2294 5223 2538 5278 fortassis
2588 5222 2779 5278 officiis
2809 5224 3021 5292 longius
3051 5226 3361 5280 constitutis
3402 5226 3711 5279 necessitas

2110 5324 2352 5371 extrema
2394 5316 2699 5385 compellat,
2726 5316 2871 5384 quod
2897 5324 2953 5370 et
3000 5316 3149 5371 laicis
3176 5315 3491 5370 Christianis
3519 5314 3713 5371 facere

2112 5406 2429 5475 plerumque
2451 5406 2781 5461 conceditur.

2115 5514 2267 5580 Quod
2296 5518 2502 5571 diaconi
2535 5518 2585 5569 in
2615 5516 2937 5588 presbyterio
2982 5520 3205 5573 residere
3234 5535 3336 5572 non
3362 5520 3580 5588 possint,
3609 5536 3707 5573 nec

2184 5603 2299 5639 cum
2323 5596 2569 5639 tractatus
2601 5585 2814 5639 habetur
2845 5589 3250 5652 ecclesiasticus,
3295 5585 3388 5642 nec
3417 5590 3556 5641 sacri
3583 5605 3697 5641 cor-

2183 5658 2325 5728 poris
2355 5658 2786 5728 prwrogationem
2816 5658 3157 5727 prasentibus
3184 5658 3403 5712 debeant
3446 5674 3699 5726 usurpare

2182 5726 2511 5797 presbyteris.

2186 5815 2314 5872 Vlll.
2345 5816 2462 5881 Non
2476 5819 2544 5883 ,in
2568 5818 2903 5881 presbyterio
2948 5820 3207 5901 residere.
3229 5835 3351 5875 cum
3390 5820 3570 5875 divina
3602 5834 3700 5873 ce-
