3916 6202
220 293 333 349 305

1278 292 1657 347 COLLECTIO
1697 291 2163 350 DECIIETURUM
2201 299 2299 352 I‘P.
2345 299 2457 353 BR.

3386 304 3492 359 896

224 410 528 470 lcbrantnr,
561 409 645 464 vel
682 410 1081 464 ecclesiasticus
1110 408 1339 462 habetur
1377 409 1681 477 quicunque
1709 420 1814 461 tra-
1844 416 1887 469 Α
1923 412 1972 463 in
1996 427 2103 479 quo
2131 412 2423 467 verendum
2454 421 2533 465 est
2559 453 2572 475 ,
2618 426 2684 466 ne
2716 413 2885 467 morbi
2930 421 3206 467 crescente
3251 415 3493 482 periculo

224 508 426 561 (tatus,
454 500 588 555 sacri
619 501 865 571 corporis
896 498 1343 570 praerogationem
1373 499 1472 551 sub
1519 507 1814 567 conspectu

224 588 502 658 pontiﬁcis
530 605 623 643 seu
651 589 972 659 presbyteri,
1008 589 1105 642 nisi
1129 588 1211 642 his
1239 588 1570 653 absentibus,
1590 589 1677 655 jus
1706 603 1815 641 non

226 681 469 736 habeant
497 681 807 736 exercendi.
844 681 977 735 Cum
1008 681 1150 734 enim
1181 679 1396 733 decreta
1427 680 1814 733 venerabilium

226 771 574 824 sanctionum
617 785 718 824 nos
745 785 961 839 quoque
986 783 1313 837 magnopere
1352 768 1624 823 custodire
1678 769 1817 822 nita-

228 880 372 929 mur,
404 879 471 919 ac
500 864 619 918 sine
667 879 856 918 eorum
882 863 1163 932 dispendio
1206 864 1370 918 etiam
1414 863 1523 928 illa,
1554 879 1672 932 qua:
1719 880 1816 933 pro

226 954 458 1022 alicujus
524 954 772 1009 utilitatis
854 955 1082 1010 fortasse
1157 955 1477 1025 compendio
1538 956 1819 1010 videantur

229 1044 490 1111 laxanda,
514 1045 816 1100 credamus.

230 1150 385 1217 Quod
408 1156 696 1224 apostolica
724 1172 870 1210 seaes
892 1165 1133 1227 paternos
1167 1174 1390 1211 canones
1421 1159 1506 1228 pio
1532 1158 1701 1212 studio
1731 1158 1818 1210 de-

775 1235 989 1297 rotoque
1014 1228 1289 1281 custodiat.

302 1309 397 1365 IX.
432 1311 679 1382 Cumque
720 1315 876 1368 nobis
905 1323 1091 1369 contra
1120 1316 1433 1370 salutarium
1462 1318 1817 1371 reverentiam

228 1404 543 1471 regularum
570 1405 849 1473 cupiamus
876 1416 1083 1461 temere
1112 1407 1244 1461 nihil
1271 1408 1465 1471 licere,
1496 1417 1550 1462 et
1585 1424 1705 1463 cum
1731 1425 1818 1463 se-

228 1493 333 1548 des
380 1495 682 1563 apostolica
712 1511 874 1565 super
902 1496 984 1550 his
1014 1498 1262 1552 omnibus
1309 1497 1521 1553 favente
1573 1499 1819 1564 Domino,

226 1597 352 1649 qua:
380 1584 624 1651 paternis
648 1586 944 1640 canonibus
973 1594 1097 1641 sunt
1117 1587 1357 1656 prmfixa,
1411 1589 1499 1658 pio
1521 1589 1822 1658 devotoque

229 1673 450 1726 studeat
479 1682 669 1729 tenere
690 1677 987 1744 proposito,
1014 1677 1146 1731 satis
1192 1677 1465 1745 indignum
1509 1688 1591 1733 est
1637 1694 1823 1747 quem-

1918 502 2034 555 sine
2056 502 2299 556 remedio
2329 502 2549 557 salutari
2596 502 2839 558 fortassis
2866 511 3133 572 :egrotans
3162 502 3324 558 exitio
3356 517 3465 572 pre
3518 552 3525 555 _

1916 599 2105 644 ventus
2132 591 2399 646 abscedat.

1921 696 2343 768 Presbyterorum
2369 708 2416 751 et
2442 700 2775 755 diaconorum
2804 700 3157 755 ordinationes
3184 702 3334 756 certis
3358 702 3493 757 cele-

2349 769 2492 822 brari
2530 786 2677 839 posse
2717 770 3044 840 temporibus.

1994 858 2083 912 XI.
2147 857 2524 915 Ordinatioues
2555 862 2716 916 etiam
2765 861 3201 932 presbyterorum
3241 861 3496 916 diacono-

1922 966 2150 1018 rumque
2197 952 2299 1006 nisi
2328 954 2489 1007 certis
2540 953 2868 1022 temporibus
2906 960 2961 1007 et
3002 951 3193 1007 diebus
3239 968 3494 1007 exercere

1920 1056 2027 1094 non
2053 1040 2302 1104 debeant,
2334 1042 2385 1095 id
2432 1051 2513 1096 est
2539 1043 2694 1111 primi
2738 1052 2791 1097 et
2818 1042 2994 1111 quarti
3033 1042 3232 1097 mensis
3268 1041 3493 1110 jejunio,

1922 1132 2134 1199 septimi
2165 1140 2218 1185 et
2246 1132 2438 1186 decimi
2469 1152 2480 1184 :
2511 1134 2603 1187 sed
2632 1134 2793 1187 etiam
2823 1132 3299 1201 quadragesimalis
3322 1131 3457 1185 initii
3477 1171 3491 1194 ,

1827 1242 1835 1255 ι
1923 1233 1987 1273 ac
2016 1220 2261 1273 mediana
2289 1220 2721 1288 Quadragesimte
2759 1222 2864 1285 die,
2891 1221 3098 1275 sabbati
3122 1220 3324 1291 jejunio
3354 1220 3496 1275 circa

1922 1320 2203 1375 vesperam
2254 1310 2465 1362 noverit
2492 1308 2858 1363 celebrandas.
2889 1309 2998 1363 Nec
3042 1310 3328 1378 cujuslibet
3352 1308 3498 1362 utili-

1926 1398 2053 1451 tatis
2079 1413 2239 1452 causa
2270 1414 2363 1453 seu
2394 1400 2763 1470 presbyterum
2780 1443 2796 1468 ,
2818 1416 2913 1455 seu
2937 1400 3221 1456 diaconum
3250 1401 3332 1455 bis
3357 1415 3497 1470 ρης

1923 1485 2085 1554 ferre,
2116 1488 2207 1555 qui
2236 1498 2360 1543 ante
2383 1490 2527 1559 ipsos
2554 1489 2752 1544 fuerint
2778 1490 3029 1545 ordinati.

2108 1598 2176 1653 Ut
2197 1601 2430 1669 prarﬁais
2454 1600 2630 1654 diebus
2652 1603 2873 1673 virgines
2896 1619 3059 1657 sacra:
3079 1602 3323 1657 velentur.

1997 1688 2111 1743 XII.
2144 1689 2361 1745 Devotis
2399 1706 2614 1760 quoque
2665 1693 2975 1761 virginibus,
3006 1691 3107 1746 nisi
3136 1700 3229 1746 aut
3273 1692 3325 1746 in
3372 1690 3498 1763 Epi-

230 1776 397 1828 quam
420 1762 507 1816 vel
541 1760 853 1832 pontificum
879 1766 959 1819 vel
979 1766 1226 1820 ordinum
1244 1767 1663 1837 subsequentum
1688 1769 1825 1824 hanc
1860 1774 1901 1831 Β
1927 1780 2265 1847 phaniorum,
2298 1781 2465 1833 autin
2496 1780 2630 1835 albis
2676 1760 3041 1846 Paschalibus,
3072 1788 3164 1834 aut
3190 1780 3243 1834 in
3268 1760 3501 1849 Aposto«

232 1849 639 1904 observantiam
686 1851 941 1919 refutare,
982 1870 1143 1924 quam
1185 1854 1330 1908 beati
1357 1854 1499 1910 Petri
1542 1858 1723 1911 sedem
1769 1867 1823 1912 et

233 1939 393 2006 sequi
421 1941 626 2005 videat,
669 1948 725 1995 et
750 1941 945 1997 docere
975 1961 987 1995 :
1019 1945 1260 2014 satisque
1290 1947 1616 2001 conveniens
1645 1948 1735 2014 sit,
1766 1960 1824 2002 ut

233 2044 410 2088 totum
442 2050 642 2105 corpus
674 2035 926 2091 Ecclesia:
968 2038 1019 2091 in
1061 2039 1163 2092 hac
1191 2038 1405 2094 sibimet
1447 2040 1824 2095 observatione

232 2128 556 2193 concordet,
582 2143 741 2197 quam
774 2129 883 2184 illic
912 2130 1092 2199 vigere
1118 2130 1432 2199 conspiciat,
1460 2131 1547 2185 ubi
1570 2130 1825 2185 Dominus

234 2218 495 2275 Ecclesia:
522 2221 689 2277 totius
718 2222 897 2290 posuit
937 2222 1321 2291 principatum.
1366 2223 1587 2277 Dicente
1640 2234 1818 2278 autem

231 2312 542 2381 Scriptura,
578 2313 834 2366 Ordinate
861 2316 915 2368 in
942 2331 1022 2367 me
1044 2315 1368 2379 charitatem,
1393 2324 1447 2369 et
1464 2316 1611 2381 item,
1633 2315 1826 2369 Omnia

236 2418 355 2454 cum
384 2403 572 2455 ordine
601 2404 733 2471 ﬁant
758 2402 809 2474 (Ι
836 2402 1033 2458 Corint.
1066 2406 1212 2471 xlv);
1243 2415 1404 2473 atque
1448 2405 1639 2459 iterum
1674 2405 1824 2459 Psal—

234 2492 400 2545 tnista
426 2494 770 2561 prmlicante,
802 2493 1128 2548 Circumdate
1158 2495 1289 2548 Sion
1310 2536 1326 2560 ,
1351 2504 1400 2548 et
1429 2495 1825 2562 complectimini

233 2599 373 2641 eam,
402 2593 617 2638 narrate
645 2585 699 2637 in
748 2585 972 2639 turribus
1001 2587 1113 2656 ejus
1134 2628 1148 2651 ,
1170 2586 1347 2653 ponite
1385 2586 1543 2639 corda
1578 2596 1744 2639 vestra
1770 2587 1825 2640 in

233 2676 430 2727 rirtute
464 2676 592 2743 ejus,
614 2685 663 2728 et
692 2676 983 2730 distribuite
1006 2676 1197 2748 gradus
1228 2678 1365 2746 ejus,
1396 2684 1450 2728 ut
1497 2677 1745 2730 enarretis
1771 2679 1825 2731 in

232 2767 492 2835 progenie
520 2768 701 2831 altera,
729 2770 975 2837 quoniam
1014 2768 1095 2822 hic
1120 2777 1195 2822 est
1221 2768 1359 2822 Deus
1379 2808 1392 2833 ,
1418 2768 1556 2821 Deus
1579 2778 1752 2823 noster
1770 2772 1825 2824 in

235 2867 530 2920 uernum,
559 2869 607 2911 et
655 2861 766 2928 ipse
792 2868 931 2931 reget
961 2877 1055 2913 nos
1101 2861 1156 2913 in
1199 2862 1388 2914 sarcula
1438 2860 1609 2925 (Psal.
1636 2860 1822 2933 xutt),

236 2948 333 3002 hic
382 2949 575 3018 procul
613 2948 807 3013 dubio,
838 2950 928 3018 qui
959 2950 1013 3004 in
1065 2950 1547 3005 ecclesiasticarum
1579 2959 1828 3005 narratur

236 3039 529 3095 altitudine
568 3041 905 3109 dignitatum,
939 3051 995 3097 et
1022 3044 1073 3098 in
1102 3043 1253 3111 cujus
1300 3044 1495 3098 virtute
1522 3045 1675 3099 bouis
1697 3061 1826 3115 ope-

1927 1869 2098 1921 lorum
2124 1869 2388 1923 natalibus
2416 1886 2627 1924 sacrum
2662 1872 2879 1925 minime
2906 1871 3150 1927 velamen
3182 1872 3457 1940 imponant
3486 1890 3497 1924 :

1927 1958 2026 2010 nisi
2057 1956 2301 2021 forsitan,
2333 1960 2471 2013 sicut
2499 1960 2565 2013 de
2608 1960 2931 2028 baptismate
2957 1961 3158 2015 dictum
3214 1970 3325 2027 est,
3355 1961 3501 2028 gravi

1926 2047 2184 2114 languore
2211 2049 2490 2117 correptis,
2524 2064 2592 2102 ne
2642 2050 2758 2103 sine
2806 2051 2909 2104 hoc
2952 2065 3175 2105 munere
3210 2049 3277 2104 de
3306 2050 3501 2103 smculo

1925 2144 2140 2204 exeant,
2170 2137 2581 2206 implorantibus
2610 2153 2714 2192 non
2746 2147 2989 2206 negetur.
3185 2146 3190 2152 '

2392 2246 2460 2301 Ut
2483 2247 2648 2301 vidua:
2669 2265 2771 2301 non
2795 2248 3038 2302 celentur.

1997 2336 2133 2391 XIII.
2162 2337 2361 2393 Viduas
2381 2347 2561 2392 autem
2587 2339 2765 2393 velare
2792 2340 3102 2408 pontificum
3126 2339 3303 2395 nullus
3327 2349 3474 2396 atton

1928 2433 2005 2481 tet
2035 2444 2048 2478 :
2082 2426 2223 2494 quod
2245 2442 2347 2481 nec
2387 2428 2680 2482 auctoritas
2704 2427 2883 2481 divina
2933 2428 3164 2496 delegat,
3208 2444 3309 2484 nec
3336 2445 3475 2483 cano

1929 2532 2058 2570 num
2086 2519 2257 2571 forma
2287 2517 2591 2586 praestituit.
2624 2516 2739 2572 Non
2791 2526 2875 2573 est
2928 2532 3058 2586 ergo
3106 2519 3321 2587 penitus
3350 2535 3502 2573 usur-

1928 2608 2182 2680 pandum,
2207 2608 2390 2677 eisque
2418 2609 2497 2663 sic
2524 2608 2885 2663 ecclesiast'ca
2922 2618 3047 2663 sunt
3073 2607 3344 2665 inferenda
3374 2625 3503 2681 prae-

1928 2698 2092 2763 sidia,
2126 2708 2180 2752 ut
2214 2699 2344 2752 nihil
2371 2700 2738 2752 committatur
2764 2699 3031 2753 illicitum.

1932 2809 2002 2864 (It
2022 2808 2193 2863 nullus
2224 2808 2413 2877 praesul
2440 2806 2518 2860 rel
2545 2805 2819 2871 Ecclesiae,
2851 2808 2930 2860 vel
2959 2807 3256 2877 monasterii
3280 2823 3500 2873 servum,

2002 2888 2089 2932 aut
2117 2876 2455 2948 orig’inarium
2479 2876 2765 2948 nolentibus
2803 2878 3027 2929 dominis
3065 2876 3155 2948 sub
3186 2877 3501 2948 nominere-

1968 2950 1971 2959 '
2001 2946 2449 3018 ligioso'dej‘endat
2473 2963 2489 3018 ς
2523 2947 2733 3018 honoris
2754 2956 2802 2998 et
2830 2946 3202 3000 communionis
3225 2947 3502 3015 periculurn

1999 3016 2257 3072 subiturus
2283 3017 2510 3086 quisquis
2536 3016 2629 3068 Iloc
2650 3025 2945 3086 perpetrare
2973 3018 3262 3070 tentauerit.

237 3130 392 3183 ribus
421 3129 584 3183 corda
612 3105 857 3199 ponenda
883 3105 1025 3192 sunt,
1052 3105 1300 3200 gradibus
1326 3134 1509 3202 utique
1530 3105 1824 3189 distributis
1851 3140 1895 3200 C
2002 3108 2141 3163 xw'
2169 3106 2447 3162 cenemus
2473 3107 2633 3202 etiam
2656 3107 2889 3175 querela
2909 3106 3125 3202 Vitam]?
3153 3105 3501 3202 PWSWPW

238 3223 460 3277 cunctis
488 3222 629 3277 Deus
658 3232 861 3287 noster,
896 3232 952 3278 et
993 3233 1171 3278 rector
1218 3225 1431 3300 populis
1462 3223 1828 3293 pnedicandus

241 3322 325 3369 est
364 3311 721 3377 Christianis,
756 3314 844 3367 ubi
896 3330 1054 3369 nemo
1084 3315 1299 3370 sibimet
1350 3317 1551 3385 aliquid
1601 3318 1831 3371 :estimet

242 3405 588 3458 imminutum
624 3422 635 3456 :
666 3421 785 3459 cum
817 3414 872 3460 et
905 3406 972 3460 de
1015 3407 1430 3475 uniuscujusque
1459 3408 1655 3475 gradus
1702 3424 1827 3477 per-

244 3495 485 3549 fertione
510 3495 581 3547 nil
602 3494 834 3562 deperit,
860 3504 914 3549 et
941 3497 1326 3551 convenienter
1348 3496 1657 3561 retinendo,
1687 3497 1831 3565 quod

243 3586 457 3639 scelesti
488 3584 890 3653 dispensatione
936 3587 1191 3641 collatum
1222 3597 1321 3650 est,
1356 3588 1559 3659 pariter
1586 3589 1739 3641 nobis
1777 3596 1832 3642 et

244 3677 668 3744 cognoscibilem
699 3678 866 3731 Deum
900 3678 1034 3742 fieri,
1064 3689 1118 3733 et
1146 3680 1331 3733 tribuit
1372 3695 1493 3734 esse
1540 3691 1827 3736 rectorem.

243 3764 377 3819 Nam
411 3776 464 3820 et
508 3767 553 3820 si
594 3767 722 3834 quid
756 3768 1060 3835 indulgetur
1089 3770 1155 3824 de
1189 3777 1489 3838 temporum
1535 3773 1832 3839 quantitate

245 3859 487 3911 moribus
512 3867 800 3925 aggregata
825 3859 1144 3914 strenuitate
1176 3870 1436 3928 pensatur
1461 3880 1473 3913 :
1507 3862 1553 3915 si
1581 3864 1702 3915 vita:
1719 3862 1831 3930 jam

244 3951 530 4016 proposito
582 3950 907 4012 continetur,
938 3950 1080 4020 quod
1130 3951 1396 4019 protelata
1454 3951 1627 4006 fuerat
1673 3963 1832 4008 aetate

245 4038 574 4101 curandum,
600 4037 891 4093 dummodo
914 4039 1002 4092 illa
1025 4039 1328 4093 nullatenus
1354 4040 1684 4095 dissimulata
1708 4043 1833 4096 sub-

243 4129 449 4195 ripiant
480 4147 493 4181 2
526 4144 755 4197 quorum
786 4130 1061 4199 quodlibet
1102 4130 1157 4183 in
1210 4144 1329 4185 esse
1358 4130 1612 4186 claruerit
1641 4132 1833 4186 merito

244 4217 589 4271 clericalibus
612 4217 790 4271 infulis
813 4218 1203 4287 reprobabilem
1232 4220 1517 4274 convincat
1558 4235 1678 4275 esse
1705 4236 1833 4289 per-

246 4323 458 4361 sonam.
505 4307 615 4362 Etsi
646 4310 734 4362 illa
784 4324 1165 4378 nonnunquam
1195 4310 1418 4365 sinenda
1463 4320 1607 4374 sunt,
1640 4327 1759 4382 qua:
1787 4312 1833 4366 si

247 4407 573 4451 cancrorum
619 4406 832 4453 constet
882 4399 1161 4467 integritas
1186 4442 1203 4465 ,
1227 4399 1343 4454 sola
1374 4415 1569 4454 nocere
1598 4417 1706 4456 non
1736 4417 1831 4454 va-

1931 3210 2049 3268 est,
2093 3216 2198 3271 qua
2250 3199 2641 3271 propemodum
2690 3208 2980 3253 causantur
3020 3198 3253 3253 universi
3304 3198 3503 3267 passim

1930 3312 2137 3361 servos,
2162 3304 2217 3349 et
2245 3293 2564 3362 originarios
2584 3294 2920 3347 dominorum
2937 3292 3058 3361 jura
3088 3291 3506 3362 possessionem-

1930 3407 2034 3462 que
2064 3391 2329 3459 fugientes
2380 3389 2478 3444 sub
2509 3390 2771 3456 religiosae
2826 3391 3257 3445 conversationis
3282 3389 3504 3445 obtentu

1931 3484 2014 3537 vel
2061 3484 2127 3537 ad
2157 3484 2483 3538 monasteria
2512 3498 2632 3537 sese
2683 3481 2947 3548 conferre,
2979 3482 3062 3538 vel
3090 3482 3156 3536 ad
3187 3482 3507 3537 ecclesiasti-
3551 3533 3555 3536 .

1930 3588 2049 3626 cum
2080 3572 2415 3637 famulatum,
2447 3572 2819 3627 cohibentibus
2847 3587 3063 3641 quoque
3092 3571 3405 3642 przesulibus
3426 3571 3506 3624 in-

1932 3661 2241 3718 differenter
2272 3664 2499 3717 admitti.
2533 3661 2662 3728 Qua:
2710 3662 2882 3716 modis
2934 3663 3183 3717 omnibus
3228 3673 3309 3718 est
3356 3678 3511 3717 amo-

1932 3753 2102 3807 venda
2155 3754 2422 3823 pernicies
2450 3772 2462 3806 :
2490 3769 2557 3807 ne
2593 3769 2689 3822 per
2716 3753 3005 3807 Christiani
3036 3754 3266 3809 nominis
3295 3752 3510 3807 institu-

1933 3852 2046 3897 tum
2074 3854 2167 3898 aut
2195 3844 2368 3897 aliena
2411 3844 2652 3914 pervadi,
2686 3852 2777 3897 aut
2806 3844 3018 3911 publica
3063 3843 3307 3898 videatur
3344 3843 3504 3898 disci-

1933 3935 2075 4005 plina
2118 3935 2375 3989 subverti.
2408 3933 2678 4003 Prmeipue
2705 3976 2719 4000 ,
2751 3949 2870 3987 cum
2900 3949 2998 3988 nec
3028 3934 3197 4003 ipsam
3224 3935 3504 3989 ministerii

1934 4025 2197 4079 clericalis
2222 4024 2323 4078 hac
2352 4023 2677 4099 obligatione
2726 4022 2917 4077 fuscari
2947 4023 3235 4077 conveniat
3279 4021 3505 4091 dignita-

1936 4127 2064 4184 tem,
2094 4125 2424 4184 cogaturque
2451 4130 2550 4185 pro
2594 4122 2739 4169 statu
2783 4114 3124 4169 militantium
3154 4115 3285 4179 sibi,
3313 4115 3507 4170 condi-

1934 4211 2186 4278 tioneque
2206 4209 2428 4278 jurgari,
2454 4217 2547 4262 aut
2568 4207 2735 4262 videri
2763 4207 2929 4279 (quod
2957 4208 3114 4280 absit)
3138 4208 3367 4263 obnoxia
3387 4209 3510 4277 qui-

1936 4309 2036 4362 bus
2071 4307 2303 4361 sollicita
2359 4310 2728 4374 competenter
2779 4302 3157 4358 interdictione
3205 4303 3508 4374 prohibitis.

1936 4398 2188 4468 Quisquis
2228 4396 2527 4464 episcopus,
2562 4394 2860 4493 presbyt‘er,
2890 4394 3169 4461 diaconus,
3201 4395 3288 4451 vel
3316 4410 3504 4451 eorum

246 4487 397 4541 leant
422 4505 435 4538 :
469 4488 559 4540 illa
589 4496 767 4542 tamen
791 4497 917 4543 sunt
944 4505 1270 4559 magnopere
1300 4490 1649 4560 praecavenda
1668 4533 1682 4557 ,
1713 4506 1832 4561 quae
1863 4511 1906 4566 υ
1938 4489 2027 4557 qui
2057 4485 2397 4541 monasteriis
2425 4498 2657 4553 praeesse
2701 4484 3013 4546 noscuntur,
3040 4484 3344 4554 hujusmodi
3390 4500 3512 4555 per-

242 4578 417 4646 recipi
444 4579 563 4632 sine
601 4576 883 4632 ntanifesta
915 4577 1320 4634 decoloratione
1348 4596 1455 4634 non
1485 4589 1725 4650 possunt.
1759 4582 1834 4635 Ac

245 4667 292 4721 si
318 4683 380 4721 ea
404 4670 538 4737 ipsa,
558 4683 677 4737 quae
698 4669 847 4722 nullo
867 4668 1191 4724 detrimento
1214 4669 1497 4738 aliquoties
1519 4670 1834 4739 indulgenda

244 4756 579 4820 creduntur,
619 4758 707 4811 vel
736 4773 917 4812 rerum
957 4766 1371 4828 temporumque
1401 4760 1545 4828 cogit
1592 4759 1832 4819 intuitus.

244 4847 337 4901 vel
361 4847 681 4902 accelerate
703 4849 1026 4917 provisionis
1048 4857 1326 4917 respectus
1353 4856 1577 4903 excusat
1600 4865 1612 4900 :
1638 4856 1837 4918 quanto

242 4939 425 5006 magis
452 4939 543 4993 illa
596 4940 904 4994 nullatenus
947 4939 1241 4993 mutilanda
1285 4946 1428 5003 sunt,
1460 4954 1578 5006 quae
1607 4953 1706 4993 nec
1733 4938 1836 4992 ulla

242 5029 578 5094 necessitas,
618 5044 719 5083 nec
748 5028 1112 5085 ecclesiastica
1141 5043 1361 5099 prorsus
1408 5036 1693 5096 extorquet
1736 5030 1838 5082 uti-

236 5122 414 5174 litas?

232 5232 317 5288 Ct
352 5242 545 5301 prater
562 5232 809 5303 paschale
850 5241 1069 5301 tempus,
1094 5232 1171 5285 rel
1193 5230 1531 5285 Pentecosten
1567 5246 1715 5303 nemo
1740 5230 1834 5303 ba-

312 5299 523 5372 ptizare
547 5299 848 5371 prwsnmat,
875 5299 975 5355 nisi
996 5318 1171 5355 onmes
1203 5310 1401 5353 tantum
1428 5316 1554 5369 quos
1585 5299 1836 5369 (egritudo

315 5384 554 5426 extrema
582 5374 911 5441 compulerit.

318 5483 393 5540 Χ.
443 5485 751 5555 Baptizandi
806 5485 905 5538 sibi
949 5485 1211 5555 quispiam
1271 5485 1467 5554 passim
1520 5497 1841 5551 quocunque

227 5588 501 5645 tempore
527 5577 726 5630 nullam
759 5574 943 5630 credat
973 5576 1147 5630 inesse
1189 5574 1463 5641 fiduciam,
1515 5582 1712 5643 przeter
1742 5572 1842 5625 Pa-

226 5668 443 5723 schale
473 5667 693 5731 festum,
738 5676 793 5722 et
819 5663 1173 5720 Pentecosten
1204 5666 1507 5720 venerabile
1537 5678 1842 5718 sacramen—

228 5774 393 5829 tum,
422 5767 655 5827 excepto
683 5757 945 5813 duntaxat
973 5757 1266 5825 gravissimi
1296 5755 1569 5822 languoris
1599 5754 1835 5815 incursu,

1938 4594 2100 4633 sanas
2143 4576 2286 4645 apud
2316 4591 2375 4629 se
2406 4582 2652 4629 tenentes
2690 4590 2797 4628 non
2845 4574 3203 4629 restituendas
3250 4576 3511 4645 patronis,

1940 4675 2031 4722 ant
2059 4667 2313 4735 deinceps
2341 4666 2423 4720 vel
2454 4665 2833 4720 ecclesiasticae
2856 4665 3121 4733 servituti,
3143 4666 3226 4721 vel
3253 4666 3514 4734 religiosis

1941 4755 2448 4827 congregationibus
2475 4754 2781 4824 putaverint
2810 4755 3171 4824 applicandas,
3204 4756 3306 4811 nisi
3335 4756 3516 4811 volun.

1944 4857 2054 4903 tate
2084 4847 2308 4902 forsitan
2355 4846 2696 4901 dominorum
2726 4846 2822 4901 sub
2870 4846 3159 4916 Scriptura:
3206 4846 3513 4901 testimonio

1944 4939 2189 5010 primitus
2216 4936 2509 4999 absolutas,
2533 4943 2626 4989 aut
2651 4934 2887 5003 legitima
2916 4934 3276 4989 transactionc
3299 4948 3513 4988 conces.

1945 5046 2076 5086 sas:
2110 5029 2407 5099 periculum
2437 5043 2496 5083 se
2547 5028 2769 5083 honoris
2813 5026 3017 5097 proprii
3062 5042 3167 5080 non
3221 5024 3513 5095 ambigam.

1944 5120 2446 5188 communionisque
2488 5118 2786 5184 subituros,
2811 5116 2856 5169 si
2903 5129 3067 5184 super
3096 5117 3197 5170 hac
3225 5129 3287 5169 re
3337 5114 3516 5185 cujus-

1944 5226 2103 5279 quam
2129 5226 2293 5264 verax
2345 5223 2445 5261 nos
2492 5208 2712 5275 querela
2741 5204 3050 5275 pulsaverit.
3089 5203 3293 5272 Magnis
3320 5206 3519 5277 quippe

1946 5300 2133 5353 studiis
2183 5296 2477 5352 secundum
2504 5296 2720 5349 beatum
2750 5290 3067 5363 Apostolum
3109 5292 3514 5362 prmcavendnm

1947 5397 2057 5454 est,
2090 5404 2157 5443 ne
2206 5386 2358 5448 fides.
2410 5392 2468 5439 et
2515 5382 2799 5451 disciplina
2856 5379 3069 5436 Domini
3120 5381 3511 5452 blasphemetut

1948 5478 2125 5550 (Rom.
2158 5494 2276 5541 xiv;
2303 5475 2327 5529 Ι
2356 5475 2487 5529 Tim.
2513 5475 2608 5543 vt).

1953 5590 2020 5645 Ut
2066 5590 2239 5643 clerici
2288 5588 2458 5641 nullas
2502 5585 2875 5654 negotiationes
2916 5584 3216 5639 inhonestus
3248 5588 3299 5638 et
3346 5586 3522 5656 turpia
3562 5586 3563 5589 “

2511 5659 2655 5709 lucra
2682 5664 2955 5709 sectentur.

2022 5748 2133 5805 XV.
2160 5746 2508 5815 Consequens
2554 5744 2683 5809 fuit,
2709 5754 2766 5800 ut
2814 5746 2899 5801 illa
2930 5759 3310 5815 quoquc,qu
3341 5743 3404 5798 de
3438 5741 3494 5795 l‘i
