3916 6202
316 334 419 405 ως

1595 322 1951 381 DIONYSIUS
1989 322 2075 377 F-X
2085 318 2196 379 IGU
2206 319 2305 377 US.

3474 311 3581 369 ωε

316 449 439 513 ,eeni
461 446 701 519 partibus
738 462 912 517 nuper
929 444 998 501 ad
1027 459 1125 499 nos
1170 442 1333 497 missa
1362 441 1555 496 relatio
1601 438 1889 502 nuntiavit,
1924 444 1969 499 Λ
2000 449 2161 503 quam
2210 448 2377 489 sacrm
2430 429 2782 502 professionis
2840 428 3068 519 oblitos,
3110 426 3587 498 praevaricatores-

324 556 431 605 non
460 538 830 609 praetereunda
860 544 1200 606 putaremus,
1232 533 1285 588 id
1313 541 1397 588 est
1436 532 1697 601 plurimos
1734 530 1898 584 cleri-

326 645 514 685 corum
540 627 997 696 negotiationibus
1029 624 1359 687 inhonestis,
1388 632 1443 677 et
1471 622 1635 676 lucris
1658 619 1902 689 turpibus

328 720 635 786 imminere,
679 718 826 772 nullo
879 716 1086 786 pudore
1114 723 1396 769 cernentes
1424 712 1786 781 evangelieam
1827 710 1900 763 le-

332 811 591 874 ctionem,
621 809 749 877 quia
804 806 918 877 ipse
947 807 1204 861 Dominus
1257 805 1622 873 negotiatores
1650 818 1681 856 e
1704 802 1905 870 templo

330 902 646 957 verberatos
680 898 907 967 ﬂagellis
937 898 1195 953 asseritur
1222 897 1493 967 expulisse
1521 894 1737 965 (Matth.
1761 910 1904 957 xxu;

324 990 489 1046 Joan.
522 990 601 1059 ιι).
629 989 739 1043 Nec
764 988 1015 1057 Apostoli
1039 992 1199 1041 verba
1229 986 1549 1049 recolentes,
1568 984 1762 1051 quibus
1789 982 1866 1035 ait
1891 999 1903 1033 :

333 1080 504 1134 Nemo
534 1080 770 1134 militans
804 1078 914 1133 Deo
954 1077 1192 1145 implicat
1220 1090 1279 1130 se
1306 1075 1537 1142 negotiis
1566 1072 1911 1127 strcularibus

337 1168 427 1237 (ιι
459 1169 592 1224 Tim.
616 1171 697 1238 ιι).
730 1168 1069 1223 Psalmistam
1094 1181 1309 1236 quoque
1359 1164 1526 1221 David
1567 1163 1724 1218 surda
1755 1161 1913 1217 dissi-

337 1259 603 1313 mulantes
623 1272 753 1313 aure
778 1265 1084 1313 cantantem
1110 1274 1123 1308 :
1147 1255 1411 1321 Quoniam
1442 1270 1550 1308 non
1578 1254 1805 1321 cognovi
1826 1266 1917 1306 ne-

338 1349 685 1417 gotiationes,
709 1348 941 1403 introibo
967 1347 1021 1401 in
1040 1346 1308 1415 potentias
1327 1344 1538 1398 Domini
1563 1342 1735 1412 (Psal.
1762 1341 1912 1411 Lxx);

342 1438 574 1507 proinde
603 1437 905 1506 hujusmodi
934 1444 1029 1490 aut
1058 1436 1125 1490 ab
1173 1435 1405 1502 indignis
1448 1433 1673 1503 posthac
1697 1430 1918 1500 quzesti-

342 1528 441 1583 bus
468 1528 721 1583 noverint
760 1527 1154 1591 abstinendum,
1182 1535 1238 1581 et
1258 1526 1326 1580 ab
1353 1525 1602 1579 omnibus
1630 1522 1918 1591 cujuslibet

343 1620 728 1689 negotiationis
776 1620 1003 1689 ingeniis
1030 1659 1046 1683 ,
1105 1617 1510 1687 cupiditateque
1551 1612 1871 1669 cessandum
1900 1650 1917 1677 ,

343 1714 509 1771 autin
530 1728 852 1783 quocunque
881 1712 1047 1781 gradu
1094 1712 1202 1766 sint
1230 1711 1410 1780 positi,
1444 1724 1568 1763 mox
1598 1723 1627 1761 a
1651 1705 1921 1762 clericali-

1998 537 2105 591 que
2144 523 2314 577 sancti
2356 520 2618 591 propositi
2658 519 2843 589 procul
2884 517 3047 572 dubio
3090 516 3504 572 submovendas.

2003 630 2155 695 Quod
2183 633 2451 687 daemoniis
2477 632 2695 699 aliisque
2715 628 3039 698 passionibus
3060 630 3272 682 irretitis
3293 627 3581 685 ministeria

2409 716 2561 755 sacra
2598 709 2824 753 tractare
2862 716 2964 753 non
2995 699 3164 752 liceat.

2076 791 2219 847 XIX.
2250 789 2432 860 Usque
2474 790 2610 844 adeo
2638 803 2769 843 sane
2797 790 3159 858 comperimus
3206 788 3390 844 illicita
3436 803 3583 856 qua-

2006 897 2113 951 que
2142 893 2518 950 prorumpere,
2543 886 2603 933 ut
2624 878 2899 933 daemoniis
2926 877 3292 945 similibusque
3320 878 3584 947 passioni-

2008 973 2108 1028 bus
2146 972 2367 1027 irretitis
2414 970 2708 1025 ministeria
2736 976 3080 1024 sacrosancta
3108 976 3340 1022 tractare
3381 968 3586 1022 tribua-

2011 1071 2114 1126 tur,
2141 1062 2336 1130 quibus
2362 1060 2407 1115 si
2446 1061 2499 1113 in
2530 1061 2633 1113 hoc
2662 1074 2828 1128 opere
2873 1058 3062 1128 positis
3102 1056 3302 1125 aliquid
3352 1057 3585 1127 propria:

2012 1152 2348 1209 necessitatis
2368 1158 2636 1213 occurrat,
2661 1151 2781 1219 quis
2803 1149 2870 1205 de
2889 1164 2983 1205 sua
3007 1148 3239 1205 fidelium
3267 1148 3439 1203 salute
3458 1164 3589 1203 oon-

2016 1244 2161 1308 ftdat,
2199 1243 2286 1297 ubi
2334 1242 2609 1295 ministros
2652 1240 2799 1311 ipsos
2826 1239 3119 1295 curationis
3149 1239 3393 1292 humana:
3440 1247 3588 1294 tanta

2015 1334 2352 1403 perspexerit
2379 1332 2687 1387 calamitate
2715 1332 2940 1385 vexari?
2981 1330 3158 1400 Atque
3187 1330 3307 1385 ideo
3335 1344 3591 1385 necessa-

2018 1427 2099 1480 rio
2156 1424 2467 1480 removendi
2518 1431 2672 1489 sunt,
2725 1438 2795 1479 ne
2842 1422 3206 1492 quibuslibet,
3252 1437 3351 1491 pro
3398 1421 3595 1490 quibus

2018 1518 2263 1574 Christus
2284 1526 2368 1573 est
2388 1524 2651 1581 mortuus,
2680 1516 2993 1570 scandalum
3032 1521 3318 1582 generetur
3346 1511 3595 1569 infirmis.

2022 1612 2304 1667 Postremo
2344 1610 2388 1664 si
2429 1624 2658 1678 corpore
2694 1607 2990 1662 sauciatum
3036 1604 3290 1663 fortassis.
3322 1610 3415 1656 aut
3440 1602 3595 1657 dehi~

2024 1703 2127 1757 lem
2152 1715 2490 1775 nequaquam
2520 1706 2705 1752 sancta
2734 1697 3046 1764 contingere
3074 1694 3162 1749 lex
3189 1693 3367 1748 divina
3392 1692 3596 1762 permi—

332 1805 444 1873 rhus
488 1805 681 1861 officiis
706 1782 981 1859 abstinere
1008 1811 1288 1870 cogantur,
1322 1801 1578 1870 quoniam
1606 1798 1797 1852 domus
1826 1796 1920 1849 Dei
1951 1803 1999 1861 Β
2023 1793 2093 1847 sit
2142 1791 2319 1859 (Rom.
2367 1806 2488 1854 xiv;
2524 1787 2550 1842 1
2582 1787 2780 1841 Corint.
2823 1802 2944 1850 vui;
2983 1782 3147 1838 Leuit.
3189 1782 3319 1853 xxu)
3350 1799 3362 1835 :
3394 1789 3598 1850 quanto

346 1894 536 1948 domus
583 1894 848 1948 orationis
876 1904 930 1946 et
957 1908 1076 1947 esse
1119 1892 1311 1955 debet,
1351 1900 1407 1944 et
1434 1889 1538 1943 dici
1564 1905 1577 1940 :
1609 1902 1678 1941 ne
1707 1884 1922 1941 ofﬁcina

348 1984 746 2051 negotiationis,
777 1991 831 2037 et
858 1983 1114 2053 spelunca
1134 1981 1315 2051 potius
1341 1980 1413 2034 sit
1451 1978 1721 2033 latronum
1767 1975 1920 2046 (Luc.

350 2089 464 2139 xtx;
498 2073 631 2129 Isai.
656 2074 786 2144 Lvt).

352 2184 419 2242 Ut
440 2202 586 2241 nemo
615 2187 814 2240 litteras
843 2185 1098 2249 nesciens,
1115 2184 1192 2238 vel
1212 2184 1386 2250 aliqua
1413 2189 1561 2252 parte
1578 2179 1808 2251 corporis
1828 2179 1927 2232 imc

666 2257 892 2309 minutus
911 2263 1270 2325 promoveatur
1295 2253 1365 2306 ad
1391 2260 1605 2309 clerum.

426 2367 561 2423 XVI.
581 2367 894 2422 lllitteratos
918 2381 1153 2436 quoque,
1182 2374 1237 2420 et
1256 2364 1514 2419 nonnulla
1530 2370 1698 2433 parte
1728 2378 1929 2432 corpo-

355 2462 428 2515 iis
463 2460 774 2513 imminutos
797 2459 912 2511 sine
947 2458 1058 2511 ullo
1108 2464 1357 2525 respectu
1386 2454 1453 2509 ad
1501 2454 1930 2509 ecclesiasticum

355 2550 637 2603 didicimus
666 2548 848 2602 venire
869 2548 1166 2612 servitium,
1198 2546 1343 2615 quod
1371 2546 1529 2600 simul
1576 2546 1797 2615 antiqua
1822 2552 1932 2598 tra-

356 2639 511 2702 ditio,
534 2646 589 2692 et
627 2637 937 2706 apostolica:
966 2637 1108 2692 sedis
1138 2644 1290 2690 vetus
1338 2635 1510 2689 forma
1562 2650 1671 2689 non
1714 2635 1930 2704 recipit,

358 2730 480 2797 quia
503 2743 603 2783 nec
625 2728 816 2782 litteris
844 2744 1035 2783 carens
1063 2728 1231 2783 sacris
1267 2742 1387 2782 esse
1423 2734 1602 2795 potest
1628 2734 1784 2796 aptus
1813 2724 1933 2780 offi-

358 2820 473 2883 ciis,
499 2819 819 2873 etvitiosum
846 2819 979 2873 nihil
1006 2818 1118 2872 Deo
1145 2833 1364 2888 prorsus
1390 2816 1570 2871 offerri
1599 2818 1789 2886 legalta
1806 2832 1937 2887 pra:-

360 2919 511 2980 cepta
536 2918 833 2964 sanxerunt
863 2909 1047 2974 (Leuit.
1073 2911 1206 2978 χιιι).
1240 2908 1426 2976 Itaque
1451 2908 1518 2961 de
1543 2917 1739 2961 cmtcro
1759 2906 1935 2961 modis

361 2999 610 3053 omnibus
636 3000 752 3054 lucc
789 3000 1053 3063 vitentur,
1086 3015 1186 3054 nec
1214 3000 1495 3068 quisquam
1523 2998 1645 3052 talis
1672 2998 1933 3067 suscipia—

364 3100 448 3145 tur
473 3091 525 3144 in
572 3092 794 3145 clerum.
827 3090 883 3145 Si
913 3106 1003 3158 qm
1050 3105 1180 3145 vero
1209 3091 1295 3145 vel
1339 3090 1647 3144 temeritate
1692 3089 1929 3159 propria,

364 3182 447 3236 vel
474 3183 677 3236 incuria
704 3182 1099 3252 prmsidentinm
1128 3183 1262 3237 tales
1291 3192 1415 3237 ante
1455 3184 1685 3252 suscepti
1708 3191 1849 3247 sunt,
1880 3183 1935 3236 in
1965 3169 2008 3229 Ο

364 3273 446 3329 his
474 3274 665 3343 quibus
694 3274 970 3329 constituti
999 3282 1122 3327 sunt
1144 3273 1276 3327 locis
1298 3282 1521 3328 eatenus
1549 3282 1896 3343 perseverent
1922 3292 1934 3327 :

366 3374 423 3416 ιιι
450 3366 580 3417 nihil
621 3381 853 3435 unquam
873 3366 1240 3442 ppromotionis
1270 3366 1558 3435 airipiant,
1583 3367 1816 3435 satisque
1844 3367 1941 3420 ha-

367 3455 545 3519 beant,
574 3456 678 3511 hoc
707 3455 878 3524 ipsum
927 3456 1028 3511 sibi
1078 3471 1175 3525 pro
1225 3456 1385 3509 nimia
1430 3456 1772 3510 miseratione
1818 3470 1941 3525 per-

370 3559 605 3600 llllSSllm.

729 3658 801 3712 De
826 3660 904 3713 Itis
927 3662 1012 3729 qui
1038 3677 1230 3731 setpsos
1256 3661 1580 3715 abscindunt.

443 3772 599 3826 XVII.
633 3774 705 3827 De
736 3773 819 3827 his
840 3782 1016 3828 autem
1038 3773 1129 3843 qui
1159 3774 1479 3843 semetipsos
1506 3775 1833 3830 absciderint
1854 3791 1946 3846 pa~

372 3864 509 3919 terni
524 3880 758 3918 canones
779 3865 1058 3920 evidenter
1076 3865 1347 3934 sequenda
1369 3875 1687 3935 posuerunt,
1715 3882 1943 3936 quorum

371 3966 612 4009 tenorem
639 3953 869 4009 sufficiet
894 3955 1166 4009 indidisse.
1194 3954 1388 4009 Dicunt
1416 3956 1559 4011 enim
1591 3958 1716 4010 talia
1752 3973 1948 4027 perpe-

374 4054 591 4109 trantes,
634 4061 762 4100 mox
812 4053 868 4100 ut
911 4046 1072 4112 agniti
1130 4048 1353 4111 fuerint,
1383 4062 1411 4099 a
1444 4062 1666 4101 munere
1712 4047 1947 4102 clericali

373 4140 569 4194 debere
610 4139 833 4204 secludi,
862 4139 1006 4207 quod
1044 4136 1227 4195 modis
1247 4140 1496 4194 omnibus
1541 4139 1811 4194 custodire
1850 4155 1949 4194 nos

374 4229 657 4295 convenit,
696 4229 820 4296 quia
879 4229 959 4281 fas
1018 4243 1137 4281 esse
1192 4228 1323 4281 nulli
1379 4228 1704 4297 suppeditat,
1756 4241 1951 4298 prmter

375 4322 462 4374 illa
525 4320 815 4390 quidquam
873 4334 990 4391 quae
1056 4319 1421 4373 memorabilis
1467 4318 1705 4375 decrevit
1754 4320 1949 4390 forma,

376 4426 615 4465 censere.

2026 1886 2196 1953 magis
2214 1884 2343 1939 doni
2365 1881 2598 1937 caelestis
2624 1879 3022 1948 dispensatores
3041 1890 3159 1930 esse
3180 1889 3288 1929 non
3311 1872 3598 1938 convenit,

2027 1975 2171 2045 quod
2199 1982 2285 2028 est
2303 1971 2559 2036 deterius,
2590 1977 2770 2024 mente
2799 1966 3125 2037 perculsos?

2033 2082 2183 2148 Quod
2207 2084 2257 2137 lii
2287 2084 2372 2150 qui
2393 2099 2448 2136 se
2473 2082 2634 2135 sacris
2663 2078 2942 2151 uirginibus
2969 2078 3188 2140 sociant,
3217 2082 3266 2128 et
3295 2073 3489 2151 {edere
3516 2074 3603 2151 in:

2105 2165 2247 2207 cesta
2274 2144 2621 2213 commiscent,
2664 2144 3041 2204 communicare
3087 2164 3189 2201 non
3242 2144 3468 2215 possint,
3501 2145 3603 2197 nisi

2104 2226 2235 2294 forte
2262 2223 2516 2293 publicam
2542 2221 2890 2291 pmnitentiam
2912 2219 3183 2289 gesserint.

2104 2313 2221 2368 XX.
2254 2313 2561 2382 Virginibus
2588 2312 2757 2365 sacris
2788 2319 2992 2364 temere
3029 2324 3088 2364 se
3116 2308 3376 2379 quosdam
3397 2308 3604 2365 sociare

2033 2402 2405 2469 cognovimus,
2435 2410 2489 2456 et
2512 2408 2634 2470 post
2652 2399 2887 2454 dicatum
2915 2396 3027 2452 Deo
3050 2398 3380 2467 propositum
3404 2396 3603 2452 incesta

2033 2490 2235 2547 foedera
2260 2491 2626 2559 sacrilegaque
2673 2488 2923 2554 miscere,
2952 2502 3087 2557 quos
3116 2486 3365 2556 protinus
3392 2501 3604 2554 tequurn

2035 2592 2121 2638 est
2147 2598 2177 2637 a
2206 2597 2358 2637 sacra
2400 2579 2780 2636 communione
2806 2576 3040 2643 detrudi,
3073 2584 3129 2631 et
3178 2576 3280 2629 nisi
3308 2590 3405 2644 per
3433 2572 3606 2643 publi-

2034 2688 2151 2729 cam
2194 2674 2581 2742 probatamque
2626 2668 2996 2739 pmnitentiam
3024 2665 3242 2719 omnino
3282 2679 3386 2719 non
3417 2663 3607 2732 recipi,

2035 2772 2127 2816 aut
2150 2762 2231 2816 his
2252 2770 2401 2815 certe
2423 2760 2677 2813 viaticum
2707 2756 2774 2811 de
2801 2756 2998 2810 sarculo
3021 2753 3441 2818 transeuntibus,
3468 2752 3514 2807 si
3536 2763 3607 2806 ta-

2035 2867 2157 2906 men
2188 2850 2553 2921 paenituerint,
2588 2863 2694 2902 non
2719 2854 2961 2915 negetur.

2041 2961 2193 3025 Quod
2219 2961 2409 3023 vidule,
2443 2966 2499 3012 ut
2543 2974 2701 3027 supra
2731 2956 2924 3009 dictum
2963 2962 3058 3027 est,
3087 2970 3190 3007 non
3214 2953 3461 3027 velentur,
3491 2962 3540 3006 et
3566 2956 3609 3006 si

2107 3033 2395 3101 professum
2424 3024 2790 3101 continentiam
2836 3025 3093 3101 proposito
3134 3034 3329 3101 mutato
3380 3024 3609 3101 calcave-

2112 3094 2233 3161 ritii,
2266 3102 2391 3169 ipsa:
2425 3116 2516 3169 pro
2545 3115 2599 3152 se
2642 3094 2897 3151 rationem
2940 3094 3050 3149 Deo
3079 3111 3171 3166 pro
3215 3095 3319 3147 suis
3349 3094 3451 3147 sint
3480 3094 3610 3145 acti-

2110 3170 2201 3223 bus
2227 3171 2524 3223 redditurw.

2109 3258 2251 3312 XXI.
2276 3258 2406 3312 Nam
2441 3259 2507 3311 de
2534 3257 2709 3316 viduis
2738 3256 2836 3313 sub
2866 3256 3005 3310 nulla
3032 3253 3403 3309 benedictione
3426 3252 3613 3309 velan-

2038 3351 2138 3413 dis,
2170 3352 2415 3420 superius
2442 3350 2548 3403 late
2572 3350 2822 3403 duximus
2846 3346 3238 3410 disserendum,
3263 3360 3381 3415 qua:
3419 3344 3462 3398 si
3484 3360 3612 3413 pro—

2040 3444 2153 3512 pria
2178 3441 2456 3495 voluntate
2477 3438 2773 3509 professam
2806 3438 3017 3507 pristini
3048 3435 3278 3504 conjugii
3309 3437 3615 3490 castitatem

2042 3531 2285 3585 mutabili
2315 3538 2496 3583 mente
2524 3527 2867 3591 calcaverlnt,
2883 3527 3105 3596 periculi
3136 3542 3319 3580 earum
3347 3526 3617 3594 intererit,

2043 3623 2185 3693 quali
2211 3622 2376 3676 Deum
2393 3620 2625 3674 debeant
2644 3619 3009 3673 satisfactione
3028 3618 3260 3687 placare.
3278 3616 3429 3672 Sicut
3448 3619 3619 3683 enim,

2044 3715 2089 3768 si
2138 3727 2195 3767 se
2245 3711 2465 3765 forsitan
2518 3709 2796 3763 continere
2845 3722 2951 3760 non
3000 3714 3291 3775 poterant,
3323 3706 3619 3761 secundum

2048 3801 2364 3872 Apsstolum
2394 3799 2448 3871 (Ι
2478 3798 2665 3853 Timet.
2700 3799 2756 3866 v)
2786 3797 3090 3851 nullatenus
3118 3796 3319 3850 nubere
3358 3794 3621 3849 vetaban~

2048 3904 2134 3949 tur
2160 3912 2171 3946 :
2203 3894 2279 3948 sic
2302 3892 2480 3946 habita
2511 3906 2691 3945 secum
2722 3889 3108 3944 deliberatione
3149 3888 3464 3956 promissam
3507 3885 3623 3939 Deo

2051 3986 2319 4057 pudicitiae
2342 3984 2497 4039 fidem
2519 3982 2817 4037 debuerunt
2836 3980 3121 4034 custodire.
3148 3978 3256 4034 Nos
3283 3987 3462 4032 autem
3503 3977 3625 4031 nul-

2051 4080 2158 4133 lum
2186 4076 2379 4131 talibus
2402 4076 2648 4143 laqueum
2677 4072 2935 4127 debemus
2958 4070 3197 4139 injicere,
3222 4068 3317 4124 sed
3352 4067 3495 4123 solas
3523 4066 3626 4121 ad-

2051 4169 2392 4225 hortationes
2418 4164 2622 4235 pracmii
2645 4162 2976 4231 sempiterni,
3002 4174 3295 4230 pinnasque
3317 4172 3629 4228 proponere

2053 4259 2216 4313 divini
2242 4256 2466 4325 judicii:
2500 4263 2559 4309 ut
2583 4261 2762 4308 nostra
2803 4253 2872 4306 sit
2898 4252 3138 4306 absoluta
3187 4250 3535 4312 conscientia,
3568 4256 3629 4302 et

2055 4351 2265 4404 illarum
2290 4364 2387 4418 pro
2416 4362 2474 4401 se
2496 4347 2757 4401 rationem
2793 4344 2905 4399 Deo
2934 4343 3121 4398 reddat
3151 4343 3394 4397 intentio.
3419 4340 3631 4396 Caveno

2062 4441 2187 4494 dum
2214 4447 2297 4493 est
2341 4437 2559 4506 quippe,
2588 4450 2705 4503 quae
2747 4434 2814 4488 de
2841 4448 3026 4487 earum
3056 4432 3291 4485 moribus
3315 4432 3634 4498 actibusquo

379 4516 527 4596 Quod
556 4520 625 4571 αά
650 4522 853 4596 clerum
887 4518 1159 4596 ςνὲηιξζιόδὶ,
1180 4531 1432 4596 "emicat?!
1470 4525 1758 4596 promoveri
1776 4563 1790 4596 ι
1823 4534 1871 4596 et
1898 4527 1951 4578 in
1985 4524 2032 4583 D
2057 4530 2247 4585 beatus
2275 4529 2471 4584 Paulus
2493 4538 2719 4583 testatur
2743 4526 3016 4596 apostolus
3039 4523 3305 4594 (Ibidem),
3349 4523 3491 4592 quod
3513 4524 3634 4593 pla-

445 4589 581 4658 clero
607 4589 781 4658 positi,
810 4591 855 4642 si
896 4591 951 4641 in
978 4588 1232 4658 aliquibus
1255 4588 1477 4658 fuerint.
1497 4594 1685 4645 inventi
1717 4594 1950 4647 crimini-

447 4656 557 4723 bus,
583 4656 616 4710 ά
644 4659 749 4711 suis
780 4660 958 4728 ofﬁciis
981 4656 1273 4712 arceantur.

444 4767 627 4825 XVIII.
665 4767 1038 4840 Comperimus
1091 4770 1252 4824 etiam
1309 4770 1588 4827 horrendis
1635 4742 1966 4842 quihusdam

378 4862 689 4918 criminibus
716 4861 1033 4931 implicatos,
1068 4869 1179 4916 tota
1206 4861 1529 4916 discretione
1558 4862 1820 4927 submota,
1845 4879 1953 4917 non

352 4946 549 5007 'solum
580 4952 649 5007 de
690 4951 842 5006 factis
881 4951 1152 5006 atrocibus
1183 4953 1539 5007 necessariam
1567 4954 1954 5023 pmnitudinem

379 5062 488 5100 non
514 5044 712 5098 habere
731 5085 743 5105 ,
777 5043 870 5097 sed
900 5057 1001 5098 nec
1026 5043 1203 5111 aliqua
1232 5044 1571 5114 correptione
1596 5045 1808 5113 penitus
1836 5060 1957 5099 suc-

382 5133 608 5188 cedente
655 5132 721 5187 ad
750 5132 989 5187 divinum
1043 5133 1397 5188 ministerium
1427 5134 1795 5205 honoremque
1829 5150 1959 5189 con-

384 5224 623 5279 tendere.
655 5224 952 5279 Nonnullos
976 5234 1156 5279 autem
1189 5224 1241 5279 in
1283 5226 1412 5295 ipsis
1442 5227 1722 5281 ordinibus
1756 5227 1958 5281 consti-

386 5322 531 5367 tutos
556 5315 805 5383 gravibus
834 5317 1205 5385 delinquentes
1233 5315 1561 5372 facinoribus
1583 5332 1688 5370 non
1718 5318 1903 5385 repelli
1940 5336 1953 5372 :

384 5419 504 5457 cum
552 5412 608 5458 et
654 5404 942 5473 Apostolus
991 5406 1185 5461 clamet
1215 5405 1269 5475 (I
1298 5404 1427 5458 Tim.
1463 5406 1540 5473 v),
1592 5406 1802 5461 Nemini
1850 5407 1958 5461 cito

384 5511 577 5550 manus
606 5495 973 5564 imponendas,
997 5512 1169 5566 neque
1193 5497 1694 5551 communicandum
1724 5498 1961 5567 peccatis

389 5587 575 5640 alienis
604 5604 617 5638 :
652 5594 705 5639 et
744 5584 1007 5654 majorum
1054 5588 1360 5642 veneranda
1390 5588 1681 5642 constituta
1724 5604 1961 5656 promtu-

393 5676 545 5741 tienl,
595 5666 901 5745 hujusmodi
927 5717 941 5741 ,
974 5678 1183 5732 etiamsi
1230 5676 1368 5733 forte
1424 5680 1822 5747 subrepserint,
1857 5688 1961 5732 tam

391 5769 479 5841 qui
530 5779 652 5825 ante
708 5771 1086 5840 peccaverint,
1143 5771 1383 5826 detectas
1433 5780 1684 5849 oportere
1733 5770 1925 5840 depelli

2059 4624 2178 4675 nius
2203 4633 2474 4689 exponere
2502 4619 2856 4687 prseterimus,
2890 4631 2958 4671 ne
3003 4630 3162 4670 sexus
3213 4614 3473 4669 instabilis
3519 4631 3634 4670 non

2056 4721 2164 4765 tam
2194 4709 2453 4765 deterreri
2480 4722 2639 4778 quam
2669 4708 2944 4762 admoneri
2974 4708 3237 4761 videatur.

2060 4822 2208 4886 Quod
2229 4821 2453 4874 secunda
2475 4820 2715 4890 conjugia
2736 4819 3068 4890 swcularibus
3096 4835 3198 4872 non
3223 4826 3489 4890 negentur,
3518 4818 3638 4890 qui.

2128 4894 2217 4945 bus
2245 4901 2412 4944 tamen
2444 4891 2511 4943 ad
2559 4888 2748 4943 clerum
2770 4906 2863 4959 pro
2893 4889 2986 4943 hoc
3028 4892 3163 4959 facta
3201 4888 3410 4941 minime
3463 4888 3639 4940 venire

2132 4962 2445 5015 conceditur.

2133 5071 2293 5129 XXII.
2342 5071 2619 5128 Secundus
2670 5082 2887 5141 nuptias
2928 5070 3065 5125 sicut
3107 5066 3448 5123 saecularibus
3500 5065 3643 5120 inire

2060 5164 2396 5231 conceditur,
2420 5162 2493 5217 ita
2523 5170 2645 5232 post
2673 5177 2764 5217 eas
2784 5162 2959 5215 nullus
2978 5159 3044 5213 ad
3066 5159 3312 5214 clericale
3330 5159 3529 5212 sinitur
3549 5170 3645 5210 ve.

2062 5256 2177 5308 nire
2206 5254 2508 5320 collegium.
2543 5254 2658 5306 Alia
2687 5261 2769 5306 est
2804 5253 2944 5306 enim
2976 5252 3221 5305 humana:
3249 5247 3521 5316 fragilitati
3545 5261 3645 5315 ge-

2062 5343 2318 5396 neraliter
2343 5357 2599 5396 conccssa
2630 5342 2863 5403 licentia,
2892 5340 2994 5393 alia
3025 5340 3183 5393 debet
3212 5352 3329 5392 esse
3355 5337 3463 5391 vita
3498 5334 3644 5390 divi-

2064 5446 2250 5485 narum
2280 5447 2459 5485 rerum
2483 5432 2702 5485 servitio
2731 5431 2976 5485 dedicata
3010 5429 3061 5502 (I
3085 5428 3203 5483 Cor.
3236 5430 3355 5499 vn).

2070 5537 2135 5590 Ut
2157 5540 2201 5592 si
2229 5541 2339 5608 quis
2368 5542 2644 5609 susceperit
2670 5539 2917 5593 Ecclesia:
2958 5542 3180 5609 prapria:
3220 5539 3563 5609 desertorem,
3595 5549 3648 5609 et

2136 5610 2189 5687 in
2212 5607 2385 5678 aliqua
2414 5607 2702 5677 provexerit
2723 5607 2998 5687 dignitate,
3020 5607 3219 5680 utrique
3240 5608 3511 5663 sententia
3529 5607 3650 5660 sub-

2131 5681 2342 5747 jaceant
2364 5695 2517 5749 quant
2544 5696 2764 5733 canones
2789 5681 3145 5749 prtcﬁxerunt.

2150 5767 2335 5845 XXIII.
2363 5767 2614 5841 Quisquis
2643 5772 2875 5841 proprim
2916 5770 3158 5825 desertor
3186 5768 3464 5840 Ecclesiae,
3485 5770 3653 5826 nullis
