3916 6202
232 319 336 380 309

1285 326 1667 384 COLLECTIO
1706 332 2172 390 DECRETOBUM
2208 336 2314 390 PP.
2359 338 2468 392 πη.

3401 348 3502 414 tito

233 436 595 491 existentibus
621 438 905 505 causis,ad
925 440 1086 494 aliam
1118 426 1400 509 putaverit
1417 441 1817 509 transeundum,
1848 450 1895 507 Α
1923 445 2193 513 mandum,
2225 448 2317 517 qui
2356 448 2631 507 immensis
2675 467 2739 506 ac
2767 455 3150 527 multiplicibus
3175 461 3498 528 pravitatum

233 532 551 593 temereque
577 535 863 596 susceptus
882 528 1062 592 fuerit,
1087 535 1141 582 et
1166 536 1467 598 promotus,
1496 531 1823 588 reverentio-

234 624 352 663 rum
382 627 676 682 canonum,
705 617 795 671 vel
826 618 939 686 ipse
966 618 1051 672 vel
1075 627 1325 687 receptor
1345 618 1478 687 ejus,
1511 629 1671 690 atque
1696 639 1824 691 pro-

236 712 442 770 rector,
470 707 766 761 constituta
793 725 902 764 non
949 708 1171 777 effugiet
1201 724 1319 777 qua:
1357 710 1424 766 de
1452 711 1821 779 hujuscemodi

237 795 715 863 presumptoribus
741 798 1025 866 praefixere
1045 798 1333 853 servanda.

238 902 386 969 Quod
406 908 561 978 siqui
586 911 946 983 exﬁmonachis
964 981 971 983 ξ
991 921 1047 983 et
1070 912 1219 964 laicis
1254 912 1317 965 de
1344 912 1524 981 quibus
1554 931 1711 983 supra
1743 916 1823 968 di-

301 986 438 1053 ctant
484 987 583 1043 est,
614 982 875 1053 eligantur
904 981 972 1053 ad
1001 980 1223 1053 clerum,
1254 980 1367 1034 cunt
1398 983 1537 1035 nulla
1569 980 1702 1053 cogit
1731 1002 1823 1037 nc-

300 1047 537 1124 cessitas,
564 1047 778 1119 antiqua
804 1050 867 1103 de
885 1052 960 1104 eis
980 1049 1162 1124 debent
1184 1052 1417 1104 instituta
1437 1047 1660 1117 servari}
1685 1055 1822 1124 quod

298 1117 653 1192 signabantur
678 1117 883 1173 sacram
917 1121 1133 1174 mercati
1173 1138 1283 1175 esse
1309 1124 1475 1191 pretio
1496 1117 1817 1192 dignitatem,

297 1184 362 1261 εξ
386 1186 554 1253 officio
579 1188 939 1261 deponantur,
971 1206 1095 1261 nam
1139 1184 1348 1245 dantem
1384 1201 1433 1245 et
1486 1184 1820 1261 accipientem

302 1252 538 1308 Simonis
570 1252 716 1327 Magi
738 1252 934 1312 crimen
962 1260 1200 1313 involvit.

300 1339 491 1395 XXIV.
518 1343 598 1399 De
635 1346 916 1401 monachis
945 1346 1208 1415 laicisque
1251 1351 1304 1404 in
1352 1352 1523 1421 prima
1550 1353 1821 1421 copiosius

231 1434 613 1501 prteceptionis
636 1435 795 1505 hujus
814 1445 966 1506 parte
986 1438 1193 1506 digesta
1216 1450 1362 1508 sunt,
1383 1457 1500 1509 qua:
1521 1443 1607 1497 vel
1631 1452 1821 1512 quate-

230 1536 331 1575 nus
354 1538 460 1593 pro
499 1539 679 1579 rerum
725 1534 1138 1595 temporumque
1193 1532 1516 1584 necessitate
1562 1546 1819 1586 concessa

228 1612 355 1676 sint,
401 1614 857 1681 quemadmodum
897 1617 987 1671 ubi
1030 1618 1226 1673 nullius
1256 1618 1380 1673 facti
1422 1622 1715 1674 necessitas
1744 1623 1817 1675 in-

228 1708 437 1757 teresse
466 1705 816 1773 probabitur,
847 1722 953 1760 non
998 1708 1099 1761 nisi
1121 1715 1276 1762 vetus
1326 1709 1590 1764 institutio
1625 1712 1819 1765 debeat

1923 536 2153 590 molibus
2174 540 2427 607 occupati
2442 540 2712 607 ingentem
2734 544 2942 598 ruinam
2964 547 3292 605 multimodis
3313 551 3508 621 impul-

1927 625 2170 682 sionibus
2216 628 2522 696 ediderunt,
2545 646 2664 700 qua:
2712 648 2818 688 non
2848 635 3022 691 solmu
3068 638 3214 708 ipsos
3259 640 3508 700 videatur

1924 716 2171 783 obruere,
2202 719 2297 772 sed
2336 718 2592 775 Ecclesiis
2637 723 2901 780 universis
2929 728 3281 798 mortiferam,
3314 731 3360 787 si
3389 748 3501 788 non

1922 814 2195 870 sanentur,
2228 807 2426 863 inferre
2467 810 2780 879 perniciem.
2812 813 2922 869 Nec
2947 817 3239 885 ambigam,
3269 820 3360 890 qui
3389 820 3513 879 hanc

1923 907 2178 949 exercere
2206 906 2332 951 sunt
2379 898 2518 965 ausi,
2546 900 2639 954 sed
2687 903 2848 956 etiam
2879 905 2971 973 qui
3000 906 3264 964 hactenus
3288 912 3502 979 cognita

1921 984 2203 1052 siluerunt,
2234 987 2333 1041 sub
2354 987 2576 1044 honoris
2602 991 2802 1060 proprii
2830 1007 2890 1047 se
2913 994 3094 1063 jacere
3115 996 3396 1067 dispendio
3416 1042 3431 1066 ,
3456 1002 3501 1057 si

1923 1089 2029 1127 non
2071 1081 2220 1128 tanta
2248 1090 2355 1144 qua
2385 1086 2612 1146 possunt
2654 1081 2929 1139 celeritate
2960 1085 3213 1142 festinent
3239 1099 3298 1145 ut
3326 1091 3503 1148 letha-

1922 1160 1991 1213 lia
2025 1162 2243 1217 vulnera
2289 1167 2617 1234 competenti
2656 1170 3017 1229 medicatione
3061 1186 3339 1235 curentur.
3381 1180 3501 1249 Quo

1922 1253 2065 1305 enim
2094 1268 2246 1308 more
2290 1262 2509 1311 teneant
2533 1257 2653 1327 jura
2683 1261 3025 1330 pontificum,
3057 1268 3147 1336 qui
3176 1269 3502 1338 pontificali-

1921 1342 2020 1397 bus
2047 1343 2287 1399 excubiis
2317 1355 2540 1402 eateaus
2568 1348 2807 1417 injuncta
2837 1351 3191 1424 dissimulant,
3209 1368 3267 1413 ut
3286 1371 3525 1427 contra-,

1922 1434 2003 1486 ria
2058 1433 2241 1489 domui
2288 1436 2408 1506 Dei,
2458 1438 2551 1493 eui.
2593 1441 2899 1509 praesident,
2948 1447 3129 1514 potius
3176 1455 3501 1520 operentur?

1920 1520 2298 1594 Quantumque
2343 1529 2483 1597 apud
2510 1529 2674 1585 Deum
2705 1542 2957 1602 possent,
2982 1536 3027 1591 si
3055 1540 3271 1595 nonnisi
3302 1556 3501 1598 conve-

1921 1615 2123 1669 nientia
2174 1628 2543 1686 procurarent,
2579 1629 2783 1676 tantum
2832 1626 2960 1693 quid
3007 1640 3321 1687 mereantur
3358 1634 3502 1703 aspi-

1921 1704 2084 1769 ciant,
2115 1721 2236 1759 cum
2291 1710 2611 1764 exsecrabili
2655 1712 2836 1767 studio
2875 1724 3150 1773 sectentur
3178 1718 3425 1791 adversa,
3446 1732 3500 1781 et

229 1790 513 1844 custodiri.
539 1792 687 1858 Quos
713 1809 844 1849 vero
873 1796 1181 1850 constiterit
1222 1796 1471 1865 indignos
1495 1799 1702 1854 meritis
1731 1815 1817 1853 sa—
1847 1814 1893 1871 B
1922 1793 2075 1860 (Ιιιθδί
2102 1794 2270 1863 magis
2292 1795 2403 1851 hinc
2426 1799 2610 1867 Γθὲυιίι
2638 1800 2728 1867 εἷεν
2769 1818 2874 1870 qua
2901 1803 3141 1861 Εεοιθείθ
3182 1806 3378 1865 δεθείη
3403 1826 3499 1882 ευ*

229 1897 377 1936 cram
436 1894 709 1941 mercatos
762 1902 883 1942 esse
930 1888 1105 1958 pretio
1155 1889 1490 1957 dignitatem,
1541 1893 1816 1947 convictos

229 1986 452 2045 oportet
478 1979 673 2043 arceri,
705 1996 812 2034 non
845 1981 959 2035 sine
980 1981 1221 2051 periculo
1244 1982 1449 2038 facinus
1472 1984 1578 2038 tale
1598 1993 1815 2053 patran-

229 2073 328 2129 tes,
378 2069 507 2135 quia
536 2068 754 2123 dantem
804 2071 1009 2140 pariter
1036 2072 1499 2142 accipientemque
1541 2074 1814 2129 damnatio

227 2152 485 2222 Simonis,
515 2173 679 2227 quam
707 2174 861 2216 sacra
911 2160 1072 2216 lectio
1114 2169 1344 2218 testatur
1391 2165 1527 2235 (Act.
1561 2163 1696 2235 vut),
1729 2165 1813 2219 in-

230 2245 421 2299 volvit.

232 2385 529 2474 Darsacris
748 2391 946 2445 naviter
1000 2393 1251 2447 institutis
1292 2396 1531 2474 quqmris
1580 2398 1812 2474 superius

298 2456 492 2533 dictum
546 2460 651 2533 sit,
702 2460 797 2533 [ioc
826 2477 962 2513 nunc
1009 2472 1177 2516 tamen
1233 2456 1518 2533 adjicitur,
1570 2456 1813 2519 ut'nulla

299 2525 515 2579 basilica
548 2528 639 2581 sub
677 2527 1037 2598 defunctorum
1085 2525 1380 2588 constructa
1420 2525 1624 2589 nomine
1661 2535 1812 2589 dedi-

299 2608 458 2647 catur.

300 2703 466 2759 XXV.
492 2705 571 2762 De
597 2707 836 2763 locorum
866 2714 1275 2771 consecratione
1294 2726 1601 2773 sanctorum
1632 2733 1814 2789 quam-

228 2796 313 2849 vis
340 2797 596 2865 superius
645 2799 871 2853 strictim
922 2799 1081 2856 fuerit
1126 2798 1575 2874 comprehensum
1610 2826 1623 2861 :
1656 2809 1811 2865 nobis

227 2899 444 2953 quoque
473 2887 802 2955 patefactum
826 2900 928 2956 est,
959 2892 1102 2960 quod
1130 2895 1335 2964 absque
1375 2906 1644 2968 praecepto
1668 2901 1811 2956 sedis

225 2974 545 3042 apostolicae
566 2978 805 3032 nonnulli
837 2980 1005 3036 factas
1033 2984 1311 3054 ecclesias,
1329 2988 1415 3043 vel
1454 2990 1691 3044 oratoria
1719 3006 1807 3045 sa-

224 3079 382 3119 crare
412 3077 763 3135 prmsumant,
792 3070 899 3127 hoc
925 3087 1113 3129 sumus
1139 3082 1317 3132 tamen
1348 3078 1542 3134 indicio
1571 3080 1809 3136 detesta-

1919 1889 2173 1954 bernari,
2221 1891 2299 1946 sic
2342 1891 2602 1961 quidquid
2655 1904 2739 1950 est
2794 1899 3179 1957 ecclesiasticis
3226 1902 3498 1960 inimicum

1919 1980 2135 2045 regulis,
2166 1990 2506 2049 perpetratur
2538 2001 2551 2036 :
2583 1999 2705 2039 cum
2739 1994 2795 2040 et
2834 1988 2882 2041 si
2908 1991 3153 2057 cognitos
3195 1993 3384 2048 habuit
3410 2010 3499 2049 ca-

1919 2083 2088 2123 nones
2107 2071 2474 2138 unusquisque
2519 2073 2867 2143 pontificum,
2906 2078 3224 2136 intemerata
3254 2082 3498 2139 debuerit

1918 2163 2103 2211 tenere
2144 2158 2405 2224 custodia,
2434 2168 2489 2215 et
2529 2161 2576 2215 si
2616 2161 2841 2218 forsitan
2888 2168 3185 2234 nesciebat,
3217 2173 3499 2229 consulere

1917 2245 2146 2302 ﬁdenter
2191 2251 2492 2319 oportuerit
2520 2252 2806 2308 scientem.
2854 2254 2973 2321 Quo
3002 2260 3171 2327 magis
3224 2264 3496 2319 excusatio

1918 2337 2063 2391 nulla
2109 2339 2378 2393 succurrit
2415 2341 2719 2397 errantibus
2747 2361 2763 2396 :
2792 2345 2917 2412 quia
2945 2350 3190 2405 nesciens
3220 2354 3495 2422 protiosuit

1914 2441 2137 2482 servare
2165 2428 2309 2497 quod
2357 2440 2612 2496 noverat,
2640 2446 2739 2487 nec
2785 2432 3039 2503 ignorans
3090 2439 3298 2495 curavit
3339 2456 3495 2499 nosse

1915 2516 2059 2585 quod
2087 2523 2323 2586 gereret.

1916 2653 2066 2719 Quod
2097 2659 2172 2737 Ain
2217 2659 2803 2737 unaquaque_§'cclesia
2844 2665 2927 2737 cui
2972 2667 3241 2737 episcopus
3289 2681 3494 2737 preat,

1984 2734 2203 2805 quatuor
2223 2738 2336 2805 llam
2366 2730 2663 2805 de'redditu
2712 2750 2863 2805 quam
2890 2736 2952 2787 de
2973 2730 3233 2792 oblatione
3260 2730 3492 2805 fidelium

1987 2795 2108 2876 fieri
2149 2795 2370 2850 debeant
2412 2802 2676 2876 portiones
2707 2795 2803 2856 fut
2826 2820 2928 2857 una
2957 2806 3025 2858 sit
3050 2795 3303 2876 episcopi,
3330 2810 3494 2865 altera

1983 2866 2306 2948 clericorurn,
2330 2866 2484 2948 tertia
2520 2887 2823 2940 pauperum,
2847 2884 2896 2927 et
2942 2866 3127 2947 quarta
3158 2866 3371 2948 fabricis
3411 2897 3493 2935 ec-

1983 2935 2287 2989 clesiasticis
2308 2935 2621 3009 applicetur.

1983 3044 2192 3101 XXVII.
2206 3046 2447 3114 Quatuor
2457 3060 2638 3107 autem
2656 3062 2764 3109 tam
2779 3055 2846 3111 de
2860 3058 3070 3113 redditu
3082 3075 3245 3129 quam
3257 3062 3327 3118 de
3342 3064 3493 3120 obla-

224 3156 406 3211 biliori
428 3161 679 3226 permoti,
705 3164 851 3230 quod
874 3164 925 3218 in
947 3180 1271 3237 quocunque
1290 3173 1506 3227 nomine
1527 3172 1808 3230 defuncto-
1837 3170 1880 3234 C
1914 3137 2324 3237 tioiléﬁdeiiuin’
2340 3143 3057 3237 P'°“i°“j‘.’§‘ib°w°°'csi“’
3073 3150 3297 3208 menius
3308 3154 3491 3209 admil'

225 3261 366 3311 rum,
400 3258 457 3302 et
484 3260 745 3319 quantum
774 3254 991 3319 dicitur,
1025 3273 1125 3314 nec
1153 3261 1373 3317 omnino
1404 3263 1638 3319 fidelium
1685 3283 1810 3321 con-

226 3339 557 3393 structiones
580 3340 874 3398 {adiﬁcatas
906 3347 1074 3402 sacris
1105 3350 1528 3419 professionibus
1556 3356 1810 3414 audacter

228 3430 514 3485 instituere
566 3446 956 3503 memorantur,
985 3455 1105 3509 qua:
1151 3445 1403 3512 quoniam
1437 3454 1545 3501 tam
1592 3451 1804 3515 acerba,

228 3530 336 3575 tam
366 3522 503 3577 dura
532 3534 679 3592 sunt,
709 3534 767 3580 ut
794 3528 983 3584 eadem
1010 3532 1097 3587 vix
1128 3545 1313 3589 noster
1341 3536 1481 3593 ferre
1509 3539 1680 3608 possit
1714 3556 1810 3596 au-

226 3611 372 3665 ditus
404 3630 418 3664 :
448 3614 495 3667 si
518 3630 706 3669 revera
727 3616 1147 3677 Christianitatis
1166 3624 1392 3681 allectus
1423 3627 1473 3681 in
1506 3630 1609 3685 illis
1632 3633 1810 3701 regio-

228 3704 386 3758 nibus
416 3713 598 3760 certus
634 3716 690 3761 et
719 3707 852 3763 fixus
883 3720 987 3780 est,
1018 3722 1073 3767 et
1101 3714 1395 3772 districtius
1432 3720 1531 3773 ista
1563 3737 1808 3790 quazran-

229 3802 333 3859 tur,
357 3802 460 3846 eta
484 3796 678 3862 quibus
706 3796 903 3852 fuerint
922 3810 1069 3867 gesta
1091 3805 1406 3871 prodantur,
1427 3810 1680 3876 quoniam
1702 3811 1810 3867 sic-

228 3894 283 3936 ut
308 3884 606 3941 latentibus
641 3888 692 3940 in
718 3889 819 3944 hac
841 3892 1123 3946 atrocitate
1151 3897 1475 3963 nominibus,
1503 3915 1608 3955 non
1634 3911 1809 3957 exstat

229 3978 279 4028 in
306 3992 470 4045 quem
507 3982 775 4034 sententia
805 3982 983 4038 debita
1027 3986 1349 4056 proferatur,
1382 3990 1453 4044 ita
1484 4007 1604 4046 cum
1634 3995 1807 4048 maui-

228 4065 377 4120 festis
399 4067 560 4121 fuerit
582 4070 919 4128 documentis
931 4076 1230 4143 expositus,
1248 4094 1410 4148 quam
1433 4083 1649 4137 sceleris
1670 4086 1804 4140 tanti

229 4159 399 4225 poscit
424 4160 749 4225 immanitas,
785 4178 890 4217 non
921 4164 1139 4233 effugiet
1165 4168 1431 4225 ullatenus
1456 4172 1736 4230 ultionem.

231 4269 381 4356 Quod
403 4275 552 4356 nefas
572 4276 645 4356 sit
666 4277 889 4356 feminas
911 4280 1074 4356 sacris
1104 4280 1353 4334 altaribus
1374 4285 1702 4356 ministrare,
1728 4288 1806 4343 vel

294 4344 494 4412 aliquid
521 4361 586 4397 ea:
625 4344 705 4399 his
736 4362 850 4417 aute
882 4349 1106 4402 virorum
1152 4362 1272 4404 sunt
1308 4354 1488 4422 ofﬁciis
1529 4344 1802 4425 deputata,

293 4429 625 4477 prtzsumere.

1914 3228 1978 3281 tit
1995 3228 2150 3299 (sicut
2173 3228 2370 3284 dudum
2392 3232 2783 3291 rationabiliter
2804 3246 2886 3293 est
2911 3237 3212 3309 decretum)
3242 3244 3491 3298 convenit

1912 3320 2028 3375 ﬁeri
2075 3322 2388 3391 portiones,
2436 3338 2664 3393 quarum
2712 3328 2784 3382 sit
2835 3343 2940 3383 una
2969 3329 3277 3399 pontificis,
3323 3332 3491 3391 altera

1910 3411 2249 3478 clericorum,
2280 3429 2575 3484 pauperum
2602 3419 2781 3484 tertia,
2808 3428 3003 3489 quarta
3057 3421 3273 3478 fabricis
3319 3423 3490 3493 appli-

1910 3501 2103 3557 canda.
2134 3503 2211 3557 De
2237 3505 2451 3574 quibus,
2481 3507 2622 3562 sicut
2646 3510 2941 3567 sacerdotis
2962 3512 3206 3568 intererit
3231 3514 3490 3582 integram

1910 3592 2167 3649 ministris
2192 3593 2445 3671 Ecclesia:
2491 3610 2845 3655 memoratam
2892 3602 3199 3672 dependere
3226 3607 3491 3675 quantita-

1910 3690 2038 3748 tem,
2069 3685 2148 3739 sic
2175 3684 2350 3741 clerus
2396 3687 2537 3742 ultra
2577 3690 2876 3759 delegatam
2918 3694 3020 3747 sibi
3065 3710 3335 3751 summam
3358 3697 3490 3755 nihil

1909 3773 2203 3829 insolenter
2228 3775 2440 3831 noverit
2463 3780 2840 3848 expetendum.
2872 3781 2947 3836 Ea
2976 3798 3105 3839 vero
3155 3800 3287 3854 qua}
3314 3787 3490 3842 eccle-

1907 3863 2136 3920 siasticis
2161 3865 2401 3920 tedificiis
2423 3868 2681 3929 attributa
2705 3878 2853 3932 sunt,
2882 3870 3007 3926 huic
3046 3874 3198 3941 operi
3222 3875 3489 3929 veraciter

1908 3963 2194 4023 prorogata
2218 3995 2235 4020 ,
2290 3956 2533 4011 locorum
2588 3958 2787 4014 doceat
2839 3962 3155 4017 instauratio
3206 3964 3487 4024 manifesta

1907 4052 2236 4112 sanctorum,
2265 4046 2391 4115 quia
2421 4048 2569 4102 nefas
2590 4056 2691 4113 est,
2717 4049 2763 4103 si
2790 4051 2955 4106 sacris
2981 4052 3188 4109 aedibus
3216 4053 3487 4112 destitutis

1909 4136 1962 4189 in
1983 4135 2188 4191 lucrum
2210 4152 2363 4191 suum
2386 4139 2579 4207 praesul
2605 4139 2879 4210 impendia
2920 4142 3003 4199 bis
3046 4144 3326 4213 designata
3354 4160 3486 4201 con-

1907 4235 2083 4283 vertat
2115 4246 2127 4280 :
2158 4228 2327 4298 ipsam
2351 4231 2696 4286 nihilominus
2712 4234 2996 4304 ascriptam
3020 4238 3344 4307 pauperibus
3360 4252 3487 4308 por-

1907 4320 2128 4382 tionem,
2177 4321 2417 4388 quamvis
2464 4321 2656 4377 divinis
2703 4324 2998 4381 rationibus
3043 4342 3104 4382 se
3150 4326 3485 4398 dispensasse

1908 4416 2301 4475 monstraturus
2316 4426 2433 4466 esse
2445 4411 2704 4479 videatur,
2722 4424 2898 4470 tamen
2906 4416 3059 4486 juxta
3073 4418 3215 4488 quod
3228 4420 3483 4490 scriptum

293 4519 482 4575 XXVI.
518 4522 873 4582 Nihilominus
900 4528 1241 4597 impatienter
1269 4531 1568 4589 audivimus
1599 4542 1802 4591 tantum
1836 4535 1885 4594 D
1908 4506 2007 4563 es"
2040 4496 2108 4553 ω
2136 4500 2343 4554 videam
2385 4519 2451 4572 ορ
2452 4520 2480 4597 Ῠ
2484 4520 2542 4597 ",1
2582 4514 2751 4559 “um
2781 4505 2943 4575 bona’
2974 4518 3023 4562 θ’
3052 4511 3344 4581 gloriﬁcent
3372 4512 3476 4567 Pa.

224 4609 525 4666 divinarum
554 4629 736 4668 rerqu
769 4618 977 4675 subisse
1006 4618 1341 4690 despectum,
1369 4631 1427 4676 ut
1454 4625 1663 4679 femina:
1710 4642 1799 4680 sa—

225 4703 328 4753 cris
348 4703 607 4759 altaribus
627 4707 931 4764 ministrare
951 4709 1246 4777 firmentur,
1269 4723 1568 4785 cunctaque
1590 4719 1801 4773 nonnisi

226 4793 461 4845 Virorum
491 4794 773 4851 famulatui
803 4798 1060 4869 deputata
1091 4818 1303 4871 sexum,
1329 4806 1414 4860 cui
1442 4823 1547 4862 non
1582 4824 1799 4880 compe-

225 4882 307 4943 tit,
342 4882 623 4940 exhibere.
676 4886 789 4942 Nisi
835 4889 980 4956 quod
1026 4893 1265 4947 omnium
1314 4895 1652 4964 delictorum,
1682 4916 1801 4969 quze

223 4972 533 5037 singillatim
566 4978 998 5045 perstrinximus,
1024 4983 1308 5038 noxiorum
1337 4997 1517 5041 reatus
1536 4990 1728 5055 onmis,
1749 5000 1804 5045 et

222 5063 425 5116 crintcn
472 5078 568 5119 eos
597 5069 821 5138 respicit
848 5072 1178 5142 sacerdotes,
1208 5077 1299 5146 qui
1327 5079 1411 5132 vel
1436 5080 1535 5135 ista
1556 5084 1802 5137 commit-

219 5163 362 5219 Itml,
408 5154 494 5209 vel
550 5160 955 5217 committentes
1007 5164 1228 5222 minime
1275 5169 1596 5238 publicando
1625 5174 1801 5241 pravis

214 5245 533 5299 excessibus
560 5262 620 5301 se
648 5247 833 5306 favere
873 5251 1173 5320 signiﬁcant
1205 5274 1218 5309 ε
1251 5257 1296 5312 si
1340 5266 1519 5315 tamen
1546 5263 1797 5318 sacerdo-

211 5344 329 5387 Izzm
380 5335 491 5404 jam
520 5338 629 5393 sint
656 5342 920 5399 vocabulo
951 5347 1315 5416 nuncupandi,
1355 5351 1446 5419 qui
1496 5351 1796 5419 delegatum

207 5426 312 5477 ~i1n‘
352 5426 624 5495 religionis
662 5430 895 5487 officium
922 5434 1000 5490 sic
1025 5445 1368 5506 prosternere
1398 5441 1709 5507 moliuntur,
1740 5452 1799 5497 ut

209 5518 257 5564 έςι
300 5530 555 5585 perversa
590 5535 819 5591 qumque
858 5524 1190 5596 profanaque
1235 5527 1474 5585 declives
1524 5532 1640 5586 sine
1689 5534 1797 5589 ullo

209 5616 471 5678 respectu
494 5611 686 5680 regula:
706 5612 1020 5669 Christiana:
1042 5619 1330 5689 prtecipitia
1356 5620 1559 5675 funesta
1586 5632 1799 5679 secten-

208 5707 319 5750 tur.
351 5696 593 5771 Cumque
641 5704 897 5772 scriptum
952 5705 1019 5759 sit
1048 5706 1235 5780 (Eccti.
1272 5708 1383 5777 xtx)
1413 5727 1425 5763 :
1461 5710 1674 5768 Minima
1704 5716 1794 5783 qui

208 5790 444 5859 spernit,
474 5791 729 5859 paulatim
752 5794 969 5866 decidit,
1024 5799 1146 5868 quid
1202 5801 1379 5861 estde
1432 5802 1622 5860 talibus
1653 5807 1791 5863 ωδιίο

1909 4599 2035 4644 trem
2086 4601 2335 4656 vestrum,
2376 4595 2461 4664 qui
2516 4596 2570 4648 in
2614 4597 2754 4650 caelis
2807 4606 2883 4652 est
2932 4597 3144 4669 (Matth.
3179 4604 3241 4671 ι),
3272 4614 3484 4673 oportet

1908 4680 2068 4733 etiam
2093 4684 2342 4749 praesenti
2373 4685 2737 4741 testiﬁcationi
2763 4687 3043 4757 prae’dicari
3071 4700 3126 4746 et
3152 4692 3311 4749 bona:
3331 4694 3483 4750 fama:

1907 4771 2188 4839 przeconiis
2210 4788 2316 4826 non
2347 4776 2529 4829 taceri.

1911 4876 2061 4966 Quod
2091 4883 2382 4966 cpiscopus,
2410 4884 2695 4966 presbyter,
2724 4898 2773 4942 et
2821 4890 3088 4966 diaconus,
3113 4911 3146 4948 a
3186 4912 3481 4966 quocunque

1977 4951 2161 5030 clerico
2190 4951 2435 5030 veraciter
2466 4951 2619 5025 fuerit
2668 4971 2955 5023 accusatus,
2986 4951 3107 5030 quia
3152 4951 3333 5018 contra
3372 4951 3480 5019 licet:

1974 5021 2251 5101 constituta
2281 5021 2498 5101 fecerit}
2523 5036 2688 5101 potest
2725 5030 2836 5081 sine
2889 5021 3207 5101 dubitatione
3249 5034 3479 5101 percelli,

1974 5090 2055 5169 sui
2095 5091 2248 5143 etiam
2282 5090 2823 5169 '[to‘norisjcpiswpus
2870 5100 3154 5166 periculum
3197 5090 3477 5169 subiturus,

1972 5159 2016 5210 si
2037 5162 2144 5212 hac
2164 5161 2304 5215 omni
2323 5159 2851 5221 Ecclesiw'noscénda
2870 5159 3117 5221 tacuerit.

1973 5268 2204 5326 XXVIII.
2236 5270 2575 5343 Quapropter
2622 5291 2690 5330 ne
2744 5276 3060 5332 clericorum
3108 5282 3391 5353 quisquam
3419 5302 3479 5343 se

1905 5361 2060 5429 hujus
2087 5362 2304 5419 otfensat
2357 5363 2592 5420 futurum
2640 5367 2877 5424 confidat
2902 5368 3214 5441 immunem,
3238 5378 3282 5432 si
3312 5379 3364 5434 in
3394 5380 3478 5437 his

1904 5466 2022 5520 qute
2049 5451 2334 5509 salubriter
2360 5456 2631 5524 sequenda
2658 5456 3111 5530 deprompsimus,
3135 5466 3247 5521 sive
3268 5468 3479 5537 episco-

1904 5553 2049 5609 pum,
2080 5538 2191 5593 sive
2222 5541 2616 5611 presbyterum,
2650 5558 2746 5599 seu
2774 5545 3061 5604 diaconum
3091 5551 3285 5607 viderit
3313 5570 3475 5613 exce-

1901 5627 2137 5695 dentem,
2170 5644 2275 5683 non
2307 5630 2551 5701 protinus
2598 5634 2665 5689 ad
2706 5650 2865 5694 aures
2907 5649 3117 5697 nostras
3146 5642 3354 5699 deferre
3384 5662 3476 5701 cu-

1902 5718 2118 5783 raverit,
2149 5719 2557 5789 probationibus
2587 5724 2847 5783 duntaxat
2875 5740 3243 5793 competenter
3266 5734 3472 5788 exhibi-

1902 5809 1986 5875 tis,
2025 5818 2078 5864 ut
2100 5806 2508 5882 transgressu-is
2538 5816 2669 5876 ultio
2696 5817 2780 5874 ﬁat
2799 5859 2814 5889 ,
2850 5830 2901 5877 et
2932 5822 3137 5878 caeteris
3167 5820 3469 5878 interdictio
