3976 6196
424 322 522 379 ιιι
1703 321 2059 379 DIONYSIUS
2093 322 2410 380 EXIGUUS.
2443 374 2452 384 .
3584 322 3695 379 812

426 432 788 502 delinquendi.
818 432 912 488 Sui
936 447 1065 489 vero
1086 434 1260 489 modis
1306 435 1554 491 omnibus
1586 436 1691 491 erit
1719 438 2006 508 unusquis—
2034 443 2082 504 Α
2111 441 2381 510 putaverit
2434 437 2837 512 supprimenda.
2893 438 3087 493 Datum
3127 453 3159 492 v
3193 438 3311 493 idus
3358 437 3691 503 Martiarum,

428 540 532 591 que
579 522 891 594 pontiﬁcum
936 522 1159 587 ordinis,
1187 534 1244 579 et
1286 525 1508 580 honoris
1560 527 1763 581 elisor:
1795 528 1842 581 si
1886 528 2003 582 cui-
2112 530 2324 585 Asterio
2361 538 2416 585 et
2442 529 2695 585 Praesidio
2726 546 2814 584 vv.
2843 544 2925 584 cc.
2952 545 3130 585 conss.
3164 530 3287 602 (An.
3320 528 3513 585 Christi
3541 528 3693 600 494.)

430 632 589 685 quam
640 617 977 683 clericorum,
1006 616 1091 670 vel
1139 616 1395 672 Ecclesiae
1448 619 1613 673 totius
1660 618 1864 673 auditui
1892 619 2041 673 haec.

1505 815 1869 875 DECRETA
1914 815 2331 879 ANASTASII
2377 817 2623 879 PAPJE.

495 1027 898 1084 Gloriosissimo
966 1036 1022 1082 et
1078 1024 1496 1081 clementissimo
1574 1023 1682 1077 ﬁlio
1733 1020 2019 1076 Anastasio

430 1120 691 1187 Augusto,
716 1119 1029 1175 Anastasius
1059 1119 1362 1188 episcopus.

502 1210 792 1265 Exordium
822 1209 1167 1280 pontiﬁcatus
1196 1210 1299 1262 mei
1326 1208 1573 1279 primitus
1602 1208 1782 1263 oblata
1806 1207 2020 1277 populis

432 1315 564 1373 pace
593 1302 903 1371 pronuntio,
934 1311 1325 1370 consequenter
1348 1316 1445 1369 pro
1496 1298 1597 1353 ﬁde
1625 1300 1893 1353 catholica
1916 1299 2018 1352 hu-

437 1397 581 1451 milis
632 1397 819 1467 pietati
861 1405 963 1449 tum-
1018 1404 1267 1464 precator
1295 1410 1543 1459 occurro,
1576 1394 1627 1447 in
1650 1409 1878 1462 quorum
1908 1394 2020 1463 pri-

440 1503 588 1541 mum
641 1486 771 1539 mihi
822 1484 1057 1538 divinum
1089 1484 1323 1538 favorem
1355 1486 1741 1554 propinquasse
1785 1484 2018 1549 conﬁdo,

440 1575 584 1646 quod
612 1576 964 1629 consonantia
992 1576 1043 1628 in
1082 1592 1191 1639 me,
1223 1582 1275 1629 et
1305 1576 1663 1643 augustissimi
1686 1576 1918 1629 nominis
1947 1574 2022 1627 tui

439 1681 546 1720 non
593 1664 812 1718 dubium
863 1673 1083 1734 prmstat
1129 1665 1405 1731 auxilium,
1438 1674 1494 1718 ut
1532 1666 1669 1720 sicut
1710 1665 2023 1735 prmcelsum

438 1758 757 1813 vocabulum
801 1757 1019 1827 pietatis
1066 1765 1170 1813 tua:
1223 1772 1319 1827 per
1370 1757 1645 1811 universas
1693 1765 1881 1825 gentes
1910 1765 2025 1811 toto

2120 1039 2226 1093 que
2278 1025 2642 1096 unusquisque
2697 1034 2939 1081 nostrum
2991 1040 3089 1096 pro
3118 1040 3179 1082 se
3222 1026 3489 1081 rationem
3512 1028 3706 1085 reddet

2123 1112 2253 1167 Deo.
2281 1114 2395 1167 Non
2423 1129 2550 1181 ergo
2599 1115 2828 1184 amplius
2876 1116 3103 1170 invicem
3127 1116 3447 1183 judicemus,
3477 1116 3574 1171 sed
3599 1118 3707 1173 hoc

2118 1203 2353 1271 judicate
2381 1206 2570 1271 magis,
2601 1220 2669 1259 ne
2707 1206 2922 1275 ponatis
2966 1205 3346 1260 oﬁ'endiculum
3402 1207 3575 1269 fratri,
3615 1208 3708 1263 vel

2124 1296 2454 1349 scandalum.
2484 1296 2665 1350 Monet
2692 1298 2852 1363 igitur
2873 1297 3062 1350 beatus
3091 1295 3401 1364 Apostolus,
3434 1313 3501 1351 ne
3524 1296 3591 1351 de
3618 1298 3708 1351 his

2125 1383 2279 1436 nobis
2306 1384 2675 1453 pncsumendo
2699 1384 2959 1452 judicium
2980 1424 2995 1449 ,
3026 1384 3093 1438 de
3125 1384 3316 1453 quibus
3340 1399 3495 1437 nemo
3525 1392 3710 1452 potest

2126 1475 2305 1529 verius
2356 1476 2441 1528 vel
2494 1476 2683 1529 melius
2726 1476 2969 1545 judicare
3008 1490 3166 1543 quam
3201 1475 3358 1541 Deus,
3391 1475 3440 1527 in
3473 1475 3575 1529 hoc
3603 1475 3709 1528 sibi

2126 1566 2386 1633 quispiam
2425 1566 2740 1619 temerarios
2789 1581 2949 1620 ausus
2998 1573 3238 1633 usurpet,
3261 1573 3313 1617 et
3355 1574 3575 1633 propter
3603 1566 3711 1619 hoc

2125 1668 2229 1721 pax
2283 1664 2441 1721 atque
2490 1654 2665 1708 unitas
2717 1652 2967 1708 Ecclesia:
3007 1653 3309 1723 dissipetur.
3363 1653 3495 1706 Nam
3543 1662 3597 1706 et
3654 1654 3712 1707 in

2129 1742 2431 1809 Regnorum
2464 1744 2598 1798 libro
2627 1744 2823 1798 dicitur
2846 1742 2933 1814 (II
2958 1744 3083 1814 Reg.
3113 1745 3223 1812 xvr)
3259 1761 3271 1795 :
3299 1743 3414 1797 Non
3435 1743 3713 1811 quomodo

441 1848 574 1902 orbe
601 1846 897 1918 praefulget,
932 1848 1003 1901 ita
1035 1863 1130 1916 per
1159 1847 1674 1913 mittisteriummem
1705 1847 2025 1900 humilitatis

2141 1833 2274 1887 videt
2302 1833 2483 1898 homo,
2510 1834 2657 1888 videt
2711 1834 2869 1898 Deus,
2904 1836 3030 1904 quia
3081 1833 3245 1888 homo
3296 1835 3440 1887 videt
3467 1836 3515 1886 in
3547 1833 3711 1897 facie,

442 1940 597 1995 sedes
626 1940 920 1993 beatissimi
972 1937 1117 1992 Petri
1169 1939 1220 1991 in
1271 1938 1562 1992 universali
1592 1936 1833 1991 Ecclesia
1866 1936 2027 2006 (sicut

442 2045 658 2099 semper
678 2032 779 2099 est)
812 2031 1138 2097 assignatum
1186 2028 1288 2083 sibi
1335 2044 1365 2083 a
1416 2028 1641 2084 Domino
1685 2028 1794 2082 Deo
1851 2034 2030 2082 teneat

442 2121 820 2190 principatum,
852 2136 951 2173 nec
978 2118 1196 2189 propter
1228 2135 1390 2173 unum
1420 2129 1689 2174 mortuum
1720 2118 1920 2172 diutius
1947 2127 2032 2171 tu-

444 2210 563 2263 nica
596 2210 681 2263 illa
705 2209 954 2263 salutaris
979 2209 1208 2279 desuper
1236 2217 1488 2263 contexta
1519 2224 1616 2279 per
1646 2217 1813 2262 totum
1847 2207 2028 2277 (Joan.

444 2301 581 2367 arx),
607 2300 759 2354 malie
789 2300 949 2354 sortis
969 2301 1203 2369 patiatur
1232 2301 1496 2354 incertum
1524 2318 1536 2351 :
1562 2314 1680 2368 qua:
1706 2300 1817 2353 sola
1841 2300 1893 2352 in
1924 2298 2033 2353 dis-

444 2391 729 2443 cissionem
780 2406 879 2458 pro
935 2387 1186 2444 firmitate
1229 2391 1309 2444 sui
1359 2391 1543 2443 venire
1572 2406 1677 2443 non
1709 2389 1903 2459 potuit.
1934 2388 2031 2443 Cui

445 2482 607 2534 etiam
641 2482 693 2533 in
722 2481 928 2549 privata
955 2481 1061 2534 vita
1093 2489 1299 2534 tantum
1328 2482 1473 2535 circa
1501 2482 1729 2535 sincera:
1758 2481 2032 2548 religionis

446 2570 681 2623 studium
736 2568 835 2623 fuit
882 2578 960 2637 ut,
992 2571 1131 2625 sicut
1176 2571 1315 2625 fama
1368 2572 1667 2625 certissima
1717 2571 2028 2636 celebravit,

447 2676 609 2715 nemo
637 2661 809 2727 magis
838 2661 923 2715 vel
954 2663 1093 2715 inter
1121 2662 1419 2731 prcccipuos
1448 2662 1759 2717 sacerdotes
1789 2661 2032 2731 prmﬁxas

449 2765 479 2803 ιι
502 2751 703 2804 sanctis
732 2749 979 2805 Patribus
1006 2751 1217 2819 regulas
1260 2750 1515 2807 Ecclesia:
1559 2751 1855 2806 custodisse
1884 2752 2031 2806 dica-

452 2848 555 2906 tur,
582 2839 724 2907 quod
753 2847 995 2894 sanctum
1044 2840 1273 2895 studium
1329 2856 1449 2896 cum
1506 2840 1789 2910 majestate
1823 2842 2032 2913 imperii

453 2933 685 2986 crevisse
715 2931 1051 2987 conﬁdimus.

455 3040 605 3105 Quod
653 3059 747 3113 pro
790 3042 993 3098 Christo
1043 3046 1291 3119 [ungatu_r
1332 3046 1606 3119 legatione,
1640 3046 1759 3101 dum
1781 3064 1874 3118 pro
1905 3064 2034 3119 pace

971 3126 1209 3185 precatur
1236 3115 1506 3171 Ecclesiae.

523 3223 565 3277 Ι.
592 3221 883 3295 Legatione
929 3225 1108 3294 itaque
1161 3224 1428 3294 fungimur
1467 3242 1564 3296 pro
1593 3228 1825 3291 Christo,
1856 3243 1923 3283 ne
1944 3243 2038 3283 eos

455 3323 679 3383 propter
698 3315 1070 3378 offensionem,
1094 3315 1178 3370 vel
1198 3316 1505 3370 scandalum
1528 3318 1807 3386 patiamini
1830 3319 2038 3388 publice

457 3405 724 3458 nominari
763 3423 776 3458 :
827 3422 1054 3475 quorum
1102 3407 1314 3469 merita,
1343 3407 1427 3461 vel
1457 3415 1609 3461 actus
1636 3409 1781 3461 illum
1802 3410 2035 3477 judicem

455 3495 627 3551 latere
676 3512 784 3551 non
829 3506 1076 3566 possunt,
1110 3499 1162 3551 in
1194 3498 1345 3565 cujus
1388 3499 1500 3568 jam
1540 3500 1877 3568 suntjudicio
1908 3518 2039 3557 con—

456 3587 649 3648 stituti,
684 3602 783 3642 nec
811 3588 918 3641 illic
938 3602 997 3641 se
1023 3596 1205 3656 potest
1232 3589 1551 3644 iuterserere
1569 3590 1619 3643 in
1641 3604 1867 3659 corpore
1895 3584 2040 3646 mor-

457 3678 551 3732 tali
583 3677 760 3733 adhuc
793 3678 1077 3732 temeraria
1108 3681 1473 3749 pnesumptio,
1497 3680 1550 3733 in
1596 3694 1704 3748 quo
1726 3695 1833 3734 non
1864 3680 2037 3734 solum

457 3769 723 3823 confessio
751 3768 879 3823 facit
906 3778 1094 3838 aperta
1123 3770 1310 3823 merita
1350 3770 1679 3837 singulorum
1708 3788 1719 3822 :
1752 3771 1846 3825 sed
1868 3772 2031 3825 etiam

455 3859 655 3913 silentii
707 3859 873 3928 ipsius
902 3875 1008 3913 non
1048 3868 1228 3929 potest
1266 3859 1434 3914 latere
1479 3868 1767 3914 secretum.
1800 3859 2038 3928 Namque

457 3958 514 4003 et
564 3948 929 4018 praedecessor
968 3960 1151 4004 noster
1200 3964 1338 4019 papa
1366 3949 1537 4015 Felix,
1582 3951 1677 4005 sed
1709 3950 1869 4005 etiam
1900 3950 2039 4004 Aca-

458 4038 565 4092 tius
594 4038 701 4092 illic
722 4038 907 4107 procul
928 4038 1089 4093 dubio
1112 4047 1257 4105 sunt,
1276 4038 1363 4093 ubi
1388 4039 1751 4109 unusquisque
1770 4039 1870 4095 sub
1892 4047 2040 4094 tanto

458 4128 639 4195 judice
665 4144 771 4183 non
800 4138 981 4198 potest
1005 4131 1232 4199 perdere
1261 4132 1343 4185 sui
1365 4132 1541 4186 meriti
1564 4132 1899 4200 qualitatem.

462 4265 612 4337 Quod
641 4284 741 4320 non
774 4269 841 4321 sit
884 4275 1070 4340 temere
1109 4270 1449 4338 judicandum
1488 4272 1549 4323 de
1591 4270 1671 4324 Itis
1720 4271 1807 4340 qui
1826 4270 1942 4340 jam
1971 4271 2040 4324 ad

987 4335 1153 4391 Deuin
1174 4340 1537 4410 migrauerunt.

537 4446 599 4506 ll.
629 4446 813 4519 Itaque
835 4457 1088 4503 monente
1119 4465 1216 4503 nos
1236 4450 1545 4507 beatissimo
1576 4450 1741 4509 Paulo
1770 4452 2035 4524 apostolo,

462 4553 529 4591 ue
577 4536 720 4605 quod
767 4538 837 4593 sit
882 4539 935 4593 in
977 4539 1081 4597 hoc
1129 4540 1502 4597 olfendiculum
1543 4545 1595 4598 in
1625 4543 1881 4611 Ecclesia,
1913 4545 2038 4599 dum
2070 4561 2116 4620 ι)

463 4626 607 4693 quod
637 4624 811 4681 facere
835 4643 941 4682 non
965 4643 1265 4699 possumus,
1292 4631 1456 4684 dehis
1476 4633 1566 4699 qui
1585 4632 1693 4699 jam
1712 4635 2039 4687 transierunt

462 4718 701 4789 judicare
731 4737 1006 4786 conemur,
1027 4723 1415 4779 observandum
1439 4740 1555 4779 esse
1574 4727 1927 4794 tranquillitas
1951 4735 2037 4781 tua

462 4820 769 4875 cognoscat.
803 4813 893 4865 Ait
918 4814 1059 4866 enim
1090 4813 1157 4868 de
1186 4814 1270 4867 his
1297 4815 1386 4886 qui
1419 4814 1488 4869 de
1515 4816 1743 4870 rebusad
1767 4816 1932 4871 Deum
1960 4832 2043 4872 so~

466 4902 574 4952 lum
602 4901 994 4969 pertinentibus
1034 4902 1273 4971 judicare
1303 4913 1635 4973 praesumunt
1663 4905 1838 4977 (Rom.
1876 4912 1985 4977 XIV)
2025 4929 2036 4961 :

463 4992 631 5046 Nemo
651 4993 794 5047 enim
822 5002 1064 5048 nostrum
1094 4994 1194 5049 sibi
1215 4994 1364 5059 vivit,
1389 5004 1443 5049 et
1469 5011 1626 5050 nemo
1650 4997 1749 5051 sibi
1776 4998 2001 5052 moritur
2024 5018 2035 5050 :

462 5096 579 5135 sive
599 5083 741 5137 enim
766 5084 1015 5151 vivimus,
1046 5082 1275 5139 Domino
1318 5085 1576 5150 vivimus;
1607 5087 1719 5140 sive
1764 5088 2042 5152 morimur,

465 5173 693 5229 Domino
714 5178 975 5232 morimur
1009 5195 1020 5229 :
1049 5177 1161 5232 sive
1184 5179 1326 5233 enim
1350 5178 1596 5241 vivimus,
1625 5180 1737 5234 sive
1766 5180 2046 5246 morimur,

467 5262 681 5317 Domini
705 5282 907 5322 sumus.
952 5269 1009 5323 In
1062 5270 1167 5325 hoc
1221 5271 1361 5323 enim
1414 5269 1656 5325 Christus
1696 5271 2046 5325 resurrexita

467 5354 714 5417 mortuis,
744 5365 798 5410 ut
828 5367 883 5411 et
910 5361 1148 5415 vivorum
1177 5370 1231 5415 et
1260 5369 1593 5416 mortuorum
1621 5362 1958 5428 dominetur;
1991 5373 2048 5417 tu

470 5451 650 5497 autem
703 5445 830 5512 quid
867 5447 1076 5514 judicas
1130 5450 1350 5505 fratrem
1403 5452 1598 5505 tuum?
1628 5451 1733 5505 Aut
1784 5460 1839 5506 tu
1880 5468 2047 5521 quare

471 5536 679 5601 spernis
747 5536 969 5592 fratrem
1053 5544 1235 5595 tuum?
1307 5540 1505 5597 Omnes
1572 5544 1713 5597 enim
1791 5546 2049 5601 stabimus

471 5635 596 5678 ante
650 5626 878 5680 tribunal
910 5628 1023 5683 Dei.
1080 5630 1345 5699 Scriptum
1374 5640 1457 5685 est
1504 5635 1644 5687 enim
1687 5632 1839 5702 (Isai.
1884 5635 2044 5703 va):

474 5711 609 5766 \ivo
664 5728 786 5779 ego,
819 5715 947 5768 dicit
1000 5716 1287 5780 Dominus,
1318 5720 1571 5786 quoniam
1626 5722 1755 5775 mihi
1805 5722 2050 5778 flectetur

477 5818 635 5864 Olttlle
663 5820 821 5876 gena,
854 5816 907 5861 et
955 5808 1128 5863 omnis
1178 5806 1355 5877 lingua
1414 5811 1751 5868 conﬁtebitur
1782 5812 1908 5869 Deo.
1942 5812 2046 5867 lla-

2129 1924 2270 1980 Dcus
2298 1934 2475 1980 autem
2506 1927 2652 1979 videt
2694 1927 2744 1979 in
2795 1926 2977 1980 corde.
3000 1925 3132 1979 Item
3179 1926 3231 1979 in
3260 1924 3713 1995 Paralipomenon

2130 2016 2263 2070 libro
2290 2016 2463 2085 primo
2490 2016 2538 2087 (1
2557 2016 2740 2070 Paral.
2770 2018 2955 2087 xxvm)
2978 2015 3248 2083 :Etnunc,
3266 2015 3542 2080 Salomon,
3573 2017 3716 2071 scito

2132 2110 2297 2164 Deum
2329 2118 2539 2180 patrum
2566 2119 2798 2175 tuorum,
2831 2119 2886 2164 et
2908 2110 3048 2164 servi
3080 2109 3153 2163 illi
3182 2110 3234 2163 in
3264 2109 3422 2163 corde
3450 2108 3714 2177 perfecto,

2132 2212 2187 2257 et
2234 2204 2413 2257 animo
2459 2203 2693 2264 volente,
2728 2203 2980 2272 quoniam
3026 2203 3206 2257 omnia
3233 2202 3395 2256 corda
3436 2211 3716 2256 scrutatur

2133 2292 2408 2356 Dominus,
2442 2302 2497 2347 et
2545 2309 2758 2347 omnem
2814 2293 3195 2360 cogitationem
3252 2292 3419 2345 novit.
3470 2290 3601 2345 Item
3661 2292 3717 2347 in

2134 2382 2411 2438 Ezechiele
2434 2384 2543 2436 hcce
2565 2383 2691 2437 dicit
2712 2382 2965 2436 Dominus
2985 2381 3196 2449 (Ezech.
3226 2382 3300 2450 χι)
3328 2399 3339 2433 :
3370 2380 3461 2436 Sic
3478 2382 3715 2446 dixistis,

2134 2473 2325 2528 domus
2354 2472 2599 2533 lsracl,et
2622 2472 2981 2540 cogitationes
3008 2471 3227 2539 spiritus
3248 2471 3412 2524 vestri
3435 2471 3555 2523 novi
3587 2485 3717 2538 ego.

2138 2566 2289 2621 Unde
2338 2576 2392 2620 ct
2439 2566 2507 2619 de
2564 2565 2791 2619 Domino
2828 2564 3011 2631 judice
3057 2563 3249 2617 dicitur
3304 2562 3354 2616 in
3382 2560 3720 2629 Evangelio:

2134 2658 2320 2712 Sciens
2362 2667 2541 2712 autem
2590 2655 2744 2709 Jesns
2766 2656 3120 2723 cogitationes
3157 2668 3344 2711 eorum
3374 2654 3509 2707 dixit
3538 2670 3550 2705 :
3578 2652 3722 2719 Quid

2133 2749 2380 2816 cogitatis
2400 2748 2537 2801 mala
2568 2748 2617 2800 in
2647 2746 2897 2801 cordibus
2918 2745 3147 2800 vestris?

2209 2860 2276 2915 Ut
2302 2861 2591 2930 specialiter
2620 2862 2673 2913 in
2705 2858 2941 2913 Ecclesia
2979 2876 3166 2913 nomen
3190 2867 3421 2913 taceatur
3447 2860 3640 2912 Acatii.

2204 2951 2291 3007 lll.
2322 2951 2609 3007 Precamur
2639 2953 2819 3021 itaque
2846 2952 3187 3007 c'ementiam
3219 2960 3473 3009 vestram.
3500 2958 3558 3004 ut
3583 2965 3723 3019 spe-

2133 3042 2342 3096 cialiter
2371 3059 2563 3097 nomen
2592 3043 2734 3111 quod
2765 3043 2946 3097 multis
2986 3058 3053 3097 ex
3081 3043 3256 3099 causis
3284 3042 3592 3098 scandalum
3624 3045 3718 3099 vel

2140 3132 2516 3189 oifendiculum
2561 3134 2816 3189 Ecclesia:
2862 3136 3164 3199 concitavit,
3204 3135 3424 3205 speciali
3477 3135 3727 3205 appella~

2066 3195 2108 3255 Ε
2144 3226 2288 3279 tione
2338 3233 2593 3287 taceatur,
2625 3241 2766 3289 cum,
2798 3225 2936 3279 sicut
2989 3225 3237 3288 diximus,
3266 3225 3318 3279 in
3366 3226 3728 3292 generalitate

2139 3312 2481 3367 sacerdotum
2538 3314 2952 3383 uniuscujusque
3005 3316 3252 3370 meritum
3296 3315 3441 3368 illum
3484 3316 3727 3384 judicem

2142 3403 2309 3456 latere
2362 3420 2465 3457 non
2518 3406 2704 3471 possit,
2736 3405 2863 3472 quid
2917 3405 3111 3473 cuique
3165 3406 3500 3459 tribuendum
3530 3407 3597 3459 sit
3621 3422 3726 3477 pro

2140 3498 2402 3549 aestimata
2450 3496 2849 3565 dispensatione
2878 3499 3211 3561 meritorum,
3244 3500 3329 3553 cui
3378 3500 3477 3552 soli
3508 3500 3726 3564 cogita-

2141 3587 2315 3640 tiones
2336 3601 2551 3655 quuque
2577 3586 2870 3643 manifesta:
2888 3595 3032 3641 sunt.
3061 3588 3301 3653 Quantos
3323 3605 3448 3642 vero
3464 3604 3727 3645 excessus

2141 3685 2303 3743 atque
2351 3678 2793 3745 praesumptiones
2822 3677 3067 3731 habuerit
3096 3679 3332 3741 Acutius,
3367 3694 3435 3733 ne
3482 3681 3727 3736 clemen-

2142 3770 2228 3822 tiae
2260 3778 2362 3822 tua:
2392 3783 2488 3837 per
2510 3768 2715 3835 singula
2747 3784 3033 3837 suggerere
3063 3769 3292 3826 fortasse
3320 3771 3568 3825 videatur
3589 3789 3729 3828 θηο-

2140 3874 2342 3922 rosum,
2367 3858 2677 3925 Cresconio,
2707 3860 2791 3913 vel
2838 3861 3000 3914 etiam
3048 3859 3337 3926 Germano,
3372 3861 3622 3919 fratribus
3666 3874 3727 3919 et

2141 3948 2474 4018 coepiscopis
2525 3949 2696 4013 meis,
2766 3963 2902 4017 quos
2952 3950 3192 4005 misimus
3246 3951 3312 4004 ad
3372 3953 3727 4007 serenitatem

2143 4046 2306 4102 tuam,
2339 4036 2405 4092 de
2436 4036 2611 4093 causis
2639 4038 2859 4105 singulis
2889 4038 3087 4104 Acatii,
3110 4041 3283 4110 qualis
3309 4041 3488 4109 fuerit,
3523 4042 3729 4098 instru-

2141 4127 2374 4182 ctionem
2398 4128 2757 4197 plenissimam
2782 4128 3041 4194 dedimus,
3069 4130 3367 4185 clementiae
3384 4140 3574 4186 vestrae
3600 4146 3729 4202 spe-

2142 4220 2331 4274 cialius
2358 4221 2764 4285 recensendam,
2791 4221 2835 4275 si
2860 4221 2962 4276 hoc
2983 4222 3171 4291 pietati
3203 4232 3306 4276 tua:
3335 4223 3598 4292 placuerit
3626 4239 3727 4278 cu-

2142 4312 2338 4367 riosius
2368 4312 2641 4383 indagare,
2668 4329 2736 4368 ne
2792 4314 2845 4368 in
2895 4313 3074 4382 aliquo
3126 4316 3477 4381 suggestionis
3522 4322 3728 4370 nostra

2140 4404 2340 4458 veritas
2366 4403 2598 4459 defuisse
2624 4404 2893 4469 videatur,
2918 4413 2978 4459 ut
3006 4420 3103 4474 pro
3125 4403 3302 4459 divina
3332 4406 3593 4474 sapientia
3636 4421 3729 4462 ve.

2141 4501 2271 4557 stra,
2304 4493 2581 4563 perspicue
2608 4494 2790 4548 videre
2809 4493 3041 4563 possitis,
3075 4508 3181 4548 non
3210 4494 3476 4562 superbia,
3501 4493 3583 4547 vel
3608 4494 3726 4548 ela-

2146 4583 2291 4637 tioiie
2316 4584 2460 4639 sedis
2485 4585 2796 4653 apostolica:
2842 4584 2894 4638 in
2937 4583 3181 4639 Acatium
3204 4584 3365 4638 talem
3396 4585 3729 4653 processisse

2144 4677 2481 4741 sententiam,
2502 4677 2593 4729 sed
2609 4675 2935 4730 facinoribus
2962 4677 3124 4730 certis
3148 4676 3425 4745 (quantum
3450 4693 3551 4731 nos
3572 4688 3728 4731 extra

2146 4766 2273 4820 illud
2301 4766 2582 4835 judicium,
2616 4766 2760 4835 quod
2783 4766 2954 4821 solum
2981 4766 3088 4819 falli
3123 4782 3231 4821 non
3260 4775 3460 4836 potest,
3490 4770 3727 4823 testium-

2146 4861 2287 4929 mus)
2318 4864 2435 4915 zelo
2463 4862 2630 4931 magis
2651 4860 2941 4915 divinitatis
2962 4869 3222 4914 exortam.

2385 4971 2534 5036 Quod
2556 4988 2865 5043 magnopere
2885 4973 3140 5025 contentio
3168 4974 3234 5025 sit
3256 4973 3501 5025 carenda.

2220 5083 2307 5137 lV.
2340 5083 2447 5138 Nos
2466 5099 2594 5138 vero
2612 5084 3274 5153 humilitersupplicantes,
3303 5085 3731 5139 controversiam

2150 5174 2202 5228 in
2234 5173 2471 5228 Ecclesia
2515 5189 2795 5229 remanere
2838 5175 3104 5235 nolumus.
3134 5191 3255 5229 cum
3306 5176 3472 5242 magis
3508 5174 3732 5228 vitanda

2151 5265 2425 5318 contentio
2473 5264 2569 5328 sit,
2618 5265 2755 5317 sicut
2782 5264 2975 5318 dicitur
3013 5265 3063 5318 in
3095 5265 3396 5319 Proverbiis
3440 5264 3590 5335 (Cap.
3619 5264 3674 5331 κ)
3714 5283 3730 5319 :

2152 5358 2340 5411 Odium
2388 5358 2607 5411 suscitat
2635 5358 2929 5411 contentio.
2962 5356 3160 5412 Omnes
3183 5358 3323 5412 enim
3346 5360 3434 5426 qui
3462 5374 3566 5411 non
3598 5373 3733 5411 con-

2151 5448 2397 5512 tendunt,
2440 5449 2672 5518 protegit
2723 5450 2975 5504 amicitia.
3029 5450 3160 5503 Nam
3216 5459 3271 5504 et
3320 5450 3607 5518 Apostolus
3658 5448 3731 5505 ad

2150 5542 2460 5597 Corinthios
2489 5545 2562 5597 ait
2594 5542 2645 5611 (I
2668 5542 2789 5596 Cor.
2824 5544 2899 5609 in)
2936 5559 2948 5594 :
2974 5542 3107 5597 Cum
3139 5543 3278 5596 enim
3309 5542 3415 5594 sint
3462 5540 3601 5593 inter
3628 5555 3733 5591 vos

2152 5635 2519 5688 annulationes
2565 5643 2618 5688 et
2657 5634 3048 5695 contentiones,
3084 5648 3259 5687 nonne
3309 5630 3549 5685 carnales
3577 5627 3732 5693 estis,

2153 5734 2207 5779 et
2234 5725 2523 5779 secundum
2580 5726 2849 5781 hominem
2882 5722 3353 5779 ambulatis?ltetn
3410 5721 3475 5776 ad
3529 5719 3733 5788 Philips

2152 5828 2345 5881 ῐιεηερδ
2370 5814 2516 5884 (Cap.
2551 5820 2639 5887 lt):
2672 5815 2728 5873 Si
2759 5832 2863 5884 qua
2893 5832 3020 5884 ergo
3050 5813 3347 5872 consolatio
3392 5814 3445 5869 in
3492 5808 3730 5875 Christo,
