3916 6202
305 270 420 327 315
1375 266 1754 334 COLLECTIO
1784 277 2253 335 DECRETORUM
2294 279 2396 335 PP.
2438 280 2553 338 RR.
3468 292 3578 350 δη

304 402 482 455 Siqua
513 387 769 443 allocutio
798 386 1099 451 charitatis,
1126 387 1175 442 si
1221 402 1325 455 qua
1371 391 1604 444 societas
1651 391 1889 459 spiritus,
1922 396 1972 454 Α
1999 391 2247 461 attingat,
2290 406 2397 460 quo
2445 393 2666 450 forsitan
2703 413 2800 467 per
2843 399 3084 467 iniquum
3138 400 3331 457 tradita
3386 416 3575 460 saera-

302 493 352 532 st
397 492 504 546 qua
549 477 777 540 viscera,
810 486 865 532 et
918 479 1309 544 miserationes,
1368 479 1586 549 implete
1639 483 1888 547 gaudium
1993 484 2154 535 menti
2184 486 2352 550 gratia
2396 486 2570 541 minus
2601 487 2749 542 ﬁrma
2791 490 3051 545 videatur.
3096 492 3227 547 Nam
3269 502 3327 548 et
3373 493 3578 564 baptis-

301 586 508 633 meum,
539 581 596 624 ut
645 572 699 625 id
736 574 909 641 ipsum
939 572 1128 625 dicatis
1150 587 1356 636 omnes,
1387 572 1631 626 eamdem
1661 574 1893 626 cbarita-

304 671 415 718 tem
456 662 740 729 habentes,
768 662 900 716 nihil
954 677 1051 731 per
1106 663 1527 726 contentionem,
1581 677 1754 731 neque
1796 678 1892 730 per

302 752 521 805 inanem
553 754 802 821 gloriam,
835 753 926 807 sed
966 755 1019 806 in
1065 752 1367 807 humilitate
1417 753 1611 807 mentis
1663 754 1889 808 invicem

298 844 637 897 aestimantes
684 843 1048 911 sibimetipsos
1096 843 1422 912 superiores,
1447 860 1553 898 non
1576 858 1672 898 sua
1697 844 1888 912 singuli

299 935 679 1004 respicientes,
710 934 802 988 sed
832 934 1079 987 aliorum.
1628 930 1629 933 “

301 1043 371 1099 Ut
397 1044 788 1098 Alexandrinos
809 1046 1090 1113 imperator
1114 1044 1390 1097 admoneat
1428 1045 1498 1096 ad
1529 1044 1686 1113 ﬁdem
1716 1045 1885 1097 since-

627 1133 737 1168 ram
760 1125 807 1167 et
838 1132 1017 1184 pacem
1046 1115 1211 1167 redire
1236 1115 1562 1167 catholicam.
1626 1170 1629 1172 _

372 1207 433 1260 V.
479 1207 599 1262 llic
642 1217 816 1261 tamen
874 1208 1140 1276 praecipue
1182 1207 1395 1260 insinuo
1436 1206 1709 1261 serenitati
1757 1217 1880 1271 tuae,

292 1298 689 1365 gloriosissime
734 1306 789 1350 et
818 1296 1233 1350 clementissime
1264 1295 1333 1347 ﬁli
1371 1295 1625 1362 Auguste,
1657 1305 1715 1348 ut
1760 1311 1880 1348 cum

292 1402 474 1441 causa:
526 1387 1010 1439 Alexandrinorum
1060 1386 1331 1453 patuerint
1371 1386 1620 1453 piissimis
1667 1386 1881 1439 auribus

289 1478 510 1539 vestris,
535 1476 601 1529 ad
628 1477 889 1530 sinceram
931 1484 983 1528 et
1010 1477 1328 1530 catholicam
1374 1476 1531 1529 fidem
1562 1492 1655 1530 eos
1693 1486 1881 1529 aucto-

288 1570 485 1633 ritate,
525 1568 821 1636 sapientia,
854 1567 1151 1635 divinisque
1194 1568 1387 1622 vestris
1442 1569 1657 1622 monitis
1703 1569 1879 1623 redire

290 1658 522 1711 faciatis.
551 1656 686 1710 Num
708 1658 835 1727 quid
865 1657 1148 1712 tenendum
1172 1661 1241 1712 sit
1264 1660 1314 1712 in
1336 1654 1589 1728 religione
1611 1660 1874 1713 catholica

1991 590 2158 639 mum,
2190 579 2331 644 quod
2364 580 2549 648 procul
2580 582 2646 634 sit
2674 583 2742 635 ab
2773 581 3034 646 Ecclesia,
3066 586 3180 639 sive
3204 600 3272 639 ao
3300 586 3567 654 adultero,

1988 663 2073 716 vel
2104 679 2132 717 a
2162 663 2277 718 fure
2306 666 2465 722 fuerit
2494 669 2696 732 datum,
2721 674 2784 722 ad
2820 673 3199 741 percipieuteui
3229 691 3421 730 munus
3442 693 3570 747 per-

1988 755 2136 806 venit
2162 756 2443 823 illibatum,
2468 760 2590 825 quia
2622 775 2724 813 vox
2750 762 2861 829 illa,
2882 778 3002 829 qua:
3030 766 3209 818 sonuit
3241 781 3335 834 per
3362 768 3571 822 colum-

1987 837 2129 911 han),
2159 857 2370 895 omnem
2402 846 2663 899 maculam
2696 848 2939 902 humanae
2968 852 3278 917 pollutionis
3309 856 3565 910 excludit.

1988 927 2139 992 Quod
2168 929 2475 985 declaratur
2495 950 2614 987 cum
2645 937 2840 991 dicitur
2870 939 3049 1007 (Joan.
3090 942 3128 1009 ι)
3157 959 3168 993 :
3220 941 3319 997 llic
3354 954 3436 999 est
3475 946 3568 1014 qui

1987 1016 2223 1085 baptizat
2250 1020 2298 1071 in
2322 1020 2522 1088 Spiritu
2544 1038 2597 1076 et.
2624 1026 2763 1093 igne.
2790 1026 2920 1079 Nam
2948 1030 2991 1081 si
3018 1030 3247 1084 visibilis.
3264 1033 3393 1085 solis
3417 1034 3569 1088 istius

1986 1106 2139 1168 radii,
2172 1123 2290 1160 cum
2316 1124 2413 1177 per
2435 1111 2552 1165 loca
2583 1114 2893 1168 l'etidissima
2926 1123 3221 1184 transeant,
3267 1123 3409 1173 nulla
3443 1138 3568 1177 con-

1986 1202 2159 1247 tactus
2189 1196 2554 1264 inquinatione
2585 1203 2948 1267 maculantur;
2995 1208 3161 1261 inulto
3210 1212 3376 1278 magis
3424 1212 3566 1267 illius

1984 1284 2073 1350 qui
2106 1285 2263 1338 istum
2295 1288 2555 1342 visibilem
2591 1290 2748 1355 fecit,
2779 1293 2947 1347 virtus
2977 1297 3119 1350 nulla
3157 1301 3436 1355 ministerii
3481 1304 3565 1357 in-

1983 1374 2241 1441 dignitate
2271 1381 2673 1447 constringitur.
2710 1384 2840 1437 Nam
2870 1393 2924 1438 et
2952 1385 3116 1441 ludas
3144 1406 3263 1443 cum
3294 1391 3451 1446 fuerit
3471 1409 3563 1449 sa-

1983 1468 2212 1535 crilegus
2242 1479 2403 1539 atque
2433 1473 2535 1537 fur,
2561 1476 2817 1545 quidquid
2849 1479 2957 1545 egit
2990 1480 3130 1534 inter
3161 1484 3436 1549 apostolos
3464 1501 3562 1554 pro

1981 1556 2240 1623 dignitate
2288 1563 2604 1628 commissa,
2650 1565 2910 1621 benelicia
2958 1584 3056 1637 per
3110 1571 3381 1639 indignum
3437 1576 3563 1631 data

1981 1650 2123 1702 nulla
2153 1666 2219 1703 ex
2255 1652 2357 1707 hoc
2385 1655 2705 1711 detrimenta
2751 1670 3053 1726 senserunt,
3104 1662 3411 1719 declarante
3459 1666 3561 1723 hoc

286 1749 587 1804 secundum
616 1750 834 1803 deﬁnita
866 1748 1081 1803 Patrum
1104 1758 1155 1804 et
1178 1751 1609 1819 prredicationem
1638 1751 1866 1805 omnium

1981 1740 2152 1809 ipsum
2203 1743 2427 1799 Domino
2474 1749 2905 1805 manifestissima
2952 1768 3087 1808 voce
3140 1754 3352 1811 (Matth.
3399 1759 3557 1827 xui):

286 1844 631 1901 sacerdotum
664 1843 754 1912 qui
785 1844 838 1896 in
869 1841 1102 1898 Ecclesia
1126 1843 1441 1909 lloruerunt,
1465 1844 1509 1896 si
1539 1843 1641 1897 hoc
1664 1858 1877 1911 quoque

285 1935 679 2005 pnrceperitis,
710 1934 1005 1989 scientibus
1056 1933 1109 1986 in
1160 1934 1415 1986 memoria
1465 1932 1876 1986 transmittendo

284 2025 687 2089 reuovabimus,
716 2023 1085 2092 ignorantibus
1109 2022 1177 2076 ad
1217 2021 1528 2076 discendum
1571 2038 1668 2091 pro
1698 2022 1875 2077 oﬂicio

284 2126 482 2170 nostra:
513 2114 884 2169 instructionis
905 2113 1198 2177 oﬁ'erimus,
1224 2122 1281 2167 ut
1304 2114 1445 2167 nulla
1474 2122 1627 2167 extra
1654 2114 1767 2169 haec
1790 2115 1874 2168 in-

282 2207 565 2276 geniorum
590 2205 849 2273 jactantia
879 2204 963 2258 vel
994 2205 1229 2273 pravitas
1260 2203 1525 2257 audiatur.

281 2316 605 2370 Admonetur
630 2318 927 2385 imperator,
960 2323 1014 2436 sit
1051 2315 1344 2368 constitutis
1392 2316 1688 2385 apostolica:
1734 2317 1872 2370 sedis

927 2402 955 2436 ο
996 2393 1252 2436 temperet.

927 2393 1252 2454 obtemperet.

353 2477 443 2531 V'l.
484 2476 620 2531 lllud
639 2492 768 2530 vero
789 2476 995 2545 peculia
1006 2477 1113 2530 rius
1134 2492 1231 2546 pro
1253 2492 1436 2532 amore
1459 2478 1664 2549 imperii
1686 2480 1868 2545 vestri,

281 2578 338 2623 et
372 2568 726 2631 beatitudine,
776 2582 895 2635 quae
934 2568 1194 2635 consequi
1239 2569 1436 2636 poterit
1481 2583 1724 2636 regnum,
1773 2587 1871 2639 pro

279 2658 585 2727 apostolico
616 2655 794 2712 ofﬁcio
821 2657 1189 2727 przedicamus,
1222 2667 1299 2725 ut,
1330 2659 1468 2714 sicut
1490 2659 1646 2714 decet
1669 2668 1724 2714 et
1751 2659 1871 2730 Spi-

280 2751 418 2803 ritus
443 2757 666 2803 sanctus
690 2748 877 2813 dictat,
910 2748 1129 2802 monitis
1151 2750 1349 2803 nostris
1389 2745 1691 2803 obedientia
1734 2766 1873 2819 prae-

280 2840 495 2901 beatur,
526 2848 586 2892 ut
622 2838 762 2892 bona
799 2840 981 2892 omnia
1028 2849 1207 2892 vestra
1250 2840 1633 2909 rempublicam
1678 2856 1871 2895 conse-

278 2937 539 2998 quantur,
570 2929 709 2982 sicut
752 2929 801 2981 in
835 2927 1020 2981 Exodo
1051 2929 1379 2997 promittitur
1411 2928 1605 2999 (Exod.
1651 2931 1740 3001 xv)
1770 2950 1782 2984 :
1812 2931 1869 2985 Si

279 3018 522 3072 audieris
544 3033 730 3071 vocem
756 3018 965 3071 Domini
990 3018 1080 3071 Dei
1108 3019 1202 3086 tui,
1231 3028 1285 3072 et
1307 3034 1425 3088 quze
1446 3020 1657 3087 placent
1681 3019 1869 3075 feceris

1979 1828 2179 1886 Scriba:
2204 1835 2417 1905 (inquit)
2455 1845 2510 1889 et
2557 1838 2810 1895 Pharisaei
2839 1858 3001 1911 super
3047 1846 3355 1901 cathedram
3400 1847 3561 1905 Mosis

1977 1923 2197 1989 sedent;
2233 1939 2351 1992 quae
2380 1927 2565 1981 dicunt
2595 1928 2773 1995 facite,
2800 1948 2920 2001 qua:
2943 1945 3123 1988 autem
3149 1935 3349 1990 faciunt
3396 1938 3561 1993 nolite

1974 2010 2184 2077 facere;
2210 2014 2581 2084 dicuntenim,
2626 2029 2681 2074 et
2714 2038 2819 2075 non
2863 2024 3085 2078 faciunt.
3117 2004 3384 2096 Quidquid
3429 2044 3559 2098 ergo

1976 2099 2040 2152 ad
2072 2101 2344 2155 hominum
2375 2115 2687 2173 provectum
2711 2111 2938 2177 quilibet
2968 2114 3020 2167 in
3048 2115 3285 2171 Ecclesia
3316 2116 3557 2174 minister

1974 2206 2072 2260 pro
2101 2192 2278 2247 ofﬁcio
2298 2211 2396 2248 suo
2424 2197 2634 2251 videtur
2663 2202 2896 2269 operari,
2950 2203 3052 2257 hoc
3084 2214 3253 2259 totum
3290 2209 3555 2266 contineri

1974 2279 2246 2349 implendo
2268 2282 2558 2339 divinitatis
2579 2286 2848 2356 eﬁ'ectum,
2880 2291 2950 2345 ita
2977 2292 3082 2357 illc,
3106 2310 3203 2363 per
3222 2310 3376 2363 quem
3400 2297 3555 2351 Chri-

1974 2381 2088 2427 stus
2117 2373 2370 2442 loquitur,
2398 2375 2594 2432 Paulus
2620 2378 2852 2433 afﬁrmat
2892 2380 2945 2452 (1
2974 2381 3095 2436 Cor.
3135 2384 3234 2454 tu),
3261 2384 3372 2455 Ego
3404 2386 3554 2455 plan-

1974 2464 2099 2525 tavi,
2134 2464 2324 2533 Apollo
2354 2468 2567 2534 rigavit,
2616 2469 2709 2523 sed
2758 2470 2900 2525 Deus
2946 2473 3337 2530 incrementum
3384 2478 3552 2532 dedit.

1971 2553 2157 2623 Itaque
2189 2572 2360 2626 neque
2384 2558 2475 2626 qui
2524 2560 2729 2628 plantat
2752 2570 2837 2617 est
2862 2563 3082 2632 aliquid,
3115 2581 3291 2634 neque
3338 2569 3429 2637 qui
3485 2569 3554 2622 ri-

1971 2653 2081 2713 gat,
2113 2645 2209 2700 sed
2254 2647 2344 2716 qui
2382 2648 2772 2705 incrementum
2801 2652 2893 2706 dat
2926 2653 3085 2710 Deus.
3136 2656 3177 2708 A
3218 2656 3328 2711 Deo
3374 2668 3553 2713 autem

1973 2751 2079 2789 non
2119 2738 2376 2805 quaeritur
2418 2740 2559 2807 quis,
2608 2741 2692 2794 vel
2729 2742 2902 2809 qualis
2944 2745 3219 2812 praidicet,
3262 2746 3354 2800 sed
3394 2762 3553 2815 quem

1971 2822 2245 2891 prmdicet,
2277 2832 2335 2877 ut
2362 2826 2568 2880 invidos
2596 2828 2756 2881 etiam
2787 2829 2926 2883 bene
2962 2829 3232 2884 Christum
3265 2834 3553 2901 praedicare

1970 2912 2272 2967 conlirmet.
2301 2913 2418 2980 Quo
2459 2917 2602 2971 malo
2636 2918 2882 2973 diabolus
2928 2921 3044 2990 ipse
3083 2922 3323 2992 dejectus
3351 2934 3452 2992 est,
3502 2933 3553 2986 et

1969 3004 2073 3058 hoc
2103 3006 2221 3074 ipso
2250 3007 2541 3075 praedicare
2568 3026 2674 3063 non
2699 3011 2916 3065 desinit.

278 3126 464 3164 coram
497 3112 634 3179 ipso,
662 3118 717 3163 et
744 3109 1014 3163 obedieris
1041 3110 1326 3179 przcceptis
1348 3110 1479 3176 ejus,
1507 3119 1562 3163 et
1599 3112 1867 3165 custodie-
1897 3109 1940 3169 C
1974 3113 2125 3179 Quod
2162 3116 2288 3170 mali
2332 3118 2467 3173 bona
2514 3122 2855 3175 ministrando
2906 3123 3003 3177 sibi
3051 3127 3403 3180 tantummodo
3436 3144 3551 3184 ἠο-

278 3200 353 3252 ris
382 3213 599 3251 omnem
621 3198 883 3264 justitiam
914 3196 1049 3264 ejus,
1074 3213 1287 3250 omnem
1322 3197 1681 3252 inﬁrmitatem
1704 3213 1865 3266 quam

276 3289 567 3356 importavi
601 3285 893 3356 Egypliis,
922 3301 1029 3338 non
1058 3285 1359 3353 importabo
1388 3287 1439 3339 in
1473 3295 1524 3339 te
1550 3304 1562 3338 :
1588 3285 1699 3353 Ego
1722 3288 1865 3340 enim

275 3392 396 3429 sum
430 3375 688 3427 Dominus
724 3374 815 3442 qui
859 3359 1067 3427 salvum
1110 3371 1248 3449 facio
1280 3382 1352 3426 te.
1404 3372 1473 3425 Et
1519 3373 1626 3427 illic
1670 3374 1865 3427 iterum

276 3466 403 3517 tuba
432 3463 805 3533 potentissima
834 3462 1045 3517 canitur
1070 3480 1081 3513 ε
1115 3462 1176 3514 Ει
1199 3478 1362 3528 nunc,
1395 3461 1580 3526 Israel,
1608 3463 1733 3530 quid
1758 3463 1862 3517 Do-

275 3554 455 3606 minus
477 3552 619 3605 Deus
651 3561 770 3605 tuus
796 3552 1086 3620 postulata
1118 3560 1168 3604 te
1196 3551 1338 3605 aliud
1369 3566 1527 3619 quam
1567 3559 1625 3604 ut
1677 3552 1865 3609 timeas

274 3639 559 3693 Dominum
591 3640 758 3693 Deum
795 3649 965 3703 tuum,
995 3648 1052 3694 et
1080 3641 1319 3695 ambules
1370 3642 1421 3694 in
1466 3642 1717 3699 omnibus
1761 3644 1862 3698 viis

274 3732 411 3799 ejus,
441 3740 497 3785 et
526 3732 716 3800 diligas
753 3747 899 3798 eum,
929 3740 984 3786 et
1028 3734 1235 3787 servias
1281 3733 1507 3787 Domino
1538 3732 1650 3787 Deo
1673 3742 1766 3789 tuo
1794 3750 1861 3790 ex

277 3828 391 3873 toto
437 3818 603 3873 corde
657 3828 770 3885 tuo,
815 3827 871 3873 et
920 3835 985 3873 ex
1018 3828 1129 3873 tota
1171 3821 1350 3874 anima
1400 3830 1487 3874 tua
1539 3821 1713 3891 (Deut.
1767 3822 1862 3893 x)?

273 3910 496 3965 Custodi
530 3921 794 3980 praecepta
834 3911 1042 3965 Domini
1078 3912 1173 3966 Dei
1222 3912 1320 3979 tui,
1366 3920 1419 3966 et
1442 3912 1679 3981 justitias
1721 3913 1856 3980 ejus,

275 4016 406 4068 quas
434 4016 538 4069 ego
566 4001 763 4054 mando
786 4002 901 4055 tibi.
936 4000 1062 4057 llaec
1089 4018 1174 4056 me
1198 4011 1572 4070 suggerentem
1605 4003 1858 4072 frequen-

276 4090 380 4142 tius
411 4105 517 4141 non
548 4097 767 4157 spernat
789 4091 962 4158 pietas
988 4099 1097 4153 tua,
1127 4099 1251 4144 ante
1274 4090 1462 4145 oculos
1502 4091 1705 4145 habens
1750 4091 1855 4145 Do-

278 4180 403 4233 mini
426 4181 480 4233 in
512 4177 803 4247 Evangelio
828 4181 990 4234 verba
1018 4198 1030 4233 :
1067 4178 1166 4243 Qui
1195 4180 1341 4233 audit
1369 4196 1475 4244 eos,
1515 4197 1595 4233 me
1617 4180 1781 4245 audit,
1809 4191 1859 4235 et

277 4271 357 4339 qui
385 4287 467 4323 eos
496 4270 713 4338 spernit,
746 4286 828 4322 me
847 4271 1061 4339 spernit,
1111 4280 1160 4323 et
1187 4272 1271 4340 qui
1296 4286 1376 4323 me
1404 4271 1615 4340 spernit,
1663 4274 1859 4341 spernit

277 4376 385 4412 eum
411 4361 499 4431 qui
542 4377 626 4413 me
646 4362 785 4414 misit
807 4359 955 4430 (Luc.
982 4362 1059 4429 x).
1089 4360 1220 4415 Nam
1256 4370 1311 4415 et
1349 4361 1638 4430 Apostolus
1674 4362 1858 4417 conci-

276 4467 404 4506 nens
431 4452 704 4506 Salvatori
750 4461 935 4506 nostro
977 4453 1049 4506 ita
1079 4452 1357 4520 loquitur:
1405 4452 1731 4523 Quapropter
1772 4455 1856 4521 qui
1889 4479 1935 4537 υ

274 4544 381 4597 luet:
424 4546 647 4613 spernit,
700 4561 805 4598 non
853 4544 1107 4598 hominem
1140 4547 1356 4613 spernit,
1403 4547 1494 4599 sed
1532 4544 1717 4608 Deum,
1767 4549 1853 4617 qui

274 4638 407 4689 dedit
439 4636 696 4704 Spiritum
720 4644 954 4688 sanctum
977 4636 1029 4689 in
1058 4636 1204 4689 nobis
1229 4635 1281 4699 (I
1314 4635 1491 4690 Thess.
1526 4638 1620 4706 IV).
1662 4636 1852 4691 Pectus

274 4726 567 4780 clementia:
594 4736 784 4780 vestae
806 4727 1095 4781 sacrarium
1125 4736 1209 4782 est
1238 4727 1459 4797 publicae
1484 4728 1768 4791 felicitatis,
1796 4738 1852 4781 ut

271 4834 367 4887 per
392 4819 707 4872 instantiam
730 4826 963 4872 vestram
997 4820 1177 4887 (quam
1218 4819 1362 4872 velut
1410 4818 1665 4872 vicarium
1717 4834 1851 4887 prgc-

268 4909 441 4963 sidere
485 4910 648 4976 jussit
702 4908 756 4962 in
810 4909 1009 4979 terris)
1066 4908 1386 4974 evangelicis
1437 4909 1852 4978 apostolicisque

270 4999 584 5066 praeceptis,
646 5014 754 5051 non
796 4998 928 5051 dura
973 4999 1222 5069 superbia
1271 5000 1567 5064 resistatur,
1618 5000 1709 5055 sed
1759 5017 1854 5071 per

267 5088 648 5153 obedientiam,
684 5104 800 5159 qurc
826 5098 950 5143 sunt
974 5089 1267 5155 salutifera,
1310 5093 1705 5161 compleantur.

270 5194 526 5280 Quodeos
547 5217 674 5280 quos
688 5201 1200 5280 postdamimlionem
1220 5202 1466 5280 sn_am_vel
1478 5201 1757 5280 baptizavit
1778 5205 1853 5257 vel

338 5271 595 5322 ordinavit
623 5272 856 5334 Acutius,
888 5273 1032 5325 nulla
1064 5273 1231 5342 portio
1267 5273 1495 5326 lwsionis
1536 5271 1777 5342 attingat.

338 5357 444 5411 Vll.
490 5359 619 5413 Nam
643 5376 808 5415 secun
831 5368 936 5415 lum
966 5361 1218 5416 Ecclesia:
1256 5364 1533 5418 catholica:
1565 5373 1851 5417 consuetu-

264 5451 445 5512 dinem
465 5454 883 5508 sacratissimum
913 5457 1215 5509 serenitatis
1240 5464 1339 5509 tua:
1362 5466 1547 5524 pectus
1572 5468 1844 5525 agnoscat,

262 5541 409 5608 Quod
440 5544 644 5597 nullum
674 5545 740 5598 de
765 5546 865 5606 his,
898 5546 979 5598 vel
1011 5562 1146 5615 quos
1173 5546 1465 5616 baptizavit
1495 5547 1730 5611 Acutius,
1764 5550 1847 5604 vel

263 5645 404 5696 quos
443 5634 779 5700 sacerdotes,
838 5636 951 5689 sive
998 5636 1207 5705 levitas,
1252 5639 1541 5692 secundum
1587 5656 1843 5709 canones,

265 5722 559 5787 ordinavit,
593 5726 697 5780 ulla
727 5742 820 5781 eos
850 5743 915 5781 ex
946 5728 1159 5785 nomine
1192 5728 1360 5785 Acatii
1408 5729 1585 5799 portio
1615 5730 1845 5787 hesionis

2105 3197 2272 3248 (eant,
2302 3205 2395 3242 nec
2424 3187 2675 3244 Ecclesiae
2698 3202 3019 3246 sacramenta
3044 3198 3433 3254 commaculent.

2040 3275 2168 3329 Vlll.
2207 3276 2334 3331 ldeo
2362 3292 2489 3346 ergo
2519 3287 2573 3332 et
2600 3279 2707 3343 hic,
2746 3282 2898 3348 cujus
2928 3298 3122 3337 nomen
3168 3283 3393 3340 dicimus
3434 3302 3551 3346 esse

1967 3368 2319 3431 reticendum,
2350 3370 2488 3424 male
2515 3372 2654 3426 bona
2683 3373 3036 3428 ministrando
3066 3374 3167 3428 sibi
3206 3385 3414 3431 tantum
3454 3394 3551 3433 no~

1967 3459 2097 3513 cuit.
2137 3459 2271 3512 Nam
2299 3460 2605 3517 inviolabile
2634 3472 3049 3529 sacramentum,
3078 3466 3222 3533 quod
3267 3482 3363 3536 per
3405 3468 3550 3525 illum

1965 3546 2148 3603 datum
2175 3559 2276 3615 est,
2319 3552 2439 3605 aliis
2462 3553 2845 3621 perfectionem
2892 3571 3004 3610 sua:
3051 3558 3265 3612 virtutis
3299 3559 3550 3615 obtinuit.

1966 3636 2118 3703 Quod
2145 3654 2267 3694 cum
2298 3640 2370 3693 ita
2401 3641 2492 3707 sit,
2523 3641 2823 3709 aliquorum
2857 3643 2909 3697 in
2954 3652 3160 3697 tantum
3207 3661 3267 3699 se
3306 3648 3548 3701 extendi'

1964 3731 2176 3784 curiosa
2199 3732 2452 3800 suspicio,
2489 3742 2545 3785 ut
2568 3733 2891 3801 imaginetur
2913 3736 3124 3803 prolato
3153 3750 3181 3787 a
3214 3751 3350 3805 papa
3374 3736 3549 3794 Felice

1959 3820 2184 3888 judicio,
2218 3831 2403 3890 postea
2428 3821 2778 3877 inefﬁcaciter
2803 3824 2855 3876 in
2877 3825 3249 3889 sacramentis,
3276 3842 3394 3893 qua:
3414 3827 3548 3881 Aca-

1966 3910 2067 3964 tius
2123 3911 2417 3978 usurpavit,
2443 3911 2655 3978 egisse:
2699 3927 2763 3965 ac
2790 3912 3011 3979 perinde
3039 3928 3134 3966 eos
3160 3922 3420 3979 metuere,
3459 3915 3547 3985 qui

1962 4002 2047 4055 vel
2072 4002 2122 4055 in
2152 4002 2670 4066 consecrationibus,
2703 4003 2787 4057 vel
2828 4003 2879 4057 in
2923 4003 3245 4073 baptismate
3294 4007 3547 4077 mysteria

1961 4091 2158 4145 tradita
2203 4101 2571 4161 susceperunt,
2619 4107 2687 4147 ne
2732 4093 2880 4148 irrita
2930 4092 3187 4148 beneﬁcia
3245 4094 3423 4150 divina
3471 4097 3547 4150 vi-

1960 4182 2206 4247 deantur,
2237 4184 2595 4237 meminerunt
2625 4182 2676 4237 in
2700 4183 2839 4239 hanc
2866 4200 3081 4255 quoque
3116 4195 3320 4255 partem
3358 4187 3547 4241 simili-

1962 4278 2045 4325 ter
2068 4280 2350 4326 tractatum
2388 4272 2683 4340 prtevalere
2717 4287 3077 4341 superi-irem,
3118 4275 3244 4344 quia
3278 4291 3384 4329 non
3433 4276 3547 4332 sine

1960 4363 2312 4432 usurpatione
2357 4362 2649 4418 sacerdotii
2680 4363 3017 4433 adjudicatus
3051 4365 3155 4420 hoc
3198 4365 3325 4433 egit.
3358 4364 3415 4421 ln
3441 4382 3547 4436 quo

1960 4452 2216 4505 virtutem
2252 4467 2405 4506 suam
2446 4452 2814 4508 obtinentibus
2855 4456 3148 4526 mysteriis,
3189 4456 3242 4510 in
3274 4456 3379 4513 hoc
3414 4472 3547 4527 quo-

1961 4557 2067 4611 que
2092 4542 2210 4596 aliis
2237 4556 2328 4596 rea
2358 4542 2458 4597 sibi
2497 4559 2730 4613 persona
2758 4561 2867 4600 non
2906 4546 3107 4611 nocuit,
3141 4562 3263 4601 nam
3305 4547 3370 4600 ad
3401 4548 3547 4605 illum

1961 4635 2241 4704 pertinuit,
2270 4634 2415 4703 quod
2456 4636 2581 4689 tuba
2616 4636 2783 4690 David
2820 4638 2890 4691 ita
2917 4640 3147 4707 canitur,
3187 4638 3546 4707 Verumtamen

1960 4726 2103 4779 Deus
2130 4728 2488 4795 conquassavit
2516 4729 2688 4797 capita
2710 4728 3036 4783 inimicorum
3056 4747 3284 4795 suorum,
3313 4733 3545 4785 verticem

1959 4822 2135 4892 capilli
2164 4819 2629 4885 perambulantium
2667 4822 2723 4875 in
2749 4822 2948 4875 delictis
2977 4824 3082 4876 suis
3106 4821 3275 4892 (Psal.
3304 4824 3379 4888 x).
3413 4821 3543 4875 Nam

1950 4911 2208 4980 superbia
2246 4925 2460 4979 semper
2497 4910 2619 4974 sibi,
2661 4926 2767 4965 non
2815 4912 2903 4965 alii
2952 4911 3081 4965 facit
3124 4912 3351 4971 ruinam,
3402 4910 3544 4976 quod

1957 5000 2204 5053 universa
2233 4999 2627 5068 Scripturarum
2652 5000 2949 5054 caelestium
2974 5007 3201 5052 testatur
3229 4998 3542 5059 auctoritas,

1954 5095 2091 5147 sicut
2117 5092 2276 5147 etiam
2299 5108 2396 5161 per
2411 5092 2669 5160 Spiritum
2692 5100 2932 5145 sanctum
2958 5089 3152 5143 dicitur
3176 5089 3225 5142 in
3248 5091 3541 5159 propheta:

1956 5182 2079 5237 Non
2112 5184 2357 5236 habitarit
2386 5184 2439 5234 in
2469 5182 2635 5235 medio
2665 5182 2847 5235 domus
2886 5195 3031 5244 mea',
3079 5181 3164 5247 qni
3196 5182 3323 5251 facit
3360 5198 3543 5251 super-

1955 5274 2091 5328 biam
2116 5274 2327 5345 (Exeo/1.
2357 5275 2527 5344 xvnt).
2564 5275 2711 5328 [inde
2739 5290 2860 5328 cum
2890 5274 2988 5327 sibi
3020 5275 3313 5329 sacerdotis
3342 5291 3539 5329 nomen

1957 5367 2342 5429 vindicaverit,
2367 5367 2756 5419 condemnatus
2786 5365 2838 5417 in
2871 5365 3035 5436 ipsius
3058 5367 3316 5421 verticem
3353 5381 3541 5435 super-

1956 5456 2056 5509 bize
2087 5464 2265 5509 tumor
2304 5454 2534 5509 inﬁictus
2572 5463 2674 5520 est,
2716 5455 2841 5524 quia
2893 5472 2997 5510 non
3042 5458 3288 5525 populus,
3345 5460 3434 5527 qui
3488 5460 3540 5513 in

1955 5544 2224 5614 mysteriis
2270 5542 2467 5596 donum
2508 5542 2672 5612 ipsius
2716 5543 2952 5607 sitiebat,
3003 5546 3253 5599 exclusus
3297 5556 3398 5609 est,
3447 5546 3541 5600 sed

1955 5640 2130 5692 anima
2161 5637 2276 5690 sola
2309 5636 2395 5690 illa
2428 5653 2545 5706 quae
2569 5649 2887 5706 peccaverat
2911 5639 3057 5708 justo
3094 5639 3296 5708 judicio
3324 5638 3540 5708 preprie

1953 5741 2071 5789 erat
2101 5729 2353 5799 obnoxia,
2382 5729 2527 5799 quod
2571 5729 2770 5800 ubique
2818 5746 3102 5791 numerosa
3143 5730 3535 5800 Scripturarum
