3976 6196
300 336 400 392 517

1291 333 1663 391 COLLECTIO
1699 337 1743 391 ll
1785 336 2255 393 DECllETORUM
2292 337 2394 393 PP.
2438 338 2548 392 RR.

3445 345 3549 398 318

300 448 732 527 subscriptiones
746 446 990 527 proprias
1007 447 1356 527 .coinuiodate
1378 467 1392 503 :
1419 459 1477 503 ut
1516 452 1757 522 synodali
1782 453 1873 521 ju-
1902 459 1949 516 Α
1980 462 2106 527 stet.
2130 452 2267 527 Ergo
2289 454 2601 527 suppliciter
2622 469 2901 527 precamur
2913 458 3266 527 apostolatum
3290 468 3545 526 vestrum,

305 520 446 574 dicio
472 516 650 571 aditus
688 516 971 570 (laudatur
1006 517 1222 570 illicitis.

367 588 447 641 Ab
476 587 735 640 universis
764 586 1031 654 episc0pis
1062 594 1115 638 et
1160 587 1484 654 presbyteris
1522 590 1875 644 acclamatum

300 668 417 713 est:
450 656 678 717 Exaudi,
708 652 1539 719 Christe,'Hilaro'vita,jdictuin
1564 668 1642 713 est
1674 664 1871 714 sexies.

304 727 425 780 Hice
478 725 879 789 conliriiiamus,
926 724 1040 777 hinc
1086 724 1371 789 docemus,
1430 728 1628 781 dictum
1681 732 1871 783 octies.

302 796 423 849 ηερ
452 797 690 867 tenenda
712 804 854 855 sunt,
888 794 999 846 haec
1024 794 1287 867 servanda
1312 804 1454 867 sunt,
1485 798 1685 867 dictum
1715 800 1876 867 quin-

302 866 470 934 qiiies.
512 864 778 917 Doctrina:
806 872 996 915 vestra:
1023 863 1222 929 gratias
1261 865 1485 930 agimus,
1533 863 1747 919 dictuni'
1778 868 1875 921 de-

299 932 421 988 cie»
446 932 550 987 Ista
575 943 633 986 ut
654 936 703 985 iii
726 940 1040 1001 perpetuum
1062 947 1360 996 serventur,
1384 948 1652 1001 rogamus,
1677 937 1877 989 dictum

300 1013 380 1057 est
399 999 740 1071 quindecies.
760 999 863 1054 Per
887 1000 1427 1074 deiiiinuin__Petrmn,
1457 999 1527 1055 fut
1581 999 1646 1057 in»
1679 1020 1874 1074 perpe-

301 1068 446 1126 tuum
494 1080 777 1124 serventur
820 1083 1091 1136 rogamus,
1138 1068 1340 1125 dictum
1388 1080 1471 1125 est
1512 1068 1701 1126 octies.
1754 1068 1879 1128 "(BC

300 1142 657 1211 pizesumptio
689 1155 958 1207 nunquam
992 1138 1352 1211 ,ﬁat,_dictum
1385 1142 1582 1196 decies.
1624 1142 1723 1207 Qui
1767 1144 1879 1196 lucc

300 1208 600 1271 violaverit,
647 1210 698 1262 in
734 1224 793 1262 se
823 1210 1077 1271 inveniet,
1122 1208 1575 1279 dictumisepties.
1624 1213 1692 1267 Et
1732 1212 1878 1266 facto

300 1280 538 1342 silentio,
566 1278 780 1332 Hilarus
808 1279 1092 1347 episcopus
1112 1278 1249 1330 dixit
1272 1296 1285 1331 :
1328 1278 1611 1344 Pneterea,
1660 1282 1876 1345 fratres,

301 1365 435 1403 nova
459 1358 517 1402 et
544 1348 797 1410 inaudita,
825 1349 967 1419 sicut
998 1347 1064 1419 ad
1114 1363 1231 1408 nos,
1282 1349 1456 1404 missis
1488 1350 1565 1419 Vde
1610 1350 1878 1419 Hispaniis

300 1420 563 1488 epistolis,
595 1419 694 1472 sub
719 1426 865 1472 cerla
893 1417 1157 1488 relatione
1188 1419 1448 1488 pervenit,
1481 1418 1533 1472 in
1561 1417 1878 1487 quihusdam

298 1486 431 1543 locis
460 1489 872 1556 perversitatum
896 1487 1099 1540 semina
1129 1486 1352 1540 subinde
1382 1486 1687 1542 nascuntur.
1720 1489 1881 1543 Deni-

300 1574 402 1627 que
433 1557 676 1610 n0nnulli
705 1556 1090 1627 episcopatum,
1118 1557 1207 1617 qui
1238 1558 1451 1610 nonnisi
1497 1560 1701 1612 meritis
1740 1574 1878 1627 pne-

301 1624 622 1682 éedentibus
645 1627 822 1687 datur,
852 1641 957 1679 non
984 1624 1221 1678 divinum
1244 1642 1458 1691 munus,
1482 1628 1577 1681 sed
1604 1624 1881 1682 haeredita-

300 1698 435 1750 rium
468 1704 662 1764 putant
690 1710 810 1749 esse
834 1694 1234 1763 compendium,
1265 1704 1321 1750 et
1342 1697 1587 1761 credunt,
1629 1698 1766 1751 sicut
1793 1712 1880 1751 res

301 1768 530 1820 caducas
553 1775 716 1831 atque
738 1766 1022 1834 mortales,
1048 1764 1118 1818 ita
1150 1766 1533 1830 sacerdotium,
1557 1768 1702 1822 velut
1726 1767 1879 1834 legali

302 1844 388 1888 aut
418 1835 828 1905 testainentario
865 1832 987 1901 jure
1016 1848 1176 1902 posse
1204 1834 1419 1889 dimitti.
1466 1836 1597 1889 Nam
1639 1832 1879 1905 plerique

302 1905 612 1958 sacerdotes
649 1903 700 1956 in
749 1906 937 1956 mortis
978 1905 1211 1957 coolinio
1269 1907 1546 1960 constituti
1604 1903 1655 1961 in
1702 1903 1878 1961 locum

302 1990 448 2037 suum
480 1972 726 2027 feruntur
750 1973 884 2044 alios
899 1973 1199 2044 designatis
1228 1975 1532 2029 nominibus
1559 1977 1837 2044 subrogari
1862 1993 1877 2030 :

303 2054 356 2111 iit
384 2044 595 2097 scilicet
626 2059 728 2111 non
760 2043 997 2110 legitima
1039 2052 1382 2111 exSpectetur
1410 2046 1621 2110 electio,
1661 2043 1754 2100 sed
1783 2046 1882 2099 de-

303 2110 463 2165 functi
493 2110 812 2179 gratificatio
842 2128 937 2179 pro
968 2110 1148 2179 populi
1179 2113 1439 2167 habeatur
1460 2129 1701 2169 assensu.
1725 2114 1881 2180 Quod

303 2196 458 2252 quam
488 2196 652 2252 grave
674 2184 742 2234 sit
761 2182 1021 2235 :estimate
1046 2198 1058 2231 :
1084 2192 1244 2249 atque
1267 2182 1410 2252 ideo,
1440 2184 1482 2236 si
1507 2185 1697 2252 placet,
1721 2186 1883 2238 etiam

304 2251 439 2305 hanc
487 2251 758 2303 licentiam
800 2263 865 2316 ge
889 2252 1124 2303 aeraliter
1150 2252 1219 2304 de
1265 2250 1519 2306 Ecclesiis
1557 2250 1881 2320 auferamus,

304 2336 393 2386 ne,
416 2320 565 2391 quod
590 2329 750 2391 turpe
761 2320 911 2391 dictu
935 2328 1035 2384 est,
1066 2321 1372 2391 hujusniodi
1400 2337 1459 2375 se
1487 2332 1635 2391 putet
1662 2325 1880 2387 debere,

304 2387 448 2457 quod
472 2390 569 2444 Dei
600 2387 700 2443 est.
735 2387 802 2443 Ut
830 2399 1008 2443 autem
1039 2390 1183 2458 quod
1212 2390 1279 2444 ad
1329 2406 1429 2445 nos
1476 2387 1738 2459 perlatum
1780 2402 1881 2456 est,

304 2459 368 2512 ad
394 2470 633 2530 vestram
662 2459 822 2512 etiam
864 2460 1031 2526 possit
1070 2460 1351 2527 pervenire
1397 2462 1659 2523 notitiam,
1692 2461 1885 2530 Hispa-

306 2543 494 2600 norum
521 2529 746 2600 fratrum
774 2537 828 2583 et
856 2530 1299 2600 coepiscoporuin
1331 2538 1637 2584 nostrorum
1682 2529 1881 2600 scripta

306 2599 574 2667 legantur.
605 2597 798 2652 Paulus
826 2599 1069 2652 notarius
1095 2598 1357 2653 recitavit.

376 2669 726 2729 Beatissimo,
777 2676 831 2722 et
870 2669 1163 2734 apostolica
1212 2670 1513 2723 reverentia
1556 2685 1585 2723 a
1633 2670 1787 2724 nobis
1834 2670 1887 2723 in

307 2738 520 2793 Christo
548 2738 775 2792 colendo
816 2752 966 2806 papm
1005 2737 1188 2790 llilaro
1218 2739 1499 2805 AScanius,
1554 2748 1608 2793 et
1656 2741 1889 2795 universi

310 2808 545 2879 episcopi
572 2806 991 2879 Tarraconensis
1016 2809 1322 2879 prOViliClID.

375 2879 546 2944 Quam
561 2893 744 2931 curam
758 2877 1089 2944 apostolatus
1100 2888 1276 2932 vester
1287 2878 1353 2933 de
1367 2878 1755 2946 provinciarum
1771 2894 1889 2932 saa-

310 2962 423 3003 rum
453 2947 827 3001 sacerdotibus
843 2956 1012 3013 gerat,
1036 2946 1142 3000 filio
1166 2958 1350 3003 nostro
1372 2950 1561 3003 illustri
1591 2949 1887 3015 Vincentio,

312 3020 445 3072 duce
492 3018 779 3085 provincia:
803 3026 1017 3081 nostrae,
1045 3016 1309 3072 referente
1334 3020 1704 3085 cognovimus,
1735 3020 1888 3084 cujus

311 3088 539 3157 impulsu
558 3094 1002 3157 votuin'iiostrum
1031 3088 1082 3139 in
1104 3103 1235 3141 ausu
1253 3088 1519 3142 scribendi
1536 3104 1701 3157 prona
1727 3093 1891 3142 devo-

1980 533 2037 577 ut
2070 524 2381 577 humilitatis
2411 535 2605 577 nostrtc
2633 526 2774 591 quod
2813 524 2960 593 juste
2985 543 3015 580 a
3045 530 3198 583 nobis
3225 529 3435 583 videtur
3462 524 3544 583 fa?

1978 601 2122 645 ctum
2148 634 2162 655 ,
2197 602 2370 646 vestra
2402 596 2721 648 auctoritate
2752 595 2989 650 lirinetis.
3031 596 3149 650 Jam
3178 599 3375 651 dudum
3418 613 3551 654 sane

1977 663 2150 735 questi
2180 660 2472 735 _fue_ranius
2532 664 2721 735 litteris
2771 667 2968 719 nostris
3013 667 3079 719 de
3122 670 3550 735 praesumptione

1978 729 2191 803 Sylvani
2217 732 2485 800 episcopi,
2517 743 2571 785 et
2600 734 2853 803 miramur
2879 736 3017 803 quod
3047 729 3189 788 nulla
3220 729 3550 803 apostolatus

1978 802 2140 852 vestri
2169 816 2421 873 responsa
2452 802 2810 873 suscepimus;
2844 802 2983 858 nunc
3011 805 3122 858 huic
3144 802 3327 857 eadem
3358 819 3548 873 sugge-

1978 877 2159 939 rentes
2186 872 2435 937 petimus,
2464 872 2667 938 utquid
2695 888 2854 939 super
2876 873 2957 926 his
2976 875 3136 926 rebus
3158 872 3547 928 observandum

1978 938 2065 1000 sit,
2092 939 2402 1009 apostolicis
2422 938 2773 993 sermonibus
2789 958 2885 997 nos
2907 943 3191 1009 dignemini
3216 943 3505 998 informare
3530 961 3544 996 :

1978 1016 2034 1081 et
2063 1023 2129 1081 ne.
2158 1007 2378 1081 forsitan
2417 1010 2926 1081 ierhuegligentiam
2970 1007 3245 1079 portitoris
3269 1052 3284 1073 ,
3326 1022 3418 1065 aut
3454 1028 3549 1081 per

1978 1075 2252 1143 longinqui
2284 1077 2488 1131 itineris
2510 1075 2873 1132 diflicultatein
2918 1075 3228 1133 humilitatis
3258 1075 3549 1136 nosti-cad

1978 1160 2075 1218 vos
2103 1147 2302 1213 scripta
2331 1162 2434 1218 non
2466 1147 2737 1213 potuerint
2774 1163 2840 1201 ex
2871 1149 2973 1202 hoc
3001 1150 3218 1215 negotio
3246 1150 3545 1218 pervenire,

1979 1215 2140 1267 etiam
2180 1216 2574 1282 suggestionem
2619 1224 2855 1269 nostram
2899 1218 3182 1271 maluimus
3217 1215 3431 1273 iterare.
3482 1218 3551 1272 Et

1978 1284 2316 1355 subscriptio.
2346 1282 2597 1355 Orantem
2620 1299 2717 1353 pro
2747 1286 2899 1340 nobis
2918 1295 3159 1340 sanctum
3190 1289 3548 1355 apostolatum

1979 1362 2215 1406 vestrum
2249 1352 2361 1421 jugi
2388 1369 2521 1421 ληνο
2548 1354 2727 1407 divina
2769 1364 3054 1408 conservet
3080 1352 3349 1410 (eternitas
3396 1356 3550 1410 nobis

1980 1420 2336 1485 omnibus-,et
2385 1420 2634 1476 Ecclesiae
2680 1437 2810 1487 suzc,
2840 1424 3055 1478 domine
3094 1440 3220 1479 vere
3265 1434 3465 1488 noster,
3496 1436 3551 1479 et

1980 1491 2292 1574 apqstolice‘
2321 1490 2740 1574 papa.“Hil_arus
2768 1494 3051 1574 episcopus
3079 1493 3256 1574 dixit;
3289 1495 3403 1574 Alia
3431 1495 3549 1574 epi-

1980 1561 2118 1613 stola
2168 1562 2441 1614 recitetur.
2493 1559 2688 1615 Paulus
2729 1559 2967 1615 notarius
3010 1564 3273 1617 recitavit.
3328 1559 3552 1618 Domino

1979 1630 2311 1695 beatissimo,
2337 1639 2391 1684 et
2419 1630 2712 1699 apostolica
2742 1632 3039 1685 reverentia
3069 1648 3099 1685 a
3131 1633 3284 1685 nobis
3314 1634 3364 1687 in
3396 1632 3551 1687 Chri-

1981 1709 2068 1752 sto
2108 1700 2334 1770 coiendo
2373 1698 2522 1768 papze
2553 1698 2734 1753 Hilaro
2770 1701 3056 1763 Ascanius,
3089 1710 3143 1755 et
3181 1703 3411 1757 universi
3441 1702 3553 1770 epi-

1982 1770 2131 1838 scopi
2162 1768 2575 1823 Tarraconensis
2611 1770 2917 1837 provincim.
2970 1770 3080 1825 Etsi
3130 1773 3271 1824 nulla
3319 1768 3555 1825 exstaret

1910 1818 1955 1876 Β
1984 1818 2277 1910 ηθεὲεςίιββ
2306 1818 2682 1910 ecclesiasticge
2711 1840 3003 1910 disciplina:
3023 1884 3036 1903 ,
3082 1818 3555 1910 expetendmvu're:

1981 1924 2108 1963 vera
2143 1908 2293 1963 nobis
2323 1908 2491 1962 fuerat
2519 1908 2647 1961 illud
2676 1909 3007 1977 privilegium
3036 1908 3177 1964 sedis
3205 1919 3416 1975 vestrm,
3446 1925 3555 1977 quo

1986 1979 2249 2046 susceptis
2279 1978 2424 2043 regni
2455 1978 2713 2040 clavibus,
2748 1989 2869 2097 post
2899 1981 3344 2034 resurrectionem
3372 1979 3558 2033 Salva-

1986 2049 2117 2097 toris
2163 2062 2260 2097 uer
2300 2055 2470 2097 totum
2516 2047 2698 2097 orbem
2785 2048 3040 2097 eatissimi
3089 2049 3231 2097 Petri
3278 2049 3558 2097 singularis

1983 2049 2117 2101 toris
2163 2062 2260 2114 per
2300 2055 2470 2100 totum
2516 2047 2698 2099 orbem
2728 2047 3040 2116 beatissimi
3089 2049 3232 2103 Petri
3278 2049 3558 2116 singularis

1982 2116 2293 2198 praedicatio
2323 2116 2693 2198 universorum
2724 2115 3097 2198 illuminationi
3137 2115 3433 2198 prospexit,
3466 2132 3559 2198 cu-

1978 2184 2068 2255 jus
2106 2186 2293 2238 vicarii
2341 2184 2699 2253 principatus,
2730 2185 2867 2237 sicut
2894 2187 3112 2255 eminet,
3138 2184 3215 2241 ita
3246 2184 3559 2241 metuendus

1982 2254 2065 2311 est
2094 2257 2161 2308 ab
2201 2256 2449 2308 omnibus
2488 2262 2543 2306 ct
2584 2255 2862 2307 amandus.
2907 2254 3137 2310 Proinde
3174 2272 3273 2309 nos
3310 2256 3476 2309 Deum
3506 2257 3559 2310 in

1986 2326 2138 2378 vobis
2159 2324 2405 2393 primitus
2425 2322 2730 2384 adorantes,
2755 2323 2837 2376 cui
2865 2325 2979 2379 sine
2997 2325 3215 2391 querela
3239 2324 3469 2390 servitis,
3495 2324 3560 2381 ad

1986 2394 2143 2448 fidem
2179 2394 2504 2447 recurrimus
2531 2393 2826 2460 apostolico
2862 2408 2957 2447 ore
2987 2393 3252 2447 laudatam
3290 2393 3467 2464 (Rom.
3494 2395 3558 2464 i),

1985 2466 2109 2519 inde
2156 2478 2415 2531 responsa
2458 2470 2759 2529 quairentes
2781 2502 2794 2523 ,
2831 2463 2970 2515 unde
3013 2464 3144 2517 nihil
3174 2463 3355 2517 errore
3380 2504 3395 2525 ,
3428 2463 3561 2517 nihil

1985 2533 2405 2604 prtesumptione
2438 2550 2451 2583 :
2484 2532 2577 2604 sed
2624 2531 2916 2604 pontificali
2965 2540 3133 2586 totum
3177 2532 3562 2604 deliberatione

1985 2601 2476 2675 pnecipitur.‘Cum
2506 2601 2720 2675 hzecita
2741 2617 2801 2656 se
2829 2603 3081 2675 habeant,
3108 2609 3190 2656 est
3220 2610 3395 2675 tamen
3407 2602 3563 2675 inter

1989 2669 2088 2727 nos
2118 2669 2281 2727 falsus
2312 2670 2477 2725 frater
2498 2710 2513 2732 ,
2559 2669 2709 2736 cujus
2747 2673 3161 2740 praesumptione
3188 2673 3327 2725 sicut
3367 2671 3564 2725 diutius

1986 2751 2171 2797 tacere
2198 2757 2304 2795 non
2329 2741 2495 2804 licuit,
2526 2740 2598 2793 ita
2625 2748 2678 2792 et
2705 2740 2847 2807 loqui
2878 2740 3036 2795 futuri
3061 2740 3245 2810 judicii
3278 2741 3565 2794 necessitas

1988 2813 2287 2882 imperavit.
2328 2809 2590 2880 Sylvauus
2618 2810 2853 2882 quidem,
2886 2809 3167 2882 episcopus
3193 2810 3497 2882 Calagurte,
3515 2810 3565 2865 in

1987 2878 2171 2936 ultima
2204 2890 2357 2951 parte
2372 2878 2575 2951 nostra:
2600 2880 2885 2946 provincia:
2910 2878 3254 2951 constitutus,
3282 2878 3563 2933 divinatio-

1989 2968 2085 3006 nes
2113 2949 2218 3005 sibi
2257 2950 2523 3004 indebitas
2569 2951 2873 3016 usurpando
2921 2949 3275 3004 humilitatem
3330 2959 3566 3001 nostram

1990 3022 2056 3075 ad
2088 3024 2191 3076 hoc
2221 3035 2389 3088 usque
2418 3017 2664 3087 perduxit
2691 3058 2705 3080 ,
2754 3028 2810 3071 ut
2838 3027 3025 3072 contra
3068 3020 3184 3086 ejus
3222 3018 3567 3088 vanissimam

1988 3084 2441 3160 superstitionem,
2473 3088 2614 3142 sedis
2633 3095 2829 3160 vestrae
2862 3088 3073 3141 unicum
3099 3084 3396 3141 remedium
3420 3084 3564 3153 flagi-

314 3156 458 3232 tio’ne
473 3159 730 3210 surrexit.
754 3156 1229 3232 Ergoproviiiciali
1245 3156 1771 3232 liiterariosermone
1796 3159 1891 3211 de-
1917 3172 1960 3232 ρ
1995 3156 2185 3215 temiis.
2235 3157 2334 3213 llic
2364 3173 2593 3225 namque
2625 3158 2734 3225 jam
2778 3165 2907 3232 ante
2935 3164 3143 3225 septem
3170 3164 3268 3232 aut
3293 3164 3419 3209 octo
3450 3170 3566 3207 ain-

314 3230 418 3283 bita
438 3241 657 3283 coronae
671 3236 857 3280 vestra:
869 3226 1123 3293 obsequia
1136 3227 1455 3291 deferenies,
1471 3229 1552 3282 his
1567 3242 1889 3297 qiiaisunius,

316 3310 370 3352 ut
389 3298 698 3363 dignatione
718 3311 820 3364 qua
841 3305 1064 3350 caiteros
1084 3296 1243 3350 etiam
1268 3296 1623 3351 humilitatem
1652 3307 1891 3351 nostram

317 3368 367 3421 in
404 3367 745 3420 orationibus
785 3368 975 3420 vestris
1020 3367 1070 3419 in
1117 3376 1296 3421 mente
1342 3368 1542 3421 habere
1580 3367 1890 3434 dignemini,

318 3436 623 3491 beatissima
669 3445 726 3489 ct
762 3435 1054 3503 apostolica
1090 3438 1389 3491 reverentia
1420 3440 1472 3490 in
1497 3436 1710 3491 Christo
1739 3452 1769 3489 a
1797 3452 1894 3491 n0-

319 3508 423 3569 bis,
455 3505 683 3560 colende
716 3515 895 3574 pater,
936 3506 1061 3575 illud
1100 3507 1382 3574 specialius
1420 3508 1803 3575 deprecantes,
1836 3516 1895 3560 ut

320 3577 518 3632 factum
550 3584 814 3637 nostrum,
843 3574 987 3645 quod
1017 3584 1123 3628 tam
1156 3584 1281 3629 voto
1311 3592 1447 3645 pene
1475 3574 1650 3629 omnis
1680 3577 1894 3644 provin-

320 3648 411 3701 cim
434 3688 450 3713 ,
480 3660 643 3714 quam
684 3644 933 3711 exemplo
962 3647 1242 3699 vetustatis
1281 3644 1333 3699 in
1376 3648 1621 3700 notitiam
1660 3656 1893 3701 vestram

322 3716 589 3777 defertur,
644 3716 919 3784 perpensis
965 3716 1347 3769 assertionibus
1393 3718 1591 3769 nostris
1641 3717 1897 3770 roborare

324 3785 628 3852 dignemini.
663 3784 731 3837 Et
758 3800 877 3838 cum
907 3783 1126 3850 legeret,
1160 3785 1228 3837 ab
1258 3787 1519 3840 universis
1549 3786 1816 3854 episcopis
1843 3793 1898 3839 et

324 3857 653 3926 presbyteris
673 3855 1027 3926 acclamatum
1051 3864 1136 3926 est
1158 3872 1169 3906 :
1200 3854 1425 3919 Exaudi,
1451 3854 1683 3926 Christe,
1716 3854 1897 3909 Hilaro

323 3922 446 3988 vita,
484 3922 709 3979 'dictum
745 3933 828 3977 est
854 3925 1051 3977 decies.
1097 3922 1221 3993 ilice
1256 3925 1598 3993 praisumptio
1628 3940 1898 3992 nunquam

326 3997 449 4055 liat,
481 3994 687 4048 dictum
719 4003 800 4047 est
838 3997 1030 4047 sexies.
1079 3992 1208 4059 Qua:
1256 3992 1349 4048 Dei
1390 4003 1543 4059 sunt,
1575 3996 1641 4047 ab
1683 3994 1900 4047 homine

326 4066 435 4118 dari
464 4080 574 4117 non
613 4072 872 4133 possunt,
915 4064 1116 4117 dictum
1155 4072 1236 4118 est
1273 4066 1469 4119 sexies.
1518 4064 1617 4118 Per
1643 4063 1897 4116 domuum

328 4134 540 4188 Petrum
566 4145 623 4186 ut
647 4135 697 4188 in
726 4141 1036 4202 perpetuum
1061 4143 1356 4199 serventur,
1380 4136 1579 4189 dictum
1602 4141 1684 4188 est
1705 4134 1895 4187 sexies.

327 4204 445 4273 Haec
462 4215 523 4258 ut
548 4213 884 4257 reserventur
904 4216 1172 4267 rogamus.
1197 4202 1407 4258 Hilarus
1428 4205 1712 4273 episcopus
1733 4202 1897 4257 dixit:

327 4272 481 4339 Lege.
524 4273 720 4326 Paulus
751 4274 991 4325 notarius
1021 4274 1283 4326 recitavit.
1319 4272 1621 4343 Episcopus
1644 4272 1898 4326 Barcino-

331 4347 571 4398 neiisiuin
600 4344 833 4396 civitatis
859 4352 1076 4396 sanctus
1114 4343 1463 4396 Nllllllillallus
1491 4353 1690 4396 Sortem
1720 4344 1903 4409 exple~

328 4416 402 4466 vit
429 4414 758 4469 conditionis
789 4416 1050 4474 humanm,
1084 4412 1171 4466 hic
1197 4414 1452 4482 episcopo
1478 4413 1767 4466 venerabili
1800 4412 1904 4465 fra-

332 4485 393 4536 tri
424 4495 614 4538 nostro
645 4482 846 4536 Ireiimo
872 4521 886 4543 ,
926 4496 1084 4549 quem
1135 4483 1248 4551 ipse
1292 4495 1448 4535 antea
1481 4484 1531 4534 in
1562 4482 1779 4535 diua-esi
1809 4497 1902 4535 sua

1994 3231 2133 3312 plius
2162 3244 2364 3312 annos,
2399 3237 2732 3312 postponeus
2777 3225 3364 3312 Patriiiiiuregulasnet
3390 3235 3568 3305 vestra

1995 3295 2236 3355 instituta
2268 3296 2568 3364 despiciens
2605 3296 2763 3350 nullis
2805 3297 3108 3364 petentibus
3136 3295 3345 3365 p0pulis
3372 3295 3568 3362 episco-

1972 3404 1973 3407 η
2036 3386 2120 3423 um
2146 3369 2434 3431 ordinavit,
2488 3372 2639 3433 cujus
2667 3381 2953 3435 properum
2983 3366 3179 3418 factum
3208 3364 3570 3419 existimantes

1996 3386 2231 3493 rrateina
2273 3446 2329 3491 et
2378 3436 2597 3493 paciﬁca
2630 3452 2785 3493 posse
2815 3436 3179 3489 admonitione
3206 3435 3416 3493 sanari,
3452 3447 3570 3493 pro-

2018 3442 2231 3493 rateina
2273 3446 2329 3491 et
2378 3436 2597 3507 pacifica
2630 3452 2785 3505 posse
2815 3436 3179 3489 admonitione
3206 3435 3416 3497 sanari,
3452 3447 3570 3503 pro-

1996 3509 2123 3563 fecit
2150 3510 2202 3561 in
2232 3508 2402 3577 pejus.
2451 3507 2689 3573 Denique
2713 3514 2900 3577 contra
2929 3515 3248 3577 vetustatem
3279 3517 3567 3577 canonum,

1998 3587 2184 3633 contra
2215 3574 2403 3647 synodi
2439 3579 2728 3631 constituta
2759 3576 2977 3628 alterius
2999 3574 3195 3647 fratris
3226 3574 3392 3628 nostri
3421 3586 3573 3647 pres-

1997 3648 2166 3719 byteri
2192 3641 2439 3719 ,A'spiritu
2458 3653 2679 3719 tantum
2710 3645 3136 3719 priesumptionis
3165 3641 3459 3719 accensus}
3520 3641 3574 3719 in

1999 3712 2189 3773 eodem
2221 3712 2339 3771 loco
2379 3717 2470 3784 qui
2505 3716 2579 3769 illi
2627 3712 2799 3767 fuerat
2827 3712 3124 3768 destinatus
3146 3751 3160 3775 ,
3192 3714 3275 3767 cui
3322 3712 3491 3784 invito
3518 3718 3574 3764 et

1999 3786 2317 3869 repugnanti
2343 3780 2672 3853 imposuerat
2696 3799 2903 3863 manus,
2933 3792 2990 3836 et
3013 3785 3102 3869 qui
3127 3790 3310 3869 rios't‘ro
3332 3780 3441 3869 jarn
3464 3794 3576 3869 cce-

2002 3848 2078 3910 tui
2109 3848 2286 3910 fuerat
2315 3848 2660 3922 aggregatus,
2700 3853 3010 3920 episcopum
3032 3848 3185 3922 fecit.
3216 3848 3351 3903 Hinc
3382 3848 3574 3922 factum

2003 3935 2087 3981 est
2118 3935 2174 3978 ut
2198 3926 2265 3979 de
2294 3917 3069 3993 ejusm'iserrinia'temeritate
3116 3919 3182 3971 ad
3230 3932 3329 3972 nos
3373 3917 3575 3993 (ξων-

2004 3988 2506 4061 θυθυειθηωύτῦἰδ
2549 3991 2832 4061 episcopus
2878 3989 3052 4061 frater
3093 3995 3275 4061 noster
3328 3988 3576 4061 universa

2004 4054 2267 4128 referret,
2316 4062 2468 4130 cujus
2518 4054 2790 4128 diligentia
2836 4068 2897 4130 et
2935 4058 3240 4130 sollicitudo
3267 4054 3577 4130 admodum

2005 4125 2451 4204 prospexeratfpsi
2482 4132 2535 4185 in
2565 4125 2744 4204 aliquo
2774 4127 3079 4204 profuisset.
3132 4125 3405 4204 Siquidem
3443 4139 3578 4204 cuii-

2007 4195 2107 4259 ctis
2138 4195 2204 4257 "in
2249 4202 2442 4256 vicinia
2490 4195 2676 4270 positis
2702 4195 3000 4270 episcopis,
3031 4212 3101 4270 ne
3135 4211 3194 4270 se
3236 4195 3577 4270 schismatico

2008 4273 2377 4342 adjungerent,
2410 4264 3195 4342 frequentissiinecontradixit,
3221 4265 3313 4319 sed
3343 4264 3579 4342 obstina:

2009 4331 2154 4397 tio'ne
2173 4331 2471 4396 damnabili
2504 4331 2674 4393 totum
2712 4339 2853 4409 quod
2896 4345 3013 4409 erat
3042 4335 3280 4409 illicitum
3305 4342 3407 4409 ,__et
3434 4331 3579 4400 quod

2010 4415 2164 4467 nobis
2194 4412 2365 4482 pudor
2385 4481 2389 4482 ν
2411 4420 2494 4465 est
2530 4403 2865 4482 dicere,'non
2903 4407 3115 4482 erubuit
3141 4405 3288 4482 sidus
3314 4403 3402 4456 ille
3430 4416 3580 4482 coni-

2012 4473 2247 4537 mittere.
2272 4480 2501 4534 Proinde
2521 4480 2642 4547 quia
2668 4479 2747 4530 his
2777 4473 3581 4547 pnesiiniptionibiis,quinuni-

334 4556 480 4608 nobis
510 4554 816 4606 volentibus
845 4541 1227 4615 constituerat,
1257 4552 1631 4620 derelinquens
1658 4551 1725 4612 ei,
1761 4553 1904 4622 quod
1939 4554 1985 4610 D
2012 4562 2173 4607 tatem
2204 4551 2460 4622 dividunt,
2485 4541 2603 4619 qua:
2632 4541 2860 4622 scliisina
2892 4541 3110 4607 faciunt,
3143 4543 3399 4622 velociter
3424 4541 3581 4596 debet

333 4625 499 4692 potuit
527 4624 726 4676 habere
749 4631 1041 4692 paupertas
1060 4637 1322 4689 supremas
1351 4623 1639 4675 voluntatis
1665 4622 1903 4692 arbitrio,

334 4689 382 4745 in
408 4696 582 4748 locum
612 4689 765 4745 snuiii
796 4700 852 4743 ut
880 4691 1309 4751 substitueretur,
1343 4692 1565 4760 optavit,
1597 4689 1909 4760 sedﬂdefun-

334 4765 399 4817 eii
421 4764 678 4831 judicium
709 4764 761 4813 in
792 4761 908 4828 ejus
953 4762 1202 4813 meritum
1244 4777 1349 4814 non
1384 4759 1632 4814 vacillat.
1679 4759 1904 4831 EtAi-um

338 4829 565 4900 legeret,
598 4831 805 4884 Probus
832 4831 1116 4899 episcopus
1146 4845 1176 4883 e
1203 4846 1455 4885 consessu
1485 4845 1709 4898 surgens
1736 4829 1867 4882 dixit
1893 4848 1905 4881 :

337 4901 461 4955 Illud
486 4903 659 4963 licuit,
686 4902 788 4954 hoc
809 4916 912 4953 non
946 4900 1111 4952 lienit.
1136 4900 1487 4954 Successores
1508 4900 1647 4954 Deus
1673 4901 1784 4960 dat,
1816 4915 1912 4953 au-

337 4974 583 5025 ctoritate
623 4980 802 5023 vestra
840 4969 1073 5023 resistite
1118 4970 1243 5022 huic
1287 4971 1364 5023 rei
1407 4985 1505 5038 per
1550 4969 1906 5038 apostolatum

337 5052 588 5096 vestrum.
621 5040 836 5093 Hilarus
862 5039 1148 5107 episcopus
1174 5039 1308 5093 dixit
1333 5058 1345 5091 :
1374 5038 1630 5092 Percurre
1655 5054 1773 5107 quze
1802 5053 1913 5092 cce-

336 5125 505 5179 peras.
546 5110 741 5163 Paulus
764 5109 1005 5179 notarius
1028 5108 1287 5162 recitavit.
1316 5108 1585 5177 Siquidem
1609 5110 1781 5162 omnis
1804 5110 1913 5179 cie-3

337 5178 444 5243 rus,
475 5189 530 5233 et
552 5180 704 5248 plebs
737 5178 973 5245 ejusdem
1002 5179 1262 5243 civitatis,
1289 5190 1344 5234 et
1371 5180 1587 5247 optimi,
1617 5187 1672 5232 et
1700 5178 1911 5248 plurimi

338 5247 710 5319 provinciales,
735 5258 793 5301 ut
823 5250 959 5301 idem
990 5249 1105 5315 ejus
1135 5250 1308 5303 locum
1335 5251 1665 5307 observaret,
1695 5264 1727 5319 a
1755 5247 1913 5319 nobis

340 5316 690 5388 speraverunt
724 5320 851 5371 dato
888 5333 1183 5385 consensu,
1223 5334 1323 5374 nos
1353 5320 1649 5386 cogitantes
1677 5316 1913 5388 defuncti

328 5387 587 5461 judicium
606 5427 620 5449 ,
653 5398 707 5442 et
733 5390 1024 5461 probantes
1052 5388 1167 5455 ejus
1196 5391 1356 5461 vitam
1375 5429 1389 5452 ,
1422 5398 1476 5461 et
1505 5403 1691 5461 eorum
1723 5387 1913 5461 nobili-

341 5456 503 5513 tatem
553 5467 716 5526 atque
751 5458 1159 5523 multitudinem,
1198 5460 1290 5527 qui
1331 5460 1614 5526 petebant,
1650 5456 1807 5511 simul
1859 5463 1915 5510 et

343 5530 645 5591 utilitatem,
680 5526 931 5581 Ecclesiae
960 5538 1296 5589 memoratui,
1331 5529 1589 5596 optimum
1620 5527 1866 5580 duximus
1899 5543 1912 5578 :

342 5607 398 5650 ut
434 5608 584 5653 tanto
623 5598 934 5661 sacerdoti,
978 5599 1069 5666 qui
1100 5598 1165 5650 ad
1197 5597 1375 5650 divina
1407 5598 1765 5667 migraverat,
1809 5612 1917 5650 non

341 5669 567 5736 minoris
588 5668 764 5721 meriti
782 5667 1193 5721 substitueretur
1213 5668 1454 5736 antistes,
1481 5666 1775 5736 prtesertim
1797 5681 1919 5719 cum

342 5733 578 5794 Ecclesia
600 5736 743 5791 illius
762 5737 1055 5805 municipii,
1080 5738 1135 5790 in
1158 5751 1263 5806 qua
1284 5744 1410 5791 ante
1430 5733 1603 5791 fuerat
1622 5736 1917 5799 ordinatus,

342 5821 559 5878 semper
585 5805 742 5877 hujus
770 5808 999 5863 civitatis
1030 5805 1278 5863 Ecclesiae
1307 5807 1468 5863 fuisse
1516 5806 1759 5862 dioecesis
1787 5820 1919 5861 con-

2010 4620 2218 4676 occurri
2245 4661 2259 4683 ,
2300 4611 2601 4687 quaesumus
2629 4618 2810 4669 sedem
2842 4622 3071 4668 vestram
3100 4655 3114 4679 ,
3153 4623 3210 4665 ut
3248 4611 3392 4732 quod
3422 4623 3583 4677 super

2010 4692 2111 4732 han
2139 4700 2289 4732 norm
2319 4690 2608 4732 observare
2634 4686 2810 4732 velitis
2837 4727 2849 4732 -
2883 4683 3191 4732 apostolicis
3220 4696 3247 4732 a
3287 4680 3466 4732 'atihus
3503 4679 3583 4731 ἰη-

2010 4692 2114 4746 hac
2139 4679 2290 4759 parte
2318 4679 2608 4743 observare
2634 4686 2810 4759 v_clitis
2836 4683 3191 4759 ,_apostol_i_cis
3220 4679 3466 4759 affatibus
3503 4679 3584 4757 iri-

2009 4749 2314 4825 struamur,
2353 4766 2618 4826 quatenus
2656 4749 3241 4826 fraternitatecollecta
3271 4749 3493 4826 prolatis
3528 4749 3584 4826 in

2015 4831 2251 4883 medium
2283 4815 2596 4881 venerandm
2624 4824 2812 4894 synodi
2836 4824 3159 4894 constitutis,
3189 4815 3391 4894 contra,
3413 4815 3586 4869 rebel-

2011 4898 2167 4953 lionis
2194 4898 2435 4967 spiritum
2460 4904 2637 4949 vestra
2655 4886 2988 4967 'auctoritate
3007 4890 3248 4967 subnixi,
3266 4886 3398 4967 quid
3421 4898 3586 4967 optir-

2015 4978 2143 5036 tcat,
2175 4952 2237 5021 et.
2257 4968 2323 5020 de
2350 4966 2705 5026 ordinatione,
2736 4972 2791 5036 et
2823 4964 2890 5015 de
2939 4960 3184 5036 ordinato
3219 4952 3353 5036 l_ieri,
3387 4952 3587 5036 intelli-

2016 5027 2142 5105 gere
2190 5037 2300 5091 Deo
2347 5036 2568 5104 juvante
2614 5033 2898 5105 possimus.
2958 5028 3073 5105 Erit
3119 5027 3360 5105 profecto
3410 5029 3589 5105 vester

2017 5090 2315 5177 triumphus
2340 5090 2366 5168 ξ
2385 5107 2428 5158 si
2471 5090 2800 5177 apost'olatus
2845 5099 3012 5177 vestri
3047 5090 3374 5177 temporibus
3399 5090 3590 5177 ,ηαυρά

2014 5161 2194 5231 sancti.
2211 5161 2352 5230 Petri
2384 5161 2636 5245 cathedra
2662 5174 2883 5232 obtinet,
2911 5161 3180 5245 catholica.
3197 5164 3382 5245 audiat
3395 5161 3592 5245 .Ecelec

2013 5249 2091 5301 sia
2115 5286 2129 5308 ,
2157 5248 2201 5301 si
2232 5245 2436 5299 novella
2466 5244 2788 5298 zizaniorum
2818 5238 3019 5294 semina
3052 5236 3246 5288 fuerint
3274 5236 3586 5301 exstirpata.

2021 5316 2085 5371 Et
2111 5315 2454 5383 subscriptio.
2498 5314 2753 5367 Urantem
2783 5324 2879 5383 pro
2905 5308 3059 5361 nobis
3086 5316 3331 5359 sanctum
3354 5310 3590 5383 raposto~

2023 5388 2187 5440 latum
2220 5380 2453 5439 vestrum
2481 5383 2592 5450 jugi
2620 5396 2734 5435 aevo
2763 5380 2937 5433 divina
2968 5384 3252 5450 conservet
3295 5380 3588 5450 icteriiitas.

2022 5457 2101 5510 Ab
2139 5456 2401 5509 universis
2446 5444 2709 5524 episcopis
2757 5458 2812 5503 et
2861 5445 3187 5524 presbyteris
3239 5444 3591 5524 acclamatum

2022 5535 2105 5580 est
2131 5545 2141 5577 :
2172 5524 2367 5579 Utlimc
2392 5515 2746 5577 emendentur
2772 5515 3041 5585 rogamus,
3066 5515 3267 5569 dictum
3290 5520 3373 5567 est
3393 5522 3588 5585 sexies,

2027 5575 2103 5649 iit
2125 5575 2239 5648 haec
2255 5575 2581 5648 resecentur
2605 5575 2891 5656 rogamus,
2926 5575 3129 5656 dictum
3159 5593 3242 5656 est
3274 5581 3493 5656 sep_t_ies.

2025 5648 2305 5734 disciplina
2338 5671 2579 5717 servetur
2606 5648 3105 5734 roéamusidictum
3136 5648 3430 5734 octiesf'l'it
3457 5655 3594 5734 itit—lg-

2026 5717 2203 5804 qiiita's
2247 5742 2489 5787 servetur
2526 5717 2774 5799 rogamus
2797 5767 2810 5790 ,
2858 5717 3057 5804 dictum
3094 5724 3325 5804 septies,
3433 5717 3599 5804 disci-

2028 5795 2181 5873 plina
2214 5804 2330 5873 (sic)
2380 5795 2621 5857 servetur
2641 5813 2914 5867 rogamus,
2947 5795 3148 5849 dictum
3179 5799 3260 5846 est
3295 5795 3593 5857 quinquies.
