3976 6196
428 341 534 398 519

1279 342 1619 400 APPENDIX
1657 343 1746 398 AD
1783 341 2298 398 COLLECTIUNEM
2345 337 2826 396 DIONYSIANAM.

3576 333 3680 388 310

431 453 503 510 Ut
540 469 774 511 canones
810 456 1180 511 custodiantur
1226 470 1511 522 rogamus,
1551 456 1749 514 dictum
1790 464 1874 508 est
1909 470 1998 510 se-
2028 460 2084 518 Α
2103 462 2162 508 ιιι
2199 454 2330 508 nihil
2378 451 2635 522 deinceps
2679 449 2867 506 eontra
2914 455 3182 519 praecepta
3227 445 3390 522 beati
3417 447 3680 518 Apostoli,

425 527 584 594 ptics.
646 523 713 580 Ut
757 527 810 578 in
857 526 1331 594 pnesumptoribus
1372 524 1675 579 vindicetur
1721 537 1993 591 rogamus,

427 594 629 649 dictum
679 603 760 648 est
821 595 1039 663 septies.
1089 594 1369 663 Ordinatio
1433 595 1729 663 apostolica
1796 595 1997 646 illibata

422 673 682 726 servetur,
711 661 907 717 dictum
938 672 1019 718 est
1054 665 1241 717 octies.
1301 661 1521 724 Exaudi,
1553 662 1780 721 Christe.
1817 663 1999 714 Hilaro

423 734 549 789 vita.
580 733 777 786 dictum
809 741 888 786 est
915 733 1218 800 quinquies.
1265 732 1465 800 Dignus
1494 746 1652 801 papa,
1683 732 1873 798 dignus
1897 733 1997 785 do-

422 811 558 859 ctor,
591 802 790 854 dictum
820 810 901 854 est
930 803 1115 855 octies.

499 869 708 922 Hilarus
758 871 1042 938 cpiscopus
1088 870 1267 923 dixit:
1311 869 1562 937 Acceptis
1610 883 1728 937 qua:
1774 868 2000 922 recitata

423 947 549 991 sunt
575 938 642 992 de
670 942 938 1002 omnibus,
967 956 1124 997 nunc,
1153 940 1359 1001 fratres,
1391 939 1655 1002 speciales
1682 938 1996 999 sententias,

422 1004 532 1075 Deo
553 1007 709 1071 nobis
731 1010 1042 1075 inspirante,
1073 1009 1390 1075 depromite.
1423 1004 1687 1061 Maximus
1715 1007 2000 1074 episcopus

422 1074 674 1130 Ecclesiae
716 1074 1034 1131 Tauritauze
1061 1074 1195 1130 dixit
1227 1094 1239 1128 :
1271 1077 1328 1128 In
1356 1075 1723 1129 custodiendis
1752 1076 1999 1127 omnibus

421 1161 538 1213 quae
561 1145 626 1197 ad
657 1161 835 1200 sacras
858 1145 1220 1199 ordi-aationes
1247 1147 1517 1206 pertinent
1539 1145 1850 1208 disciplinis,
1885 1157 1998 1196 me-

423 1213 524 1267 lius
553 1216 829 1268 sententia:
861 1230 992 1268 ll'letB
1035 1215 1368 1283 professione
1406 1213 1666 1266 denuntio
1695 1213 1824 1283 nibil
1854 1228 1884 1265 a
1913 1228 2000 1266 me

423 1298 656 1350 Unquam
687 1299 870 1336 eorum
902 1299 1021 1350 quin
1041 1282 1316 1350 prohibita
1361 1290 1486 1336 sunt
1528 1297 1647 1336 esse
1679 1282 1995 1335 faciendum.

425 1351 499 1405 De
531 1352 747 1418 reliquis
785 1367 981 1407 censeo
1025 1361 1080 1405 ut
1116 1352 1355 1419 quisquis
1394 1352 1518 1404 talia
1550 1350 1754 1412 fecerit,
1786 1358 1880 1402 aut
1907 1350 2002 1403 de-

423 1428 564 1474 tecta
591 1422 641 1473 in
666 1420 917 1475 Eeclesiis
946 1436 1190 1475 resecare
1215 1421 1463 1483 noluerit,
1490 1421 1702 1474 noverit
1727 1435 1786 1472 se
1813 1432 2001 1486 graves

424 1491 715 1560 causashin
754 1491 1064 1560 apostolica:
1110 1491 1251 1542 sedis
1281 1489 1487 1557 judicio
1535 1488 1864 1560 redditurum
1899 1506 1912 1540 :
1949 1504 2000 1542 in

400 1571 533 1626 ,quo
582 1558 653 1611 illi
705 1557 924 1614 necesse
969 1561 1071 1612 erit
1115 1561 1295 1612 subire
1341 1561 1683 1613 sententiam.
1734 1557 2001 1625 lngenuus

423 1627 708 1698 episcomts
746 1627 1145 1682 Ebrodunensis
1180 1628 1314 1680 dixit
1344 1646 1356 1680 :
1391 1628 1516 1680 Mihi
1557 1641 1772 1698 quoque
1810 1627 1999 1681 eadem

423 1694 768 1768 deumnibus
793 1699 1034 1768 partibus
1061 1698 1324 1752 sententia
1353 1704 1454 1768 est,
1482 1694 1592 1768 qua
1623 1694 1707 1750 me
1733 1697 1843 1768 ipse
1871 1711 2001 1749 con-

422 1766 645 1835 stringo,
674 1782 738 1821 ne
763 1765 890 1834 quid
920 1782 949 1820 a
977 1782 1062 1820 me
1086 1781 1316 1834 unquam
1347 1765 1414 1820 de
1442 1767 1524 1820 his
1546 1780 1665 1833 quae
1685 1775 1810 1818 sunt
1833 1766 1999 1818 inter-

423 1833 580 1888 dicta'
614 1833 883 1904 tentetur,
923 1838 1049 1903 quia
1097 1833 1220 1889 novi
1269 1845 1466 1888 statum
1513 1844 1567 1888 et
1611 1834 2001 1904 professionem

425 1917 620 1958 tneam.
661 1903 737 1959 De
766 1905 974 1958 caeteris
1001 1908 1165 1959 etiam
1196 1919 1392 1959 censeo
1425 1921 1437 1956 :
1471 1913 1530 1958 ut
1557 1903 1798 1973 quisquis
1834 1914 2003 1958 statu-

425 1979 598 2025 torum
642 1982 1006 2041 transgressor
1033 1975 1329 2038 exstiterit,
1361 1975 1496 2028 sciat
1535 1989 1594 2027 se
1624 1974 2003 2028 ecclesiastica:

423 2041 621 2112 regula:
650 2043 853 2111 laqueis
883 2044 1126 2098 innodari
1147 2084 1161 2104 ,
1197 2051 1255 2097 et
1291 2052 1497 2097 reatum
1528 2044 1836 2112 apostolica:
1861 2044 2003 2112 sedis

422 2108 729 2182 incurrere.
764 2113 959 2182 Paulus
1005 2114 1289 2182 episcopus
1333 2108 1634 2181 Aquzevivze
1677 2113 1810 2166 dixit
1844 2130 1857 2165 :
1893 2111 2002 2182 Ego

421 2181 822 2247 quoquesinii'i
853 2197 938 2235 me
966 2182 1082 2244 lege
1111 2181 1442 2247 constringo,
1472 2192 1526 2236 et
1555 2183 1621 2235 de
1649 2183 1878 2246 cieteris,
1910 2181 2002 2248 qui

421 2253 847 2315 transgressores
873 2251 1083 2311 fuerint,
1115 2253 1312 2316 pariter
1330 2267 1544 2313 censeo,
1579 2267 1645 2304 ne
1667 2253 1744 2303 eis
1765 2253 1880 2304 sine
1905 2265 2000 2316 pe—

423 2270 847 2315 ιι·ιιιιδξςι·ιτδδυιί³ε
873 2270 1083 2311 ιιιριΊιιι,
1129 2270 1312 2304 ἶῧΙΙΊιΘΓ
1330 2270 1544 2313 0911560,
1579 2270 1645 2304 ne
1667 2270 1744 2303 HIS
1765 2270 1880 2304 sme
1905 2270 2000 2316 lle-

421 2317 591 2370 riculo
621 2319 700 2372 sui
771 2321 1020 2388 uidquam
1053 2270 1160 2373 taie
1187 2330 1395 2375 tentare
1425 2322 1602 2381 liceat,
1634 2320 1775 2386 quod
1810 2321 2001 2372 merito
2039 2369 2042 2372 .

421 2386 613 2439 debeat
636 2335 916 2441 vindicari.
941 2389 996 2441 Ρι
1012 2391 1150 2441 imus
1170 2391 1448 2441 eoisconus
1472 2388 1719 2441 Ecclesia:
1745 2390 2002 2441 Atellana:

420 2386 613 2459 debeat
636 2386 916 2459 vindicari.
941 2389 996 2442 Ρι
1012 2391 1150 2442 imus
1170 2391 1448 2459 episwpus
1472 2388 1719 2442 Ecclesia:
1745 2390 2002 2459 Atellana:

421 2454 556 2526 dixit
589 2474 602 2508 :
636 2455 750 2510 Hoc
781 2467 836 2510 et
864 2472 965 2526 ego
995 2454 1791 2512 censeo'esse'observandum.
1829 2457 2001 2511 Palla-

423 2521 542 2575 dius
588 2528 872 2593 episcopus
901 2521 1166 2580 Ecclesia:
1214 2527 1478 2594 Salapina:
1524 2527 1695 2580 dixit:
1729 2527 1865 2580 Nihil
1916 2542 2002 2580 me

381 2643 383 2645 ,
421 2601 608 2646 contra
637 2595 969 2662 disciplinam
998 2597 1435 2660 ecclesiasticam,
1457 2598 1539 2648 vel
1563 2605 1758 2650 statuta
1789 2605 2002 2650 sancto-

420 2674 538 2714 rum
568 2677 833 2734 canonum
866 2666 1126 2734 lacturuni
1152 2682 1272 2720 esse
1299 2667 1578 2734 polliceor.
1610 2665 1852 2718 Tiberius
1882 2666 1999 2732 epi-

419 2744 614 2800 scopus
644 2731 896 2788 Beelesia:
925 2733 1234 2788 Sabinensis
1272 2731 1404 2788 dixit
1436 2753 1448 2787 :
1486 2733 1746 2788 Profiteor
1774 2750 1858 2788 me
1887 2731 1999 2790 sta-

423 2807 541 2871 t_uta
565 2803 706 2858 sedis
743 2806 1054 2871 apostolicae
1095 2806 1146 2858 in
1184 2805 1430 2859 oumibus
1458 2803 1759 2868 custodire,
1790 2812 1844 2858 et
1873 2805 1916 2858 si
1948 2804 2000 2858 in

420 2866 657 2922 Ecclesia
692 2866 808 2926 mea
859 2874 1175 2944 clericorum
1224 2874 1455 2942 aliquem
1502 2882 1691 2928 contra
1733 2866 1998 2944 praecepta

418 2946 726 3013 sane-terum
794 2957 1060 2997 canonum
1113 2943 1518 3013 deprehendero
1573 2952 1668 2998 aut
1721 2944 1997 2997 mulierem

419 3005 670 3088 duxisse,
711 3021 802 3064 aut
844 3013 992 3088 duas
1009 3005 1203 3088 habere
1232 3029 1467 3088 uxores,
1516 3013 1582 3088 ab
1631 3013 1998 3088 ecclesiastico

417 3076 593 3152 ofﬁcio
622 3083 878 3152 separari.
933 3083 1014 3137 Ab
1043 3083 1302 3137 universis
1330 3084 1597 3152 episcopis
1637 3082 1834 3136 dictum
1865 3090 1950 3152 est
1981 3101 1994 3134 :

2104 524 2232 576 nihil
2280 531 2467 578 contra
2518 520 2854 576 Niczenorum
2903 518 3172 574 caminum
3217 518 3513 572 constituta
3561 527 3681 573 ten-

2082 602 2262 647 'tetur.
3277 621 3281 625 ·

2171 661 2210 713 l.
2265 659 2376 713 Hoc
2425 667 2603 713 autem
2654 659 2882 727 primum
2925 656 3078 723 juxta
3117 654 3424 711 eorumdem
3465 654 3680 710 Patrum

2099 729 2312 798 regulas
2338 729 2579 782 volumus
2606 727 2891 798 custodiri,
2926 739 2984 779 ut
3014 727 3190 798 nullus
3219 734 3410 798 praeter
3438 727 3680 798 notitiam

2100 795 2262 866 atque
2291 812 2612 852 consensum
2643 797 2820 850 fratris
2866 796 3081 850 Ascanii
3129 795 3551 866 metmpolitani,
3583 795 3682 866 ali-

2101 863 2365 934 quatenus
2387 877 2731 920 consecretur
2751 866 2990 927 antistes,
3017 866 3142 934 quia
3169 865 3270 918 hoc
3291 873 3347 918 et
3369 872 3523 917 vetus
3550 863 3681 918 ordo

2103 936 2291 999 tenuit,
2325 936 2427 987 hoc
2457 943 2817 988 trecentorum
2865 934 3051 988 decem
3099 942 3156 987 et
3205 943 3328 987 octo
3374 942 3681 987 sanctorum

2102 1003 2319 1057 Patrum
2351 1001 2589 1056 deﬁnivit
2616 1004 2906 1058 auctoritas
2929 1043 2946 1068 ,
2984 1004 3070 1057 cui
3106 1002 3348 1070 quisquis
3386 1003 3575 1056 obvias
3605 1013 3684 1059 te-

2104 1073 2335 1126 tenderit
2358 1087 2562 1128 manus.
2591 1088 2778 1127 eorum
2797 1087 2856 1125 se
2876 1073 3149 1126 consortio
3172 1071 3370 1126 fatetur
3389 1072 3680 1141 indignum,

2102 1156 2329 1210 quorum
2356 1142 2800 1209 praeceptionibus
2828 1142 3121 1194 resultarit.

2175 1210 2240 1264 ll.
2294 1210 2347 1263 In
2372 1225 2597 1277 quorum
2620 1211 2997 1264 contumeliam
3015 1225 3045 1262 a
3067 1209 3298 1275 superbo
3319 1211 3506 1279 spiritu
3521 1213 3682 1270 etiam

2142 1295 2226 1333 ars
2276 1280 2364 1332 illa
2414 1280 2795 1342 contemnitur,
2828 1294 2931 1348 qua
2979 1288 3200 1332 cavetur
3251 1294 3317 1332 ne
3351 1280 3470 1347 quis
3497 1280 3681 1348 relicta

2132 1348 2345 1404 Ecclesia
2382 1363 2475 1400 sua
2526 1349 2590 1400 ad
2640 1347 2862 1402 alteram
2915 1350 3142 1402 transire
3187 1357 3490 1417 prmsumat.
3532 1347 3682 1413 Quod

2105 1419 2263 1471 nimis
2293 1417 2532 1486 improbe
2561 1419 2986 1477 conniventibus,
3011 1427 3066 1470 et
3094 1426 3152 1471 ut
3177 1418 3421 1471 deleatur
3445 1421 3680 1486 gravius,

2104 1488 2256 1542 vobis
2277 1484 2654 1551 asserentibus,
2677 1486 2906 1540 lremeus
2933 1486 3214 1555 episcopus
3239 1497 3463 1541 conatur
3489 1484 3680 1540 admit-

2105 1564 2220 1610 tere
2253 1575 2265 1609 :
2297 1557 2387 1626 qui
2415 1566 2598 1609 nostra
2647 1557 2968 1626 auctoritate
3015 1556 3258 1626 roborari
3302 1557 3513 1624 cupitis,
3545 1571 3681 1624 quos

2104 1625 2338 1680 maxime
2365 1627 2432 1694 de
2460 1627 2621 1694 rebus
2651 1625 2845 1679 inlicitis
2876 1638 3064 1692 magna
3097 1625 3462 1694 indignatione
3487 1626 3682 1694 proba-

2107 1697 2176 1748 tis
2205 1693 2467 1763 accendi._
2491 1693 2666 1749 Lectis
2702 1709 2831 1760 ergo
2862 1695 2914 1748 in
2965 1703 3228 1749 conventu
3255 1693 3472 1747 fratrum
3499 1734 3514 1756 ,
3546 1711 3684 1763 quos

2107 1764 2296 1817 natalis
2321 1765 2424 1818 mei
2449 1761 2705 1817 festivitas
2729 1772 3097 1832 congregarat,
3125 1763 3314 1818 litteris
3334 1764 3540 1826 vestris,
3563 1761 3685 1832 qua)

2036 1807 2080 1864 Β
2106 1807 2173 1886 HE
2201 1807 2522 1888 ὂῖάίιὶὶῖιίιιῖἑ
2531 1807 3138 1902 ’ἑῤἰἒὶῖ›ιῖἶέ’ἓὲοῗιῖιιῑιῖὶη’
3161 1807 3681 1898 διξιίῧιςίῖεῖτίὂὶιῗιῖηἶ

2105 1904 2190 1957 vel
2221 1906 2674 1974 przedecessorum
2714 1917 2953 1957 meorum
2990 1902 3214 1974 decreta
3263 1910 3388 1974 sunt
3411 1943 3426 1967 ,
3474 1903 3683 1972 prolata

2102 1971 2370 2096 gementia
2401 1982 2672 2040 gestorum
2695 2013 2710 2038 ,
2743 1987 2863 2042 qua:
2888 1971 3093 2042 pariter
3118 1972 3409 2026 direximus
3431 2012 3446 2037 ,
3478 1971 3685 2028 tenore

2141 2051 2338 2096 iscetis.

2141 2043 2338 2096 iscetis.

2174 2111 2262 2164 lll.
2299 2110 2448 2164 Unde
2474 2119 2683 2165 remoto
2713 2111 2779 2165 ab
2820 2109 3055 2166 Ecclesia
3086 2111 3486 2174 Barcinonensi,
3519 2118 3685 2178 atque

2103 2179 2168 2234 ad
2199 2197 2292 2234 sua
2323 2181 2545 2234 remisso
2581 2180 2781 2236 [remeo
2823 2181 3077 2249 episcopo
3109 2197 3122 2234 :
3154 2181 3352 2235 sedatis
3381 2196 3476 2250 per
3502 2195 3684 2234 sacer-

2103 2251 2338 2304 dotalem
2369 2251 2680 2303 modestiam
2712 2251 3072 2318 voluptatibus
3095 2289 3112 2314 ,
3152 2265 3270 2316 quze
3310 2266 3405 2319 per
3433 2251 3684 2318 ignoran-

2107 2319 2232 2371 tiam
2282 2320 2764 2374 ecelesiasticarum
2813 2319 2989 2386 legum
3037 2319 3369 2384 desiderant,
3395 2319 3680 2387 quodnon

2103 2388 2228 2460 licet
2256 2389 2501 2460 obtinere
2535 2407 2546 2440 :
2583 2389 2703 2460 talis
2751 2391 2991 2460 protinus
3027 2389 3094 2441 de
3132 2389 3282 2460 clero
3305 2386 3524 2460 proprio
3553 2386 3686 2442 Bar.

2103 2457 2484 2511 eioonensibus
2509 2458 2791 2526 episcopus
2819 2459 3116 2520 ordinetur,
3161 2457 3373 2527 qualem
3406 2457 3460 2513 te
3489 2460 3683 2525 praeci-

2103 2542 2226 2594 pue,
2261 2527 2424 2596 frater
2453 2527 2642 2581 Ascani
2665 2568 2680 2588 ,
2709 2536 2958 2596 oporteat
2983 2529 3180 2594 eligere
3202 2568 3218 2590 ,
3249 2538 3306 2583 et
3333 2531 3520 2583 deceat
3547 2542 3682 2583 ωιι-

2101 2611 2331 2649 si-crare.
2364 2595 2440 2649 Ne
2468 2597 2512 2648 si
2538 2597 2779 2649 similiter
2808 2596 2945 2650 forte
2976 2596 3172 2651 factum
3204 2599 3398 2663 fuerat,
3430 2613 3536 2650 non
3565 2599 3686 2653 sine

2102 2665 2473 2731 objurgatione
2522 2667 2595 2718 tui
2645 2667 2876 2719 maxime
2921 2668 3150 2721 nominis
3197 2668 3448 2722 retundat
3495 2678 3683 2722 noSIra

2101 2744 2431 2806 prtCClelloi.
2468 2735 2608 2802 quod
2648 2736 2699 2788 in
2741 2735 2983 2806 injuriain
3024 2737 3149 2799 Dei.
3179 2753 3208 2790 a
3237 2753 3345 2806 quo
3370 2737 3684 2806 specialiter

2101 2805 2517 2858 sacerdotalium
2546 2813 2628 2856 est
2654 2806 2823 2873 gratia
2853 2805 3190 2872 dignitatum,
3216 2805 3561 2861 didicerimus
3581 2808 3684 2860 ad-

2102 2875 2343 2938 missum,
2376 2889 2474 2928 nec
2501 2873 2821 2944 episcopalis
2847 2874 3019 2944 honor
3049 2876 3438 2929 baereditarium
3463 2876 3552 2943 jus
3576 2891 3682 2944 pu-

2101 2952 2269 3063 lelult',
2289 2944 2442 3063 lquod
2471 2945 2624 2999 nobis
2655 2945 2770 2999 sola
2799 2943 2894 2998 Dei
2928 2945 3098 2999 nostri
3123 2944 3322 3001 Christi
3349 2943 3684 3014 benignitate

2101 3029 2202 3063 CUll
2227 3028 2284 3063 ΕΓ
2312 3029 2388 3063 lll‘.

2100 3023 2302 3067 CUllltfl'l
2312 3029 2388 3066 lll‘.

2173 3081 2260 3154 ιν.
2300 3079 2584 3136 Ordinatos
2611 3097 2739 3150 ergo
2767 3099 2907 3140 nunc
2935 3085 3248 3154 episcopos,
3276 3086 3369 3152 qui
3399 3084 3523 3139 licet
3550 3083 3681 3141 dum

418 3143 978 3229 Senteiitias_fi'a_truni
1017 3167 1202 3229 omnes
1247 3143 1998 3229 sequimur,_onmes_conﬁ_r-
2025 3170 2069 3229 ρ
2102 3158 2154 3203 te
2185 3152 2461 3229 ignorante
2491 3143 2726 3229 provecti
2756 3163 2918 3229 Sttnt,
2937 3143 3203 3229 cuin_suis
3229 3143 3538 3229 auctoribus
3565 3169 3682 3229 me-

418 3229 622 3284 manius
646 3259 661 3284 ,
699 3227 753 3272 et
794 3222 1151 3276 observandas
1197 3219 1340 3275 esse'
1364 3222 1720 3276 decernimus.
1770 3219 1994 3284 Exaudi,

421 3281 655 3358 Christe,
678 3287 862 3344 llilaro
887 3290 1014 3354 vita,
1073 3291 1273 3344 dictum
1312 3299 1395 3344 est
1431 3293 1649 3358 septies.
1701 3289 1829 3355 Qua:
1861 3281 1999 3343 male

421 3353 647 3427 admissa
676 3368 801 3411 sunt
846 3374 942 3427 per
991 3353 1042 3413 te
1071 3361 1425 3426 corrigantur,
1467 3353 1664 3414 dictum
1693 3353 1777 3414 est
1804 3360 1993 3414 octies.

419 3421 566 3487 Quod
599 3440 704 3478 non
732 3421 876 3488 licet,
911 3443 1014 3481 non
1047 3427 1154 3487 ﬁat.
1184 3421 1382 3482 dictum
1410 3439 1492 3482 est
1517 3430 1710 3482 octies.

485 3491 698 3566 Hlarus
737 3497 1022 3566 episcOpus
1061 3495 1310 3552 Ecclesia:
1356 3499 1501 3552 urbis
1557 3497 1738 3550 ltointe
1788 3495 1994 3566 synodo

421 3563 702 3628 pnesidens
729 3563 862 3619 dixit
893 3563 1196 3630 :Quoniam
1228 3569 1502 3636 praesentis
1529 3563 1854 3621 deﬁnitionis
1885 3567 1996 3620 for-

423 3645 579 3709 tnam,
600 3648 728 3709 Aqua:
756 3637 1053 3709 secundum
1076 3646 1382 3709 sanctorum
1420 3647 1504 3709 est
1549 3646 1744 3691 statuta
1773 3645 1991 3709 sentem

421 3703 566 3780 liam,
597 3703 647 3754 in
677 3704 912 3758 omnium
936 3704 1289 3780 Ecclesiarum
1319 3707 1994 3780 notitiampervenirede-

420 3775 680 3848 rernimus
712 3789 830 3848 :_ne
876 3775 1133 3848 cuiquam
1174 3791 1272 3844 pro
1317 3779 1396 3830 sui
1442 3778 1609 3848 possit
1657 3776 1995 3848 ignoratione

412 3841 573 3915 licere
601 3841 746 3915 quod
769 3858 875 3897 non
906 3841 1050 3910 l.cet,
1073 3841 1233 3901 edere
1258 3856 1406 3915 gesta
1432 3841 1764 3901 notariorum
1793 3845 1995 3900 sollici-

419 3906 541 3960 ludo
568 3906 793 3966 curabit.

485 3976 694 4034 llilarus
722 3983 1004 4052 episcopus
1047 3984 1302 4052 Ascanio,
1335 3993 1390 4041 et
1428 3985 1691 4041 universis
1727 3984 1993 4054 episcopis

415 4042 828 4120 Tarraconensis
856 4042 1161 4120 provinciic.

486 4113 774 4193 Postquam
827 4113 1032 4176 litteras
1077 4133 1270 4193 vestra:
1321 4125 1622 4179 dilectionis
1667 4125 1988 4193 accepimus,

419 4184 1077 4262 quibus:praisumptiones
1105 4191 1322 4261 Sylvani
1367 4195 1604 4262 episcopi
1658 4184 1990 4257 CalagurenQ

418 4253 1011 4332 tium.Ecclesizr-retun
1038 4261 1074 4332 ri
1099 4253 1305 4332 petistis
1331 4301 1345 4324 ,
1385 4253 1438 4316 et
1477 4253 1686 4315 rursum
1738 4253 1992 4315 Barcino-

417 4328 656 4376 neusium
687 4328 923 4392 quirritis
954 4328 1109 4382 nimis
1138 4331 1318 4384 illicita
1350 4342 1471 4385 vota
1501 4331 1718 4395 ﬁrmari,
1750 4333 1989 4384 honora-

417 4398 591 4468 torum
632 4402 685 4469 et
711 4409 1078 4469 possessorum
1122 4399 1618 4469 Tyriassonensium
1645 4441 1659 4462 ,
1694 4401 1992 4455 Ascaiiten-

417 4458 550 4540 simu
574 4498 590 4522 ,
633 4458 1124 4540 Calaguritanorum
1149 4458 1186 4532 ,’
1205 4470 1583 4540 Varegensium
1607 4512 1622 4536 ,
1649 4458 1984 4534 'Tritiosium,

2101 3222 2306 3289 ruerint
2333 3221 2633 3275 submoveri
2653 3262 2666 3285 ,
2698 3223 2796 3278 hac
2825 3228 3032 3279 ratione
3061 3224 3365 3289 ﬁrmamus,
3394 3225 3439 3278 si
3469 3240 3572 3279 nec
3597 3227 3681 3281 vi-

2099 3288 2479 3362 duaeguiaritus
2515 3291 2672 3345 fuerit
2711 3293 2992 3360 quisquam
3016 3333 3031 3357 ,
3075 3304 3132 3348 et
3168 3294 3222 3348 in
3267 3288 3421 3347 unius
3458 3295 3683 3362 virginis

2099 3359 2297 3426 nuptiis
2320 3397 2332 3421 ,
2365 3359 2934 3432 ac_vota_convenerit
2959 3404 2975 3428 ,
3005 3364 3143 3418 sicut
3171 3373 3226 3416 et
3254 3363 3443 3432 legalia
3474 3359 3684 3420 consti-

2099 3435 2210 3501 tuta
2241 3429 2550 3501 pimcipiuiit
2575 3429 2840 3501 dicendo:
2872 3430 3137 3486 Sacerdos
3162 3429 3418 3501 virginem
3451 3449 3688 3490 uxorem

2096 3498 2356 3571 arcipiat,
2391 3513 2496 3571 non
2536 3499 2776 3571 viduam,
2819 3518 2924 3555 oon
2955 3498 3285 3571 repudiatam
3334 3501 3520 3567 (LeriL
3553 3519 3684 3570 xxi;

2079 3564 2287 3641 zecli.
2314 3569 2479 3641 x_|._iv),
2508 3569 2796 3641 secundum
2827 3571 2969 3641 quod
2997 3564 3157 3625 etiam
3187 3564 3373 3625 beatus
3398 3564 3687 3640 apostolus

2097 3633 2310 3709 Paulus,
2343 3633 2591 3705 Magister
2616 3633 2874 3706 gentium,
2902 3641 2970 3694 de
2999 3642 3080 3695 bis
3108 3641 3199 3709 qui
3231 3641 3342 3694 fieri
3369 3633 3684 3697 desiderant

2096 3707 2438 3776 sacerdotes,
2491 3711 2702 3776 [impria
2753 3710 3084 3764 institutione
3127 3707 3236 3764 non
3281 3709 3447 3764 tacuit
3492 3710 3685 3768 dicens

2097 3773 2151 3843 (1
2180 3775 2310 3828 Tim.
2345 3777 2420 3843 tu)
2460 3773 2673 3832 :Unius
2703 3781 2883 3832 uxoris
2923 3779 3126 3840 virum,
3158 3779 3309 3846 cujus
3341 3788 3527 3834 tenore
3554 3796 3683 3834 sen-

2095 3847 2289 3918 tcntiae
2307 3847 2377 3899 ita
2407 3846 2678 3918 informati
2709 3863 2826 3902 esse
2852 3849 3080 3912 debetis,
3105 3857 3160 3902 ut
3182 3850 3320 3902 inter
3338 3857 3529 3904 cetera
3555 3865 3684 3918 qua:

2094 3915 2507 3990 cavendasunt,
2541 3917 2651 3971 haec
2674 3918 2940 3990 ‘studeatis
2968 3919 3234 3990 pnecipue
3259 3919 3530 3975 custodire

2094 3985 2418 4047 cognoscitis
2446 3995 2570 4040 ante
2599 3986 2840 4041 universa
2871 3985 3130 4041 mandari.

2165 4054 2230 4110 V.
2263 4055 2537 4127 lu_quibns
2565 4057 2724 4110 etiam
2756 4057 3184 4127 prospiciendum
3209 4066 3307 4121 est,
3338 4072 3405 4112 ne
3432 4057 3540 4113 duo
3567 4059 3683 4116 sint

2093 4123 2145 4177 in
2176 4139 2278 4177 una
2312 4122 2550 4196 Ecclesia
2597 4122 2939 4190 sacerdotes,
2983 4142 3082 4182 nec
3112 4128 3404 4182 litterarum
3435 4128 3684 4196 ignarus,

2093 4202 2184 4246 aut
2215 4209 2403 4247 carens
2453 4195 2629 4263 aliqua
2678 4206 2828 4263 parte
2875 4198 3234 4251 membrorum
3262 4238 3275 4260 ,
3305 4198 3387 4251 vel
3416 4195 3578 4251 etiam
3610 4214 3682 4254 ex

2093 4263 2483 4336 pmnitcntibus
2505 4265 2695 4336 aliquis
2736 4266 2801 4318 ad
2835 4281 3042 4320 sacrum
3073 4267 3424 4322 ministerium
3455 4283 3681 4336 prorsus

2091 4334 2298 4403 siuatur
2327 4333 2600 4388 accedere.
2644 4333 2753 4389 Nec
2791 4344 2994 4388 tantum
3039 4337 3238 4403 putetis
3268 4333 3554 4403 petitiones
3581 4353 3682 4392 va-

2093 4401 2204 4456 lere
2232 4403 2572 4474 populorum,
2606 4413 2662 4458 ut
2691 4420 2811 4458 cum
2839 4405 2922 4458 bis
2948 4401 3137 4474 parere
3165 4401 3392 4474 cupitis,
3427 4406 3683 4462 volunta-

2095 4479 2201 4544 tem
2231 4470 2440 4526 Domini
2472 4474 2636 4544 nostri
2669 4489 2786 4542 qua:
2831 4490 2928 4528 nos
2949 4470 3182 4544 peccare
3211 4470 3477 4544 prohibet,
3508 4476 3681 4532 dese-

416 4522 837 4612 L‘evieusiumiet
866 4522 1582 4612 Verovisceiisiumcivitatis
1609 4522 1992 4612 cuiusubs—criv-
2017 4540 2071 4600 D
2095 4522 2257 4612 ratis;
2283 4522 2783 4612 'ciij'n’s'ihiiiénaiio"
2798 4522 3264 4612 ei'iio'é'ﬁ'ﬁu's'

415 4596 1275 4676 ptionibusdiversorumAlitteras
1301 4609 1456 4662 nobis
1475 4618 1687 4664 constat
1716 4610 1946 4676 ingestas
1973 4627 1986 4662 :

414 4668 757 4756 per‘quashid
776 4671 917 4756 quod
948 4671 1014 4756 de
1041 4672 1272 4756 Stylrano
1294 4680 1508 4756 querela
1541 4688 1713 4756 vestra
1741 4668 1990 4756 deliram-

415 4745 597 4804 pserat
619 4743 635 4796 .'
660 4742 1020 4819 excusabant.
1066 4742 1168 4819 Sed
1202 4742 1546 4814 reprehensio
1569 4742 1861 4815 justissima
1891 4763 1987 4803 eo-

412 4819 529 4887 rum
561 4812 759 4887 pariter
781 4812 923 4887 justa
953 4812 1276 4887 allegatione
1304 4812 1672 4887 non_carebat.
1703 4819 1823 4885 quia
1854 4833 1990 4886 prte-

414 4881 498 4927 ter
517 4880 906 4957 conscientiam
938 4885 1361 4957 metropolitani,
1401 4885 1577 4941 fratris
1600 4894 1660 4957 rt
1685 4880 1896 4957 coepisc
1934 4887 1986 4955 pi

410 4947 578 5000 nostri
601 4947 833 5010 Ascanii,
870 4947 1138 5006 nonnullis
1165 4954 1468 5008 civitatibus
1498 4955 1770 5010 ordinatos
1787 4947 1988 5010 'claru'it

411 4991 734 5098 sacerdote;

431 5092 562 5161 iarte
582 5097 663 5139 Bel.
683 5087 989 5154 indicatum,
1009 5087 1158 5145 inlini
1183 5087 1460 5146 videamus
1489 5095 1836 5161 perversitate
1860 5110 1990 5148 con-

435 5166 620 5234 psum,
637 5163 936 5234 temporum
973 5162 1298 5234 necessitate
1325 5172 1624 5234 perspecta,
1659 5163 1759 5218 hac
1784 5173 1991 5218 ratione

411 5217 835 5280 deceruiuius'ad
863 5230 1074 5283 veniam
1115 5217 1385 5301 pertinere
1411 5270 1427 5296 ,
1449 5217 1624 5302 'quod'
1647 5217 1856 5302 gestum
1884 5217 1985 5297 est,

2093 4611 2217 4687 quia
2246 4610 2546 4687 benignitas
2571 4612 2687 4687 ejus
2710 4652 2726 4676 ,
2773 4613 2899 4687 dum
2942 4610 3072 4687 ﬁunt
3101 4613 3286 4687 illicita
3321 4629 3419 4684 per
3444 4629 3542 4670 eos
3581 4610 3682 4687 qui

2093 4686 2224 4750 sunt
2246 4679 2566 4750 interpretes
2595 4679 2936 4750 placationis,
2971 4681 3274 4738 offenditur.
3321 4679 3340 4684 ⁷
3598 4679 3640 4737 ’.

2167 4747 2249 4823 γι.
2297 4747 2364 4802 Ut.
2383 4747 2559 4804 autem
2587 4747 2760 4806 cinnia
2779 4751 3196 4823 secuiiduttilizec
3221 4767 3339 4822 quae
3358 4753 3680 4823 scripsimus

2094 4821 2446 4885 corrigantur,
2479 4829 2771 4888 prmsentes
2816 4822 3020 4875 litteras
3057 4821 3288 4890 Trajano
3335 4821 3678 4880 subdiacono

2093 4897 2279 4962 nostro
2293 4891 2566 4962 _vei_iiente
2614 4890 2922 4962 direximus.
2951 4891 3104 4962 Quod
3133 4891 3179 4945 si
3203 4891 3430 4947 Irenzeus
3459 4896 3679 4962 episco-

2091 4957 2272 5029 pusad
2293 4958 2582 5013 Ecclesiam
2604 4975 2776 5024 suam,
2801 4960 3045 5029 deposito
3065 4961 3420 5029 improbitatis
3441 4957 3676 5028 ambitu,

2091 5027 2268 5081 redire
2314 5029 2627 5095 neglexerit,
2680 5029 2820 5099 quod
2848 5027 2896 5084 ei
2928 5045 3033 5084 non
3057 5027 3279 5099 judicio,
3301 5033 3394 5086 sed
3417 5027 3678 5087 buniani4

2095 5099 2589 5170 tateprazstabitur,
2623 5102 3000 5170 removendum
3029 5116 3088 5153 se
3116 5100 3192 5170 ab
3215 5101 3504 5170 episcopali
3534 5117 3680 5156 con-

2091 5166 2256 5237 _s_orliu
2293 5182 2409 5237 esse
2438 5178 2745 5236 cognoscat.
2799 5167 2926 5222 Data
2967 5185 3019 5224 ιιι
3049 5169 3151 5224 cal.
3202 5166 3468 5237 Januarii,
3521 5171 3682 5226 Basi-

2093 5234 2198 5290 lico
2226 5244 2281 5289 et
2304 5234 2667 5292 Hermiuerico
2695 5253 2783 5293 vv.
2813 5253 2891 5294 cc.
2924 5255 3102 5294 conss.
3135 5239 3268 5309 (An.
3299 5234 3487 5294 Christi
3512 5239 3678 5312 465.)

417 5341 3663 5393 .___.__________________________________

1500 5442 1856 5504 uncae“
1907 5417 2272 5507 SiMrLicu
2317 5448 2539 5507 parm:

563 5627 870 5699 Simplicius
910 5631 1194 5703 episcopus
1234 5635 1428 5693 Joanni
1476 5639 1729 5710 episcopo
1771 5641 1982 5698 Raven-

443 5717 538 5754 dll.

403 5717 438 5758 ῃ
473 5767 530 5826 Si
563 5768 681 5837 quis
711 5776 852 5826 esset
879 5769 1100 5829 intuitus
1129 5773 1504 5835 ecclesiastica:
1545 5776 1834 5847 disciplinae
1855 5823 1869 5846 ,
1903 5784 1982 5838 vel

2092 5645 2137 5698 si
2187 5645 2315 5713 quid
2352 5646 2493 5725 apud
2533 5655 2618 5725 _t_e__
2642 5649 2990 5706 sacerdotalis
3035 5651 3310 5707 modestia:
3356 5661 3674 5725 teneretur,

2091 5718 2682 5792 nunquam__plcctibiles
2720 5732 3154 5790 perpetrarentur
3179 5738 3451 5791 excessus,
3479 5741 3508 5778 a
3536 5718 3672 5792 qui;

2089 5784 2190 5842 bus
2217 5786 2263 5841 si
2291 5784 2437 5842 nullo
2467 5796 2521 5844 te
2543 5784 2886 5856 paternarum
2916 5793 3218 5862 regularum
3245 5809 3297 5864 pc
3318 5784 3456 5851 teras
3486 5784 3672 5852 couti-
