3976 6196
390 329 507 394 8‘13

461 442 761 510 Bonifacio,
1261 436 1443 510 Betro,

461 517 636 579 Sixto,
746 505 756 510 ⁷
1262 505 1444 579 Petro,

465 576 742 648 Petronio,
1261 576 1573 648 Laurentio,

466 646 734 719 Rniiiano,
1261 646 1488 719 lumine,

465 714 807 785 Martiniano,
1262 714 1579 795 Epiphanio,

466 795 711 863 Opilione
728 826 743 855 ,
1266 786 1602 863 Sebastiano,
1635 793 1691 840 et

466 853 742 930 Agapeto,
1107 926 1141 930 __
1264 853 1630 930 Abundantio,

471 924 783 987 Astantihus
828 940 1046 996 quoque
1091 925 1428 987 diaronibus,
1485 924 1634 996 Felix
1688 924 1974 996 episcopus

402 1002 654 1059 Ecclesiae
695 993 973 1053 catholicai
1003 998 1149 1051 urbis
1177 996 1359 1050 Ruina:
1378 1033 1393 1056 ,
1445 993 1740 1061 praisidens
1767 995 1974 1062 synodo

402 1076 537 1129 dixit
581 1089 592 1123 :
635 1068 948 1123 Communis
976 1064 1159 1127 dolor,
1192 1075 1245 1117 ct
1285 1063 1549 1130 generalis
1592 1071 1679 1116 est
1722 1067 1973 1129 gemitus,

403 1142 547 1213 quod
589 1141 726 1193 intra
774 1137 1007 1213 Africam
1053 1134 1415 1211 rebaptizatos
1461 1133 1625 1186 etiam
1671 1134 1972 1212 episcOpos,

404 1201 770 1284 presbyteros,
802 1207 1165 1273 diaconosque
1189 1201 1537 1284 eognovimu‘s‘
1558 1218 1573 1263 ;
1603 1216 1722 1270 qua:
1748 1216 1841 1284 res.
1861 1203 1978 1284 sine

405 1271 653 1337 dubio'ad
678 1286 866 1331 vestrae
886 1271 1101 1342 quoque
1124 1274 1365 1341 pervenit
1386 1271 1629 1342 notitiam
1651 1271 1974 1342 sanctitatis.

406 1352 482 1407 De
502 1365 609 1432 quo
630 1347 756 1418 quid
778 1340 1051 1432 observari
1074 1340 1284 1423 debeat,
1310 1340 1563 1432 nidinare
1586 1356 1684 1393 nos
1705 1341 1976 1432 convenit.

406 1410 727 1476 Proinde-ut
750 1412 1028 1469 manifesta
1059 1414 1129 1467 sit
1156 1426 1319 1480 super
1346 1411 1451 1464 hoc
1478 1419 1662 1463 nostra
1686 1410 1976 1472 sententia,

408 1504 528 1559 qum
567 1487 719 1559 nobis
758 1492 885 1539 sunt
914 1483 1024 1536 visa
1050 1483 1365 1537 recitentur.
1389 1480 1702 1534 Anastasius
1724 1480 1982 1533 diaconus

409 1557 672 1615 recitavit.

478 1626 745 1681 Dilectiss.
777 1621 830 1677 in
845 1621 1062 1676 Christo
1093 1620 1219 1676 .lesu
1242 1619 1495 1675 fratribus
1523 1619 1784 1674 universis
1812 1617 1979 1689 episc.

411 1712 512 1770 per
534 1697 776 1770 diversas
805 1693 1105 1770 provincias
1126 1690 1451 1770 constitutis.

480 1766 720 1833 Qualiter
741 1764 793 1816 in
806 1756 1079 1833 'Africanis
1098 1760 1407 1833 regionibus
1434 1759 1634 1833 astutia
1654 1756 1854 1833 diaboli
1882 1772 1984 1833 sic:

412 1826 569 1892 vierit
598 1836 649 1887 in
681 1832 932 1902 populum
952 1826 1334 1892 Christianum,
1361 1837 1521 1902 atque
1546 1830 1597 1902 in
1622 1828 1672 1881 id
1694 1826 1983 1902 _multip|ici

413 1897 729 1974 deceptione
747 1897 1068 1974 proruperit,
1093 1907 1149 1952 ut
1172 1914 1275 1974 non
1300 1897 1466 1974 modo
1484 1898 1671 1964 vulgus
1692 1897 1985 1974 incautum,

413 1976 505 2031 sed
538 1967 682 2043 ipsos
700 1967 925 2043 quoque
945 1969 1216 2043 inmortis
1245 1968 1512 2043 profunda
1536 1967 1782 2022 merserit
1802 1981 1986 2043 sacer-

414 2036 587 2105 dotes,
611 2036 786 2095 nullus
815 2036 921 2092 non
942 2040 1088 2092 orbis
1109 2038 1387 2104 ingemuit,
1407 2036 1549 2090 nulla
1573 2045 1714 2090 terra
1740 2036 1982 2089 nescivit.

417 2112 570 2169 Unde
600 2113 651 2165 in
677 2109 861 2178 grandi
895 2124 1125 2163 mterore
1155 2108 1312 2178 positi
1342 2107 1680 2178 dissimulare
1710 2120 1991 2178 nonpos-

414 2198 599 2239 sumus
620 2175 978 2249 pereuntium,
1001 2185 1159 2245 atque
1181 2192 1209 2229 a
1228 2177 1383 2230 nobis
1405 2175 1992 2249 exigendarum‘discri-

416 2267 536 2308 men
584 2245 881 2303 animarum
927 2264 940 2299 :
973 2254 1303 2315 quapr0pter
1340 2256 1652 2314 competens
1689 2245 1988 2315 abhibenda

416 2331 500 2377 est
519 2321 713 2375 talibus
743 2316 954 2371 medela
983 2314 1321 2378 vulneribus,
1354 2331 1423 2367 ne
1454 2316 1736 2368 immatura
1768 2314 1991 2368 curandi

417 2392 645 2446 facilitas
672 2384 948 2441 mortifera
968 2386 1139 2453 captis
1160 2394 1312 2454 peste
1342 2385 1413 2437 nil
1442 2384 1632 2453 prosit,
1662 2384 1753 2439 sed
1777 2384 1991 2451 segnius

418 2468 646 2517 tractata
677 2456 943 2526 pernicies
974 2463 1124 2526 reatu
1154 2470 1259 2507 non
1292 2454 1542 2526 legitima;
1568 2455 1861 2526 curationis
1909 2454 1991 2507 in-

418 2531 603 2584 volvat
630 2522 833 2596 pariter
863 2523 1074 2577 saucios
1104 2532 1159 2577 et
1186 2524 1485 2596 medentes.
1524 2522 1788 2596 Imprimis
1812 2524 1991 2596 itaque

420 2593 686 2654 venientis
716 2594 783 2648 ad
823 2608 952 2657 vos,
993 2601 1055 2662 _et
1086 2594 1378 2646 remedium
1408 2593 1730 2662 postulantis
1763 2593 1992 2647 sollicite

419 2665 751 2724 discutienda
772 2671 855 2719 est
881 2660 1163 2733 professio,
1184 2670 1241 2733 et
1270 2660 1501 2733 persona
1530 2662 1761 2731 decepti,
1793 2672 1851 2715 nt
1880 2678 1993 2717 me-

420 2738 541 2793 dela
570 2737 740 2806 possit
780 2730 1082 2806 congruens
1110 2730 1377 2806 exhiberi.
1410 2730 1479 2786 Et
1504 2734 1593 2802 qui
1623 2730 1992 2806 satisfacturus

421 2806 532 2862 Deo
555 2801 653 2876 per
679 2802 1088 2876 paenitentiam,
1114 2801 1502 2876 rebaptizatum
1523 2801 1603 2876 se
1630 2802 1867 2876 legitime
1885 2802 1993 2876 _do-
2036 2825 2045 2831 ι

421 2871 600 2939 luerit,
632 2871 811 2928 utrum
837 2871 906 2925 ad
936 2871 1039 2926 hoc
1063 2871 1267 2941 facinus
1295 2872 1622 2941 cucurrerit,
1644 2886 1713 2925 an
1738 2872 1992 2941 impulsus

421 2945 729 3008 accesserit,
761 2941 1082 3011 requiratur.
1112 2939 1301 2995 Sciens
1329 2940 1472 3011 quod
1498 2956 1557 2996 se
1583 2939 1825 3010 decipiat
1853 2942 1989 3011 ipse,

422 2957 729 3008 accesserit,
761 2957 820 2996 re
861 2957 1082 2995 mratur.
1112 2957 1301 2995 ueiens
1329 2957 1472 3010 quoa
1498 2957 1557 2996 se
1583 2957 1815 3010 ueciptat
1853 2957 1989 3011 ipse,

422 3016 512 3086 qui
545 3014 697 3086 fallit,
727 2957 962 3086 nihilque
982 3026 1079 3081 per
1099 3009 1680 3086 nostrainfacilitatem
1711 3013 1992 3086 tribunalis

422 3080 640 3141 excelso
662 3082 864 3151 judicio
892 3080 1157 3151 deregari,
1190 3083 1273 3135 cui
1304 3082 1393 3134 illa
1425 3090 1550 3135 sunt
1572 3091 1706 3145 rata,
1738 3095 1856 3150 quae
1882 3083 1990 3149 pia,

422 3170 542 3226 qua:
568 3150 716 3227 vera,
748 3166 869 3227 qua}
891 3150 1035 3227 justa
1064 3159 1221 3227 sunt,
1252 3159 1307 3227 et
1337 3151 1663 3227 necessitas,
1703 3151 1858 3204 aliter
1885 3160 1995 3203 tra-
2020 3169 2063 3227 ρ

422 3219 618 3281 etanda
644 3231 728 3278 est
756 3222 895 3275 ratio
925 3220 1235 3274 voluntatis.
1259 3219 1503 3274 Deterior
1521 3230 1602 3275 est
1627 3228 1806 3274 autem
1832 3236 1993 3274 causa

424 3295 566 3349 illius
600 3294 690 3362 qui
739 3290 877 3362 forte
924 3290 1098 3358 pretio
1137 3289 1612 3362 sollicitatusest,
1666 3298 1726 3362 ut
1774 3292 1993 3362 periret.

424 3363 565 3417 Nihil
586 3358 728 3416 enim
753 3361 1074 3415 intentatum
1096 3358 1310 3426 reliquit
1333 3359 1599 3423 inimicus,
1621 3360 1707 3413 cui
1724 3376 1792 3414 ne
1813 3360 1880 3413 de
1898 3376 1993 3414 sua

424 3432 584 3488 liceat
610 3430 842 3498 gaudere
863 3437 1104 3497 captura,
1129 3429 1547 3482 succurrendum
1568 3437 1649 3482 est
1677 3430 1918 3495 irretitis,
1943 3438 1998 3484 et

426 3500 783 3557 conterendus
812 3499 1057 3552 venantis
1085 3507 1168 3552 est
1184 3498 1449 3567 laqueus,
1494 3507 1552 3551 ut
1582 3499 1633 3551 in
1667 3498 1884 3566 fngatim
1914 3501 1994 3552 la-

426 3569 787 3626 nientantibus
811 3568 1015 3637 lapsum
1047 3575 1153 3620 tam
1173 3566 1390 3635 justitiaa
1420 3570 1808 3633 moderatione,
1835 3584 1995 3637 quam

425 3640 842 3709 compunctione
871 3637 1093 3709 pietatis
1126 3638 1193 3690 ad
1220 3640 1425 3709 aulam,
1456 3639 1994 3709 quamAreliqnerant,

428 3712 500 3766 sit
524 3706 815 3777 regressus,
851 3722 952 3762 nec
990 3707 1189 3775 pudeat
1226 3706 1426 3767 forsan,
1469 3706 1561 3761 aut
1586 3707 1763 3776 pigeat
1788 3708 1999 3760 indictis

426 3780 747 3851 jejuniorum
788 3777 1191 3851 gemituumqne
1225 3777 1564 3851 temporibus
1614 3778 1861 3842 obedire,
1904 3787 1998 3851 aut

428 3846 548 3905 aliis
574 3849 928 3903 observantiae
954 3846 1267 3902 salubrioris
1295 3847 1670 3915 obtemperare
1698 3850 1995 3915 praeceptis,

467 3920 551 3974 uia
578 3917 864 3973 humilibus
885 3916 1043 3971 datur
1068 3918 1258 3984 gratia,
1283 3932 1391 3970 non
1411 3917 1656 3984 superbis
1679 3917 1883 3986 (Jacobi
1901 3919 1995 3985 tv).

467 3936 551 3974 uta
579 3936 864 3973 DUHIIIIDUS
885 3936 1043 3971 (lallﬂ'
1068 3936 1258 3984 gratia,
1283 3936 1391 3970 non
1411 3936 1656 3984 SUPBI‘DIS
1679 3936 1883 3986 μαεουι
1901 3936 1995 3985 ιν).

426 3936 509 4044 git
536 4003 665 4056 ergo
692 3988 861 4041 ruinae
907 4001 1019 4040 sua:
1045 3986 1233 4040 dolore
1278 3992 1576 4055 prostratus
1592 4027 1615 4056 ,7
1660 3988 1902 4055 quisquis
1945 3989 1998 4041 in

428 4055 641 4114 Christo
688 4057 803 4111 ﬁeri
845 4056 1040 4125 quaerit
1067 4065 1304 4125 erectus,
1348 4064 1404 4109 et
1451 4071 1547 4125 per
1588 4055 2001 4124 dispensationis

429 4138 628 4183 nostra;
656 4124 1234 4194 ministerium(quo_d
1280 4124 1511 4178 vestram
1556 4126 1707 4193 sequi
1749 4129 2001 4180 convenit

428 4197 746 4252 charitatem
769 4233 783 4257 ,
829 4208 935 4265 _nee
979 4192 1163 4265 alieni,
1187 4192 1265 4246 fas
1291 4195 1483 4265 est‘vel
1515 4192 1677 4256 velle,
1730 4196 1813 4247 vel
1844 4211 2001 4265 posse

430 4262 846 4333 transcendere)
899 4277 1090 4333 causas
1118 4264 1268 4327 ejus,
1312 4262 1401 4333 qui
1438 4271 1627 4333 contra
1654 4262 2001 4331 apostolicam

429 4336 726 4389 doctrinam
748 4331 1181 4401 ad'iterationent
1204 4346 1263 4401 se
1288 4331 1443 4401 nimis
1471 4332 1683 4387 infausti
1716 4334 2005 4401 baptisma-

429 4404 499 4457 tis
526 4403 748 4467 dedidit,
777 4401 863 4455 vel
900 4401 1035 4467 ejus,
1066 4400 1158 4466 qui
1187 4400 1450 4468 aliquibus
1479 4400 1809 4469 argumentis
1835 4420 2000 4457 excu-

429 4472 653 4527 sandum
682 4471 872 4525 callide
901 4470 1177 4541 proprium
1207 4472 1475 4539 putaverit
1511 4487 1629 4525 esse
1657 4488 1999 4541 consensum,

429 4541 751 4596 sacerdotali
796 4530 981 4606 vigore
1003 4530 1018 4538 ’
1041 4547 1098 4593 et
1143 4530 1473 4595 humanitate
1500 4549 1822 4604 tractemus,
1865 4552 1922 4595 ut
1948 4530 1999 4597 in
2034 4530 2077 4586 ο

431 4612 510 4666 eis
535 4610 711 4681 lidesq(
730 4624 848 4681 qua:
875 4609 975 4681 nisi
1006 4616 1089 4681 est
1115 4624 1239 4669 una,
1267 4609 1379 4677 jam
1408 4610 1552 4664 nulla
1582 4613 1705 4679 est)
1736 4612 2001 4681 adjutorio

432 4681 640 4736 Domini
666 4677 878 4747 judieis,
910 4679 976 4733 ad
996 4679 1224 4733 salutem
1247 4682 1363 4734 sine
1391 4690 1589 4734 nostra:
1610 4677 2003 4749 preperationis

431 4750 728 4806 offensione
750 4757 1063 4818 reparetur,
1110 4749 1234 4818 quia
1274 4764 1394 4803 cum
1426 4750 1726 4817 peccatoris
1770 4765 1800 4802 a
1847 4753 2002 4806 nobis

430 4819 728 4877 satisfactio
755 4818 1119 4888 protrahitur,
1163 4833 1273 4888 non
1303 4826 1499 4887 put-ter
1526 4830 1764 4873 nostram
1794 4820 2002 4875 laudem

430 4903 592 4960 atque
619 4886 859 4960 l_:etitiam
889 4903 1042 4960 mens
1069 4887 1185 4960 ejus
1213 4886 1280 4960 ad
1305 4886 1519 4941 veniam
1550 4890 1827 4960 purgatior
1849 4891 2000 4943 inve-

428 4955 590 5015 nitur.
618 4955 685 5013 Et
713 4959 834 5013 ideo
862 4957 1214 5012 memineritis
1234 4958 1373 5011 hanc
1399 4955 1664 5028 superbis
1687 4972 1783 5011 nos
1803 4960 2002 5015 habere

429 5032 769 5093 sententiam,
804 5038 863 5084 ut
889 5037 1102 5083 servata
1132 5028 1456 5082 discretione
1486 5028 1840 5096 peccantium,
1892 5045 2001 5085 non

429 5102 617 5153 eadem
645 5101 843 5162 cuncti,
876 5101 965 5169 qui
1011 5098 1140 5167 lapsi
1168 5106 1311 5161 sunt,
1344 5098 1495 5151 lance
1527 5107 1842 5169 pensentur,
1866 5115 2002 5168 quo-

432 5170 574 5222 niam
603 5173 822 5237 majoris
863 5167 1231 5236 castigatimiis
1269 5178 1352 5221 est
1380 5167 1673 5235 exigendus
1704 5167 1894 5234 usura,"
1916 5170 2001 5224 cui

430 5237 624 5292 domus
646 5239 853 5292 Domini
883 5241 1167 5295 commissa
1193 5237 1351 5290 fuerit
1375 5238 1675 5306 disciplina.

506 5306 573 5361 Ut
594 5320 722 5375 ergo
750 5309 816 5361 ab
846 5307 1098 5363 Ecclesiae
1125 5308 1520 5362 summitatibus
1548 5310 1879 5372 inchoemus,
1908 5324 2002 5366 eos

431 5391 568 5447 qUos
593 5378 895 5445 episcopos,
919 5381 1277 5449 presbyteros,
1303 5380 1386 5431 vel
1407 5378 1664 5432 diaconos
1692 5377 1852 5432 fuisse
1873 5396 2001 5436 cnn-

431 5449 646 5506 stiterit,
672 5455 726 5500 et
755 5461 850 5501 seu
879 5457 1123 5513 optantes
1149 5450 1393 5512 forsitan,
1431 5463 1525 5501 seu
1550 5458 1769 5502 coactos
1800 5449 1996 5503 lavacri

433 5514 580 5570 illius
610 5517 752 5571 unici
805 5515 1161 5583 salutarisqne
1189 5518 1445 5571 claruerit
1474 5516 1668 5572 fecisse
1705 5519 1991 5585 jactui-am,

429 5596 485 5642 et
512 5585 805 5653 Christum,
852 5599 1011 5653 quem
1042 5602 1147 5639 non
1175 5589 1348 5641 solum
1381 5588 1524 5641 dono
1551 5588 1992 5654 regenerationis,

429 5671 616 5712 verum
672 5658 835 5710 etiam
891 5655 1061 5721 gratia
1102 5656 1353 5724 percepti
1406 5658 1628 5711 honoris
1692 5658 1992 5725 induerant,

429 5726 661 5790 exuisse,
692 5741 815 5780 cum
842 5731 1053 5779 constet
1076 5726 1341 5778 neminem
1371 5727 1438 5778 ad
1466 5726 1754 5780 secundam
1784 5727 2002 5781 tinctio-

429 5812 551 5853 nem
582 5797 765 5851 venire
788 5793 1061 5862 potuisse,
1096 5793 1195 5846 nisi
1224 5807 1282 5849 se
1312 5795 1488 5860 palam
1517 5795 1877 5853 Christianum
1907 5812 2001 5854 ne-

1232 320 1570 380 APPENDIX
1610 323 1699 379 AD
1736 316 2261 378 COLLECTIONEM
2300 315 2783 375 DIONYSIANAM.

2014 1808 2062 1867 B

3545 306 3659 370 ut

1993 442 2045 501 Α
2072 434 2277 502 gaverit
2298 476 2311 500 ,
2361 440 2417 487 et
2468 430 2740 501 professus
2791 430 2949 485 fuerit
2995 443 3116 484 esse
3153 442 3442 500 paganum.
3501 428 3652 502 Quod

2073 520 2194 558 cum
2222 503 2548 572 generaliter
2575 503 2645 557 sit
2672 503 2724 556 in
2755 502 3002 555 omnibus
3029 502 3439 572 exsecrandum,
3483 501 3653 555 multo

2071 571 2244 640 magis
2273 576 2323 626 in
2354 573 2657 641 episcopis,
2698 573 3025 642 presbyteris
3048 581 3101 624 et
3131 571 3445 625 diaconibus
3473 572 3655 625 auditu

2072 646 2262 696 saltem
2308 644 2561 709 dictuque
2584 644 2843 709 probatur
2863 641 3207 694 horrendum.
3231 641 3337 694 Sed
3364 656 3488 708 quia
3514 642 3652 694 idem

2074 712 2333 766 Dominus
2372 722 2532 779 atque
2576 712 2822 764 Salvator
2849 711 3295 764 clementissimus
3324 720 3425 775 est,
3475 720 3530 764 et
3560 726 3655 764 ne-

2073 783 2273 835 minem
2302 782 2414 834 vult
2446 782 2641 849 perire,
2677 796 2846 848 usque
2877 780 2941 832 ad
2971 784 3150 834 exitus
3174 782 3253 833 sui
3280 780 3420 833 diem
3449 781 3499 832 in
3542 796 3656 849 pte-

2076 851 2383 915 nitentiam,
2412 851 2453 902 si
2486 850 2827 916 resipiscunt.
2854 850 3037 917 jacere
3066 851 3373 909 conveniet,
3410 865 3507 903 nec
3535 865 3658 903 ora-

2076 922 2209 973 tioni
2242 935 2347 972 non
2373 920 2531 972 modo
2567 920 2805 973 tidelnnn
2832 960 2846 983 ,
2895 919 2988 972 sed
3020 935 3119 973 nec
3147 921 3656 973 catechmnenorum

2076 990 2290 1056 quidem
2314 990 2636 1041 Ulllll:m0tlls
2663 990 2942 1049 interesse,
2966 988 3159 1054 quibus
3180 990 3489 1042 connnunio
3522 990 3657 1042 laica

2078 1060 2131 1111 in
2162 1066 2335 1111 morte
2366 1057 2693 1110 redhibenda
2723 1066 2823 1119 est,
2874 1072 3035 1124 quam
3074 1073 3186 1110 rem
3219 1059 3526 1122 diligentius
3556 1073 3657 1111 ex—

2078 1128 2291 1197 plorare
2323 1127 2407 1181 vel
2456 1126 2633 1180 facere
2664 1126 3024 1196 probatissimi
3053 1128 3354 1181 Sacerdotis
3409 1144 3538 1181 cura
3568 1130 3659 1180 dc-

2079 1199 2247 1252 bebit.

2154 1267 2228 1320 De
2257 1265 2467 1320 clericis
2509 1272 2719 1328 autem,
2770 1273 2827 1319 et
2869 1265 3166 1328 monachis,
3192 1274 3285 1319 aut
3318 1266 3509 1333 puellis
3540 1265 3658 1327 Dei,

2082 1344 2174 1389 aut
2201 1335 2577 1401 saecularibus,
2620 1336 2825 1390 servari
2852 1337 3187 1404 praecipimus
3216 1337 3357 1389 hunc
3386 1344 3655 1395 tenorem,

2082 1420 2243 1474 quem
2283 1405 2492 1458 Nicaena
2523 1407 2762 1475 synodus
2789 1407 2933 1459 circa
2971 1421 3066 1459 eos
3094 1408 3182 1472 qui
3215 1407 3347 1475 lapsi
3377 1414 3521 1469 sunt,
3574 1408 3661 1459 vel

2082 1476 2311 1538 fuerint,
2360 1473 2684 1527 servandum
2716 1490 2835 1529 esse
2860 1476 3167 1537 constituit,
3219 1473 3284 1528 ut
3318 1475 3529 1528 scilicet
3569 1476 3662 1542 qui

2083 1545 2229 1598 nulla
2271 1545 2620 1605 necessitate,
2655 1545 2851 1598 nullius
2880 1546 2955 1598 rei
2987 1545 3182 1599 timore
3211 1554 3374 1614 atque
3415 1546 3662 1614 periculo

2086 1630 2146 1669 se
2174 1622 2233 1666 ut
2260 1614 2723 1681 rebaptizarentur
2748 1615 3010 1668 Itzcreticis
3040 1615 3203 1683 impie
3228 1613 3573 1677 dediderunt,
3617 1613 3664 1668 si

2087 1692 2269 1737 tamen
2297 1698 2393 1737 eos
2422 1698 2490 1736 ex
2519 1683 2684 1737 corde
2711 1685 2987 1752 pmniteat,
3023 1686 3191 1737 tribus
3218 1686 3373 1737 annis
3401 1686 3540 1737 inter
3567 1698 3665 1735 au-

2089 1754 2298 1809 dientes
2341 1754 2487 1817 sint,
2537 1761 2744 1821 septem
2790 1769 2917 1807 vero
2961 1755 3114 1809 annis
3161 1753 3475 1822 subjaceant
3524 1755 3665 1807 inter

2090 1824 2413 1893 ptenitentes
2456 1823 2701 1893 manilius
2730 1824 3106 1886 sacerdotum,
3156 1827 3364 1877 duobus
3400 1825 3565 1877 etiam
3597 1822 3665 1875 ad

2090 1891 2393 1948 oblationes
2422 1891 2597 1945 modis
2625 1894 2873 1946 omnibus
2902 1909 3007 1946 non
3025 1894 3287 1957 sinantur,
3312 1894 3401 1945 sed
3429 1902 3667 1946 tantum-

2088 1963 2249 2015 modo
2272 1962 2617 2031 pOpularibus
2639 1964 2690 2016 in
2719 1964 2966 2016 oratione
2993 1966 3283 2028 socientur,
3309 1977 3409 2016 nec
3433 1968 3664 2016 coaluit-

2088 2033 2246 2086 datur
2278 2032 2386 2085 Deo
2407 2031 2543 2084 colla
2573 2034 2907 2095 submittere,
2939 2032 3027 2100 qui
3058 2046 3179 2085 eum
3209 2047 3315 2084 non
3349 2033 3531 2086 timuit
3570 2032 3670 2085 ab-

2088 2116 2306 2170 negare.
2357 2100 2509 2166 Quod
2558 2102 2643 2165 si,
2697 2111 2752 2155 ut
2796 2113 2921 2171 pote
2967 2102 3262 2164 mortales,
3308 2105 3444 2154 intra
3497 2111 3671 2155 metas

2090 2173 2385 2241 pnescripti
2418 2172 2672 2240 temporis
2700 2174 2924 2239 coeperit
2952 2173 3073 2224 vitae
3112 2172 3228 2223 linis
3269 2185 3488 2238 urgere,
3543 2171 3672 2224 θυι».

2090 2243 2413 2295 veniendum
2444 2250 2526 2295 est
2563 2241 2898 2310 imploranti,
2949 2250 3004 2294 et
3029 2256 3125 2295 seu
3154 2242 3223 2294 ah
3252 2245 3528 2309 episcopo,
3577 2242 3673 2308 qui

2088 2313 2462 2381 paenitentiam
2491 2310 2716 2381 dederit,
2748 2326 2842 2365 seu
2885 2312 2951 2364 ab
2990 2311 3125 2371 alio,
3157 2312 3245 2380 qui
3277 2319 3461 2381 tamei
3486 2310 3672 2363 datam

2091 2379 2210 2435 esse
2239 2380 2545 2451 probaverit
2563 2421 2577 2445 ,
2624 2389 2716 2434 aut
2745 2382 2991 2434 similiter
3020 2379 3366 2451 presbytero,
3416 2379 3672 2435 viaticum

2095 2450 2313 2505 abeunti
2342 2450 2410 2504 de
2438 2451 2637 2505 saeculo
2658 2466 2766 2504 non
2798 2459 3037 2518 negetur.

2163 2519 2350 2574 Pueris
2381 2528 2559 2574 autem
2582 2560 2597 2585 ,
2632 2523 2843 2588 quibus,
2890 2520 3036 2588 quod
3066 2519 3239 2574 adhuc
3261 2520 3496 2575 investes
3524 2527 3675 2583 sunt,

2092 2605 2123 2643 a
2152 2597 2437 2659 pubertate
2464 2591 2782 2644 vocabulum
2813 2598 2927 2653 est,
2960 2605 3053 2643 seu
3083 2591 3323 2653 clericis,
3369 2604 3464 2643 seu
3496 2590 3675 2656 laicis,

2094 2669 2183 2714 aut
2215 2660 2378 2713 etiam
2404 2660 2669 2714 similibus
2689 2659 2897 2731 puellis,
2920 2661 3123 2731 quibus
3152 2661 3453 2731 ignorantia
3478 2660 3679 2731 suifra-

2093 2738 2250 2797 gatur
2276 2732 2472 2799 aetatis,
2515 2729 2821 2799 aliquandiu
2853 2730 2951 2783 sub
2980 2745 3169 2784 manus
3196 2730 3545 2798 impositione
3570 2729 3677 2783 de-

2095 2800 2275 2863 tentis,
2325 2798 2600 2853 redtlenda
2629 2800 2938 2854 communio
2967 2808 3068 2863 est,
3113 2814 3212 2854 nec
3245 2816 3432 2853 eorum
3477 2814 3678 2867 exspe-

2093 2870 2286 2939 ctanda
2302 2870 2639 2938 pmnitentia,
2652 2884 2789 2937 quos
2810 2871 3010 2939 excipit
3030 2886 3060 2923 a
3080 2870 3410 2923 coercitione
3422 2884 3675 2931 censura,

2094 2938 2241 3008 quod
2269 2948 2352 2993 est
2384 2954 2415 2991 a
2457 2940 2611 2993 nobis
2636 2938 2855 3008 provide
2884 2938 3255 3000 constitutum,
3302 2956 3369 2993 ne
3398 2939 3452 2992 lii
3483 2939 3679 3006 quibus

2095 3009 2148 3078 in
2175 3008 2375 3063 terreni
2400 3008 2520 3064 labe
2544 3010 2777 3074 contagii
2799 3009 2919 3078 plus
2943 3011 3182 3064 minusve
3204 3018 3373 3063 restat
3397 3010 3463 3062 ad
3486 3009 3679 3073 vitam,

2098 3077 2222 3132 dum
2247 3078 2423 3149 adhuc
2446 3078 2497 3131 in
2528 3077 2840 3149 paenitentia
2863 3090 3004 3143 sunt,
3037 3080 3341 3148 pmnitenda
3366 3078 3500 3131 forte
3528 3093 3680 3132 COllt-

2097 3150 2333 3218 mittant.
2359 3146 2513 3213 Quod
2530 3146 2587 3202 'si
2617 3159 2741 3203 ante
2758 3146 3072 3218 prmlinitum
3103 3150 3433 3217 paenitentia:
3460 3156 3681 3215 tempus

2096 3216 2379 3298 despectus
2408 3234 2438 3272 a
2482 3218 2725 3298 medicis,
2756 3216 2851 3272 aut
2886 3216 3224 3298 evidentibus
3251 3220 3683 3298 mortispressus

2096 3286 2323 3348 indiciis,
2366 3297 2581 3355 recepta
2610 3291 2888 3356 quisquam
2918 3290 3309 3343 communionis
3344 3290 3515 3356 gratia
3546 3302 3683 3340 con.

2100 3358 2343 3421 valescit,
2369 3372 2645 3412 servemus
2675 3360 2727 3411 in
2758 3374 2823 3412 eo
2852 3360 2997 3427 quod
3035 3357 3233 3411 Nicteni
3263 3370 3499 3412 canones
3525 3356 3680 3427 ordi-

2097 3436 2331 3494 narunt,
2378 3438 2434 3479 ut
2478 3428 2738 3481 habeatur
2768 3425 2906 3481 inter
2932 3429 3053 3482 illos
3081 3429 3170 3496 qui
3203 3427 3256 3481 in
3288 3428 3537 3481 oratione
3562 3425 3681 3479 sola

2097 3498 2518 3568 communicant,
2542 3499 2715 3553 donec
2742 3498 3030 3568 impleatur
3053 3498 3287 3567 Spatium
3318 3497 3577 3565 temporis
3598 3498 3682 3549 ei-

2097 3566 2219 3619 dem
2242 3570 2621 3635 pmstitutum.

2168 3635 2277 3690 Nec
2301 3640 2716 3708 catechumenos
2736 3647 2969 3702 nostros,
2993 3638 3084 3708 qui
3108 3638 3207 3692 sub
3233 3636 3323 3690 tali
3344 3635 3681 3708 professione

2098 3706 2353 3774 baptizati
2382 3714 2526 3769 sunt,
2560 3710 2916 3775 praeterimus,
2947 3706 3071 3776 quia
3093 3724 3199 3762 non
3226 3717 3309 3761 est
3339 3722 3498 3776 causa
3519 3707 3681 3776 dissi-

2098 3778 2239 3830 milis
2286 3777 2457 3846 (sicut
2487 3776 2647 3830 iidem
2693 3780 2865 3832 sancti
2892 3775 3127 3832 canones
3155 3777 3470 3833 ordinarunt
3487 3775 3528 3846 )_
3560 3775 3681 3843 ejus

2098 3847 2191 3915 qui
2219 3843 2460 3917 quolibet
2498 3847 2658 3901 modo
2688 3848 2990 3911 Christum,
3021 3863 3181 3917 quem
3209 3846 3376 3901 semel
3399 3843 3682 3917 confessus

2099 3923 2203 3981 est,
2252 3916 2532 3985 ahjurarit,
2577 3917 2747 3971 tribus
2776 3919 2930 3971 annis
2959 3915 3100 3971 inter
3123 3918 3401 3971 audientes
3428 3915 3537 3968 sint
3558 3954 3574 3979 ,
3626 3927 3683 3971 et

2100 3994 2290 4055 postea
2328 4001 2450 4040 cum
2491 3986 2895 4057 catechumenis
2933 3989 3316 4057 permittantur
3343 4000 3496 4039 orare
3521 4025 3537 4050 ,
3574 4000 3678 4057 per

2100 4072 2293 4110 manus
2318 4056 2712 4125 impositionem
2733 4056 3127 4112 communionis
3142 4056 3419 4111 catholica:
3444 4056 3680 4122 gratiam

2102 4126 2390 4194 recepturi.
2459 4125 2712 4195 Exceptis
2762 4142 2893 4181 sane
2958 4127 3331 4181 tantummodo
3385 4126 3682 4193 episcopis,

2101 4196 2449 4266 presbyteris,
2473 4197 2806 4260 diaconibus,
2830 4197 3023 4265 quibus
3044 4198 3161 4250 solo
3189 4196 3378 4250 mortis
3401 4208 3511 4248 sua:
3541 4204 3683 4266 tem-

2104 4281 2235 4335 pore
2265 4264 2720 4319 reconciliandum
2751 4264 2871 4319 esse
2898 4267 3007 4333 jam
3036 4268 3282 4329 diximus,
3314 4276 3539 4335 exteros
3563 4264 3684 4319 sive

2103 4336 2359 4399 clericos,
2409 4338 2522 4389 sive
2552 4336 2843 4389 monachos
2870 4338 2955 4391 vel
2985 4337 3311 4401 inonachas,
3354 4350 3449 4387 seu
3491 4334 3683 4401 laicos,

2105 4419 2265 4458 sexus
2288 4406 2564 4474 utriusque
2607 4420 2886 4475 personas,
2910 4422 3047 4475 quos
3067 4407 3319 4460 violentia
3344 4411 3400 4457 et
3428 4403 3682 4475 periculis

2105 4483 2324 4529 coactos
2354 4476 2691 4529 iterationem
2730 4474 3066 4544 baptismatis
3092 4476 3319 4529 subiisse
3356 4474 3679 4544 constiterit.

2104 4545 2187 4597 vel
2221 4546 2311 4611 qui
2342 4546 2521 4613 aliquo
2565 4543 2871 4600 commento
2902 4547 3122 4611 hujusce
3165 4544 3417 4599 facinoris
3456 4543 3684 4613 piaculis

2104 4613 2340 4685 dixerint
2367 4630 2471 4668 non
2503 4616 2694 4677 teneri,
2727 4615 2782 4669 in
2810 4615 3123 4685 paenitentia
3146 4630 3244 4683 per
3265 4614 3558 4685 triennium
3582 4612 3682 4666 du-

2104 4699 2225 4755 rare
2253 4683 2625 4749 decernimus,
2658 4693 2712 4738 et
2739 4682 2835 4755 per
2862 4694 3051 4755 manus
3076 4685 3473 4755 impositionetu
3494 4682 3563 4735 ad
3586 4697 3679 4737 so-

2104 4752 2353 4824 cietatem
2397 4755 2560 4824 recipi
2605 4752 2948 4809 sacramenti.
3004 4752 3099 4807 Illo
3145 4752 3243 4822 per
3280 4754 3458 4824 omnia
3498 4760 3683 4806 custo-

2103 4822 2254 4892 dito,
2314 4838 2381 4877 ne
2428 4822 2642 4892 ex'his
2681 4839 2915 4892 unquam
2962 4824 3055 4892 qui
3095 4824 3147 4879 in
3197 4822 3435 4892 qualibet
3484 4830 3679 4883 aetate,

2104 4891 2228 4944 alibi
2284 4906 2444 4959 quam
2500 4893 2551 4945 in
2608 4891 2846 4947 Eccleéia
2899 4891 3162 4949 catholica
3217 4891 3315 4945 aut
3367 4891 3681 4958 inbaptizati

2104 4970 2198 5013 aut
2247 4962 2619 5030 inrebaptizati
2661 4972 2805 5027 sunt,
2848 4963 2914 5016 ad
2960 4962 3381 5016 ecclesiasticam
3434 4962 3679 5014 militiam

2103 5045 2324 5099 prorsus
2369 5033 2744 5099 permittantur
2798 5031 3095 5096 accedere,
3143 5033 3338 5099 quibus
3391 5032 3522 5085 satis
3563 5045 3683 5084 esse

2102 5101 2301 5165 debet,
2359 5100 2505 5168 quod
2553 5104 2603 5155 in
2653 5102 3037 5156 catholicorum
3093 5116 3371 5159 numerum
3427 5110 3551 5153 sunt
3598 5115 3683 5153 re-

2102 5172 2263 5240 cepti,
2313 5174 2564 5240 quoniam
2605 5172 2671 5226 de
2713 5188 2811 5227 suo
2838 5174 3025 5227 ordine
3052 5179 3107 5225 et
3130 5171 3507 5225 communione
3537 5170 3683 5222 vite-

2102 5242 2246 5295 bilur
2275 5240 2412 5296 ferre
2446 5241 2733 5311 judicium,
2782 5243 3022 5311 quiSquis
3069 5241 3173 5296 hoc
3219 5241 3498 5294 violaverit
3544 5240 3683 5311 anti-

2102 5315 2325 5373 stitum,
2375 5310 2459 5364 vet
2490 5313 2583 5379 qui
2625 5328 2730 5364 non
2777 5310 3066 5365 removerit
3110 5326 3231 5364 eum
3281 5325 3439 5377 quem
3485 5324 3551 5362 ex
3600 5310 3680 5363 his

2103 5381 2169 5433 ad
2234 5382 2588 5435 ministerium
2655 5382 2905 5435 clericale
2971 5382 3276 5449 Obrepsisse
3343 5380 3674 5446 cognoverit.

2101 5450 2407 5503 Curandum
2436 5466 2566 5503 vero
2596 5452 2849 5511 maxime,
2874 5460 2930 5505 et
2958 5451 3104 5504 omni
3132 5449 3340 5504 cautela
3382 5458 3465 5503 est
3494 5449 3678 5517 provi-

2101 5520 2352 5583 dendum,
2383 5535 2450 5574 ne
2478 5522 2597 5588 quis
2620 5522 2841 5574 fratrum
2870 5522 3421 5589 coepiscOporumque
3463 5526 3677 5573 nostro-

2103 5605 2221 5643 rum
2245 5631 2259 5653 ,
2294 5598 2386 5643 aut
2424 5592 2583 5644 etiam
2626 5593 3061 5660 presbyterorum
3117 5593 3171 5645 in
3217 5589 3436 5642 alterius
3462 5589 3679 5642 civitate

2104 5660 2190 5713 vel
2217 5660 2435 5714 dioecesi
2460 5659 2840 5729 ptenitentem,
2889 5659 2974 5714 vel
3003 5660 3103 5714 sub
3135 5674 3293 5713 manu
3325 5661 3556 5728 positum
3592 5670 3679 5710 sa-

2106 5729 2357 5792 cerdotis,
2391 5741 2483 5783 aut
2522 5746 2644 5784 eum
2672 5733 2761 5799 qui
2792 5731 3193 5785 reconciliatum
3222 5743 3345 5783 esse
3374 5742 3433 5781 se
3460 5730 3656 5799 dixerit

2105 5799 2221 5857 sine
2248 5799 2487 5867 episcopi
2526 5799 2611 5857 vel
2640 5795 2939 5867 presbvteri
2978 5800 3287 5856 testimonio
3309 5837 3324 5865 ,
3375 5806 3430 5853 et
3462 5795 3657 5852 litteris
