3916 6202
243 307 330 363 333

299 411 606 466 Innocentius
639 409 1166 477 Fo‘roscmprotiteii.,

298 483 422 536 Felix
444 481 755 551 Nepesinus,

297 550 545 606 Amandus
567 550 941 610 Polentianns,

299 621 524 675 (Iolonius
551 618 904 672 Foroclodien
915 659 926 669 .
938 659 955 684 ,

297 690 548 759 Projcctus
577 689 855 759 Forinovi,

298 757 574 814 Bonifacius
601 757 1063 819 Forol'laniinien.,

303 831 527 885 Rusticus
557 829 927 890 Bitrsentinus,

298 901 454 954 Victor
484 899 763 960 Dunensis,

297 967 952 1039 Sylvimustveliterninns,

296 1035 494 1092 Areston
527 1035 803 1100 Ostiensis,

295 1109 419 1162 Felix
445 1107 760 1179 Nepesinus,

295 1179 515 1231 Asterius
533 1177 828 1242 Aquinatis,

295 1248 536 1300 Eusebius
565 1245 853 1308 Fanestris,

289 1317 592 1371 Cresconius
613 1315 956 1377 Tudertinns,

291 1385 546 1439 Joeundus
575 1386 931 1451 Augustanus,

295 1453 461 1508 Vitalis
484 1454 788 1515 Fundanus,

296 1524 598 1581 Pacutianus
618 1523 993 1586 Coaniliensis,

293 1594 560 1664 Martyrqu
583 1593 1002 1660 Terracinensis,

295 1662 505 1718 Basilius
521 1662 879 1727 Tollentinus,

297 1734 549 1802 Benignus
577 1733 991 1802 Aquaavivensis.

295 1804 566 1857 Severinus
587 1801 950 1856 Tnndarinen.
962 1842 975 1864 ,

295 1871 516 1928 Joannes
537 1871 866 1941 Spoletinus,

301 1941 594 1996 Valentinus
622 1941 1001 1996 Amilerninus.

303 2009 492 2066 Probus
514 2010 916 2078 Carmejaner...

295 2081 550 2136 Candidus
578 2079 906 2142 Tiburtinus,

300 2150 672 2206 Proculeianus
691 2148 981 2218 Sepinatis,

299 2219 639 2274 Maximianus
664 2218 976 2286 Perusinus,

299 2290 576 2362 Eutychius
604 2289 914 2362 Tranensis,

300 2359 614 2414 Fortunatus
636 2359 964 2427 Anagninus,

301 2427 496 2484 Harcus
525 2429 835 2493 Samninus,

301 2498 491 2553 Memor
517 2498 850 2565 Canusinus,

301 2569 592 2624 Florentius
623 2567 938 2634 Blestinen.,

301 2638 623 2694 Coneordius
651 2637 956 2704 Mesenatis,

307 2710 508 2763 Asellus
523 2706 861 2775 Populinien.
873 2747 887 2769 ,

303 2778 534 2848 Elpidius
566 2776 946 2848 Volitertiinits,

307 2845 624 2903 Véucriosus
651 2845 927 2913 Pellensis,

304 2919 646 2987 Sebastianus
673 2917 928 2987 Syranus,

305 2988 590 3042 V’enantius
617 2983 975 3046 Sa-n'ogallien.
989 3029 1004 3046 .

304 3057 642 3113 innocentius
669 3055 1104 3124 Tiphernantius,

303 3127 472 3182 Justus
495 3126 812 3195 Signiensis,

306 3200 569 3267 Augustus
601 3195 936 3267 Lip_aritanos
960 3211 1059 3266 pro
1086 3195 1241 3260 Urse,

308 3265 651 3337 Propinquus
670 3265 958 3327 Trebiatis,

309 3335 581 3391 Romanus
610 3335 998 3401 Nomentanus,

488 3519 498 3526 ”
541 3517 765 3578 Synodus
789 3515 1021 3566 Romana.
1043 3515 1136 3566 An.
1156 3516 1330 3568 Christi
1353 3519 1464 3568 501.

310 3601 456 3656 Rullo
486 3600 702 3669 Magno,
729 3597 925 3669 Fausto
955 3599 1159 3669 Avieno
1182 3601 1307 3655 viris
1335 3601 1659 3665 clarissimis,
1691 3616 1817 3657 con-

249 3673 464 3736 sulibus,
497 3668 598 3743 sub
645 3669 732 3743 die
761 3685 792 3720 x
822 3668 1031 3743 galend.
1071 3668 1698 3743 Novembrium._Sancta
1726 3687 1814 3743 sye

252 3743 403 3795 nodus
430 3740 582 3809 apud
606 3739 790 3809 orbem
822 3737 1136 3809 Romamre:
1151 3747 1419 3808 pnncepto
1447 3737 1812 3807 gloriosissiiiii

253 3814 375 3878 regis
400 3806 729 3879 Theudorici
778 3822 844 3879 es
874 3806 1100 3879 diversis
1143 3806 1468 3876 regionibus,
1493 3820 1814 3879 congregata

253 3875 515 3934 in'Cbristi
545 3878 766 3948 nomine
793 3877 930 3930 dixit
961 3894 973 3929 :
1007 3875 1139 3948 Cum
1167 3875 1232 3932 ex
1276 3879 1499 3948 diversis
1529 3875 1816 3948 provinciis

253 3950 310 4002 ad
337 3951 521 4020 urbem
552 3947 781 4020 Romam
827 3947 1115 4020 convenire
1143 3947 1454 4020 sacerdotes
1500 3947 1644 4020 regia
1675 3965 1813 4020 prac-

250 4019 465 4091 uepis<et
487 4017 895 4091 auctoritas,__ot
913 4015 980 4070 de
1008 4015 1091 4091 liis
1117 4032 1236 4084 qua:
1263 4015 1332 4091 de
1361 4011 1648 4091 venerabili
1677 4011 1815 4091 papa

252 4085 578 4157 Symmacho,
609 4085 917 4157 apostolica;
941 4085 1084 4157 sedis
1129 4085 1374 4154 praesule,
1403 4087 1470 4141 ab
1499 4085 1817 4144 adversariis

255 4154 404 4225 ipsius
429 4157 749 4225 dicebant_ur
788 4154 1280 4225 impingisauctum
1311 4157 1596 4211 concilium
1613 4159 1818 4224 judica-

252 4222 345 4298 ret,
368 4224 613 4298 Ligurire,
637 4222 888 4298 A‘Zmilize,
912 4223 999 4298 vel
1019 4222 1358 4298 Venetiarum
1375 4222 1662 4298 episcopis,
1683 4243 1819 4298 quos

254 4295 312 4347 ad
340 4293 677 4367 praesentiam
702 4293 957 4367 principis
986 4294 1100 4367 ipse
1122 4293 1330 4367 itineris
1357 4293 1549 4350 doctus
1567 4293 1818 4367 attraxit,

253 4363 553 4436 consulendi
582 4377 765 4436 regem
818 4363 1417 4436 incubui_t___iiecessitas,
1448 4381 1569 4436 quae
1596 4366 1694 4420 hos
1722 4363 1819 4420 vo;

253 4434 427 4487 luisset
466 4442 626 4488 aetate
654 4431 905 4502 Tractus,
955 4431 1227 4502 debilitate
1272 4431 1513 4502 corporis
1559 4435 1818 4490 invalidos

1167 286 1542 347 COLLECTIO
1583 287 1620 340 ll
1663 283 2118 341 DECRETORUM
2163 282 2264 338 PP.
2309 283 2420 336 RR.

1799 409 1848 467 Α
1877 416 1943 455 ex
1972 399 2194 453 diversis
2222 409 2504 464 terrarum,
2533 397 2618 452 vel
2642 397 2916 470 regiquam
2948 398 3188 468 partibus
3209 396 3302 470 Dei
3326 414 3450 470 pro—

1823 1784 1860 1840 li

3357 278 3462 332 ῒὸιί

1875 470 2154 523 secutione
2179 475 2495 537 perventum
2525 475 2625 537 est.
2653 465 2722 519 Et
2747 466 2871 520 dum
2901 465 2965 522 iu‘
3003 469 3296 523 venerabili
3326 465 3452 524 ἐοι-

1877 539 2108 594 lectione
2127 536 2196 593 de
2224 537 2528 606 incipiendo
2554 536 2846 590 haberetur
2873 537 3120 609 negotio,
3143 546 3305 609 prout
3328 555 3455 609 pos-

1875 609 2034 662 cebat
2061 622 2220 676 causa
2244 615 2520 671 tractatus,
2552 614 2766 676 sanctus
2792 620 2930 676 papa
2958 606 3453 676 Synunacbos,'ba-

1877 678 2081 732 silicam
2131 675 2275 742 Julii,
2320 676 2370 729 in
2412 691 2516 744 qua
2555 675 2870 746 pontificum
2925 685 3042 730 erat
3084 680 3454 746 congregatio,

1877 754 2040 817 prout
2068 747 2253 800 habuit
2275 760 2423 817 cura,
2453 746 2704 817 celeriter
2721 744 2994 817 ingressus
3010 752 3119 817 est,
3149 756 3203 800 et
3230 744 3456 802 de'evo-

1879 815 2093 869 catione
2120 816 2358 884 synodali
2382 815 2795 869 clementissimo
2816 815 2928 883 regi
2947 815 3151 885 gratias
3171 818 3376 885 retulit,
3400 826 3457 871 et

1875 901 1994 940 rem
2025 883 2271 939 desiderii
2299 885 2379 938 sui
2420 886 2660 940 evenisse
2702 892 2930 938 testatos
2974 891 3077 938 est.
3109 883 3281 940 Causa
3323 883 3453 954 ergo

1877 955 1948 1009 de
1973 956 2308 1008 sacerdotum
2354 955 2564 1019 animis,
2594 969 2713 1022 quae
2741 954 2806 1007 de
2840 955 3067 1009 concilio
3097 957 3333 1009 nondum
3367 955 3456 1010 lir-

1881 1033 2028 1077 mato
2057 1023 2325 1076 tristitiam
2355 1024 2718 1087 ministrabat,
2750 1023 2982 1077 absciSsa
3011 1033 3115 1089 est,
3163 1028 3457 1080 auctorita-

1880 1102 1990 1146 tem
2019 1093 2193 1147 ordini
2233 1093 2552 1160 colligendo,
2583 1093 2722 1146 sicut
2762 1093 3051 1161 poscebant
3096 1095 3456 1151 ecclesiastica

1884 1171 2104 1226 statuta,
2134 1163 2186 1216 in
2215 1163 2452 1217 omnium
2481 1163 2572 1232 qui
2619 1162 2813 1232 ibidem
2859 1174 3220 1218 convenerant
3249 1167 3458 1232 episco-

1885 1247 2074 1303 porum
2099 1233 2397 1303 prinscntia,
2429 1229 2651 1303 sedare
2675 1229 2943 1300 professus
2971 1241 3084 1295 est,
3131 1229 3353 1303 sperans
3399 1245 3459 1290 ut

1887 1301 2150 1361 visitatur,
2179 1302 2270 1369 qui
2291 1310 2476 1355 contra
2507 1302 2843 1369 religionem,
2865 1309 3052 1356 contra
3076 1301 3272 1357 statuta
3302 1317 3455 1358 vete-

1886 1385 2028 1434 rum,
2059 1371 2142 1424 vel
2167 1379 2353 1424 contra
2379 1371 2586 1438 regulas
2635 1371 2900 1438 majorum
2944 1387 2974 1424 a
3005 1381 3156 1439 parte
3181 1372 3340 1437 cleri,
3375 1375 3458 1429 vel

1886 1440 2153 1508 aliquibus
2179 1440 2329 1494 laicis
2355 1441 2525 1494 fuerat
2550 1442 2865 1509 postulatus,
2897 1455 2962 1494 ex
2993 1442 3329 1498 ordinatione
3366 1458 3455 1498 an-

1891 1510 2138 1581 tistitum,
2173 1510 2321 1581 Asicut
2368 1509 2591 1564 decebat
2632 1519 2875 1564 sanetum
2907 1511 3254 1579 propositum,
3292 1515 3461 1581 prima

1893 1579 2070 1650 fronte
2091 1579 2323 1641 cederet,
2354 1588 2411 1633 et
2438 1581 2616 1650 omnia
2670 1595 2789 1648 qua:
2817 1595 2912 1648 per
2957 1579 3328 1650 suggestiones
3357 1583 3461 1637 ini-

1892 1649 2154 1718 micorum
2176 1663 2393 1718 suorum
2416 1649 2690 1716 amiserat,
2721 1650 2971 1718 potestati
3001 1649 3116 1718 ejus
3144 1652 3210 1704 ab
3239 1653 3467 1707 honora-

1893 1716 1984 1789 bili
2013 1717 2240 1789 concilio
2261 1712 2626 1789 reilderentur,
2645 1712 2706 1789 et
2723 1712 2857 1772 tanti
2880 1719 2983 1773 loci
3007 1712 3194 1788 prmsul
3227 1722 3466 1789 lcgaliter

1894 1787 2042 1856 prius
2071 1788 2229 1841 statui
2274 1788 2499 1856 pristino
2529 1788 2860 1853 redderet-ur,
2915 1797 2969 1842 et
2995 1787 3126 1844 tunc
3162 1787 3370 1845 veniret
3398 1793 3465 1846 ad

1891 1866 2216 1932 causam,__et
2253 1857 2296 1910 si
2350 1859 2421 1909 ita
2453 1865 2597 1932 recte
2627 1857 2913 1932 videretur,
2947 1861 3310 1932 accusantium
3349 1878 3468 1932 pro-

1896 1926 2250 1994 positionibus
2278 1926 2648 1993 restiondcret.
2675 1927 2838 1994 Digna
2870 1942 2955 1982 res
2978 1929 3086 1981 visa
3118 1938 3201 1984 est
3230 1926 3464 1986 maximo

1895 1995 2235 2063 sacerdotum
2264 2009 2506 2058 numero,
2535 2005 2695 2062 atque
2744 2005 2804 2049 ut
2847 2007 3167 2063 mereretur,
3196 1999 3465 2054 ellectnin.

1898 2062 2201 2119 Deceroere
2231 2072 2407 2117 tamen
2455 2065 2651 2132 aliquid
2679 2065 2914 2134 synodus
2956 2067 3071 2122 sine
3100 2062 3242 2134 regia
3279 2071 3466 2124 notitia

1899 2149 2034 2205 nou_
2059 2135 2416 2205 pimsumpsit,
2445 2135 2537 2187 sed
2568 2135 2851 2205 Suggestio
2873 2138 3014 2200 justa
3047 2151 3140 2205 per
3169 2135 3466 2205 legatorum

1900 2203 2272 2276 negligentiam
2305 2219 2410 2276 non
2441 2204 2632 2255 meruit
2660 2204 2949 2276 secundum
2977 2203 3098 2258 vota
3126 2203 3467 2276 responsum.

1895 2269 2083 2325 Jnssus
2128 2281 2212 2352 est
2249 2273 2390 2353 regis
2441 2272 2891 2356 ptimeiitioiiibus
2937 2289 3070 2342 papa
3117 2269 3470 2356 Symmachus

1900 2351 2025 2394 aute
2053 2343 2358 2410 patrimonii
2391 2343 2472 2394 νει
2515 2340 2887 2407 Ecclesiarum,
2910 2340 3044 2410 quas
3070 2340 3340 2411 amiserat,
3385 2362 3469 2402 re-

1897 2412 2226 2483 ceptionem,
2253 2426 2373 2483 cum
2397 2411 2852 2483 iinpugnatoribos
2875 2413 2984 2483 suis
3012 2415 3063 2466 in
3085 2413 3472 2483 disceptatione

1899 2481 2210 2556 conﬂigere,
2231 2482 2319 2556 qui
2350 2489 2477 2551 pote
2510 2482 2632 2556 tatis
2676 2495 2786 2535 suae
2826 2481 3123 2556 privilegia,
3153 2491 3207 2538 et
3230 2481 3472 2556 quiepro

1901 2552 2244 2624 conscientia:
2274 2549 2552 2624 (quantum
2570 2549 2712 2624 juste
2731 2549 3074 2624 testimamus)
3099 2549 3475 2624 emendatione

1904 2619 2243 2682 submiserat,
2275 2635 2376 2674 nec
2401 2621 2502 2673 hac
2530 2619 2696 2673 voluit
2726 2620 2840 2676 vice
2878 2619 3166 2677 resumere.
3197 2622 3303 2678 Sed
3347 2627 3472 2680 dunt

1906 2697 2051 2765 esset
2071 2691 2305 2765 synodus
2328 2688 2743 2765 in_llie_r_usalem
2767 2689 2982 2765 basilica
3012 2693 3299 2765 sessoriani
3329 2697 3477 2765 pala-

1907 2758 1967 2830 tii
1998 2759 2312 2830 constituta,
2361 2758 2626 2826 aliquibus
2672 2760 3042 2815 sacerdotibus
3069 2762 3240 2816 visum
3286 2758 3388 2830 est,
3419 2776 3479 2820 nt

1908 2826 2325 2904 lib_c_ll_us,__qoein
2354 2837 2695 2904 accusatores
2733 2839 3072 2904 paraverant,
3099 2833 3190 2901 qui
3236 2826 3478 2904 quotidie

1906 2897 2258 2950 seditionibus
2304 2897 2664 2973 appellabant,
2697 2899 3056 2973 susciperetur
3103 2897 3390 2973 aisyn'o'ilo,
3425 2906 3478 2960 in

1904 2982 2017 3037 quo
2041 2975 2292 3036 suscepto
2319 2968 2426 3021 duo
2455 2975 2628 3030 erant,
2653 2981 2772 3037 qua:
2799 2968 2881 3020 vel
2911 2970 3120 3024 veritati
3152 2968 3361 3028 inimica
3389 2989 3479 3029 cs-

1861 3067 1870 3084 μ
1909 3044 2047 3100 sent,
2090 3037 2175 3090 vel
2216 3037 2336 3105 ipsi,
2366 3045 2624 3104 quantum
2663 3038 2965 3092 ostenditur
2991 3053 3285 3095 cooventus
3303 3044 3481 3100 cccle-

1835 3143 1880 3201 C

1910 3106 2127 3177 siastico
2155 3106 2448 3177 proposito
2481 3105 3030 3177 repugnare._Uuum,
3071 3111 3193 3177 quia
3231 3112 3482 3168 dicebant

1912 3176 2135 3252 crimina
2171 3175 2456 3252 memorati
2495 3175 2739 3252 superius
2787 3175 3101 3252 Symmachi
3139 3194 3289 3252 papa:
3318 3186 3481 3252 apud

1912 3247 2113 3312 regiam
2143 3247 2446 3301 constitisse
2469 3247 2735 3312 notitiam,
2767 3247 2909 3316 quod
2939 3248 3124 3303 falsum
3143 3247 3274 3305 esse
3299 3247 3482 3308 decla-

1913 3316 2069 3380 ravit,
2099 3331 2206 3369 non
2231 3317 2374 3371 enim
2402 3317 2553 3385 quasi
2577 3331 2764 3370 novam
2790 3332 3006 3372 causam
3033 3318 3314 3376 audientia:
3337 3337 3483 3378 coni-

1913 3385 2164 3454 misisset,
2197 3386 2240 3438 si
2271 3386 2386 3454 ejus
2407 3387 2732 3442 conscientia
2763 3389 3064 3442 convictum
3097 3389 3162 3446 de
3183 3406 3367 3447 errore
3389 3409 3480 3449 so-

1913 3452 2024 3507 lum
2063 3470 2120 3508 se
2169 3452 2346 3530 sciijet
2375 3465 2691 3530 exspectare
2720 3459 3074 3530 sententiam.
3108 3461 3286 3525 Aliud,
3337 3465 3481 3530 quod

1914 3539 2011 3592 per
2038 3539 2223 3578 servos
2243 3525 2312 3599 tle
2333 3525 2416 3578 bis
2434 3527 2916 3599 quieobjiciehaut,
2939 3543 2997 3581 se
3021 3543 3142 3583 eum
3167 3525 3488 3599 loquebatur

1914 3608 2072 3662 posse
2101 3596 2437 3669 convincere,
2470 3594 2748 3669 addentes,
2776 3605 2834 3648 ut
2861 3598 2972 3669 ipse
3001 3594 3262 3669 mancipia
3305 3603 3483 3655 trade-

1914 3671 2017 3737 ret,
2049 3665 2241 3731 quibus
2266 3672 2526 3737 quantum
2569 3665 2644 3718 illi
2692 3668 3018 3732 asserebant,
3051 3665 3234 3736 pOSSet
3262 3670 3314 3722 in
3337 3671 3485 3737 judi-

1915 3732 2566 3808 catio_ne_superari._Qu:u
2585 3749 2670 3788 res
2694 3737 3006 3808 cauonibus,
3035 3732 3090 3789 et
3117 3739 3242 3806 ipsis
3261 3732 3488 3808 publicis

1916 3811 2032 3857 erat
2053 3803 2257 3870 legibus
2284 3803 2516 3864 inimica.
2541 3818 2661 3857 cum
2693 3803 2909 3856 Patrum
2930 3803 3480 3871 statuta'saniissent,

1917 3880 1974 3924 ut
2002 3887 2137 3939 quos
2165 3875 2232 3926 ad
2262 3873 2655 3927 accusationem
2681 3873 2824 3940 leges
2842 3875 3018 3927 seculi
3046 3890 3150 3927 non
3180 3875 3485 3941 admittunt,

1917 3941 1983 3995 iis
2011 3941 2220 4014 dicendi
2251 3941 2303 3994 in
2323 3941 2653 4014 cognitione,
2671 3943 2756 3995 vel
2784 3943 3068 4014 accusandi
3109 3945 3307 4014 aliquid
3336 3947 3486 4002 dele-

1915 4012 2149 4084 gandam
2177 4027 2282 4084 non
2319 4026 2446 4084 esse
2475 4010 2766 4064 licentiam.
2799 4009 2866 4084 Et
2899 4013 3024 4066 dom
3054 4009 3338 4082 inter'ista,
3367 4031 3488 4084 qua:

1917 4089 2099 4153 essent
2125 4081 2402 4153 facienda,
2424 4088 2701 4153 tractatur,
2731 4082 2980 4149 praefatus
3005 4097 3162 4153 papa,
3188 4095 3242 4138 ut
3273 4081 3488 4141 causam

1917 4151 2138 4212 diceret,
2170 4151 2618 4218 ecetirrebatzqui
2640 4152 2859 4206 veniens
2881 4153 2948 4206 ab
2973 4151 3292 4209 irruentibus
3323 4157 3491 4211 turbis

1917 4222 2474 4296 teniulorumsuoruni
2505 4221 2576 4273 ita
2610 4222 2866 4277 tractatus
2904 4231 3095 4296 est,_ut
3120 4225 3300 4296 multis
3338 4242 3486 4296 pres-

1918 4290 2124 4364 byteris
2149 4291 2241 4358 qui
2266 4305 2396 4364 cum,
2418 4291 2534 4359 ipso
2563 4299 2740 4353 erant,
2774 4307 2882 4364 per
2909 4291 3113 4364 aedem
3150 4295 3318 4364 ipsam
3339 4290 3491 4349 'mor-

1920 4361 1989 4415 tis
2016 4360 2199 4433 fuisset
2226 4361 2456 4433 occasio,
2489 4367 2544 4413 et
2586 4361 2879 4433 recentium
2907 4360 3084 4417 adhuc
3106 4360 3328 4433 vestigia
3374 4366 3492 4420 vol-

1921 4445 2107 4505 nerunt
2140 4430 2356 4505 illustris
2376 4431 2456 4505 vir
2481 4441 2665 4505 comes
2684 4429 2985 4505 Aligernus,
3013 4441 3067 4486 et
3087 4429 3342 4505 sublimes
3373 4437 3492 4505 viri,

253 4519 403 4574 causa
434 4502 769 4574 congregari.
806 4501 1104 4574 Respondit
1132 4497 1385 4574 praefatus
1424 4520 1515 4574 rex
1548 4505 1818 4573 piissimus
1847 4501 1896 4560 D
1919 4497 2108 4552 Gudila
2133 4508 2188 4553 ct
2206 4498 2510 4574 Yedeulfrs,
2546 4497 2993 4574 majores‘domus
3013 4504 3181 4574 regite
3193 4497 3494 4574 perspexis;

252 4571 397 4644 bona!
421 4571 846 4644 conversationis
873 4571 1140 4644 allectum,
1171 4572 1320 4644 plura
1371 4573 1437 4644 ad
1470 4571 1644 4628 se‘de
1667 4590 1817 4644 papae

248 4638 547 4714 Symmachi
578 4642 786 4695 actibus
815 4639 1080 4714 horrenda
1112 4638 1274 4695 fuisse
1304 4642 1532 4714 perlata,
1563 4647 1618 4697 et
1645 4638 1697 4698 iii
1727 4638 1818 4714 sy-

253 4711 387 4782 nodo
416 4721 670 4782 oportere
698 4710 935 4782 tractari,
959 4709 1002 4762 si
1033 4725 1154 4763 vera
1184 4709 1320 4782 esse
1343 4712 1676 4767 inimicorum
1706 4709 1820 4782 ejiis

249 4778 499 4846 obiectio,
524 4781 856 4852 judicatione
883 4786 1176 4852 constaret.
1200 4779 1480 4852 Memorati
1517 4778 1818 4852 pontiﬁces,

249 4852 441 4922 quibus
494 4850 764 4922 allegandi
802 4849 1392 4922 iinmincbattoccasio,
1444 4849 1825 4922 suggesseront

251 4919 442 4984 ipsum,
497 4921 586 4988 qui
628 4919 909 4992 dicebatur
958 4918 1251 4992 in'ipétitos,
1285 4918 1532 4992 debuisse
1550 4918 1821 4992 synodum

248 4987 571 5052 oinvoeare,
623 4989 856 5043 scientes
902 4987 1024 5059 quia
1058 4989 1188 5059 ejus
1239 4989 1380 5044 sedis
1406 4987 1636 5059 primum
1681 4991 1823 5046 Petri

250 5059 482 5126 apostoli
535 5062 805 5118 meritum,
853 5057 938 5110 vel
989 5057 1334 5126 principatus,
1382 5057 1606 5123 deinde,
1639 5071 1822 5116 secuta

246 5124 494 5190 jussione
533 5126 767 5196 Domini,
793 5126 1142 5196 conciliorum
1163 5124 1609 5184 venerandornm
1640 5139 1826 5185 aucto-

248 5206 407 5257 ritas,
443 5197 765 5264 singularem
817 5197 868 5268 in
918 5195 1171 5268 Ecclesiis
1219 5197 1436 5252 tradidit
1481 5208 1824 5268 potestatem,

247 5281 348 5316 nec
377 5269 703 5319 antedictum
741 5267 884 5320 sellis
931 5267 1223 5320 antistitem
1273 5267 1613 5322 minimOruin
1644 5269 1827 5336 subju-

246 5336 430 5388 euisse
454 5336 670 5400 judicio,
704 5336 756 5389 in
786 5337 1154 5404 propositione
1173 5337 1331 5391 simili
1356 5338 1508 5393 facile
1536 5338 1704 5393 forma
1724 5341 1825 5392 ali-

241 5419 350 5468 qua
375 5413 682 5477 testaretur.
705 5404 811 5477 Sed
832 5405 1137 5477 potissimus
1157 5407 1401 5476 princeps
1423 5410 1593 5477 ipsum
1613 5423 1827 5477 quoque

245 5487 454 5540 papam
478 5475 526 5525 in
550 5475 846 5542 colligenda
876 5473 1083 5539 synodo
1098 5473 1425 5532 voluntatem
1445 5473 1603 5532 suam
1632 5473 1826 5532 litteris

243 5543 650 5617 ileiiiisiistrasse
678 5545 1012 5611 signdicavit.
1112 5549 1516 5602 mansuetudine
1543 5548 1657 5615 ejus
1679 5549 1828 5617 pagi-

243 5627 326 5683 na:
359 5612 644 5683 postulata:
695 5623 837 5676 sunt,
887 5630 1020 5682 quas
1049 5616 1115 5668 ab
1156 5631 1245 5683 eo.
1268 5617 1497 5671 directas
1527 5612 1824 5677 constabat,

246 5679 347 5731 Ins
397 5682 517 5734 dari
571 5679 936 5738 sacerdotibus
962 5686 1077 5738 sine
1108 5679 1357 5741 tarditate
1407 5688 1714 5750 constituit,
1746 5687 1828 5739 vel

245 5750 516 5819 quidquid
557 5754 610 5806 in
659 5754 845 5808 eodem
877 5755 1089 5824 negotio
1118 5766 1314 5824 artum,
1357 5757 1568 5826 scriptis
1601 5756 1822 5812 lioniaui

1919 4579 2061 4631 sent,
2091 4570 2234 4636 quod
2261 4584 2340 4634 se,
2391 4569 2532 4623 unde
2559 4583 2806 4636 egressus
2853 4571 3042 4636 fuerat,
3074 4569 3140 4627 ad
3171 4569 3490 4629 beati'l’etri

1922 4641 2148 4708 apostoli
2169 4647 2321 4707 septa
2344 4641 2676 4693 convexerit.
2692 4639 2784 4693 llis
2806 4640 2876 4693 ita
2900 4643 3054 4708 actis,
3083 4651 3139 4696 et
3160 4645 3318 4698 rebus
3346 4646 3490 4698 varia

1921 4707 2234 4763 confusione
2257 4709 2501 4776 turbatis,
2533 4711 2724 4763 iterum
2753 4725 2852 4766 nos
2877 4713 2942 4764 ad
2967 4713 3226 4778 justitiam
3257 4716 3490 4768 contuli-

1923 4793 2042 4831 inus
2063 4779 2428 4854 principalem,
2461 4779 2694 4854 scientes
2727 4780 3075 4854 divinitatem
3105 4783 3374 4854 propriam
3403 4797 3488 4836 re-

1923 4859 2048 4930 get-9.
2068 4847 2351 4929 Dominum
2397 4864 2515 4916 quae
2540 4849 2608 4902 ad
2646 4847 2807 4930 italia:
2833 4847 3190 4930 gubernacula
3206 4847 3346 4930 ipsa
3363 4865 3491 4919 pro-

1923 4918 2150 4980 videret,
2179 4919 2329 4986 cujus
2353 4919 2745 4973 mansuetudini
2773 4921 2950 4973 omnia
2981 4935 3078 4988 per
3101 4918 3376 4988 relationis
3403 4935 3492 4974 se-

1925 4989 2094 5053 riem,
2144 4988 2282 5042 sicut
2331 5004 2417 5042 res
2461 4989 2743 5057 poScebat,
2794 4987 3130 5057 ingessimus.
3185 4987 3496 5045 lntimantes

1927 5059 2087 5112 etiam
2117 5073 2258 5126 smpe
2282 5060 2606 5112 nominatum
2629 5073 2818 5128 papam
2834 5066 2954 5126 post
2978 5058 3175 5111 caedem
3205 5059 3291 5112 cui
3315 5060 3497 5128 subja-

1926 5137 2110 5182 cucrat
2178 5143 2299 5180 eum
2351 5128 2500 5190 suis,
2560 5127 2606 5180 si
2653 5127 2980 5181 voluntatem
3041 5141 3226 5181 rursus
3276 5127 3499 5186 haberet

1928 5198 2156 5251 exeundi
2187 5197 2254 5250 ad
2299 5197 2577 5264 judicium,
2614 5196 2776 5250 fuisse
2803 5196 3209 5261 communitum,
3242 5199 3334 5253 sed
3366 5201 3499 5255 alle~

1928 5282 2084 5335 gasse
2112 5281 2234 5320 eum
2266 5282 2361 5334 per
2387 5266 2951 5335 direi-tosepiscopos,
2979 5267 3244 5323 mandatis
3273 5271 3497 5324 canoni-

1931 5334 2030 5392 bus
2068 5337 2168 5390 sibi
2199 5337 2528 5391 concessisse
2571 5334 2764 5389 allecto
2791 5335 3122 5404 purgationis
3149 5353 3258 5391 suo:
3286 5341 3498 5394 culmen

1930 5409 2191 5467 homiliat,
2243 5407 2454 5473 quantis
2501 5405 2750 5476 periculis
2783 5420 2939 5477 pene
2983 5404 3148 5477 fuisse
3193 5424 3499 5477 oppressos.

1931 5477 2192 5531 Domuum
2221 5491 2398 5543 regem
2427 5474 2624 5528 habere
2651 5474 2988 5542 quod—vellet
3025 5474 3279 5544 faciendi,
3309 5494 3366 5532 se
3413 5481 3500 5534 in-

1930 5549 2081 5601 terim
2100 5546 2318 5618 justitize
2346 5546 2663 5618 renitentem
2686 5546 2895 5618 statutis
2917 5546 3192 5618 canonicis
3209 5563 3315 5618 non
3347 5563 3505 5618 posse

1930 5616 2200 5685 compelli.
2233 5617 2312 5667 Ad
2346 5616 2458 5668 lucc
2476 5615 2850 5686 serenissimos
2868 5630 2964 5669 rex
2995 5617 3191 5678 taliter,
3225 5615 3500 5686 Dco'aSpi-

1932 5683 2105 5755 rantc,
2131 5686 2406 5752 respondit
2437 5702 2449 5737 :
2482 5685 2537 5738 In
2584 5683 2826 5755 synodali
2870 5700 2990 5741 esse
3013 5685 3232 5738 albitrio
3257 5687 3319 5755 in
3351 5683 3499 5755 tanto

1935 5752 2150 5826 negotio
2181 5757 2448 5825 sequentia
2495 5752 2862 5826 perscribere,
2919 5771 3020 5811 nec
3073 5754 3269 5823 aliquid
3324 5753 3392 5805 ad
3441 5769 3500 5808 se
