3916 6202
429 392 533 445 555

1285 398 1624 457 ΑΡΡΕΝΒῘΧ
1661 400 1752 454 ΑΙ)
1788 394 2309 454 COLLECTEONEM
2352 391 2827 451 DIONYSIANAM.

3576 390 3685 447 538

422 516 616 577 prmtcr
644 512 997 565 reverentiam
1032 513 1107 584 de
1146 513 1521 568 ecclesiasticis
1572 515 1798 582 negotiis
1828 514 2007 584 μανψ
2028 524 2069 573 Α
2106 510 2361 584 Matt/nx
2381 512 2422 581 ).
2443 510 2515 584 Et
2540 512 2588 565 in
2612 523 2927 584 quicumque
2950 508 3167 584 civitate
3196 524 3527 584 pacemtesse
3552 526 3686 584 cuu-

351 610 359 647 ε
414 594 571 642 uere,
606 584 944 653 committens
973 582 1133 653 etiam
1158 585 1409 652 potestati
1436 586 1744 653 pontiﬁcum
1764 626 1778 648 ,
1806 582 1861 638 u‘t
1883 586 1997 639 sive

412 652 754 720 'nropositum
787 652 985 707 vellent
1030 650 1217 708 audire
1265 650 1567 720 negotium,
1623 657 1735 709 sive
1772 656 1993 716 nollent,

342 724 356 743 ’
418 719 568 789 quod
598 721 764 787 magis
804 730 1055 790 putarent
1081 723 1228 787 utile,
1253 724 1612 781 deliberarent
1650 744 1661 778 :
1707 725 1997 780 dummodo

424 790 1050 864 yenerandiprovisione
1096 794 1306 848 concilii
1354 812 1458 864 pax
1489 805 1631 849 esset
1678 796 1731 849 in
1780 796 1997 849 civitate

426 858 669 933 Romana
704 860 1021 933 Christianis
1060 865 1330 933 omnibus,
1355 858 1477 933 qum
1505 883 1623 919 cum
1666 866 1808 933 juste
1835 864 1997 917 offer-

425 939 539 991 tur,
571 928 664 982 Dei
688 932 935 985 mandata
964 928 1326 999 complentur,
1353 928 1514 989 Italia:
1536 951 1645 990 sua:
1666 928 1804 988 dare
1827 943 2001 987 recto-

426 1014 538 1053 rem
596 1010 976 1065 agnoscentes.
1020 1003 1222 1057 nullum
1255 1005 1407 1058 nobis
1434 1007 1671 1060 laborem
1701 1004 1865 1058 alium
1915 1019 2000 1056 re-

427 1069 710 1143 mansisse,
735 1072 833 1143 nisi
866 1080 923 1124 ut
951 1072 1272 1128 dissidentes
1300 1090 1419 1127 eum
1460 1074 1762 1129 humilitate
1800 1088 1999 1143 propo-

425 1140 510 1191 siti
543 1139 711 1212 nostri
756 1139 823 1194 ad
861 1143 1203 1212 concordiam
1261 1144 1617 1209 hortaremur,
1671 1139 1999 1212 quia-unum

427 1216 592 1283 tantae
616 1210 692 1283 rei
716 1211 973 1283 restabat,
1016 1212 1160 1283 unde
1184 1213 1293 1267 Deo
1330 1230 1637 1283 pareremus
1657 1210 1763 1280 {ut
1801 1222 1999 1267 sanctae

426 1280 680 1352 principis
706 1281 985 1352 voluntati,
1012 1282 1300 1336 invitamus
1318 1280 1562 1337 senatum
1587 1283 1997 1352 amplissimum,

426 1350 571 1416 quali
622 1351 858 1419 oportuit
888 1350 1153 1417 legatione
1181 1352 1444 1407 destinata
1464 1393 1477 1415 ,
1508 1350 1790 1408 monentes
1832 1360 1888 1407 et
1914 1353 1997 1405 in-

426 1426 719 1490 struentes,
769 1434 957 1474 causas
991 1420 1079 1474 Dei
1128 1422 1293 1490 ipsius
1326 1422 1526 1490 judicio
1567 1421 1997 1486 committendas,

429 1489 520 1556 qui
551 1489 693 1541 valet
723 1505 917 1558 corpus
948 1489 1209 1554 occidere,
1242 1500 1295 1545 et
1323 1489 1552 1545 animam
1584 1494 1796 1547 mittere
1834 1493 1885 1545 in
1916 1505 2002 1558 ge-

428 1558 660 1629 hennam
700 1557 911 1624 (Matth.
948 1560 1014 1628 χ)
1045 1578 1056 1612 :
1088 1562 1176 1629 qui
1200 1562 1356 1628 dicit,
1387 1562 1511 1615 Mihi
1537 1562 1795 1625 vindicta,
1817 1572 1871 1615 et
1899 1557 1999 1628 ego

427 1628 719 1701 retribuam
747 1629 964 1701 (Ezrech.
990 1630 1074 1701 ix)
1104 1628 1115 1682 ἑ
1142 1629 1293 1699 Apud
1322 1647 1479 1701 quem
1509 1633 1836 1687 conscientia
1860 1632 2000 1685 nuda

428 1705 511 1750 est
561 1696 894 1767 (Romam),
925 1698 1011 1753 cui
1054 1696 1161 1754 non
1191 1696 1611 1755 'absconduntur
1653 1702 1884 1765 occulta,
1909 1716 2001 1756 co-

427 1768 597 1833 gitare
626 1766 916 1840 prudentes
940 1770 1083 1840 viros
1105 1780 1376 1839 oportere,
1395 1780 1593 1840 quanta
1620 1772 2000 1825 inconvenien—

432 1846 532 1910 ter,
564 1845 617 1891 et
648 1836 1080 1910 prmjudicialiter
1102 1836 1329 1908 itihujus
1350 1836 1547 1908 nar'gotii
1573 1841 1837 1910 principio
1866 1856 1999 1895 con-

429 1907 692 1979 ligi-$56!”.
724 1917 778 1960 el
807 1922 905 1961 n05
928 1908 1088 1975 Viam,
1117 1925 1213 1978 per
1234 1907 1387 1975 hanc,
1416 1907 1706 1979 quam—ipsi
1736 1907 2002 1964 vocabant

430 1976 818 2048 remissionem,
851 1979 1087 2048 peccatis
1109 1976 1211 2033 non
1238 1976 1464 2048 aperire,
1496 1980 1592 2034 sed
1616 1976 1885 2043 claudere,
1910 1981 2002 2047 qui

429 2046 571 2113 quod
593 2045 870 2117 dicebatur
897 2047 1083 2114 majori
1111 2045 1314 2115 judicio
1337 2065 1613 2104 servamus
1632 2092 1651 2117 ,
1675 2045 2002 2104 instruentes

431 2130 527 2169 eos
555 2116 678 2190 quia
708 2130 804 2183 per
822 2132 930 2190 _nos_
950 2116 1316 2190 illisChristus
1340 2119 1762 2190 innotuit(.loan.
1789 2121 1867 2185 x),
1894 2136 2000 2173 non

428 2198 568 2256 esse
593 2184 798 2256 ovium,
822 2184 931 2255 lupi
963 2186 1181 2242 insidias
1210 2189 1524 2256 prmvidere,
1578 2184 1675 2244 sed
1718 2184 1953 2256 pastoris
1986 2208 1996 2241 :

428 2253 679 2308 maxime.
713 2255 836 2321 quia
860 2253 911 2309 iii
938 2271 1098 2327 causa
1123 2253 1342 2327 praefata
1371 2258 1590 2319 multos.
1622 2274 1681 2314 se
1709 2253 2001 2326 dignaban-

428 2332 514 2393 tur
542 2337 892 2393 cognoscere.
925 2333 981 2378 et
1007 2325 1456 2382 Deo—satisfacere
1500 2343 1652 2383 error
1678 2325 1994 2384 involverat.

430 2391 496 2447 Et
523 2391 647 2463 quia
679 2410 786 2448 non
808 2402 1068 2517 (poterant
1093 2396 1245 2465 plura
1270 2398 1370 2451 sub
1394 2398 1495 2452 hac
1514 2398 1798 2455 occasione
1825 2397 2029 2452 Eccle-

430 2465 519 2517 siae
548 2465 785 2518 membra
843 2464 1060 2518 isnergi.
1092 2465 1187 2518 sed
1215 2466 1381 2518 magis
1410 2483 1507 2518 uer
1534 2467 1997 2518 mansuetudinem

428 2465 519 2517 sine
548 2465 785 2533 membra
808 2465 1060 2533 dispergi,
1092 2465 1187 2519 sed
1215 2466 1381 2533 magis
1410 2483 1507 2533 per
1534 2467 1997 2523 mansuetudinem

428 2533 675 2587 sustineri
727 2532 1026 2605 sieut_boni
1075 2550 1174 2605 nos
1194 2532 1375 2605 operis
1404 2532 1601 2592 Paulus
1641 2539 1893 2605 magister
1919 2538 2000 2590 in-

426 2610 697 2656 struxerat
722 2601 741 2671 (
763 2600 825 2675 I_l
860 2602 990 2675 Tim.
1028 2604 1110 2674 iv)
1132 2646 1145 2666 .
1172 2600 1356 2660 dicens
1399 2608 1663 2675 sanandos
1690 2600 1808 2662 esse
1836 2607 1995 2675 pluri-

429 2688 546 2753 mos
569 2688 664 2741 per
693 2672 1021 2753 patientiam.
1031 2672 1099 2753 et
1119 2674 1436 2753 doctrinam.
1456 2674 1535 2753 _Et
1580 2672 1884 2753 quicunque
1909 2694 2002 2753 pu-

427 2751 608 2816 tantur
636 2744 734 2805 rei,
780 2750 834 2816 et
876 2744 1127 2816 gravibus
1172 2745 1407 2812 peccatis
1454 2746 1711 2816 involuti,
1755 2744 1999 2816 quam—vis

428 2813 603 2866 nullus
634 2820 718 2867 est
746 2811 835 2878 qui
880 2812 1079 2868 delicto
1108 2811 1309 2878 careat,
1338 2816 1476 2869 sicut
1504 2814 1738 2871 Joannes
1772 2811 1999 2871 testatur

428 2882 704 2954 apostolus
736 2879 973 2954 (IAJoan.
1004 2882 1162 2954 t)._Si
1207 2884 1381 2937 dicam
1411 2886 1533 2952 quia
1566 2895 1842 2954 peccatum
1887 2902 1993 2939 non

428 2951 624 3027 habeo,
654 2952 881 3006 mendax
912 2951 1051 3027 sum,
1094 2952 1194 3008 hos
1224 2951 1596 3027 tamentmagi's
1622 2957 1882 3027 pressuris
1907 2957 2000 3009 ho-

428 3024 628 3093 minum
667 3022 975 3093 sustentari,
1010 3030 1066 3077 et
1094 3024 1379 3092 perterreri
1410 3022 1832 3090 has'pas’siones,
1860 3026 1997 3093 judi-

427 3092 507 3165 cia
539 3091 715 3165 divina
745 3092 994 3165 suspendi
1022 3110 1033 3145 :
1066 3091 1315 3156 maxime,
1342 3109 1469 3165 cum,
1511 3094 1597 3147 illa
1628 3110 1746 3165 qua:
1792 3091 1997 3164 priemi-

426 3162 607 3224 simus,
633 3163 773 3216 inter
801 3162 903 3215 alia
924 3162 991 3216 de
1020 3165 1338 3217 auctoritate
1364 3163 1523 3226 sedis,
1555 3162 1850 3229 obstarent,
1867 3166 1989 3232 quia

424 3231 567 3313 quod
584 3247 869 3316 possessor
899 3232 1014 3300 ejus
1035 3233 1311 3313 quondam
1340 3234 1527 3316 beatus
1548 3233 1735 3316 Petrus
1758 3231 1967 3316 meruit
2020 3257 2063 3316 ρ

428 3303 480 3355 in
510 3302 787 3357 nobilitate
817 3303 1170 3370 possessionis
1192 3304 1443 3365 accessit,
1480 3312 1535 3357 et
1563 3303 1863 3358 clartatem
1892 3320 1989 3358 ve-

427 3381 594 3426 terem
640 3372 792 3427 vobis
840 3372 952 3434 dat,
997 3370 1090 3425 det
1118 3372 1313 3425 Christi
1344 3372 1472 3427 dote
1508 3374 1805 3428 rectoribus
1836 3390 1849 3426 :
1882 3375 1989 3429 ela-

428 3441 958 3513 ntantes,rscrip_tum
987 3456 1106 3513 esse
1155 3458 1251 3511 per
1297 3444 1613 3513 prophetam
1658 3458 1724 3497 ex
1761 3459 1988 3513 persona

427 3510 523 3564 Dei
549 3509 702 3577 (Isai.
731 3509 1083 3578 L).’Nuuquid
1114 3509 1219 3565 non
1249 3509 1609 3568 valet’manus
1635 3509 1849 3567 mea'ad
1871 3529 1994 3567 eou-

428 3590 745 3635 sumenuum
774 3596 868 3634 eos
906 3583 997 3652 qui
1025 3584 1373 3635 erraverunt?
1404 3582 1526 3637 llaec
1555 3583 1741 3637 eadem
1772 3586 1992 3652 smpissi-

428 3666 534 3715 me,
558 3652 697 3706 sicut
725 3650 980 3715 oportuit,
1014 3660 1421 3706 commouentes
1452 3669 1463 3704 :
1498 3661 1555 3705 ut
1607 3652 1786 3707 habita
1826 3650 1995 3707 inten-

428 3721 574 3775 tione
600 3720 957 3790 discederent,
982 3728 1037 3773 et
1071 3720 1266 3790 factum
1300 3729 1561 3783 nostrum,
1588 3722 1730 3790 quod
1755 3723 1891 3777 Deus
1920 3725 1993 3777 in-

423 3792 740 3860 spiraverat,
786 3787 939 3857 juxta
967 3789 1275 3844 mandatum
1315 3791 1568 3860 principis
1606 3787 1720 3845 non
1769 3792 1997 3846 discute-

426 3868 574 3920 rent.
602 3860 697 3915 sed
725 3869 1095 3928 sequerentur,
1128 3861 1266 3914 sicut
1290 3862 1516 3915 decebat
1540 3860 1789 3916 Ecclesiae
1820 3862 1955 3917 ﬁlios
1975 3908 1987 3924 .

424 3946 523 3984 nec
549 3931 647 3984 sub
678 3930 779 3983 hac
793 3930 1186 3983 intermissione
1202 3932 1605 3991 contenderent.
1621 3939 1675 3985 et
1690 3942 1991 3987 crescerent

426 4000 678 4055 Ecclesia:
706 4000 1044 4053 detrimenta.
1074 4000 1203 4065 Qua:
1234 4016 1318 4054 res
1347 4001 1602 4069 poscebat
1632 4016 1752 4055 cum
1781 4001 1994 4061 festina-

424 4072 569 4133 tione
599 4070 858 4129 succurri,
892 4078 947 4123 et
970 4071 1121 4124 nobis
1146 4070 1303 4135 hujus
1332 4072 1621 4125 celeritatis
1667 4079 1721 4125 et
1744 4073 1848 4126 illis
1870 4073 1993 4128 obe-‘

422 4142 636 4194 «tientia:
666 4140 956 4193 necessitas
986 4141 1295 4194 imminebat
1325 4158 1336 4191 :
1371 4142 1602 4195 maxime
1619 4157 1742 4196 cum
1776 4157 1989 4198 omnem

424 4226 559 4280 pene
582 4210 789 4278 plebem
820 4225 1102 4280 cernamus
1132 4210 1248 4277 ejus
1276 4212 1639 4265 communioni
1675 4211 1993 4268 indissocia-

423 4281 600 4332 biliter
630 4279 941 4339 atlharsisse,
966 4279 1117 4345 cujus
1145 4294 1244 4332 nos
1272 4295 1379 4333 non
1421 4280 1628 4334 modica
1655 4295 1779 4334 cura
1813 4283 1994 4336 stimu-

422 4349 560 4403 labat
576 4387 591 4409 ,
609 4364 675 4419 ne
698 4348 749 4401 in
782 4349 961 4419 aliquo
987 4348 1255 4401 laberetur
1274 4363 1478 4402 errore.
1504 4347 1708 4413 Quibus
1727 4351 1987 4419 allegatis,

422 4433 542 4472 cum
574 4418 666 4471 Dei
694 4420 860 4471 nostri
891 4418 1252 4472 obtestatione
1286 4419 1643 4478 decernimus.
1679 4420 1867 4474 harum
1898 4438 1992 4476 ne-

420 4488 749 4548 cessitatum,
775 4488 856 4541 vel
882 4488 1197 4553 religionum
1227 4488 1658 4543 consideratione
1683 4492 1910 4554 astricti,
1935 4502 1993 4547 et

418 4557 622 4610 cmlesti
680 4558 1028 4630 inspiratione
1094 4559 1367 4627 perpensis
1418 4560 1708 4630 omnibus,
1763 4576 1882 4630 quae
1936 4563 1987 4616 in

417 4642 576 4681 causa
623 4636 795 4701 erant,
847 4628 1195 4701 inspiratione
1238 4628 1497 4701 secretis,
1528 4637 1586 4682 ut
1636 4628 1987 4701 Symmachus
2017 4636 2068 4694 Ι)

418 4697 713 4769 uapascdis
734 4697 1041 4769 apostolica:
1071 4698 1283 4766 praesul,
1313 4698 1380 4753 ab
1410 4697 1709 4769 hujusmodi
1740 4704 1983 4769 proposi-

417 4767 648 4839 tmnibus
677 4767 985 4839 impetitus,
1035 4776 1290 4836 quantum
1332 4768 1401 4823 ad
1445 4768 1692 4823 homines
1743 4767 1981 4839 respicit,

426 4836 541 4903 ,‘uia
572 4844 741 4890 totum
772 4838 948 4891 causis
988 4839 1374 4892 obsistentibus
1402 4840 1646 4906 superius
1690 4836 1983 4907 designatis

405 4932 415 4965 ι
438 4914 650 4972 crustat,
680 4907 898 4960 arbitrio
920 4907 1100 4960 divino
1127 4907 1285 4960 fuisse
1306 4908 1601 4971 dimissum,
1620 4911 1687 4963 sit
1711 4910 1979 4970 immunis,

415 4986 469 5029 et
498 4976 650 5041 liber,
681 4985 735 5030 ct
775 4977 1090 5031 Christianae
1120 4978 1260 5045 plebi
1290 4978 1407 5031 sine
1446 4978 1621 5044 aliqua
1655 4979 1722 5032 de
1761 4980 1983 5046 objectis

414 5046 716 5113 oblatione,
758 5047 813 5100 in
852 5048 1097 5102 omnibus
1142 5047 1399 5102 Ecclesiis
1442 5049 1576 5111 suis,
1605 5049 1670 5101 ad
1721 5049 1809 5115 jus
1844 5051 1985 5103 sedis

408 5132 520 5171 suae
548 5117 974 5186 pertinentibus,
1004 5126 1060 5172 et
1107 5118 1283 5171 tradat
1316 5117 1494 5171 divina
1547 5119 1826 5186 mysteria,
1858 5122 1981 5187 quia

407 5203 531 5239 eum
554 5187 623 5241 ob
647 5188 1076 5257 impugnatorum
1101 5204 1317 5241 suorum
1350 5188 1734 5255 impetitionem
1765 5199 1984 5257 propter

408 5258 656 5323 superius
680 5257 989 5326 designatas
1009 5273 1217 5319 causas,
1249 5257 1471 5325 obligari
1497 5273 1603 5311 non
1632 5260 1869 5326 potuisse
1897 5275 1984 5313 co-

404 5326 709 5387 gnovimus.
760 5325 912 5397 Unde
964 5328 1254 5381 secundum
1314 5325 1642 5395 principalia
1681 5337 1977 5397 prmcepta,

406 5410 527 5461 qua:
544 5403 754 5465 nostras
772 5396 876 5451 hoc
898 5397 1139 5451 tribuunt
1161 5399 1436 5463 potestati,
1462 5399 1509 5451 ei
1531 5398 1783 5465 quidquid
1816 5396 1984 5454 cccle-

406 5464 622 5537 siastici
639 5464 778 5517 intra
807 5481 1016 5520 sacram
1068 5468 1250 5521 urbem
1303 5464 1820 5537 Romam,veliforis
1843 5468 1978 5537 juris

405 5542 510 5597 est,
539 5533 912 5600 reformamus,
961 5544 1130 5591 totam
1177 5552 1392 5591 causam
1444 5536 1534 5590 Dei
1574 5537 1776 5604 judicio
1805 5533 1981 5592 reser-

407 5612 612 5669 vantes,
629 5604 904 5659 universos
916 5606 1211 5671 hortamur,
1230 5616 1287 5661 ut
1300 5622 1507 5661 sacrant
1523 5608 1976 5673 communionem,

405 5674 542 5728 sicut
570 5690 657 5730 res
686 5675 937 5743 postulat,
965 5678 1031 5729 ab
1080 5692 1147 5732 eo
1185 5677 1505 5746 percipiant,
1536 5684 1591 5731 et
1636 5678 1748 5741 Dei,
1780 5687 1834 5731 et
1864 5680 1980 5732 ani-

405 5759 608 5817 marum
640 5760 855 5817 suarum
886 5747 1246 5811 meminerint,
1277 5747 1399 5815 quia
1430 5747 1544 5817 ipse
1570 5756 1624 5800 et
1652 5760 1861 5801 amator
1885 5763 1979 5817 pa-

405 5815 479 5867 cis
507 5823 609 5881 est,
642 5824 697 5869 et
718 5816 831 5885 ipse
861 5832 961 5886 pax
985 5825 1085 5880 est,
1118 5818 1209 5883 qui
1237 5815 1460 5881 monet,
1482 5815 1674 5886 Pacem
1703 5815 1975 5873 meam'do

407 5887 576 5953 vobis,
636 5901 821 5955 pacem
864 5885 1053 5941 meam
1110 5887 1354 5954 relinquo
1403 5887 1551 5943 vobis
1608 5885 1796 5957 (Joan.
1854 5903 1972 5955 xiv;

2102 579 2412 637 ﬁrmandam
2434 580 2722 643 afﬁrmans,
2756 580 2943 633 beatos
2962 594 3083 633 esse
3107 580 3236 633 dicit
3264 580 3515 647 paciﬁcos
3547 579 3687 649 (Ibi-

2100 653 2235 715 dem,
2259 652 2341 717 v).
2359 651 2481 705 Hcce
2502 652 2805 720 quicunque
2834 664 2902 720 ex
2930 650 3279 720 instructione
3307 658 3489 705 nostra
3515 653 3683 718 (quod

2100 718 2578 790 non'mstimamus)
2602 721 2685 774 vel
2703 736 2811 773 non
2842 718 3200 790 admittit,_ve_l
3217 720 3498 790 retractari
3519 735 3685 789 posse

2100 790 2407 854 crediderit,
2439 788 2635 854 videat,
2658 788 3072 860 quiatin_divino
3096 788 3297 860 judicio
3339 796 3685 860 contemptus

2099 861 2182 914 sui
2205 862 2466 914 rationem
2489 868 2590 922 est,
2610 857 2749 915 sicut
2768 858 2835 913 de
2857 858 2968 913 Deo
2990 857 3327 923 conﬁdimus,
3353 857 3684 914 redditurus.

2102 930 2179 985 De
2234 930 2445 984 clericis
2486 931 2767 985 memorati
2821 944 2990 997 papas,
3041 928 3133 996 qui
3180 930 3247 982 ah
3295 929 3548 998 episcopo
3582 946 3687 983 suo

2101 1009 2227 1053 ante
2259 1008 2466 1067 tempus
2493 1000 2709 1067 aliquod
2749 1008 2935 1053 contra
2962 998 3175 1065 regulas
3216 998 3605 1065 discesserunt,
3630 1009 3688 1051 et

2101 1016 2227 1053 ante
2259 1016 2362 1053 tem
2406 1016 2466 1053 us
2493 1016 2709 1067 auquou
2749 1016 2935 1053 contra
2962 1016 3175 1065 regmas
3216 1016 3605 1065 discesserunt,
3630 1016 3688 1051 et

2100 1068 2335 1123 schisma
2360 1016 2623 1135 iecerunt,
2655 1069 2759 1123 hoc
2788 1068 2901 1123 ﬁeri
2928 1068 3290 1131 decrevimus,
3323 1076 3381 1122 ut
3405 1083 3498 1121 eos
3520 1070 3689 1122 satis—

2102 1138 2362 1194 facientes
2396 1140 2647 1208 episcnpo
2675 1154 2773 1193 suo
2815 1137 3183 1192 misericordia
3225 1139 3603 1208 subsequatur,
3630 1148 3691 1191 et

2102 1207 2294 1263 ofﬁciis
2334 1207 2712 1263 ecclesiasticis
2753 1224 2810 1263 se
2835 1208 3105 1276 gaudeant
3144 1207 3373 1271 restitui,
3420 1209 3544 1275 quia
3579 1209 3692 1260 De-

2103 1279 2281 1334 minus
2309 1287 2365 1332 et
2391 1279 2723 1347 Redemptor
2750 1287 2934 1332 noster
2959 1292 3089 1347 oves
3122 1278 3363 1347 perditas
3386 1277 3453 1329 ab
3495 1292 3689 1332 errore

2102 1347 2315 1401 laetatur
2343 1345 2615 1411 inventas,
2632 1356 2688 1403 et
2708 1363 2869 1416 super
2896 1345 3175 1416 profugum
3206 1345 3371 1400 ﬁlium
3402 1355 3687 1416 paternam

2102 1417 2403 1473 libertatem
2420 1419 2653 1474 cmlestis
2682 1415 3361 1472 medicatoraccommodat
3390 1415 3539 1479 (Luc.
3566 1422 3685 1479 xv).

2105 1486 2355 1555 Quisquis
2384 1504 2514 1543 vero
2540 1488 2857 1542 clericorum
2886 1495 3009 1557 post
3037 1484 3493 1557 hanciormam_a
3528 1487 3690 1557 nobis

2142 1554 2403 1623 robatam,
2434 1574 2754 1628 quocunque
2795 1554 3008 1612 sacrato
3041 1556 3150 1609 Deo
3184 1556 3304 1628 loco
3355 1555 3407 1607 in
3438 1554 3689 1611 Ecclesia

2153 1641 2345 1681 omana
2375 1625 2564 1683 missas
2588 1625 2863 1682 celebrare
2893 1625 3309 1695 praesumpserit,
3335 1632 3528 1693 praeter
3545 1641 3683 1681 cou-

2102 1696 2381 1769 seientiam
2412 1713 2562 1769 papa:
2609 1697 2935 1769 Symmachi,
2966 1697 3092 1769 dum
3114 1696 3248 1748 vivit
3275 1696 3489 1769 statutis
3515 1710 3691 1769 eano-

2106 1765 2260 1830 nicis,
2288 1762 2435 1822 velui
2480 1762 2855 1823 schismaticus'
2896 1766 3240 1836 percellat_ur.
3296 1762 3692 1836 istarsuﬂiciat

2106 1849 2225 1905 cum
2248 1836 2342 1891 Dei
2370 1839 2556 1892 notitia
2580 1839 2786 1891 sincere
2813 1834 3118 1905 protulisse.
3134 1834 3200 1887 Et
3228 1834 3691 1905 subscripserunt.

2176 1903 2498 1961 Laurentius
2518 1903 3083 1978 episcopus—Ecclesia
3113 1903 3525 1978 Medio‘lanensis
3556 1907 3690 1958 huic

2106 1980 2306 2046 statuto
2336 1974 2615 2041 nostro,'in
2642 1974 2747 2046 quo
2777 1985 2943 2031 totam
2966 1991 3178 2030 causam
3207 1974 3514 2041 Deijudicio
3540 1990 3693 2029 com-

2106 2044 2371 2116 misimus,
2393 2044 2702 2116 subscripsi.
2848 2102 2859 2111 ,

2176 2112 2366 2170 Petrus
2391 2112 2674 2186 episcopus
2698 2116 2944 2172 Ecclesiae
2970 2114 3299 2186 Ravennatis
3331 2114 3454 2167 huic
3471 2121 3695 2186 statuto

2106 2191 2308 2255 nostro,
2336 2187 2387 2239 in
2406 2183 2509 2255 quo
2530 2183 2694 2241 totam
2711 2202 2927 2242 causam
2956 2186 3045 2240 Dei
3068 2184 3269 2254 judicio
3290 2183 3693 2247 commisimus,

2103 2252 2413 2325 subscripsi.

2173 2322 2328 2378 Felix
2354 2325 2758 2390 lteramnensis,

2140 2392 2432 2451 ~Maxiuius
2462 2396 2737 2459 Bleranus,

2173 2462 2438 2521 Maximus
2469 2466 2784 2527 Ticiuensis,

2171 2532 2458 2602 Gerontius
2487 2536 2804 2602 Fundeusis,

2172 2601 2489 2659 Laurentius
2522 2606 2761 2671 Boensis,

2169 2671 2461 2729 Mercurius
2488 2675 2752 2740 Sutrinus,

2172 2740 2387 2813 ililarus
2411 2745 2762 2813 Tempsanus,

2169 2810 2511 2881 innocentius
2540 2810 2846 2881 Fertinatis,

2174 2880 2361 2937 Vitalis
2391 2884 2697 2949 Fundanus,

2168 2951 2374 3007 Aristus
2398 2953 2676 3016 Ostiensis,

2158 3019 2353 3093 _Yictor
2379 3023 2661 3089 Lunensis,

2169 3090 2547 3161 Chrysogonus
2577 3095 2913 3156 Albanensis,

2168 3159 2447 3217 Romanus
2468 3164 2852 3225 Numentanus.

2167 3229 2485 3299 Cresconius
2514 3233 2859 3299 Tudertinus,

2164 3298 2398 3373 Joannes
2418 3302 2731 3373 Spolitinus,

2166 3369 2482 3442 Laurentius
2509 3369 2864 3442 Vergomatis,

2166 3438 2443 3509 Bufentius
2470 3438 2778 3509 Agnaiinus,

2164 3508 2454 3565 Martianus
2482 3508 2713 3576 Acanus,

2164 3579 2486 3651 Fortunatus
2516 3584 2772 3651 Agninus.

2170 3650 2513 3722 innocentius
2540 3650 3077 3722 Forosemprontem:

2166 3718 2378 3792 l_|ilarus
2409 3722 2791 3792 Tempranen.,

2162 3789 2450 3845 Severinus
2473 3789 2883 3854 Tu'ndaritanus,

2163 3857 2505 3928 Sebastianus
2526 3863 2784 3928 Somnus,

2164 3927 2315 3983 Felix
2343 3932 2639 3996 Atellanus,

2166 3996 2513 4071 Eropinquus
2526 4001 2816 4065 Tribensis,

2163 4067 2465 4127 Bonifacius
2488 4070 2881 4136 Cameritanus,

2164 4137 2471 4197 Viuﬂemius
2509 4141 2828 4203 Antiatinus,

2167 4207 2477 4266 Valentinus
2505 4212 2892 4277 Amiterninus,

2164 4277 2467 4351 B_ouifacius
2488 4281 2915 4351 Aquzevivensis,

2163 4348 2483 4405 Aimilianus
2512 4348 2769 4416 Shranus,

2160 4416 2446 4475 Cassianus
2469 4420 2804 4486 Mutinensis,

2162 4486 2467 4560 Stephanus
2492 4491 2812 4560 Venusinus,

2164 4557 2488 4629 Fortunatus
2516 4557 2869 4629 Fulginensis,

2159 4627 2463 4699 Stephanus
2483 4627 2885 4699 Neapolitanus,

2158 4697 2509 4754 Maximianus
2543 4697 2858 4768 Perusinus,

2161 4769 2488 4838 Concordius
2508 4770 2801 4838 Mesinatis,

2159 4837 2348 4893 Castus
2377 4839 2666 4905 Pratensis,

2162 4907 2444 4980 Martyrius
2470 4910 2888 4975 Terracinensis,

2162 4978 2401 5051 Asterius
2431 4981 2727 5051 Aquinalis,

2161 5046 2440 5119 Aumntius
2471 5046 2807 5119 Potentiuus,

2162 5116 2323 5172 Ursus
2356 5120 2629 5183 Reatinus,

2158 5188 2498 5259 hinocentius
2527 5190 2835 5259 Miranatis,

2159 5258 2430 5314 Eustasius
2455 5258 2853 5326 Cremonensis,

2161 5327 2429 5399 Eucarpus
2460 5329 2756 5399 Meresape,

2156 5396 2389 5453 Serenus
2418 5400 2671 5461 Nolanus,

2160 5467 2449 5539 Eutychius
2476 5468 2785 5530 Tranensis,

2158 5538 2468 5594 Paschasius
2492 5539 2882 5606 Vulturnensis,

2156 5608 2303 5663 Felix
2327 5609 2641 5678 Nepesinus,

2154 5676 2495 5733 Innocentius
2527 5678 2822 5731 Direutium
2853 5676 3250 5744 Tiberinornm,

2152 5748 2414 5809 Svlvanus
2446 5748 2615 5801 Velite
2646 5765 2767 5811 nus,

2153 5817 2447 5874 Mercurius
2476 5820 2771 5878 Gabiuatis,

2154 5892 2404 5946 Rusticus
2426 5892 2777 5955 Buxentiuus,
