3976 6196
392 281 497 334 δῖε)

1265 281 1603 337 APPENDIX
1641 283 1737 343 AD
1768 277 2289 340 COLLECTIONBM
2331 275 2809 331 DlONVSlANAM.

3546 282 3655 337 δέ]

392 410 625 470 quoque,
656 404 709 451 et
736 399 1055 470 suscipimus
1082 397 1397 454 conﬁtentes
1426 408 1479 470 et
1519 400 1799 454 credentes
1838 399 1963 467 quia
1999 405 2037 461 Α
2070 411 2255 470 omnes
2280 394 2581 463 impietates
2610 398 3128 470 euminvcatoribus
3157 406 3265 451 tam
3298 399 3656 459 nefandorum

395 480 497 518 uua
528 467 841 539 substantia,
868 467 952 523 vel
997 484 1244 537 persona,
1275 472 1417 539 quod
1467 469 1605 522 idem
1634 471 1744 537 ipsa
1777 478 1961 521 sanita

393 535 629 603 synodus
656 537 707 590 in
735 537 942 593 duabus
964 535 1182 601 naturis,
1208 539 1259 591 id
1288 535 1369 593 est
1398 539 1450 593 in
1475 535 1671 591 deitate
1696 547 1751 591 et
1779 538 1965 591 lunna-

396 606 564 677 nitate
604 605 828 677 indivise
856 616 912 661 et
938 608 1214 677 inconfuse
1260 608 1591 677 pimilicavit,
1638 607 1804 662 Deum
1838 605 1968 661 Ver-

395 675 543 741 bum,
574 683 629 727 et
659 675 909 731 Dominus
950 687 1133 732 noster
1159 675 1312 733 Iesus
1356 677 1597 730 Christus
1627 693 1761 729 unus
1789 684 1870 729 est
1898 692 1965 730 ex

394 754 601 810 sancta,
631 752 684 797 et
713 748 869 802 unius
918 748 1150 801 essentia
1199 747 1493 801 Trinitatis.
1536 746 1591 799 Si
1630 746 1772 799 enim
1802 760 1967 799 unum

396 814 641 881 Deumiin
673 816 841 871 tribus
868 818 1395 881 subsistentiis,sicut
1413 816 1610 871 dictum
1638 825 1738 879 est,
1767 815 1964 878 accipi-

396 898 530 945 mus,
566 880 723 937 Pater
750 896 931 940 autem
971 904 1074 941 non
1104 896 1187 941 est
1226 880 1550 950 incarnatus,
1595 900 1695 939 nec
1737 883 1967 952 Spiritus

394 962 631 1015 sanctus,
665 953 1043 1009 DeusVerbum
1068 959 1376 1011 incarnatus
1398 964 1498 1017 est,
1531 963 1585 1009 et
1606 955 1766 1008 homo
1798 953 1968 1007 factus

395 1030 494 1084 est,
511 1036 647 1074 unus
663 1035 742 1077 est
762 1036 963 1087 sancta,
979 1035 1032 1080 et
1053 1025 1207 1081 unius
1230 1026 1458 1079 essentia
1482 1023 1756 1078 Trinitatis
1776 1038 1969 1077 secun-

397 1089 840 1165 dumnﬁliationis
888 1099 1295 1165 proprietatem.
1320 1094 1420 1165 Sic
1469 1096 1646 1165 itaque
1675 1094 1965 1148 secundum

393 1160 677 1234 prtedictas
695 1160 908 1218 sanctas
922 1160 1396 1234 quatuorsynodos
1412 1160 1693 1234 credentes
1715 1174 1966 1215 etsecun-

395 1230 519 1282 dum
552 1229 645 1286 Dei
682 1234 898 1288 verbum
935 1229 1265 1289 nativitatem
1286 1233 1572 1287 secundum
1600 1235 1814 1287 carisezn
1841 1250 1964 1285 con-

396 1298 533 1373 fiteri
562 1317 666 1355 non
696 1304 982 1358 renuimus.
1009 1304 1159 1360 Unde
1177 1305 1389 1373 proprie
1420 1300 1763 1357 DeiGenit'dv
1785 1311 1966 1373 sancta

396 1367 557 1437 Virgo
579 1386 709 1444 esse
726 1374 979 1444 creditur,
999 1367 1250 1444 tanquam
1278 1367 1465 1444 natura
1490 1380 1545 1426 et
1567 1373 1792 1425 veritate
1817 1372 1967 1424 unius

396 1442 642 1494 essentia:
681 1440 851 1496 Patris
896 1440 1123 1509 Filium;
1149 1446 1313 1498 Deum
1332 1442 1582 1507 Verbum,
1610 1457 1705 1510 per
1727 1451 1967 1494 naturam

400 1510 799 1576 immutabilem,
832 1528 899 1567 ex
928 1514 1042 1576 ipsa
1071 1516 1266 1568 factum
1294 1513 1565 1566 hominem
1596 1512 1753 1566 enixa
1782 1520 1882 1571 est.
1915 1520 1969 1564 et

398 1577 529 1652 duas
572 1590 787 1652 naturas
835 1582 898 1652 inp
932 1577 1145 1638 Christo
1186 1599 1280 1652 per
1309 1583 1595 1637 essentiam
1619 1582 1700 1634 vel
1729 1583 1970 1652 subsran-

400 1648 525 1700 tiam
556 1650 729 1705 unitas
765 1650 1101 1716 confitentes,
1152 1648 1291 1706 sicut
1336 1654 1387 1705 in
1426 1653 1581 1704 unius
1627 1665 1854 1719 persona
1885 1651 1966 1704 vel

398 1719 711 1783 substantia,
748 1736 920 1789 neque
950 1725 1135 1777 harum
1178 1722 1561 1783 diversitatem,
1592 1718 1676 1774 vel
1724 1718 1967 1788 proprie-

400 1795 564 1861 tatem
585 1800 705 1861 post
735 1793 1028 1847 unitiouem
1057 1792 1367 1857 auferimus,
1392 1807 1490 1845 nec
1519 1807 1609 1845 eas
1651 1790 1885 1843 dividere
1914 1791 1966 1843 in

400 1857 606 1929 duabus
632 1863 883 1929 personis
897 1871 953 1917 et
991 1863 1299 1916 substantiis
1326 1877 1422 1929 per
1446 1861 1738 1914 unitionem
1782 1875 1966 1913 sumus

398 1926 598 1981 cdocti.
636 1926 1004 2001 Eumdemque
1026 1933 1223 1986 scimus
1251 1926 1577 1998 unigenitum
1608 1930 1797 2001 Filium
1850 1930 1962 2001 Dei,

400 2002 456 2048 et
483 2005 607 2073 ante
648 1998 1068 2073 incarnationem
1102 2002 1235 2073 ejus,
1269 2010 1323 2055 et
1352 2009 1500 2073 postp
1522 2000 1661 2073 idem
1692 1999 1874 2073 Deum
1903 2000 1970 2052 Si-

402 2064 543 2139 mul,
571 2077 627 2139 et
670 2068 973 2139 hominem,
1006 2064 1310 2139 passibil’em
1352 2064 1537 2135 carni,
1589 2069 1966 2139 impassibilem

397 2134 603 2210 deitati,
634 2134 1092 2210 circumscriptum
1114 2142 1346 2210 corpori,
1374 2157 1479 2195 non
1505 2134 1967 2207 circumscriptum

397 2204 622 2276 spiritui,
654 2209 899 2262 eumdem
930 2204 1196 2266 terrenum
1215 2204 1283 2265 ἐι
1310 2211 1606 2273 cmlestem,
1637 2222 1796 2276 quem
1822 2204 1971 2261 iuun-

397 2273 511 2337 dus,
531 2282 593 2349 _ut
624 2277 893 2333 hominem
939 2283 1098 2349 cepit,
1149 2289 1205 2335 et
1235 2290 1291 2334 ut
1339 2281 1503 2334 Deum
1553 2273 1830 2333 continere
1862 2295 1966 2332 non

398 2344 590 2417 potuit,
621 2350 901 2401 mortalem
931 2360 985 2403 et
1007 2344 1373 2405 immortalem
1398 2392 1412 2412 ,
1461 2365 1725 2417 nusquam
1754 2357 1969 2403 natura-

400 2429 515 2490 rum
542 2415 850 2490 diversitate
872 2420 1098 2490 sublata,
1128 2437 1300 2490 neque
1343 2415 1640 2473 dividentes
1669 2434 1763 2487 per
1787 2434 1970 2490 essen-

401 2483 527 2535 tiam
578 2486 888 2556 unitionem.
942 2488 1056 2543 Hoc
1088 2483 1243 2545 enim
1290 2505 1417 2543 vere
1464 2483 1714 2555 magnum
1754 2489 1969 2556 pietatis

400 2554 726 2625 mysterium,
768 2558 897 2625 quia
938 2574 1073 2612 unus
1102 2575 1167 2613 ex
1206 2568 1409 2623 sancta,
1459 2567 1513 2613 et
1558 2554 1691 2614 unus
1738 2554 1966 2611 essentia

401 2619 675 2677 Trinitatis
704 2619 1026 2688 incarnatus.
1059 2637 1111 2682 et
1154 2631 1316 2682 homo
1348 2619 1514 2682 factus
1544 2626 1683 2680 Deus
1713 2627 1967 2691 Verbum,

399 2690 455 2764 in
486 2702 707 2764 utraque
732 2705 923 2751 natura
956 2698 1187 2763 deitatis,
1212 2707 1269 2753 et
1300 2698 1640 2751 humanitatis
1665 2697 1888 2751 indivise
1916 2690 1971 2750 et

399 2760 677 2833 inconfuse
704 2768 1045 2832 cognoscitur
1066 2778 1121 2823 et
1148 2760 1421 2833 a'doratur,
1436 2784 1541 2822 non
1563 2768 1967 2821 conversionem

403 2831 484 2885 vel
512 2831 861 2907 mutationem
885 2839 1170 2901 sustinens,
1213 2838 1309 2894 sed
1356 2831 1740 2907 proprietatem
1774 2838 1969 2891 utrius-

401 2912 737 2977 quenatura;
764 2906 815 2959 in
845 2924 949 2962 una
976 2924 1203 2977 persona
1228 2910 1280 2962 in
1305 2906 1593 2977 semetipso
1621 2923 1965 2962 conservans.

401 2970 644 3049 0_h_hanc
673 2975 830 3043 igitur
861 2970 1015 3033 fidem
1044 2980 1323 3049 praedictas
1350 2970 1561 3033 sanctas
1590 2978 1824 3049 synodos
1852 2993 1971 3033 sus-

400 3040 658 3112 cipientes
698 3040 753 3099 et
795 3040 1173 3111 custodientes,
1223 3040 1734 3103 anathematizamus
1782 3062 1968 3101 oumes

401 3112 780 3199 qui_adversu"s
809 3133 900 3172 eas
928 3134 1248 3199 quocunque
1292 3129 1533 3199 tempore
1562 3119 1643 3199 vel
1676 3118 1833 3199 modo
1869 3119 1966 3197 ali:
1995 3137 2040 3197 ρ

400 3180 525 3257 quid
553 3180 1004 3255 conscripserunt,
1036 3180 1297 3257 pnncipue
1321 3180 1579 3242 Joannem
1607 3186 1771 3257 Egota
1796 3204 1847 3251 u,
1872 3188 1962 3255 qui

402 3251 655 3328 adversus
678 3251 1302 3328 memoratam'sauctam
1342 3251 1831 3311 Chalcedonéusem
1881 3251 1967 3328 sy-

402 3322 599 3396 nodum
622 3327 837 3393 multas,
866 3338 919 3381 ut
946 3329 1306 3390 Nestorianus,
1331 3328 1685 3396 blasphemias
1711 3322 1963 3387 evomuit,

401 3391 647 3446 similiter
675 3391 1096 3453 condemuaates
1135 3408 1189 3453 et
1219 3391 1554 3452 Timotheum
1596 3396 1840 3450 IElurum
1872 3413 1967 3450 co-

403 3462 789 3539 gnominatum,
838 3470 976 3520 sicut
1024 3469 1499 3539 Eutychiauistam,
1550 3467 1802 3539 adversus
1849 3482 1967 3539 eam

403 3536 662 3606 cum_suis
691 3535 971 3590 latrantem
1001 3535 1335 3606 sequacibus.
1362 3538 1434 3590 Ita
1464 3551 1590 3604 ergo
1619 3551 1741 3590 cum
1771 3536 1864 3588 Dei
1884 3540 1969 3601 ju-

403 3600 614 3655 vamiue
639 3620 854 3674 semper
876 3600 1156 3670 sensimus,
1186 3610 1349 3663 etiam
1369 3622 1507 3661 nunc
1528 3600 1811 3672 sentimus,
1833 3600 1967 3673 qua-

404 3678 623 3742 propter
644 3673 781 3729 hanc
806 3675 1222 3732 satisfactionem
1240 3688 1428 3731 vestra:
1450 3676 1737 3731 obtulimus
1759 3677 1964 3742 pietati.

404 3737 599 3795 .Iubere
629 3744 769 3817 enim
800 3744 1012 3817 dignata
1043 3758 1125 3801 est
1175 3763 1272 3802 uos
1316 3749 1590 3817 proprium
1620 3737 1965 3808 intellectum,

404 3817 460 3862 et
481 3813 929 3883 quemadmodum
969 3817 1035 3871 de
1063 3833 1193 3872 sana
1240 3813 1342 3871 fide
1370 3813 1651 3880 sentimus,
1678 3830 1967 3883 exponere,

404 3882 525 3952 quia
557 3884 770 3951 quidam
813 3886 1071 3952 lncretici,
1111 3888 1233 3941 dum
1262 3903 1412 3941 suam
1443 3887 1636 3939 malam
1685 3882 1841 3938 fidem
1878 3900 1972 3939 oc-

404 3951 608 4005 cultare
633 3953 907 4021 festinant,
949 3967 1189 4012 nostram
1231 3958 1283 4012 in
1313 3956 1526 4011 Christo
1567 3956 1884 4016 libertatem,
1918 3967 1973 4008 et

406 4030 611 4095 rectam
641 4022 794 4079 fidem
826 4026 1124 4083 detractare
1152 4036 1433 4083 conantur.
1466 4025 1859 4095 Supplicamus
1881 4025 1971 4092 igi-

408 4092 860 4163 turclemeutiam
898 4108 1126 4150 vestram
1173 4092 1594 4163 sollicitudinei'u'
1632 4094 1699 4149 de
1737 4092 1972 4161 perfecta

407 4156 762 4215 Ecclesiarum
793 4165 1030 4219 uuitione
1074 4174 1375 4219 sanctarum
1406 4160 1616 4218 habere
1653 4156 1866 4230 debere,
1915 4173 1974 4217 ut

405 4230 599 4302 unitas,
632 4248 751 4299 qua:
777 4249 895 4287 cum
940 4234 1032 4288 Dei
1057 4235 1193 4288 facta
1223 4235 1383 4287 fuerit
1406 4234 1697 4302 juvamine,
1741 4248 1840 4287 nec
1866 4234 1973 4287 ullo

405 4296 983 4368 deincepsrationabili
1027 4313 1119 4358 aut
1158 4296 1512 4358 irrationabili
1551 4303 1849 4357 occasionis
1880 4302 1973 4355 :fo-

406 4367 535 4419 mite
565 4367 847 4439 inquietari
873 4388 976 4441 pax
1019 4375 1205 4441 possit.
1241 4374 1379 4427 Deus
1408 4381 1586 4425 autem
1618 4373 1854 4426 omnium
1890 4388 1975 4425 ve-

404 4444 571 4488 strum
596 4442 742 4561 pium
787 4442 1076 4510 adimpleat
1103 4444 1422 4498 desiderium
1451 4443 1502 4497 iu
1533 4444 1754 4510 gloriam
1797 4443 1878 4497 sui
1922 4450 1975 4496 et

405 4506 592 4561 rciuub
616 4508 710 4561 ica:
736 4511 1084 4561 disciplinam.

405 4506 710 4576 reipublicae
736 4506 1084 4580 disciplinam.

796 4625 1078 4679 Uormisda
1111 4625 1318 4680 Iustino
1344 4626 1591 4697 Augusto.

473 4714 559 4769 ill.
600 4715 745 4772 inter
775 4735 835 4771 ea
862 4733 979 4786 qua:
1007 4718 1071 4771 ad
1101 4720 1358 4773 unitatem
1386 4717 1639 4773 Ecclesiae
1684 4720 1975 4786 pertinent,

404 4794 624 4855 propter
662 4805 820 4854 quam
852 4788 991 4841 Deus
1037 4789 1334 4842 clementiae
1382 4798 1571 4843 vestra:
1602 4790 1762 4855 elegit
1811 4791 1979 4856 impe-

402 4856 562 4922 rium,
590 4858 641 4910 in
673 4858 875 4912 litteras
903 4859 1229 4923 contulistis,
1264 4859 1367 4912 hoc
1450 4873 1623 4925 uoque
1654 4860 1975 4912 venerabilis

402 4926 698 4981 imperator
741 4944 869 4981 cura
907 4928 1059 4981 fidei.
1101 4929 1186 4981 cui
1236 4875 1601 4981 multiiiiiciter
1622 4944 1716 4981 vos
1759 4929 1975 4981 studere

402 4926 698 4998 imperator
741 4944 869 4983 cura
907 4928 1059 4995 fidei,
1101 4929 1186 4981 cui
1236 4926 1601 4998 multipliciter
1622 4944 1716 4981 vos
1759 4929 1977 4983 studere

402 4995 703 5067 declaratis,
735 4998 948 5067 adjecit,
1001 5007 1059 5051 ut
1087 4995 1609 5067 aliquorum'preces
1646 4998 1973 5066 perferenda:

403 5066 468 5117 ad
501 5066 814 5123 humilitatis
839 5084 971 5123 mete
1001 5066 1244 5122 notitiam
1262 5066 1614 5136 junge’rentur
1641 5086 1652 5119 :
1678 5068 1869 5134 quibus
1891 5069 1976 5122 vel

402 5136 527 5201 quid
557 5140 864 5203 quazstionis
893 5140 1123 5193 oriretur
1145 5154 1489 5205 agnoscerem
1510 5180 1523 5201 ,
1551 5138 1633 5191 vel
1666 5137 1734 5191 ad
1759 5140 1977 5191 submo-

405 5206 631 5259 vendum
657 5211 942 5277 proposita:
970 5209 1378 5264 consultationis
1408 5209 1731 5277 ambiguum,
1759 5206 1992 5277 respou-'

404 5288 576 5345 suma
607 5291 690 5328 me
713 5280 974 5345 religiosa:
1003 5281 1242 5333 scientiae
1272 5281 1602 5332 conveniens
1642 5278 1968 5331 redderetur.

406 5342 532 5409 Legi
565 5346 742 5418 omnia
772 5342 1127 5403 sollicitudine
1151 5390 1164 5411 ,
1212 5365 1314 5418 qua
1346 5349 1571 5402 decebat
1598 5390 1613 5413 ,
1664 5358 1717 5401 ct
1757 5348 1882 5400 licet
1909 5349 1974 5400 ad
2018 5352 2029 5367 ‘

406 5415 646 5481 responsi
674 5414 1052 5481 plenitudinem
1082 5414 1326 5473 sufficere
1358 5420 1639 5482 potuisset,
1666 5418 1708 5471 si
1749 5418 1833 5470 illa
1857 5427 1974 5471 tau-

408 5494 540 5542 tum,
590 5498 709 5551 qua:
751 5500 779 5537 a
821 5491 1089 5542 veteribus
1118 5498 1240 5541 sunt
1270 5488 1510 5555 definita,
1560 5489 1911 5542 rescriberem
1958 5506 1971 5539 :

407 5564 583 5609 tamen
614 5565 671 5610 ut
695 5559 927 5623 religiosi
960 5560 1221 5626 prepositi
1243 5559 1406 5612 vestri
1448 5572 1822 5611 remunerarer
1845 5555 1974 5611 alie-

407 5633 577 5693 ctum,
596 5643 699 5679 non
722 5627 1140 5681 subtrahendum
1164 5626 1366 5681 credidi
1395 5628 1497 5679 mei
1529 5642 1742 5695 quoque
1768 5642 1976 5681 sermo-

408 5696 487 5747 nis
519 5699 850 5763 υΙιςετμιέιηιι,
893 5698 1033 5763 quod
1083 5697 1147 5748 de
1195 5698 1591 5761 emergentibus
1639 5696 1890 5758 Nestorii,
1924 5704 1979 5748 et

408 5766 725 5834 Eutychetis
756 5767 973 5821 venenis
1021 5774 1239 5835 paterna
1273 5769 1451 5820 omisit
1495 5768 1793 5830 instructio,
1842 5783 1979 5837 [usue

2071 466 2379 531 dogmatmu
2421 467 2789 538 convenientia
2840 468 2891 519 in
2945 484 3104 521 umuu
3154 471 3404 538 synodica
3438 473 3657 526 dl‘Cl'L‘iJl

2070 543 2475 610 praecesserunt.
2502 534 2609 589 Nec
2642 536 2861 588 ulterius
2889 538 3036 593 locus
3057 534 3215 610 ullus,
3237 548 3345 592 tam
3376 541 3506 595 diris
3529 559 3657 610 per-

2069 604 2205 657 fidia:
2230 604 2521 657 seminibus
2550 610 2843 672 amputatis
2866 648 2879 669 ,
2914 617 3005 660 aut
3046 608 3314 661 Christum
3364 604 3657 665 Dominum

2068 680 2309 727 nostrum
2342 673 2564 727 credere
2592 675 2708 727 sine
2738 677 2913 729 carnis
2941 676 3102 730 fuisse
3133 679 3486 739 veritate,aut
3506 696 3657 734 euin-

2069 741 2282 804 dem,et
2311 741 2581 795 hominem
2612 745 2679 797 de
2708 746 2935 798 materni
2963 747 3099 799 uteri
3119 748 3435 803 intemerata
3467 750 3657 803 fecun-

2068 810 2538 885 ditate_pro_disse,
2589 828 2707 866 cum
2759 815 2896 885 alter
2933 832 3120 869 eorum
3169 818 3656 885 dispensationem,

2067 896 2173 949 qua
2200 880 2390 954 salvati
2417 896 2619 954 sumus,
2656 884 2921 951 negando,
2947 895 3205 953 quantum
3236 880 3287 940 in
3318 903 3376 941 se
3395 898 3500 954 est,
3532 880 3656 942 irril

2072 948 2179 1002 tam
2205 948 2436 1027 faceret,
2466 950 2605 1027 alter
2632 948 2886 1027 opinione
2909 948 3200 1027 contraria,
3229 959 3322 1012 sed
3370 948 3655 1027 impietate

2069 1020 2334 1073 consimili
2361 1021 2411 1096 i_n_
2448 1022 2639 1096 eodem
2682 1021 2908 1096 Domino
2940 1035 3128 1096 nostro
3160 1024 3285 1079 Jesu
3315 1020 3526 1081 Chriéto
3550 1045 3655 1096 po-

2071 1097 2319 1160 testatem
2362 1089 2596 1160 divinam
2626 1106 2655 1143 a
2682 1107 2805 1145 vera
2837 1094 3137 1147 humilitate
3179 1096 3498 1160 secluderet,
3551 1089 3654 1150 ne-

2069 1158 2293 1230 querille
2338 1158 2681 1230 recordatust
2717 1162 2840 1230 quia
2873 1163 3190 1230 palpaudam
3237 1181 3453 1218 carnem
3486 1158 3654 1220 suam

2070 1228 2314 1281 Christus
2333 1229 2575 1303 _oste_-ndit
2610 1234 2625 1298 (
2657 1228 2780 1285 Luc.
2815 1228 2937 1303 xmv
2961 1228 2999 1303 ),
3033 1251 3205 1302 neque
3250 1236 3336 1288 ille
3369 1234 3653 1301 Evangelii

2070 1313 2296 1371 memor,
2333 1296 2564 1371 Verbum
2588 1296 2809 1371 carnem
2830 1296 3037 1371 factum
3062 1296 3180 1356 esst:
3208 1305 3433 1359 dicentis
3460 1296 3651 1371 (Joan.

2071 1369 2149 1435 ι).
2194 1367 2291 1422 Cui
2320 1384 2417 1420 vox
2450 1367 2656 1439 Domini
2690 1370 3061 1425 indelicienter
3089 1374 3340 1427 insonare
3362 1367 3647 1439 debuerat,

2069 1452 2172 1509 qua
2203 1439 2357 1500 dixit,
2380 1446 2459 1509 pet
2488 1437 2667 1492 docuit
2690 1442 2705 1509 (
2730 1441 2885 1494 Joan.
2934 1446 3028 1509 tu)
3057 1458 3069 1494 :
3097 1443 3262 1497 Neu-0
3307 1442 3549 1498 ascendit
3594 1437 3652 1499 in

2071 1508 2312 1578 cmlum,
2341 1506 2440 1560 nisi
2481 1509 2571 1577 qui
2602 1510 2667 1562 de
2695 1506 2832 1564 caelo
2873 1506 3173 1578 descendit,
3208 1512 3369 1566 Filius
3398 1514 3651 1578 hominis,

2068 1578 2159 1644 qui
2193 1585 2274 1630 est
2303 1577 2353 1630 in
2386 1579 2543 1651 ctylo.
2594 1579 2744 1647 Stepe
2775 1582 2886 1651 hcce
2926 1589 2979 1634 et
3009 1577 3190 1638 multis
3236 1577 3652 1651 praecedentium

2069 1656 2191 1699 sunt
2222 1648 2607 1716 comprehensa
2630 1650 2927 1706 sententiis.
2972 1652 3062 1704 sed
3095 1668 3195 1706 nec
3236 1648 3520 1708 clementia
3553 1671 3651 1708 ve—

2069 1726 2200 1779 stra,
2231 1717 2354 1771 licet
2383 1720 2544 1770 etiam
2574 1719 2713 1791 dicta
2743 1721 2872 1791 sint,
2904 1720 3176 1776 fastidiose
3204 1726 3399 1791 poterit
3421 1726 3652 1791 repetita

2071 1800 2381 1861 agnoscere,
2414 1802 2513 1841 nec
2543 1789 2696 1861 nobis
2724 1790 2896 1861 pudor
2924 1798 3007 1843 est
3034 1806 3096 1844 ea
3139 1789 3257 1859 quae
3283 1802 3405 1845 sunt
3448 1789 3654 1861 api-.1:-

2070 1857 2461 1931 decessoribus
2498 1859 2694 1911 uestris
2727 1857 3024 1931 praedicata
3051 1902 3064 1923 ,
3115 1857 3413 1915 revolvere.
3466 1857 3655 1931 Neque

2072 1926 2214 2000 enim
2245 1927 2499 2000 possibile
2543 1937 2646 1994 est,
2692 1926 2873 2000 utrsit
2907 1930 3189 1985 diversitas
3232 1926 3651 2000 prtedicationis,

2072 1997 2162 2068 ubi
2192 2012 2296 2049 uaa
2346 2009 2427 2068 est
2471 1996 2637 2068 forma
2662 1999 2930 2068 veritatis,
2974 2014 3072 2054 nec
3107 2001 3174 2054 ab
3222 1996 3279 2054 re
3321 1996 3656 2068 iudicabitur

2070 2066 2325 2129 alienum,
2357 2067 2403 2119 si
2449 2081 2570 2119 cum
2621 2066 2701 2121 his
2738 2083 2857 2121 cum
2895 2071 3087 2136 quibus
3127 2066 3476 2125 convenimus
3521 2072 3651 2136 fide,

2069 2149 2425 2208 congruamus
2454 2146 2505 2187 et
2532 2136 2799 2208 dogmate.
2845 2137 3208 2193 Revolvantur
3255 2142 3357 2208 piis
3403 2156 3653 2194 mansne-

2073 2206 2271 2279 tudinis
2320 2215 2508 2279 vestrze
2557 2206 2774 2279 auribus
2804 2209 3024 2279 decreta
3075 2206 3352 2279 synodica,
3404 2220 3457 2263 ct
3505 2214 3653 2265 beati

2072 2289 2223 2343 papa:
2255 2274 2445 2328 Leonis
2473 2278 2846 2332 convenientia
2877 2293 3043 2332 sacrae
3068 2274 3184 2333 fidei
3217 2282 3527 2343 constituta,
3559 2297 3652 2334 ea-

2070 2346 2191 2397 dem
2218 2344 2501 2399 iuvetietis
2527 2347 2576 2398 in
2598 2346 2701 2399 illis
2730 2362 2848 2414 qua:
2875 2351 3166 2404 recensetis
3190 2350 3239 2402 iu
3269 2351 3486 2403 nostris.
3511 2352 3665 2416 Quid

2069 2422 2307 2487 ergoﬂest
2328 2422 2450 2487 post
2480 2416 2625 2468 illum
2660 2417 2858 2487 fimtcm
2885 2417 2916 2467 fi
2940 2419 3117 2472 lelium
3147 2422 3651 2487 statuturum,qu0d

2070 2485 2318 2556 amplius,
2349 2484 2397 2539 si
2440 2492 2617 2538 tamen
2668 2486 2785 2541 lidei
2832 2488 3090 2556 terminos
3128 2499 3329 2553 servat,
3354 2484 3655 2556 quamlibet

2069 2554 2311 2626 curiosus
2337 2563 2619 2626 scrutator
2649 2556 2918 2623 inquirat?
2947 2555 3065 2612 Non
3109 2574 3245 2626 Opus
3274 2570 3355 2612 est
3376 2554 3475 2611 aut
3505 2560 3655 2626 adje-

2070 2625 2249 2697 ctioue
2288 2624 2490 2697 plebis,
2532 2633 2639 2697 aut
2667 2626 3003 2681 institutione
3046 2624 3318 2697 perfectis,
3371 2629 3471 2682 nisi
3512 2624 3585 2682 [οἱ
3599 2640 3654 2681 te

2070 2694 2183 2747 vult
2209 2695 2487 2768 quisquam
2512 2694 2762 2768 dubitare
2790 2712 2948 2766 quam
2971 2694 3208 2763 credere,
3238 2708 3449 2752 certare
3488 2714 3653 2768 quam
3696 2722 3697 2725 η

2070 2778 2249 2833 posse,
2298 2766 2449 2833 sequi
2493 2763 2652 2817 dubia
2694 2763 2853 2832 quam
2902 2781 3119 2822 servare
3157 2768 3397 2822 decreta.
3440 2763 3573 2821 Nam
3604 2769 3653 2821 si

2070 2830 2301 2907 Trinitas
2331 2830 2487 2897 Deus,
2520 2834 2622 2887 hoc
2650 2830 2731 2887 est
2760 2834 2936 2899 Pater,
2966 2835 3012 2907 7F
3018 2838 3155 2900 ilius,
3186 2846 3241 2891 et
3265 2838 3493 2907 Spiritus
3521 2854 3654 2892 san-

2068 2912 2206 2976 ctus,
2233 2902 2373 2958 Deus
2393 2911 2571 2976 autem
2594 2919 2748 2976 unus,
2779 2906 3085 2971 specialiter
3107 2902 3413 2976 legislatore
3440 2909 3656 2962 dicente

2072 2971 2251 3042 (Deut.
2275 2977 2349 3041 vr)
2382 2991 2395 3026 :
2421 2973 2576 3035 Audi,
2596 2973 2780 3042 Israel,
2808 2976 3060 3030 Dominus
3083 2971 3220 3030 Deus
3252 2985 3373 3031 tuus
3392 2994 3524 3031 unus
3545 2987 3651 3039 est,

2069 3044 2298 3110 qualiter
2322 3044 2485 3098 habet
2514 3058 2732 3099 necesse
2768 3054 2868 3108 est,
2916 3054 3006 3099 aut
3034 3047 3368 3101 divinitatem
3401 3048 3452 3101 in
3485 3049 3653 3101 multa

2070 3114 2288 3175 dividat,
2322 3123 2414 3167 aut
2441 3114 2745 3181 specialiter
2770 3118 3072 3183 passionem
3105 3118 3202 3183 ipsi
3232 3118 3476 3171 essentia:
3524 3117 3653 3170 Tri-

2074 3183 2258 3257 uitatis
2287 3184 2561 3257 impingat.
2593 3183 2849 3257 Et_(quod
2880 3187 3019 3239 absit
3046 3186 3331 3257 apfidelium
3361 3189 3652 3257 mentibus)

2072 3252 2175 3324 hoc
2202 3261 2287 3308 est
2312 3262 2404 3307 aut
2431 3255 2620 3324 plures
2645 3252 2775 3309 deos
2797 3270 2946 3309 more
2974 3255 3212 3324 profana:
3228 3258 3540 3324 gentilitatis
3570 3252 3644 3310 ini

2072 3321 2291 3395 ducere,
2321 3332 2413 3377 aut
2432 3321 2733 3395 sensibilem
2766 3321 3063 3393 pmnainad
3089 3341 3205 3379 eam
3233 3321 3498 3389 naturam,
3530 3342 3656 3395 qua:

2073 3392 2246 3446 aliena
2277 3401 2357 3463 est
2394 3393 2462 3446 ab
2509 3394 2656 3448 omni
2699 3392 2968 3463 passione,
3000 3395 3308 3450 transferre.
3344 3395 3515 3450 Unum
3549 3392 3654 3451 ‘est

2074 3472 2255 3516 sancta
2288 3462 2537 3525 Trinitas,
2572 3478 2676 3516 non
2702 3462 3087 3533 multiplicatur
3116 3481 3363 3531 numero,
3394 3482 3498 3520 non
3531 3482 3657 3521 cre-

2072 3533 2175 3605 scit
2198 3541 2506 3605 augmento,
2542 3548 2644 3587 nec
2685 3543 2864 3605 potest
2890 3544 2981 3587 aut
3009 3536 3352 3605 intelligentia
3399 3552 3656 3605 compre-

2074 3599 2256 3674 bendi,
2279 3599 2373 3656 aut
2391 3603 2525 3674 hoc,
2575 3599 2717 3671 quod
2749 3604 2890 3658 Deus
2919 3612 3018 3667 est,
3052 3599 3372 3659 discretione
3418 3599 3655 3674 sejuugi.

2074 3670 2203 3735 Quis
2224 3686 2357 3744 ergo
2388 3672 2462 3744 ill_i
2491 3670 2701 3727 secreto
2723 3683 2944 3744 aeterna:
2974 3670 3496 3744 impenetrabilisque
3527 3670 3658 3729 su'b-

2072 3743 2299 3805 stantize,
2317 3742 2459 3809 quod
2484 3757 2656 3810 neque
2682 3742 2785 3796 ulla
2809 3743 2892 3797 vel
2918 3742 3257 3797 invisibilium
3285 3742 3656 3799 creaturarum

2074 3813 2247 3879 potuit
2273 3812 2591 3879 investigare
2612 3821 2821 3880 natura,
2846 3814 3123 3882 profanam
3146 3815 3459 3869 divisionem
3483 3825 3662 3869 tentet

2075 3884 2337 3954 ingerere,
2368 3890 2424 3935 et
2462 3882 2640 3954 divina
2669 3890 2831 3954 atque
2878 3898 3076 3954 arcana
3117 3885 3365 3954 mysteria
3399 3900 3662 3939 revocare

2074 3952 2151 4022 ad
2170 3951 2433 4006 calculum
2475 3952 2638 4005 moris
2684 3952 2935 4006 humani?
2963 3951 3263 4008 Adoremus
3311 3952 3550 4022 Patrem,
3601 3967 3665 4008 et

2076 4019 2368 4092 Filium,et
2392 4021 2646 4092 Spiritum
2677 4031 2949 4087 sanctum,
2982 4023 3345 4076 indistinctam
3377 4019 3657 4085 distincte.

2075 4089 2692 4159 incomprehensibilem,
2740 4100 2795 4146 et
2840 4093 3254 4147 ineuarrabilem
3301 4092 3659 4147 substantiam

2076 4158 2470 4231 Trinitatis,ubi
2498 4163 2539 4215 si
2564 4162 2795 4231 admittit
2819 4178 3098 4217 numerum
3127 4164 3262 4216 ratio
3278 4176 3658 4231 personarum,

2079 4230 2253 4298 unitas
2279 4238 2457 4284 tamen
2496 4246 2601 4285 non
2640 4230 2875 4285 admittit
2921 4235 3167 4287 essentia:
3208 4230 3663 4298 singularitatem,

2078 4296 2149 4350 ita
2177 4307 2353 4354 tamen
2388 4307 2447 4371 ut
2470 4316 2744 4354 servemus
2770 4302 2961 4355 divina?
2989 4304 3201 4371 propria
3226 4296 3447 4365 naturae,
3474 4296 3666 4357 serve;

2076 4382 2197 4441 mus
2222 4370 2436 4441 propria
2466 4371 2752 4437 unicuique
2780 4370 3041 4440 personae,
3076 4370 3132 4425 ut
3161 4388 3261 4425 nec
3290 4373 3534 4441 personis
3579 4374 3666 4425 di-

2080 4438 2331 4508 vinitatis
2360 4440 2696 4508 singularitas
2742 4438 3048 4508 generetur,
3103 4457 3203 4495 nec
3246 4438 3313 4494 ad
3370 4445 3666 4494 essentiam

2008 4520 2054 4577 ι)
2082 4506 2208 4571 hoc,
2239 4510 2381 4578 quod
2410 4506 2491 4565 est
2519 4506 2791 4579 proprium
2820 4513 3113 4576 nominum,
3148 4510 3513 4565 transferatur.
3550 4511 3671 4563 Ma-

2125 4594 2246 4652 num
2292 4588 2375 4652 est
2417 4588 2469 4652 et
2518 4580 3299 4652 incomprehensibilesanctae
3345 4584 3669 4652 mysterium

2086 4591 2246 4699 puum
2292 4591 2375 4634 est
2417 4591 2469 4631 et
2518 4591 3054 4647 mcomprehensrbue
3099 4591 3299 4635 sancte
3345 4591 3669 4652 mysterium

2135 4648 2386 4723 rinitatis_.
2422 4648 2571 4723 Deus
2614 4646 2795 4723 Pater,
2827 4650 2965 4705 Deus
3011 4650 3192 4714 Filius,
3244 4651 3383 4704 Deus
3430 4651 3672 4723 Spiritus

2083 4726 2318 4781 sanctus,
2345 4718 2577 4789 Trinitas
2605 4718 2848 4785 indivisa,
2878 4730 2933 4773 et
2970 4729 3146 4774 tamen
3176 4730 3363 4774 notum
3407 4718 3489 4775 esi
3535 4723 3667 4789 quia

2123 4789 2356 4860 roprium
2399 4798 2482 4844 est
2513 4788 2682 4860 Patris
2710 4798 2769 4860 ut
2812 4800 3096 4856 generaret
3132 4790 3351 4855 Filium;
3386 4788 3669 4860 proprium

2123 4804 2356 4858 l'upt‘ltlln
2399 4803 2482 4844 εει
2513 4803 2682 4843 ratris
2713 4803 2769 4842 ut
2812 4803 3096 4856 generaret
3132 4803 3351 4855 riuum;
3386 4806 3669 4860 proprium

2082 4803 2200 4912 E‘ilii
2231 4858 2324 4913 Dei
2353 4867 2409 4913 ut
2429 4874 2499 4913 ex
2528 4858 2685 4914 Patre
2709 4858 2850 4912 Patri
2875 4869 3185 4914 nasceretur
3206 4861 3452 4929 aequalis:
3477 4868 3670 4913 notum

2081 4929 2241 4999 etiam
2271 4928 2397 4999 quid
2427 4929 2496 4983 sit
2520 4931 2791 4999 proprium
2820 4929 3051 4999 Spiritus
3078 4928 3283 4992 sancti,
3325 4939 3381 4983 ut
3409 4930 3475 4983 de
3504 4929 3674 4984 Patre

2080 4998 2200 5073 et-F
2205 4998 2297 5052 ilio
2325 4998 2769 5073 procederetsub
2801 5015 2902 5073 una
2926 5001 3236 5073 substantia
3263 5000 3495 5073 deitatis.
3530 5000 3673 5073 Prof-

2080 5070 2254 5137 prium
2285 5078 2462 5122 autem
2491 5069 2609 5123 Filii
2640 5070 2733 5123 Dei
2760 5077 2816 5122 ut
2836 5069 2987 5137 juxta
3018 5070 3067 5122 id
3096 5069 3241 5137 quod
3269 5071 3524 5138 scriptum
3558 5069 3669 5130 est,

2080 5140 2136 5192 in
2164 5140 2465 5192 novissimis
2494 5140 2824 5193 temporibus
2853 5139 3084 5193 Verbqu
3114 5155 3245 5193 caro
3297 5138 3448 5193 fieret
3476 5147 3533 5191 et
3566 5140 3676 5191 ba-

2080 5210 2277 5263 bitaret
2305 5208 2355 5261 in
2388 5210 2543 5263 nobis
2569 5207 2618 5277 (1
2652 5207 2767 5262 Pet.
2801 5224 2849 5273 ις
2888 5208 3048 5263 Joan.
3091 5208 3153 5277 ι).
3186 5209 3259 5262 Ita
3293 5210 3427 5261 intra
3452 5209 3671 5261 viscera

2080 5286 2277 5349 saneta;
2319 5278 2498 5333 Mariae
2524 5278 2753 5349 Virginis
2782 5279 3072 5333 Geuitricis
3102 5278 3197 5332 Dei
3226 5280 3388 5331 unitis
3416 5278 3675 5349 utrisque

2079 5349 2195 5402 sine
2225 5348 2402 5416 aliqua
2428 5348 2742 5403 cenfusione
2782 5349 3009 5415 naturis,
3042 5358 3099 5400 ut
3126 5365 3218 5417 qui
3266 5358 3391 5402 ante
3421 5348 3675 5415 tempora

2082 5427 2198 5471 erat
2226 5416 2390 5471 Filius
2416 5418 2526 5484 Dei,
2562 5418 2712 5473 fieret
2739 5418 2877 5471 lilius
2906 5416 3156 5484 hominis,
3186 5426 3241 5472 et
3268 5427 3580 5471 nasceretur
3600 5434 3673 5471 ex

2084 5497 2326 5557 tempore
2348 5489 2577 5543 hominis
2600 5504 2749 5543 more
2773 5488 2957 5541 matris
2980 5489 3189 5541 vulvam
3216 5496 3371 5540 natus
3394 5489 3670 5555 aperiens,

2082 5568 2137 5610 et
2169 5558 2523 5624 virginitatem
2555 5560 2739 5611 matris
2786 5559 3001 5612 deitatis
3031 5560 3227 5611 virtute
3267 5572 3374 5611 non
3423 5558 3645 5611 solvens

2085 5627 2309 5693 Dignum
2342 5628 2500 5695 plane
2530 5629 2639 5683 Deo
2667 5637 2921 5681 nascente
2965 5628 3298 5699 mysterium,
3341 5633 3398 5699 ut_
3423 5634 3678 5699 servaret

2087 5707 2295 5767 partum
2326 5699 2441 5753 sine
2471 5699 2837 5767 corruptione,
2879 5699 2966 5764 qui
3007 5695 3331 5765 com-cptum
3373 5695 3499 5750 fecit
3528 5710 3680 5746 .essc-

2087 5785 2199 5823 sine
2230 5770 2452 5836 semine,
2503 5784 2723 5824 servans
2762 5768 2903 5836 quod
2945 5785 3009 5823 ex
3040 5778 3191 5837 patre
3220 5775 3352 5833 erat,
3395 5778 3445 5820 ct
3475 5778 3680 5832 reprac-
