3916 6202
164 330 275 395 $Si!

1170 332 1549 390 COLLECTIO
1588 333 1629 387 11
1670 332 2126 391 DECRETORUM
2170 336 2270 391 PP.
2318 337 2427 391 RR.

3322 338 3426 391 35?.

196 463 381 510 scutatis
402 449 535 519 quod
556 465 620 504 ex
658 458 830 504 matre
854 447 1108 519 suscepit.
1134 445 1267 519 Nam
1309 448 1447 501 unde
1470 444 1659 519 jacens
1686 446 1737 499 in
1773 451 1817 510 Α
1846 449 2055 504 saeculis
2104 448 2435 513 ﬁrmitatem,
2468 449 2725 518 incipiens
2753 466 2784 505 a
2816 449 3032 519 Moyse,
3085 461 3138 505 ct
3178 454 3428 505 munibus

197 543 285 577 nne
311 515 428 592 cpio'
448 521 722 592 videbatur
748 521 798 573 in
826 520 995 592 caelo,
1015 515 1298 592 involutus
1314 515 1736 592 _pannis__adora«

196 586 380 647 luatur'a
407 589 1023 661 magis,iuteranimalia
1050 587 1243 656 editus,
1278 588 1345 661 ab
1368 586 1571 657 angelis
1600 601 1737 661 nun-

198 668 351 726 tiatus,
380 662 462 714 vix
486 655 732 727 egressus
763 657 1038 713 infantiam
1058 698 1073 720 ,
1118 655 1458 727 annuntians
1482 655 1741 725 mysticas

196 736 291 787 sine
314 726 608 785 instituente
636 729 929 794 doctrinas,
971 727 1115 780 inter
1143 726 1443 781 rudimenta
1474 740 1739 794 annorum

199 803 442 869 puerilium
488 800 651 854 edens
711 793 1012 853 caelestium
1058 796 1207 869 signa
1253 793 1738 869 virtutum'i_ldeni

202 864 317 925 enim
356 872 489 925 Deus
522 879 577 922 et
614 869 799 931 homo,
830 883 956 930 non,
1007 874 1064 921 ut
1092 868 1160 921 ab
1190 866 1493 921 inﬁdelibus
1521 864 1739 932 dicitur,

199 944 277 995 sub
297 948 472 1007 quarta
520 937 915 995 introductione
949 952 1210 1007 personm,
1243 934 1337 990 sed
1366 936 1480 1007 ipse
1512 934 1604 1007 Dei
1650 933 1739 1007 Fi-

201 1015 279 1064 lius
302 1004 446 1073 Deus,
476 1018 531 1062 et
557 1009 741 1075 homo,
773 1008 911 1062 idem
937 1004 1127 1071 virtus,
1158 1015 1211 1060 et
1238 1006 1535 1068 inﬁrmitas,
1560 1004 1740 1057 humi—

201 1085 311 1144 Ltas,
347 1089 399 1135 et
437 1078 707 1146 maiestas,
746 1077 1052 1140 redimens,
1100 1085 1156 1146 et
1178 1075 1542 1146 venditus,riu
1583 1087 1743 1146 cruce

200 1152 389 1216 positus,
418 1157 471 1202 et
493 1143 613 1202 (εἱειὶ
642 1161 804 1215 regna
830 1147 1066 1215 largitus.
1114 1145 1191 1199 Ita
1218 1156 1415 1200 nostra:
1456 1143 1740 1197 inﬁrmita-

200 1222 269 1287 tis,
297 1229 346 1273 ut
368 1218 538 1288 possit
564 1218 825 1288 interimi,
851 1217 1141 1288 ingenitate
1168 1216 1440 1288 potentiae,
1472 1230 1540 1288 ne
1563 1220 1745 1288 posset

199 1283 342 1343 morte
370 1283 630 1349 consumi,
679 1283 929 1355 sepultus
963 1294 1065 1355 est,
1085 1283 1249 1355 quta
1292 1284 1346 1338 id
1388 1283 1551 1355 quod,
1580 1283 1743 1336 homo

198 1361 337 1413 voluit
364 1359 532 1417 nasci,
557 1364 614 1411 et
634 1352 787 1424 juxta
830 1356 879 1409 id
908 1354 1055 1424 quod
1085 1352 1231 1408 Patri
1261 1361 1378 1408 erat
1416 1354 1627 1417 similis,
1654 1367 1743 1406 re-

197 1430 431 1493 surrexit,
464 1427 676 1497 patiens
704 1426 1018 1497 vulnerum,
1069 1431 1125 1479 et
1170 1424 1405 1497 salvator
1448 1436 1733 1497 aegrorum,

199 1516 312 1553 imus
339 1491 725 1561 defunctorum,
766 1504 821 1549 et
841 1496 1136 1549 viviticator
1174 1494 1518 1554 obeuntium,
1567 1492 1634 1545 ad
1664 1491 1748 1545 in-

198 1571 319 1623 ferna
346 1567 690 1631 descendens,
722 1575 778 1621 et
809 1582 837 1619 a
867 1564 1039 1619 Patris
1076 1564 1281 1632 gremio
1310 1578 1417 1617 non
1465 1562 1743 1632 recedens.

202 1638 323 1693 [Inde
348 1647 400 1692 et
424 1638 685 1700 animam,
715 1651 875 1703 quam
902 1650 999 1705 pro
1029 1631 1313 1705 communi
1324 1631 1632 1705 conditione
1651 1646 1752 1700 po-

196 1710 298 1769 suit,
324 1722 416 1777 pro
438 1707 698 1777 singulari
726 1702 942 1773 virtute,
959 1714 1013 1759 et
1040 1703 1337 1777 admirabili
1363 1702 1600 1777 potentia
1624 1716 1747 1753 mox

199 1772 470 1847 resumpsit.
525 1772 649 1831 11ωο
697 1777 777 1847 ita
803 1772 959 1847 esse,
1001 1789 1125 1847 nec_
1146 1774 1311 1847 ullam
1356 1772 1746 1847 dubitationem

200 1820 421 1915 oporterre
465 1847 737 1914 recipere,
769 1844 819 1899 id
847 1820 960 1906 est:
1001 1859 1067 1899 ne
1096 1843 1351 1915 Dominus
1380 1849 1563 1896 noster
1592 1839 1748 1895 Jesus
1782 1820 1824 1877 Β

197 1917 409 1971 Christus
435 1925 535 1971 aut
562 1917 703 1970 inter
738 1916 978 1983 corporis
1002 1914 1282 1984 passiones
1328 1914 1469 1984 Deus
1497 1926 1603 1984 non
1630 1924 1749 1964 esse

196 1987 505 2051 crederetur,
548 1993 641 2039 aut
678 2000 747 2039 ne
790 1980 928 2039 Deus
971 1980 1199 2049 tantum,
1246 1998 1352 2037 non
1392 1982 1553 2037 etiam
1584 1980 1747 2034 homo

199 2058 314 2109 inter
338 2072 503 2125 opera
536 2055 856 2109 mirabilium
882 2053 1146 2125 stupenda
1168 2054 1440 2117 virtutum,
1473 2051 1750 2125 proposito

198 2143 277 2180 nos
299 2122 524 2204 duorum
556 2125 919 2204 apostolorum
947 2122 1280 2204 informavit;
1282 2122 1549 2204 exemplo,
1578 2122 1746 2204 Deum

199 2190 903 2250 esseChristumDominum
952 2202 1191 2249 nostrum
1242 2191 1385 2247 Petri
1428 2190 1553 2257 title,
1582 2190 1753 2245 homi-

199 2282 297 2319 nem
316 2265 537 2319 Thomas
563 2265 949 2320 dubitationem
978 2264 1274 2318 declarans.
1310 2262 1447 2329 Quid
1477 2262 1619 2314 enim
1666 2261 1747 2314 in-

200 2346 386 2399 tererat,
418 2346 481 2391 ut
511 2351 669 2405 quem
691 2350 753 2405 se
774 2334 1016 2388 homines
1036 2333 1297 2405 dicerent,
1313 2331 1607 2405 discipulos
1621 2345 1749 2385 suos

199 2407 335 2459 vellet
361 2400 655 2474 inquirere,
701 2404 801 2458 nisi
834 2412 891 2458 ut
932 2403 1290 2474 respondente
1331 2400 1489 2457 Petro
1523 2419 1545 2474 :_
1566 2400 1647 2454 Tu
1691 2415 1749 2474 es

198 2475 409 2530 Christus
432 2469 611 2530 Filius
642 2475 732 2528 Dei
764 2475 888 2540 vivi,
936 2469 1118 2527 notum
1146 2471 1366 2532 faceret,
1396 2487 1505 2526 non
1534 2472 1639 2525 hoc
1682 2469 1749 2523 de

198 2562 334 2601 carne
360 2555 412 2599 et
460 2546 725 2613 sanguine
754 2544 1019 2613 proditum
1042 2585 1056 2611 ,
1106 2543 1199 2597 sed
1244 2541 1405 2597 Patre
1434 2541 1544 2594 Deo
1593 2540 1751 2608 inspi-

197 2628 322 2670 rante
348 2612 670 2678 revelatum,
698 2612 870 2683 et’per
894 2613 1255 2668 testimonium
1279 2612 1507 2683 laudata:
1524 2626 1749 2678 respon-

196 2685 335 2740 sionis
374 2686 515 2739 ﬁdes
539 2680 803 2754 patefacta
849 2684 998 2738 ﬁeret
1027 2682 1299 2754 veritatis?
1328 2680 1465 2754 Quid
1495 2683 1751 2754 intererat

194 2766 243 2807 ut
274 2750 566 2823 apparente
593 2762 717 2824 post
756 2755 1204 2808 resurrectionem
1249 2751 1496 2824 Domino,
1519 2750 1750 2824 Thomas

196 2822 374 2878 tantum
416 2834 520 2879 aut
562 2822 774 2879 abesaet
799 2841 827 2877 a
858 2824 1093 2882 emeris.
1126 2822 1381 2877 autsolus
1426 2822 1742 2888 ambigeret,

194 2896 275 2949 nisi
303 2905 355 2949 ut
384 2895 624 2949 mundus
651 2894 916 2957 crederet,
963 2890 1410 2964 quodambigens
1458 2888 1750 2959 discipulus

194 2966 528 3033 explorasset,
562 2975 620 3017 ut
645 2965 771 3019 dum
795 2965 949 3017 unius
977 2963 1220 3017 manibus
1244 2978 1304 3017 se
1333 2970 1605 3033 pateretur
1635 2966 1752 3033 tau:

195 3028 339 3097 μίξει)
362 3036 715 3089 universitate
739 3033 968 3088 ﬁdelium
991 3033 1113 3102 quid
1144 3040 1287 3087 esset
1312 3028 1480 3101 possit
1498 3028 1752 3102 agnosci?

195 3104 289 3158 Non
330 3119 460 3173 ergo
514 3104 581 3158 ad
626 3099 1032 3172 improbandum
1074 3099 1389 3170 discipulum
1438 3099 1752 3173 interposita

1845 520 2141 589 prophetis,
2173 519 2318 587 quod
2346 514 2672 587 oportuisset
2694 521 2800 588 pati
2834 514 3119 576 Christum.
3157 532 3212 575 et
3241 523 3312 575 ita
3345 525 3428 575 in-

1841 598 1985 661 trare
2014 590 2065 643 in
2110 590 2334 661 gloriam
2372 605 2544 655 snam,
2572 591 2955 661 interpretatus
2980 591 3216 645 ostendit
3243 600 3299 646 et
3331 607 3428 661 per

1840 659 2143 728 passionem
2173 659 2462 712 humanam
2490 670 2761 724 naturam,
2782 669 2838 714 et
2864 660 3096 715 divinam
3128 661 3179 715 in
3210 676 3277 715 eo
3306 659 3428 716 esse

1840 744 1939 799 per
1959 729 2204 797 gloriam.
2237 728 2616 797 Multiplicibus
2646 730 2763 784 hznc
2789 739 3093 785 sanctarum
3119 730 3429 799 Scriptura-

1841 815 1959 872 rupm
1990 799 2326 872 insinuantur
2355 800 2937 872 exemplis_,_necpapud
2962 800 3265 868 religiosam
3295 816 3431 856 con-

1841 869 2123 949 scientiam
2179 876 2323 949 tuam
2350 908 2383 949 ,ﬂ
2408 870 2732 949 venerabilis
2781 869 3114 939 imperator,
3172 874 3449 939 tanquam

1842 939 2025 1006 ignota
2055 938 2328 1010 dicuntur;
2349 937 2483 1010 ﬁdes
2502 940 2645 993 enim
2668 940 2801 1010 ipsa,
2832 937 2952 1010 qua:
2978 954 3009 992 a
3034 946 3088 993 te
3117 937 3429 995 constanter

1844 1009 2122 1075 asseritur,
2149 1008 2245 1062 tibi
2270 1007 2448 1062 reddit
2476 1010 2580 1065 hoc
2603 1007 2865 1074 muneris,
2881 1018 2939 1063 ut
2967 1010 3213 1065 sensibus
3236 1010 3339 1063 tuis
3369 1018 3428 1065 et

1845 1077 2090 1132 allectum
2118 1078 2199 1132 sui
2232 1078 2449 1148 inserat,
2467 1086 2526 1148 et
2552 1080 2851 1147 scientiam,
2882 1094 2979 1148 per
3005 1093 3166 1147 quam
3196 1080 3427 1147 diligen-

1846 1148 1950 1202 tius
1976 1156 2266 1213 asseratur,
2297 1146 2556 1218 infundat.
2591 1148 2664 1202 Et
2690 1146 3131 1203 tamen—interest
3151 1146 3429 1218 dispensa-

1847 1218 2007 1272 tionis
2033 1218 2159 1271 mihi
2189 1217 2425 1284 creditae,
2457 1227 2514 1271 ut
2540 1233 2640 1287 ego
2668 1234 2882 1288 quoque
2909 1220 2995 1273 vel
3025 1219 3166 1288 apud
3194 1217 3427 1274 scientes

1848 1298 1973 1342 nota
1999 1303 2105 1342 non
2142 1296 2367 1358 taceam,
2402 1296 2461 1342 ut
2486 1289 2807 1344 succedente
2836 1289 2937 1343 sibi
2978 1304 3076 1358 per
3097 1290 3240 1344 vices
3290 1298 3430 1344 tem-

1847 1374 2037 1427 porum
2075 1357 2464 1413 catholicorum
2508 1358 2907 1426 praedicatione,
2937 1357 3133 1428 sensim
3172 1360 3315 1428 quod
3346 1360 3430 1412 in-

1847 1428 2160 1483 deticienter
2186 1428 2461 1494 asseritur,
2489 1430 2605 1483 sine
2644 1428 2749 1484 ﬁne
2775 1432 3039 1482 credatur.
3083 1427 3266 1483 Latius
3288 1430 3424 1493 hinc,

1847 1514 1971 1622 gnte
1993 1499 2059 1580 ad
2082 1498 2334 1578 deitatem
2363 1498 2856 1581 humanitatemque
2875 1498 3085 1553 Domini
3114 1501 3282 1580 nostri
3302 1496 3428 1552 Jesu

1894 1571 2044 1622 hrtstt
2072 1575 2341 1622 nertment
2364 1608 2378 1622 .
2409 1577 2463 1622 et
2493 1585 2546 1622 In
2589 1584 2655 1622 eo
2702 1578 2877 1622 unitas
2920 1569 3054 1622 duas
3082 1584 3201 1622 sme
3241 1566 3428 1622 confu-

1894 1570 2044 1623 hristi
2072 1568 2378 1638 pertinent,
2409 1577 2463 1622 et
2493 1571 2546 1623 in
2589 1584 2655 1623 eo
2702 1566 2877 1623 unitas
2920 1569 3054 1623 duas
3082 1568 3201 1623 sine
3241 1566 3429 1623 confu-

1847 1640 2002 1695 sione
2031 1646 2268 1702 naturas,
2299 1639 2450 1707 potui
2476 1639 2768 1694 secundum
2794 1648 3037 1694 veterum
3071 1638 3288 1693 deﬁnita
3318 1639 3429 1692 dis-

1847 1725 2047 1773 serere,
2077 1710 2120 1763 si
2147 1716 2288 1762 esset
2310 1708 2591 1763 adversum
2621 1724 2714 1763 eos
2742 1710 2831 1777 qui
2860 1710 2925 1765 iis
2948 1708 3289 1771 dissentiunt,
3312 1708 3429 1762 dis-

1852 1780 2167 1849 putandum,
2197 1778 2291 1832 sed
2320 1793 2440 1832 cum
2471 1779 2523 1832 in
2554 1780 2798 1834 manibus
2826 1780 3063 1849 omnium
3090 1779 3197 1849 sint
3224 1786 3279 1831 et
3304 1794 3430 1849 syn-

1853 1848 2007 1905 odica
2062 1850 2386 1919 constituta,
2445 1857 2499 1903 et
2536 1849 2674 1903 beati
2719 1864 2870 1919 papa
2916 1848 3111 1904 Leonis
3155 1848 3427 1916 dogmata,

1850 1920 2228 1989 perstrinxisse
2270 1918 2445 1989 potius
2487 1935 2696 1990 pauca,
2722 1918 2902 1990 qnam
2938 1920 3188 1974 evolvere
3230 1919 3429 1990 credidi

1850 1990 2258 2045 convenientius
2291 1990 2555 2043 universa.
2606 1989 2916 2045 Nunc’vero
2962 2003 3258 2057 agnoscere
3301 1989 3432 2042 satis

1849 2069 1933 2115 est
1961 2069 2014 2115 et
2042 2075 2256 2124 cavere,
2300 2059 2372 2112 ita
2403 2060 2820 2128 proprietatem,
2870 2066 2926 2113 et
2952 2059 3240 2113 essentiam
3285 2060 3432 2127 cogi-

1850 2131 2086 2194 tamtam,
2121 2136 2180 2182 ut
2219 2130 2420 2183 sciatur
2442 2129 2569 2199 quid
2597 2144 2861 2198 personae,
2892 2130 3019 2199 quid
3055 2144 3154 2182 nos
3181 2136 3431 2197 oporteat

1850 2201 2061 2255 deferre
2080 2200 2409 2254 substantizc.
2435 2198 2562 2265 Qua:
2589 2200 2680 2268 qui
2703 2198 3014 2253 indecenter
3042 2198 3323 2268 ignorant,
3340 2208 3432 2268 aut

1852 2272 2041 2326 callida
2067 2271 2342 2338 impietate
2370 2267 2725 2333 dissimulant,
2772 2268 2901 2322 dum
2927 2268 3182 2323 omittunt
3202 2267 3327 2338 quid
3358 2267 3433 2321 sit

1888 2341 2124 2410 roprium
2147 2337 2271 2394 Filii
2304 2342 2356 2393 in
2388 2339 2647 2393 Trinitate
2671 2381 2685 2403 ,
2716 2339 2943 2410 tendunt
2972 2337 3191 2410 insidias
3214 2337 3425 2410 unitati.

1888 2358 2124 2410 roprium
2159 2358 2271 2394 I'llll
2304 2358 2356 2393 111
2399 2358 2647 2393 Πιηιιδιε
2671 2381 2685 2403 ,
2716 2358 2943 2393 ῐθηῐιιιηῑ
2972 2358 3191 2391 lnSlUIaS
3214 2358 3425 2391 Ullllall.

1849 2358 1955 2466 gcd
1981 2412 2025 2465 si
2056 2426 2173 2479 qua:
2203 2412 2454 2479 prmdicta
2480 2417 2603 2463 sunt
2627 2408 2817 2463 validis
2848 2416 3131 2479 teneantur
3156 2405 3258 2460 ﬁxa
3285 2407 3430 2460 radi-

1850 2482 2019 2545 cibus,
2069 2477 2168 2536 nec
2206 2477 2239 2533 a
2283 2478 2838 2551 patcma‘traditione
2882 2477 3172 2551 receditur,
3200 2482 3433 2551 etcop-

1849 2560 2056 2605 stanter
2083 2545 2464 2617 qumstionibus
2484 2548 2752 2604 obviatur.
2772 2548 3006 2617 Datavm
3026 2545 3236 2617 calend.
3260 2546 3429 2616 April.

1852 2621 2064 2677 Valerio
2093 2621 2330 2676 Victorio
2357 2635 2508 2675 cons.
2535 2619 2675 2691 (An.
2705 2618 2894 2673 Christi
2929 2616 3080 2689 521.)

1854 2733 2135 2791 llormisyla
2182 2731 2527 2803 presbyteris,
2573 2728 2875 2803 diaconibus
2919 2736 2971 2782 et
3015 2725 3435 2781 arcltimandritis

2418 2801 2658 2856 secunda
2685 2799 2874 2871 Syria.

1920 2894 2008 2950 ιν.
2044 2893 2218 2949 Lectis
2233 2892 2425 2948 litteris
2438 2891 2741 2946 dilectionis
2752 2886 3172 2959 vcstrte,quibus
3192 2885 3436 2959 inimico-

1852 2982 1969 3020 rum
1993 2965 2085 3018 Dei
2118 2962 2381 3033 patefacta
2410 2961 2627 3016 vesania
2656 2969 2756 3033 est,
2782 2969 2837 3033 e_t
2865 2958 3161 3033 inﬁdelium
3189 2958 3435 3033 pertinax

1853 3037 2002 3091 furor
2026 3028 2271 3088 dolenter
2298 3033 2574 3102 expositus
2597 3070 2612 3093 ,
2661 3031 2753 3099 qui
2790 3030 2928 3102 dum
2958 3028 3198 3083 redivivo
3245 3028 3434 3096 spiritu

1855 3106 2085 3160 oderunt
2115 3103 2303 3167 Deum,
2331 3100 2572 3156 membra
2621 3102 2761 3155 illius
2808 3100 2969 3170 impie
3007 3106 3435 3170 persequuntur;

193 3183 262 3251 est
303 3166 608 3251 dubitatio,
661 3166 756 3228 sed
806 3175 1026 3251 quaasita
1073 3166 1405 3251 posteritatis
1432 3166 1751 3251 instructio.
1784 3191 1828 3251 ρ
1858 3174 2223 3251 quantum_ad
2262 3166 2576 3251 constantia:
2602 3166 3146 3251 v'estraa_agiiitionem
3190 3166 3439 3222 benedixi

195 3244 325 3299 Anne
360 3245 515 3299 aliud
538 3238 995 3313 exspectat'quod
1024 3238 1091 3297 se'
1112 3243 1250 3297 idem
1292 3241 1548 3313 Domiuns
1577 3243 1595 3309 (
1626 3238 1753 3291 Luc.

196 3317 319 3381 ιω)
348 3314 611 3383 Cleophm
637 3309 758 3369 cum
784 3309 889 3367 alio
915 3313 1194 3383 discipulo,
1224 3310 1442 3383 c'um_ad
1480 3309 1757 3363 Emmaum

195 3380 453 3439 tendentes
486 3380 556 3438 de
584 3399 644 3439 se
670 3383 1018 3452 loquerentur
1044 3380 1300 3437 inseruit?
1326 3380 1411 3434 Et
1453 3394 1757 3452 quanquam

196 3453 250 3507 de
273 3454 669 3509 resurrectione
694 3448 901 3507 Domini
934 3467 1033 3522 per
1059 3452 1308 3507 mulieres
1334 3465 1453 3518 quin
1474 3448 1665 3519 prima:
1693 3448 1761 3501 ad

196 3534 589 3579 monumentum
632 3530 1013 3585 convenerant,
1058 3523 1431 3590 agnovissent,
1483 3528 1663 3590 tamen
1705 3526 1764 3590 ut

198 3609 280 3661 per
316 3610 510 3650 eorum
554 3594 943 3649 dubitationem
988 3586 1142 3647 darét
1183 3590 1523 3647 credentibus
1571 3586 1764 3643 futuris

1860 3240 2051 3312 Deum,
2076 3244 2231 3298 ﬁdem
2262 3243 2491 3312 militum
2519 3256 2740 3312 suorum
2788 3240 2927 3295 inter
2953 3240 3178 3312 adversa
3214 3252 3440 3294 servan-

1862 3329 1990 3379 tem,
2020 3308 2112 3369 sed
2142 3329 2354 3369 rursum
2384 3308 2743 3368 Ecclesiaﬁim
2781 3311 3213 3374 concussiouem,
3241 3316 3297 3362 et
3323 3323 3439 3362 scr-

1861 3402 2049 3509 vprum
2089 3384 2183 3438 Dei
2227 3383 2518 3449 molestias,
2561 3382 2880 3453 laboresque
2927 3380 3275 3437 considerans
3318 3392 3416 3449 pro

1861 3464 2043 3509 meta.

1860 3471 3440 3527 pheta........................

1648 3701 3453 3729 __________..___________.__..__—-—

1076 3796 1439 3857 DECRETA
1485 3795 1863 3856 GREGORII
1914 3793 2138 3854 PAPE
2181 3789 2559 3853 JUNIORIS.

257 4009 309 4064 ln
352 4025 581 4066 nomine
629 4008 841 4063 Domini
892 4003 989 4061 Dei
1030 4012 1085 4059 et
1111 4002 1409 4058 Salvatoris
1440 4003 1607 4057 nostri
1644 4000 1770 4055 Jcsu

196 4080 399 4150 Christi,
426 4084 732 4151 imperante
773 4076 989 4131 domino
1010 4083 1241 4151 nostro,
1267 4073 1505 4142 piissimo
1534 4072 1771 4151 Augusto

200 4144 395 4216 Leone,
432 4168 466 4207 a
509 4144 634 4203 'Deo
678 4154 963 4212 coronato,
1009 4144 1199 4216 Magno
1230 4145 1584 4216 imperatore,
1617 4144 1773 4195 Anno

198 4231 339 4275 sexto
364 4210 415 4278 ᾖ.
450 4238 509 4275 c.
539 4219 659 4287 ejus
684 4232 823 4272 anno
843 4210 1017 4277 sexto,
1044 4210 1141 4287 sed
1163 4221 1219 4267 et
1245 4210 1616 4287 constantino,
1634 4227 1774 4287 novo

196 4292 314 4359 imp.
358 4292 482 4361 ejus
524 4281 657 4353 lilio,
699 4303 841 4342 anno
885 4282 1138 4348 secundo,
1180 4297 1366 4337 mense
1412 4282 1601 4352 Aprili,
1640 4281 1777 4334 indi-

195 4362 361 4442 ttipne
388 4370 607 4442 quarta.

257 4419 588 4485 Pratsi'dente
616 4426 955 4483 sanctissimo
982 4439 1045 4478 ac
1075 4430 1157 4477 ter
1179 4422 1488 4483 beatissimo
1515 4419 1775 4488 Gregorio

194 4502 486 4582 apostolico
511 4515 674 4570 papa,
717 4500 768 4551 in
800 4495 1017 4583 basilica
1041 4492 1185 4548 beati
1226 4490 1369 4583 Petri
1409 4489 1774 4583 apostolorum
1807 4522 1854 4583 Β

197 4560 443 4639 principis
468 4613 486 4637 ,
511 4560 670 4623 'ante'
710 4566 1102 4639 contessionem
1150 4560 1564 4617 consedentibus
1611 4560 1775 4615 etiam

192 4638 542 4695 sanctissimis
571 4638 865 4708 episcopis,

259 4712 489 4778 Agnello
523 4708 857 4763 Ferentinati
876 4748 889 4771 ,

256 4780 295 4831 Υ
306 4782 435 4835 itale
469 4780 713 4833 Alatrino
729 4820 743 4843 ,

256 4849 531 4904 Martiano
560 4848 745 4905 Gabiis
765 4889 781 4913 ,

257 4919 485 4974 Tiberio
513 4919 673 4979 Svlva
705 4916 929 4972 candida
948 4955 962 4979 ,

256 4988 501 5058 Georgio
526 4976 717 5058 Nepae.

258 5057 481 5114 Andre:
512 5057 823 5121 Albanensi,

260 5129 585 5184 Tribunatio
609 5127 830 5191 Falaris,

252 5197 477 5254 Joanne
510 5198 755 5262 Blerano,

253 5270 456 5337 Sergio
491 5266 843 5337 Praenestino,

252 5336 601 5410 Syndercdo
614 5336 1019 5410 archiepiscopo
1034 5336 1295 5410 _Spaui:e,

253 5353 586 5410 bymercuo
614 5353 1019 5458 arcnietgscopo
1056 5353 1117 5404 δι

253 5410 494 5463 Sedutio
522 5409 779 5477 episcopo
853 5405 1117 5477 rimorum,

252 5480 538 5548 Fer-gusto
558 5474 825 5548 'episc'Opo
839 5474 1070 5548 Scotum,

254 5546 544 5617 Majbrino
572 5546 894 5610 Polimartii,

251 5619 491 5675 Joanne
518 5618 892 5681 Belitcrnensi,

250 5692 595 5761 Opportuna
626 5689 1014 5761 Naturanensl,

253 5758 520 5829 Georgio
542 5758 840 5829 Portuensi,

255 5828 548 5898 Gregorio
578 5828 866 5898 Anagnias,

1944 3998 2151 4054 Joanne
2171 3996 2402 4064 Signias,

1949 4068 2173 4137 Agnello
2203 4065 2444 4137 Sutrino,

1948 4134 2233 4193 Anastasio
2272 4134 2576 4202 Tiburtino,

1952 4208 2197 4264 Uviliarit
2241 4205 2547 4270 Narniensi,

1953 4279 2113 4333 Petro
2144 4277 2399 4330 Amerino
2419 4317 2435 4341 ,

1884 4349 1949 4403 Et
1974 4347 2370 4404 venerabilibus
2395 4345 2755 4417 presbyteris,

1952 4420 2205 4483 Sisinnio,
2561 4414 2573 4417 ⁷
3024 4414 3256 4485 Joanne,

1951 4490 2182 4553 Joanne,
3018 4485 3312 4552 Eustratio,

1951 4559 2178 4620 Marino,
3021 4558 3400 4625 Constantino,

1952 4629 2275 4710 Epiphanio,
3026 4628 3258 4695 Marino,

1953 4700 2209 4754 Sisinnto.
3028 4698 3258 4754 Joanne.

1995 4714 2209 4765 tsmnto,
3028 4714 3238 4753 Joanne

1954 4740 2209 4837 Georgio:
3024 4738 3325 4835 Thalassio,

1955 4840 2240 4909 Gregorio,
3022 4837 3261 4903 Joanne,

1955 4910 2182 4973 Joanne,

1888 4980 2200 5037 Astantibus
2224 4993 2441 5048 quoque
2465 4978 2815 5048 diaconibus,

1961 5049 2121 5106 Petro
2149 5049 2549 5120 archidiacono,

1958 5120 2219 5189 Gregorio
2250 5118 2518 5181 Macoseu,

1962 5190 2250 5245 Benedicto
2281 5189 2617 5255 diaconibus,
2642 5191 2729 5246 vel
2757 5201 2952 5246 cuncto
2982 5189 3147 5253 clero,

1958 5260 2250 5329 Gregorius
2279 5260 2646 5314 sanctissimus
2671 5276 2735 5315 ac
2758 5261 3101 5315 beatissimus
3131 5274 3265 5329 papa
3290 5260 3425 5315 dixit
3460 5280 3473 5316 :

1889 5333 2023 5387 Cum
2054 5336 2224 5384 simus
2243 5329 2524 5384 dominica:
2550 5331 2720 5399 plebis
2748 5344 2980 5398 superna
3008 5330 3357 5386 miseratione
3387 5348 3477 5386 re.

1892 5411 2095 5468 ctores,
2151 5399 2444 5471 studiosius
2491 5414 2611 5471 nos
2638 5399 2895 5471 convenit
2940 5400 3032 5454 Dei
3067 5400 3329 5471 praesidio
3380 5417 3478 5471 pro

1892 5487 2079 5527 eorum
2101 5484 2243 5538 saepe
2271 5470 2509 5534 cogitare
2537 5469 2739 5532 salute,
2772 5484 2841 5524 ne
2869 5470 2935 5523 dc
2956 5468 3177 5525 creditis
3214 5468 3480 5527 frustratis

1896 5539 2063 5611 (quod
2092 5538 2251 5607 absit)
2292 5539 2603 5611 animabus,
2638 5539 2844 5594 insidiis
2891 5541 3097 5609 antiqui
3140 5541 3309 5597 hostis
3355 5550 3481 5597 ante

1898 5610 2135 5681 omnium
2165 5610 2592 5681 pasto_rem,_iuisi
2620 5611 2873 5664 succedat
2899 5611 3277 5681 prmvcuiendo
3300 5611 3367 5667 de
3394 5613 3477 5667 ot-

1901 5680 2066 5735 fensis
2104 5678 2390 5749 correctio,
2438 5678 2738 5734 districtum
2770 5678 3027 5749 cogantur
3054 5682 3267 5737 solvere
3311 5683 3478 5737 ratio-

1903 5766 2047 5804 nem.
2100 5748 2337 5827 Dumque
2374 5752 2676 5827 perpendo,
2710 5751 2793 5805 vel
2845 5748 2912 5807 ad
2963 5751 3200 5827 animum
3250 5751 3475 5827 reduco,

1904 5826 2105 5889 quanta
2154 5818 2636 5887 circumspectione
2681 5837 2778 5877 nos
2820 5830 3071 5891 oporteat
3117 5823 3170 5875 in
3214 5818 3482 5887 vigilando
