3916 6202
279 260 368 312 διδ

1179 256 1463 312 DlONYSlI
1504 256 1736 314 EXIGUI
1777 255 2104 312 EPISTOLA
2134 259 2220 312 AD
2255 259 2604 318 EUGIFIUM.

3396 273 3506 328 5V3

334 379 582 440 Joannes,
633 377 857 430 humilis-
891 375 1168 444 prcsbyter
1213 375 1271 428 S.
1307 375 1458 428 Rom.
1503 375 1644 430 Eccl.
1695 376 1847 429 tituli.
1865 378 1910 435 Α
1941 374 2074 428 tituli
2100 375 2281 429 Sancti
2316 374 2599 439 Laurentii,
2633 388 2741 442 qua
2767 375 2998 430 Damasi.
3045 373 3168 429 huic
3194 383 3506 442 constituto,

279 451 470 503 Sancte
499 449 776 510 Susannae,
827 445 949 498 huic
978 444 1288 507 constituto,
1339 461 1366 498 a
1399 447 1551 500 nobis
1597 447 1833 515 promul-

280 531 405 589 gata,
436 516 745 589 subscripsi.

339 580 660 649 l'lustratius,
683 583 897 638 humilis
925 583 1202 654 presbyter
1228 582 1286 636 S.
1319 582 1474 636 Rom.
1496 582 1665 654 i'Eccl.
1701 580 1838 654 tituli

280 661 471 712 Sancte
501 657 810 718 Aaastasice,
859 654 982 709 huic
1005 653 1318 716 constituto,
1363 667 1393 704 a
1423 653 1576 706 nobis
1605 653 1842 721 promul-

277 737 410 796 gata,
440 725 755 796 subscripsi.

337 791 634 860 Georgius,
660 791 980 846 immeritus
1022 792 1302 860 presbyter
1347 800 1544 846 sancta:
1589 791 1871 858 Romanae

282 866 516 921 Ecclesia:
548 863 685 917 tituli
721 864 816 916 SS.
842 861 1060 914 Joannis
1089 871 1146 914 et
1177 861 1340 925 Pauli,
1376 861 1508 916 huic.
1527 861 1838 923 constituto,

281 955 303 989 a
331 936 480 988 nobis
507 931 1198 1002 promulgata,subscripsi.

337 997 666 1068 Thalassius,
699 1001 912 1056 humilis
941 997 1221 1069 presbyter
1247 1007 1445 1053 sancta:
1475 998 1629 1050 Rom.
1666 997 1836 1069 βαι,

278 1075 403 1127 tituli
451 1065 662 1125 Sanctze
713 1071 805 1125 Dei
847 1065 1147 1130 Cetiitricis,
1198 1069 1287 1138 qui
1319 1069 1616 1136 appellatur
1659 1065 1840 1122 Calisti

279 1157 415 1197 trans
445 1141 700 1203 Tiberim,
733 1141 854 1195 huic
883 1141 1192 1200 constituto,
1245 1155 1274 1191 a
1303 1139 1455 1192 nobis
1484 1138 1840 1205 promulgato,

279 1212 579 1280 subscripsi.

341 1274 597 1342 Marinus,
645 1280 860 1334 humilis
890 1279 1166 1347 presbyter
1211 1276 1266 1330 S.
1303 1276 1454 1347 Κορῇ.
1506 1274 1841 1347 Ερρι..νῑὶιυ1ἰ

279 1353 479 1404 Sancta!
508 1349 736 1413 Sabinte,
763 1345 1222 1410 liuic'Ctitislituto,
1249 1361 1279 1399 a
1310 1345 1463 1400 nobis
1487 1346 1838 1414 iromulgnto,

278 1420 576 1487 subscripsi.

340 1483 744 1544 Constantinus.
776 1488 1054 1555 presbyter
1080 1493 1278 1540 sancta:
1313 1484 1467 1537 Rom.
1501 1483 1844 1555 Ecel.,Atituli

281 1559 459 1612 Sancti
488 1556 715 1627 Cyriaci,
756 1553 878 1611 huic
902 1553 1212 1618 constituto,
1246 1571 1274 1609 a
1307 1555 1460 1608 nobis
1484 1553 1838 1623 prontnlgato,

279 1629 578 1696 subscripsi.

338 1689 647 1762 Gregorius,
701 1696 917 1749 humilis
946 1695 1224 1763 presbyter
1251 1703 1446 1746 sanctae
1483 1692 1633 1744 Rom.
1663 1689 1845 1763 Eccle—

1944 461 1974 498 a
2002 446 2154 498 nobis
2177 446 2534 513 promulgata,
2559 449 2733 497 Βυῖιδαι
2750 443 2866 512 ipsi.

2013 513 2263 572 Marinus,
2295 514 2540 583 indignus
2568 515 2844 582 presbyter
2885 513 2940 566 S.
2977 516 3128 566 ttom.
3161 517 3334 582 Eccl.,
3370 515 3508 583 tituli

1941 583 2315 653 Apostolorum
2339 625 2354 650 ,
2387 582 2509 639 huic
2538 584 2854 647 constituto,
2896 596 2926 634 a
2952 583 3103 636 nobis
3151 585 3504 653 pronmlgato,

1939 652 2248 720 subscripsi.

2009 719 2263 790 Joannes,
2294 720 2508 774 humilis
2537 721 2815 790 presbyter
2851 719 2906 773 S.
2942 720 3095 774 Rom.
3143 719 3312 786 Ecel.,
3373 725 3508 780 tituli

1941 791 2150 843 Sancta:
2183 789 2390 861 Priscae,
2423 790 2545 844 huic
2573 789 2883 855 constituto,
2916 806 2945 842 a
2977 790 3127 843 nobis
3150 794 3506 861 promulgata,

1940 859 2250 926 subscripsi.

2012 929 2221 1000 Petrus,
2267 928 2949 1000 indignusarchidiaconus
2991 937 3186 985 sancta:
3214 929 3355 987 sedis
3384 947 3513 1000 apo-

1941 999 2160 1079 stolicat,
2211 998 2333 1052 huic
2360 999 2672 1064 constituto,
2719 1014 2748 1052 a
2777 999 2929 1054 nobis
2968 1003 3326 1070 promulgato,
3381 998 3510 1056 sub-

1942 1085 2146 1136 scnpsn.

2012 1136 2315 1203 Gregorius,
2345 1135 2608 1202 indignus,
2661 1146 2714 1190 et
2759 1137 2969 1191 humilis
3015 1138 3269 1194 diaconus
3313 1149 3510 1194 sanctae

1942 1207 2086 1262 sedis
2113 1207 2438 1277 apostolica,
2458 1208 2579 1260 huic
2597 1209 2905 1270 constituto,
2929 1223 2958 1259 a
2983 1211 3134 1262 nobis
3155 1211 3510 1277 promulgato,

1942 1276 2250 1343 subscripsi.

2014 1345 2279 1415 Muschus,
2311 1345 2523 1399 humilis
2568 1345 2823 1398 diaconus
2862 1353 3061 1415 saitctzc
3090 1346 3229 1400 sedis
3260 1348 3514 1415 apostoli—

1943 1429 2038 1484 cm,
2064 1414 2184 1484 huic
2213 1415 2524 1472 constituto.
2560 1430 2587 1466 a
2621 1415 2773 1467 nobis
2803 1413 3156 1483 promulgata,
3203 1413 3510 1484 subscrips.

2014 1483 2350 1544 Benedictus,
2385 1484 2628 1550 indignus
2675 1484 2931 1537 diaconus
2973 1493 3168 1537 sancte
3213 1485 3352 1538 sedis
3381 1501 3513 1552 apo-

1943 1553 2176 1633 stolicae,
2216 1553 2339 1608 huic
2380 1555 2695 1620 constituto,
2733 1568 2764 1607 a
2790 1553 2943 1606 nobis
2985 1554 3340 1622 promulgata,
3388 1555 3516 1609 sub—

1943 1638 2149 1688 scrlpSl.

2016 1691 2108 1746 Dic
2139 1707 2263 1743 non.
2291 1691 2455 1758 April.
2487 1692 2613 1760 imp.
2637 1690 2834 1744 domno
2864 1690 3100 1761 piiSsimo
3125 1691 3360 1761 Augusto
3389 1691 3519 1745 [.co-

282 1769 375 1828 size,
412 1757 546 1819 tituli
574 1757 758 1836 sancti
781 1757 1260 1836 Clementis,'hnic
1289 1764 1600 1825 constituto,
1634 1776 1660 1813 a
1691 1761 1843 1814 nobis
1880 1778 1919 1836 Β
1948 1776 2032 1824 ne,
2065 1777 2094 1814 a
2122 1761 2229 1814 Deo
2258 1757 2515 1836 coronato
2535 1757 2737 1836 magno
2758 1757 2909 1836 intpl,
2934 1778 3075 1815 anno
3091 1757 3258 1836 sexto
3285 1779 3369 1836 rc.
3394 1762 3519 1836 eius

283 1837 629 1908 punitulgato,
660 1835 969 1908 subscripsi.

341 1899 688 1974 Epiphanius,
715 1899 928 1958 humilis
957 1904 1234 1974 presbyter
1267 1911 1464 1957 sancta:
1499 1900 1653 1954 Rom.
1678 1899 1848 1966 Eccl.,

295 2007 3520 2046 tum

1385 2032 1594 2040 _——-———

1829 2030 2064 2040 ῥυῇ-

1292 2031 2500 2234 amatam

1949 1847 2090 1884 anno
2119 1839 2302 1891 sexto;
2328 1831 2420 1885 sed
2450 1840 2504 1885 et
2525 1831 2875 1886 Constantino
2907 1847 3048 1887 novo
3089 1833 3214 1899 imp.
3249 1831 3365 1894 eius
3389 1832 3516 1894 lilio,

1951 1917 2091 1953 anno
2121 1901 2374 1963 secundo,
2401 1901 2686 1955 indictione
2715 1911 2902 1968 quarta
2934 1902 3054 1971 (Au.
3087 1900 3275 1955 Christi
3302 1900 3446 1970 7'21).

881 2328 1503 2474 OPERUM
1633 2322 2028 2426 rans
2159 2323 2920 2433 SECUNDA.

300 2608 1106 2741 OPUSCULA
1232 2537 2321 2813 ASCE'1:_I_C£_ET
2436 2565 3512 2738 PARAENETICA.

1101 2882 1488 2945 EPISTOLA
1531 2884 1636 2943 AD
1681 2883 2065 2945 EUGIPIUM
2109 2853 2710 2961 PRESBYTERUM,

403 3007 482 3065 In
515 3006 856 3066 versionem
885 3004 959 3065 ab
992 3023 1052 3064 se
1083 3005 1308 3081 factum
1337 3002 1486 3066 libri
1513 3003 1806 3082 Gregorii
1849 3003 2136 3081 Nyssem',
2163 3005 2250 3065 De
2285 3005 2653 3068 Conditione
2681 3010 3080 3088 seu‘opificio
3111 3011 3398 3075 hominis.

361 3194 581 3250 Domino
607 3194 945 3250 sanctissimo
976 3201 1030 3248 et
1056 3209 1086 3247 a
1117 3208 1201 3248 me
1245 3193 1531 3262 plurimum
1553 3193 1858 3250 venerando
1885 3194 1932 3257 C
1962 3192 2138 3260 aliqua
2167 3205 2286 3260 qua:
2310 3197 2537 3260 possunt
2565 3191 2756 3245 merito
2785 3191 3125 3261 reprehendi,
3154 3192 3329 3248 nullus
3356 3193 3531 3246 lectur-

296 3298 440 3338 sacro
466 3284 693 3354 Eugipio
724 3285 1034 3354 presbytero
1060 3283 1339 3354 Dionysius
1365 3281 1616 3351 Exiguus.

361 3376 556 3431 Sancto
602 3375 964 3432 venerationis
1020 3383 1122 3428 tua:
1166 3373 1342 3428 studio
1372 3388 1469 3442 pro
1500 3373 1632 3426 meis
1661 3372 1860 3428 viribus

299 3466 590 3531 obsecutus,
610 3465 753 3520 beati
781 3464 1022 3534 Gregorii
1054 3464 1275 3536 Nysseni
1301 3464 1538 3534 episcopi
1570 3463 1760 3518 librmn
1787 3463 1861 3519 De

298 3552 603 3611 Conditionc
627 3555 859 3611 hominis
913 3570 944 3608 c
967 3553 1150 3608 Grauia
1190 3553 1459 3608 locutione
1479 3552 1740 3618 converti,
1766 3552 1857 3606 tri—

194 3657 204 3668 '
299 3649 432 3714 ginta
451 3658 506 3702 et
533 3664 639 3702 uno
667 3649 734 3701 ab
772 3645 964 3700 eodem
989 3645 1254 3715 capitibus
1278 3643 1604 3714 explicatum
1633 3660 1644 3694 :
1671 3641 1724 3694 in
1753 3656 1858 3712 quo

299 3753 452 3806 opere
478 3747 737 3806 quantum
767 3737 865 3790 sim
898 3735 1220 3789 dillicultatis
1242 3741 1514 3803 expertus,
1545 3747 1610 3788 ex
1641 3733 1752 3803 ipsa
1786 3731 1859 3785 Ie-

299 3826 468 3881 ctione
497 3827 824 3896 probabitur.
857 3824 912 3877 lo
967 3823 1206 3892 plurimis
1233 3823 1374 3877 enim
1424 3821 1576 3889 juxta
1625 3821 1860 3890 philoso-

301 3917 516 3985 phorum
563 3917 857 3971 sententias
908 3915 1242 3980 immoratus,
1290 3912 1616 3982 opulentiam
1658 3918 1857 3966 tantum

300 4019 407 4056 sua:
456 4004 765 4060 eruditionis
819 4003 1117 4072 expressit,
1174 4011 1230 4054 ut
1271 4017 1408 4070 pene
1456 4000 1584 4055 nihil
1621 4000 1860 4055 omiserit

302 4109 477 4149 eorum
504 4112 620 4166 quae
647 4097 716 4149 ab
763 4095 865 4149 illis
891 4093 1062 4147 doctis
1108 4101 1162 4146 et
1207 4091 1396 4146 otiosis
1423 4091 1646 4160 ingeniis
1676 4091 1727 4144 in
1760 4090 1859 4146 hac

303 4195 447 4251 parte
494 4202 587 4256 per
643 4183 1042 4239 inextricabiles
1094 4183 1297 4249 digesta
1347 4191 1471 4235 sunt
1519 4180 1854 4250 qumstiones.

302 4273 525 4338 Quorum
576 4277 736 4330 etiam
791 4273 1074 4328 nonnullas
1111 4271 1336 4340 ineptias
1386 4271 1457 4324 ita
1488 4271 1769 4334 destruxit,
1802 4277 1860 4325 ut

301 4364 428 4417 illud
455 4365 830 4435 propemodum
867 4365 1019 4417 nubis
1047 4363 1338 4416 insinuaret
1375 4358 1616 4428 Apostoli
1662 4377 1768 4429 quo
1799 4358 1862 4410 li-

302 4453 448 4506 deles
474 4457 680 4509 instruit
708 4456 924 4508 dicens:
968 4452 1144 4504 Videte
1174 4467 1236 4504 ne
1263 4451 1374 4521 quis
1404 4466 1490 4502 vos
1520 4449 1740 4519 decipiat
1768 4465 1858 4518 per

1961 3283 2015 3336 in
2040 3281 2123 3336 his
2169 3296 2342 3335 meum
2375 3289 2523 3349 putet
2545 3281 2836 3349 obligatum
2863 3297 2982 3337 esse
3011 3298 3328 3338 consensum
3355 3302 3368 3348 ;
3403 3286 3528 3352 quia

1961 3370 2139 3426 cilicio
2190 3371 2522 3425 translatoris
2573 3371 2841 3441 explicui,
2891 3388 2999 3428 non
3048 3374 3287 3428 censoris
3327 3375 3529 3444 judicio

1961 3462 2326 3529 comprobari.
3040 3509 3050 3522 ,

2033 3550 2370 3620 Quapropter
2391 3551 2572 3606 humili
2621 3551 2920 3607 devotionis
2948 3552 3205 3622 obsequio
3233 3568 3445 3622 precor,
3473 3563 3531 3606 ut

1960 3643 2214 3696 sanctitas
2255 3651 2341 3695 tua
2373 3641 2740 3710 pTOIHiSaiUlliS
2767 3658 2897 3696 mea:
2938 3641 3258 3695 solutionem
3290 3643 3530 3709 gratissi-

1961 3745 2045 3786 tna
2071 3739 2248 3784 mente
2279 3730 2574 3798 percipiat,
2617 3740 2671 3784 et
2703 3731 2755 3783 iu
2784 3731 3188 3799 quibuscunque
3223 3731 3398 3785 tninus
3420 3732 3532 3786 elc-

1959 3829 2146 3887 ganter
2195 3819 2379 3872 videor
2415 3820 2680 3881 elocutus,
2734 3819 2941 3872 veniam
2975 3821 3266 3873 clementer
3315 3835 3528 3874 accom-

1961 3908 2312 3976 tnodct;quia
2333 3909 2647 3962 necessitate
2678 3908 2976 3976 temporisa
3004 3907 3428 3962 doctissimorum
3454 3911 3530 3963 vi-

1958 4017 2141 4058 rorum
2182 4001 2470 4056 collatione
2509 4001 2825 4067 distractus,
2851 4016 2957 4053 non
2987 4015 3098 4070 quo
3141 3999 3298 4054 debui
3335 4001 3526 4055 librum

1960 4092 2245 4162 splendore
2273 4091 2483 4159 digessi,
2507 4091 2597 4159 qui
2637 4099 2694 4144 ut
2719 4090 2958 4160 plurimis
2981 4090 3237 4160 probatur
3261 4091 3536 4146 abundare

1960 4184 2264 4248 virtutibus,
2286 4182 2356 4238 ita
2389 4182 2721 4251 quibusdam,
2755 4191 2812 4237 ut
2837 4196 2980 4252 stupe
3000 4181 3178 4244 retuli,
3207 4183 3426 4236 maculis
3449 4183 3530 4236 vi-

1960 4277 2115 4332 detur
2153 4289 2419 4344 aspersus.
2455 4272 2582 4327 Oret
2627 4287 2755 4341 ergo
2779 4288 2883 4341 pro
2930 4287 3016 4326 me
3045 4279 3134 4325 tua
3162 4271 3428 4340 dignatio,
3472 4281 3532 4327 ut

1961 4365 2123 4418 tantis
2147 4378 2360 4432 pressus
2385 4361 2659 4430 angustiis,
2678 4362 2866 4415 saltem
2887 4361 3201 4431 spiritalium
3231 4361 3531 4416 studiorum

1961 4454 2238 4508 latitudine
2267 4452 2524 4524 gaudeam
2559 4470 2572 4504 :
2605 4467 2706 4507 nec
2733 4451 2868 4506 adeo
2898 4453 3248 4522 praesentibus
3296 4469 3532 4522 unquam

299 4546 660 4614 philosophiam
708 4556 756 4598 et
802 4546 1009 4598 inanem
1055 4541 1340 4613 fallaciam,
1371 4539 1646 4592 secundum
1693 4539 1858 4591 trudi-
1889 4567 1939 4625 Ι)
1963 4545 2280 4600 man-oribus
2308 4544 2482 4608 liceat,
2514 4552 2572 4596 ιιι
2596 4558 2691 4598 nos
2718 4559 2748 4597 α
2775 4545 3052 4614 proposito
3081 4543 3271 4600 [υιωπε
3295 4545 3530 4599 delecta-

300 4636 480 4686 tionem
502 4636 775 4697 hominum,
802 4629 1077 4686 sectmdum
1095 4629 1340 4682 elementa
1364 4627 1563 4693 mundi,
1585 4635 1632 4679 et
1656 4643 1758 4679 non
1787 4642 1861 4678 sc-

300 4724 511 4776 caudum
537 4723 793 4777 Christum
823 4721 1038 4790 (Colosa.
1073 4735 1128 4782 tt,
1165 4717 1242 4786 8).
1277 4717 1407 4771 Nam
1432 4716 1588 4771 sicuti
1615 4716 1860 4786 quadam

203 4841 210 4852 ι
300 4820 445 4864 recta
466 4829 572 4882 quzc
598 4813 736 4867 Deus
766 4812 868 4865 illis
891 4807 1439 4876 revelavit,sapieuter
1467 4807 1759 4874 approbat,
1787 4807 1859 4861 ita

301 4915 463 4966 [ιι-τινε
487 4919 663 4956 eorum
694 4904 778 4957 vel
819 4903 934 4971 ipse
987 4903 1184 4968 dirigit,
1228 4903 1308 4954 vel
1358 4911 1618 4970 quatenus
1647 4902 1714 4955 ab
1743 4902 1860 4958 aliis

297 4991 545 5059 vitentur,
566 4994 834 5052 ostendit:
858 4993 1092 5062 exceptis
1107 4992 1353 5046 videlicet
1375 4992 1557 5060 paucis
1587 4992 1637 5044 in
1664 4993 1856 5060 quibus

298 5080 430 5134 dum
469 5084 612 5139 valde
633 5084 973 5154 persequitur
1015 5084 1163 5148 vitia,
1194 5083 1418 5154 protulit
1445 5082 1524 5152 (ut
1558 5081 1668 5135 lieri
1696 5081 1853 5150 solet)

296 5171 458 5223 etiam
484 5173 588 5242 ipse
607 5175 822 5228 vitiosa.

371 5262 524 5328 igitur
547 5266 905 5334 eloquentiam
937 5265 1068 5318 tanti
1098 5263 1329 5318 doctoris
1354 5262 1653 5328 :cmulatus,
1677 5261 1857 5316 enisus

294 5368 420 5407 sum
452 5356 650 5420 quidem
683 5355 1110 5419 disertitudinem
1147 5354 1263 5424 ejus
1289 5353 1461 5423 sequi,
1492 5354 1618 5408 licet
1643 5353 1855 5422 assequi

298 5444 456 5498 nimis
479 5448 654 5517 impari
687 5445 939 5504 facultate
959 5445 1503 5515 nequiverim.Fidem
1527 5453 1703 5500 tamen
1734 5461 1856 5499 scn-

297 5536 575 5591 umtiarum
614 5541 728 5609 ejus
755 5553 853 5608 pro
875 5554 993 5592 mea
1022 5538 1394 5593 mediocritate
1415 5537 1646 5601 servavi,
1683 5537 1857 5590 sciens

297 5626 519 5694 ueritate
545 5632 670 5690 nihil
698 5646 816 5688 esse
838 5629 1192 5700 pnestantius.
1223 5628 1291 5682 Et
1317 5627 1442 5696 quia
1472 5636 1616 5692 sunt,
1648 5635 1704 5680 ut
1725 5626 1855 5689 dixi,

1323 5763 1588 5774 ———-—-

1589 5763 1834 5774 ο-σ-ρ--ο

1965 4634 2124 4688 tionis
2162 4634 2446 4688 abducant.
2478 4633 2764 4687 Maximum
2797 4649 3025 4704 namque
3072 4635 3319 4689 solatiqu
3351 4635 3400 4687 in
3433 4635 3533 4688 hac

1963 4723 2174 4779 miseria
2196 4724 2455 4793 capimus,
2487 4723 2528 4777 si
2560 4722 2626 4777 de
2646 4733 2870 4778 ventura
2894 4724 3062 4792 gloria
3085 4728 3390 4779 continuata
3417 4740 3529 4778 mc-

1961 4816 2218 4869 ditatione
2242 4823 2547 4868 tractemus.
2566 4814 2818 4879 Quamvis
2843 4816 2984 4868 enim
3013 4815 3133 4883 quis
3161 4830 3343 4867 amore
3371 4815 3532 4867 cmle-

1960 4905 2118 4957 stium
2165 4917 2306 4970 aegre
2345 4903 2481 4958 ferat
2518 4901 2676 4972 hujus
2704 4903 3146 4973 peregrinationis
3169 4901 3526 4966 incommoda,

1965 5004 2018 5049 ct
2060 5011 2178 5049 cum
2221 4995 2481 5066 prapheta
2532 4995 2776 5049 dolenter
2814 4994 3102 5048 exclamet:
3136 4991 3250 5044 Heu
3279 5008 3374 5055 me,
3397 4991 3532 5062 quod

1964 5087 2218 5140 incolatur
2267 5103 2404 5139 meus
2451 5085 2783 5155 prolongata:
2831 5091 2948 5148 est,
2996 5079 3217 5134 habitari
3271 5097 3385 5133 cum
3434 5082 3532 5135 Ιιαν

1965 5178 2240 5232 bitantibus
2264 5176 2450 5243 Cedar,
2471 5176 2684 5229 multum
2704 5174 2874 5228 incola
2903 5173 2999 5242 fuit
3027 5174 3199 5224 anima
3224 5189 3336 5225 mea
3357 5171 3532 5241 (Psal,

1968 5284 2114 5335 cxix,
2143 5267 2217 5337 5);
2250 5275 2442 5320 etcum
2465 5267 2623 5320 beato
2651 5263 2908 5333 Apostolo
2929 5263 3258 5318 conﬁdenter
3285 5273 3487 5318 asserat
3513 5283 3528 5316 :

1966 5356 2128 5426 Cupio
2153 5355 2362 5409 dissolvi
2389 5365 2438 5408 et
2465 5371 2576 5408 esse
2602 5369 2716 5406 cum
2743 5352 2945 5408 Christo
2966 5350 3186 5423 (Philip.
3219 5369 3256 5417 ι,
3286 5351 3400 5422 2'5),
3450 5361 3546 5410 tas.

1966 5463 2086 5502 men
2117 5463 2146 5500 a
2177 5446 2346 5516 patria
2369 5461 2474 5498 non
2499 5444 2683 5513 procul
2705 5443 2951 5499 exsulare
2975 5444 3227 5509 creditur,
3245 5442 3289 5498 si
3318 5457 3535 5520 semper.

1963 5539 2190 5609 patriam
2219 5537 2485 5592 desiderio
2514 5543 2890 5604 consequatur.
