3976 6196
371 338 470 393 δι’]

1646 342 1796 397 DlON
1809 342 1994 398 YSIUS
2034 344 2185 401 EXllj
2199 347 2237 402 υ
2252 347 2354 403 US.

1294 554 1650 631 SANCTI
1724 556 2198 635 GREGORII
2254 558 2702 637 EPISCOPI

1264 712 1345 752 ΔΙ)
1384 711 1685 753 FRATREM
1730 713 1898 755 SUUM
1944 713 2199 756 PETRUM
2248 715 2725 765 PRESBYTEBUM,

366 819 462 865 DE
488 814 823 879 lMAGlNl-S,
858 816 936 862 ιι)
979 816 1109 865 EST
1140 819 1237 865 DE
1266 818 1582 867 HOMIN‘S
1620 820 2092 886 CONDITIONE,
2126 825 2290 886 QUE
2320 825 2367 870 Δ
2404 825 2585 872 ΓΒΔ*
2599 825 2693 870 RE
2722 824 2981 872 EOBUM
3025 822 3307 872 SANG'I'O
3331 824 3625 874 ΒΑειιιιο

1220 889 1572 937 εριεοοινο
1598 890 1672 935 IN
1710 890 2229 941 HEXAEMEBON
2261 894 2439 942 SUN!‘
2468 894 2757 942 OMISSA.

432 1083 488 1137 Si
520 1084 862 1152 pecuniarum
900 1083 1085 1152 pretiis
1124 1099 1220 1139 eos
1249 1092 1522 1153 oporteret
1550 1083 1817 1138 honorare
1846 1083 1935 1151 qui
1967 1088 2014 1146 Α
2041 1099 2223 1153 gnum,
2250 1085 2300 1138 id
2323 1086 2388 1139 ad
2407 1087 2714 1154 magistr-im
2737 1085 2856 1154 jure
2877 1085 3177 1151 referatur;
3200 1085 3245 1139 si
3271 1100 3398 1140 vero
3422 1088 3623 1156 magni-

365 1178 647 1230 virtntibus
668 1177 928 1242 eminent,
958 1192 1153 1245 parvus
1184 1178 1386 1245 utique,
1412 1176 1550 1230 sicut
1578 1175 1831 1230 Salomon
1864 1177 1939 1229 ait

363 1266 540 1336 (Prov.
575 1276 707 1335 post.
741 1284 788 1320 υ.
821 1264 887 1318 40
912 1266 1051 1335 apud
1082 1264 1272 1335 LXX).
1306 1274 1448 1320 totus
1470 1266 1697 1320 mundus
1724 1266 1937 1319 divitia-

360 1374 476 1409 rum
504 1358 794 1419 videretur,
835 1358 924 1425 qui
959 1357 1060 1410 tuis
1108 1358 1276 1425 possit
1326 1356 1591 1424 adaequari
1633 1356 1935 1409 virtutibus.

360 1450 463 1503 Sed
488 1450 608 1517 quia
642 1448 807 1503 multo
836 1450 1004 1516 gratia
1052 1448 1242 1503 melior
1265 1457 1423 1517 qu‘am
1470 1446 1775 1501 divitiarum
1798 1462 1934 1515 Opu-

361 1540 523 1592 lentia
571 1554 687 1607 quae
727 1546 831 1592 tuae
872 1539 1203 1593 venerationi
1244 1538 1504 1605 debetur,
1535 1538 1745 1603 existit,
1772 1537 1936 1605 exigit

362 1638 540 1682 autem
589 1636 644 1683 et
689 1638 933 1683 sanctum
962 1628 1162 1683 Pascha
1202 1629 1476 1683 charitatis
1516 1628 1933 1682 muniﬁcentiam

360 1729 700 1786 consuetam;
732 1720 1004 1774 offerimus
1049 1720 1332 1775 excellenti
1362 1720 1656 1790 prudentia:
1685 1728 1790 1773 tuae
1813 1735 1936 1773 mu-

359 1830 477 1881 nus,
494 1830 525 1868 ο
556 1815 717 1868 homo
740 1814 852 1875 Dei,
880 1828 1098 1882 parvum
1128 1813 1365 1881 quidem,
1388 1827 1691 1880 quanquam
1716 1812 1932 1879 dignum

357 1903 599 1956 videatur
630 1904 724 1956 tibi
770 1902 984 1966 deferri,
1028 1903 1122 1957 sed
1160 1904 1357 1957 nostris
1399 1904 1572 1972 impar
1596 1902 1796 1957 viribus
1826 1918 1932 1955 non

360 1994 605 2047 habetur.
634 1993 746 2048 Hoc
775 2001 953 2047 autem
980 2010 1171 2048 munus
1213 2010 1390 2049 sermo
1418 2002 1522 2057 est,
1555 1994 1719 2048 veluti
1766 1994 1932 2048 vesti-

356 2092 592 2138 mentum
620 2084 1038 2153 pauperrimum,
1072 2100 1138 2138 ex
1170 2085 1317 2154 inopi
1366 2094 1549 2139 nostra
1580 2084 1931 2153 intelligentia

354 2191 459 2227 non
503 2176 617 2228 sine
648 2175 829 2229 labore
859 2182 1171 2229 contextum
1203 2193 1216 2228 :
1257 2176 1522 2230 sermonis
1547 2191 1677 2231 vero
1707 2176 1931 2231 materia

354 2263 571 2317 forsitan
600 2262 859 2319 audacior
906 2263 1147 2333 plurimis
1185 2280 1306 2319 esse
1335 2264 1617 2330 videbitur,
1654 2274 1931 2320 verumta-

355 2370 473 2408 men
530 2353 671 2408 haud
719 2354 950 2408 absurda
999 2355 1081 2407 vel
1134 2355 1387 2415 indecens
1424 2358 1740 2409 aestimatur.
1771 2356 1929 2411 Solus

2041 1177 2306 1233 licentiam
2330 1179 2799 1247 contemplationis
2819 1178 2936 1245 ejus
2962 1186 3145 1233 nostra
3174 1193 3280 1231 non
3302 1186 3619 1247 assequatur

2039 1271 2253 1335 oratio;
2302 1271 2388 1324 ille
2416 1270 2627 1339 quidem
2678 1280 2871 1339 praeter
2910 1271 3309 1325 accusationem
3356 1270 3617 1336 manebit,

2037 1374 2139 1429 qua
2189 1368 2405 1429 putatur
2450 1358 2697 1415 ell‘ectum
2746 1360 3065 1414 dexterioris
3110 1368 3332 1415 eventus
3381 1359 3617 1414 noluisse

2038 1450 2147 1506 suis
2177 1450 2445 1505 insinuare
2466 1451 2758 1519 discipulis,
2776 1460 2955 1505 notam
2981 1451 3307 1505 causationis
3330 1449 3611 1516 eli'ugiens.

2037 1540 2145 1596 Nos
2191 1548 2371 1595 autem
2416 1541 2557 1610 apud
2603 1556 2696 1595 eos
2744 1541 2833 1608 qui
2864 1539 3347 1609 vituperationibus
3375 1538 3609 1595 student.

2037 1638 2430 1699 consequenter
2471 1631 2669 1684 erimus
2722 1630 2960 1694 obnoxii,
3000 1629 3163 1683 veluti
3202 1628 3292 1696 qui
3344 1627 3611 1697 parvitate

2035 1719 2212 1773 cordis
2242 1720 2408 1773 nostri
2458 1720 2591 1781 tanti
2631 1720 2871 1787 magistri
2929 1718 3244 1788 sapientiam
3288 1732 3481 1787 capere
3510 1733 3609 1770 ne-

2033 1826 2310 1880 queamus.
2340 1810 2435 1865 Est
2464 1820 2641 1865 autem
2674 1827 2794 1866 non.
2810 1826 2972 1880 parva
3005 1810 3070 1863 ad
3099 1808 3608 1878 contemplationem

2034 1903 2310 1973 proposita
2333 1903 2488 1958 nobis
2516 1904 2763 1963 intentio,
2797 1918 2895 1957 nec
2918 1902 3075 1956 alicui
3102 1917 3289 1955 eorum
3326 1899 3611 1954 miraculo-

2034 2010 2172 2059 rum,
2216 2009 2335 2063 quze
2357 1994 2409 2047 in
2436 1994 2635 2048 mundo
2657 2002 2798 2057 sunt,
2829 1992 3227 2062 postponenda;
3253 1990 3493 2045 fortassis
3522 2004 3611 2043 au-

2029 2092 2139 2140 tem
2167 2091 2224 2139 et
2251 2082 2577 2157 przeferenda
2609 2092 2693 2139 est
2721 2083 2990 2150 omnibus,
3021 2097 3138 2151 quae
3167 2082 3368 2136 notitiae
3410 2088 3606 2134 nostrae

2031 2172 2273 2243 subjecta
2320 2181 2465 2228 sunt.
2498 2173 2637 2227 Nihil
2690 2173 2832 2228 enim
2861 2187 3048 2227 eorum
3088 2186 3206 2241 quae
3232 2171 3501 2232 videntur,
3530 2170 3606 2222 si-

2032 2265 2156 2318 mile
2180 2273 2263 2318 est
2309 2263 2440 2328 Deo,
2490 2264 2629 2319 sicut
2667 2271 2751 2317 est
2779 2263 3008 2316 humana
3061 2259 3301 2316 conditio
3334 2277 3345 2311 :
3377 2259 3449 2312 ita
3490 2266 3545 2311 ut
3574 2274 3603 2310 a

2030 2356 2274 2423 benignis
2303 2356 2636 2409 auditoribus
2664 2353 2730 2408 de
2757 2354 2838 2409 his
2888 2367 3008 2423 quae
3056 2352 3247 2408 dicturi
3275 2367 3459 2406 sumus
3514 2366 3602 2403 ve—

350 2446 561 2514 quidem
592 2444 750 2512 digne
776 2453 1075 2498 creaturam
1096 2444 1192 2498 Dei
1212 2446 1594 2510 consideravit,
1617 2447 1707 2515 qui
1735 2463 1927 2501 secun-
1960 2456 1999 2511 Β
2030 2448 2116 2501 nia
2164 2447 2317 2501 nobis
2348 2448 2399 2500 in
2432 2447 2679 2518 praesenti
2714 2444 2944 2514 petenda
2982 2444 3079 2508 sit,
3125 2442 3168 2498 si
3204 2457 3383 2496 sermo
3420 2449 3602 2494 noster

350 2537 474 2589 dum
495 2536 659 2588 Deum
680 2544 893 2590 creatus
920 2543 1021 2588 est.
1048 2533 1254 2589 Etvere
1277 2535 1344 2589 ad
1369 2537 1648 2603 imaginem
1673 2538 1765 2592 Dei
1795 2554 1924 2593 con-

262 2658 269 2666 -
348 2628 488 2680 ditus
531 2627 897 2694 formatusque
940 2626 1186 2691 Basilius,
1228 2629 1527 2682 communis
1562 2636 1716 2698 pater
1745 2639 1925 2684 noster

347 2730 505 2787 atque
533 2726 855 2788 praeceptor,
885 2719 975 2786 qui
1007 2718 1444 2773 sublimissimum
1473 2728 1731 2774 creaturae
1762 2722 1924 2775 totius

347 2821 590 2863 ornatum
642 2808 821 2863 multis
874 2809 1261 2878 intelligibilem
1324 2826 1418 2864 sua
1465 2813 1921 2882 contemplatione

345 2901 584 2971 perfecit,
609 2911 663 2955 et
684 2902 738 2955 in
776 2916 903 2955 vera
933 2902 1025 2956 Dei
1074 2904 1335 2973 sapientia
1360 2902 1642 2958 formatum
1664 2906 1918 2959 mundum

344 2996 425 3048 his
458 2996 549 3062 qui
591 3010 686 3065 per
727 2995 843 3064 ejus
888 2995 1225 3065 prudentiam
1269 2997 1392 3051 huic
1433 3005 1687 3066 aptantur
1738 2998 1919 3067 inspe-

342 3086 527 3147 ctioni,
558 3086 890 3140 notissimum
919 3101 1036 3140 esse
1056 3087 1354 3141 constituit.
1379 3086 1485 3141 Nos
1515 3094 1693 3140 autem
1721 3102 1912 3156 quam-

342 3177 420 3228 vis
448 3177 698 3230 admirari
724 3176 790 3229 de
819 3192 905 3243 eo,
934 3185 992 3230 ut
1012 3177 1226 3245 dignum
1250 3186 1349 3240 est,
1376 3179 1593 3231 minime
1622 3178 1912 3242 valeamus;

342 3276 520 3321 tamen
549 3283 612 3321 ea
634 3283 750 3338 quae
779 3268 971 3321 desunt
995 3268 1075 3321 his
1097 3283 1215 3336 quae
1255 3268 1321 3322 ab
1365 3269 1468 3322 hoc
1494 3269 1747 3336 magistro
1787 3284 1911 3337 per-

338 3371 521 3430 specta
549 3372 693 3428 sunt,
726 3360 1020 3429 adjicienda
1042 3359 1381 3425 credidimus,
1416 3361 1716 3415 nullatenus
1756 3376 1913 3415 occa-

336 3454 489 3506 sione
537 3454 783 3521 praesenti
822 3452 1019 3507 laboris
1063 3452 1179 3519 ejus
1218 3459 1559 3505 attenuantes
1598 3451 1910 3505 industriam

338 3546 460 3611 (nec
480 3544 624 3597 enim
671 3542 750 3596 fas
791 3542 1018 3597 sublime
1048 3542 1161 3611 ejus
1190 3542 1458 3611 eloquium
1493 3542 1692 3596 nostris
1721 3542 1911 3595 obum-

333 3634 475 3686 brari
505 3634 861 3700 sermonibus)
891 3650 904 3697 ;
967 3634 1059 3687 sed
1091 3648 1157 3688 ne
1185 3648 1247 3687 ea
1274 3647 1390 3702 quae
1420 3633 1629 3686 videtur
1656 3632 1909 3699 magistro

331 3726 517 3779 deesse
546 3725 734 3792 gloria,
761 3725 1031 3797 discipulis
1059 3724 1369 3794 imputetur.
1393 3722 1525 3776 Nam
1549 3738 1670 3777 cum
1699 3721 1907 3777 Hexae-

2027 2538 2246 2593 inferior
2271 2553 2433 2607 quam
2460 2538 2540 2593 rei
2570 2538 2799 2606 dignitas
2824 2536 3093 2606 exsposcit
3123 2543 3397 2604 appareat.
3431 2530 3605 2601 Opor-

2028 2639 2141 2686 tere
2198 2640 2375 2684 autem
2406 2631 2655 2685 existimo
2683 2630 2812 2684 nihil
2858 2645 3046 2684 eorum
3090 2643 3211 2698 quae
3238 2626 3381 2681 circa
3428 2625 3600 2678 homi-

2026 2738 2147 2777 nem
2178 2723 2322 2791 prius
2346 2720 2532 2776 etfecta
2562 2720 2875 2785 creduntur,
2905 2728 2962 2775 et
2987 2734 3106 2789 quae
3134 2714 3453 2786 complenda
3479 2730 3599 2784 spe-

2024 2818 2213 2867 rantur
2258 2812 2307 2865 in
2339 2820 2632 2880 posterum,
2684 2824 2912 2879 quaeque
2954 2823 3097 2863 nunc
3125 2808 3176 2860 in
3208 2806 3450 2876 praesenti
3481 2820 3598 2859 cer-

2021 2914 2241 2972 nuntur,
2265 2903 2617 2959 indiscussum
2647 2917 2865 2974 prorsus
2887 2901 3152 2963 omittere,
3176 2914 3245 2954 ne
3268 2899 3444 2953 minor
3480 2913 3600 2967 pro-

2020 2996 2273 3050 missione
2302 3003 2483 3049 nostra
2536 2995 2648 3048 haec
2687 2992 2951 3062 expositio
2981 2990 3199 3045 forsitan
3246 2996 3522 3056 arguatur.
3551 2988 3597 3041 si

2018 3089 2236 3143 homine
2265 3090 2318 3142 in
2346 3088 2801 3158 contemplatione
2843 3086 3123 3156 proposito
3154 3083 3596 3154 praetermittatur

2017 3178 2215 3246 aliquid
2243 3193 2428 3232 eorum
2479 3192 2600 3248 quae
2644 3177 2713 3232 ad
2740 3192 2957 3233 causam
2985 3176 3259 3247 pertinere
3286 3182 3593 3229 monstran-

2018 3279 2121 3324 tur.
2153 3268 2259 3323 Sed
2282 3276 2336 3323 et
2363 3284 2482 3337 quae
2506 3268 2755 3323 videntur
2780 3281 2905 3335 erga
2934 3282 3058 3322 eum
3087 3266 3347 3321 accidisse
3378 3271 3598 3321 contra-

2014 3362 2114 3423 ria,
2140 3370 2195 3415 et
2222 3375 2318 3414 cur
2347 3375 2454 3414 non
2484 3359 2571 3413 illa
2603 3373 2723 3428 quae
2771 3358 2838 3413 ab
2870 3358 3023 3412 initio
3050 3356 3189 3411 facta
3220 3364 3361 3421 sunt,
3395 3357 3446 3410 in
3475 3357 3593 3426 ejus

2013 3460 2203 3507 natura
2253 3452 2619 3521 reperiantur,
2674 3466 2770 3520 per
2810 3449 3103 3521 quamdam
3149 3450 3590 3505 consecutionem

2014 3545 2391 3609 necessariam,
2407 3559 2525 3616 quae
2547 3552 2654 3597 tam
2667 3542 3063 3613 Seripturarum
3086 3543 3406 3597 auctoritate
3426 3556 3589 3611 quam

2012 3636 2235 3690 rationis
2263 3634 2658 3701 excogitatione
2685 3634 2911 3689 collecta
2950 3641 3051 3698 est,
3097 3633 3377 3688 decentius
3418 3634 3590 3703 expli-

2013 3736 2207 3781 cantur
2233 3745 2245 3779 :
2277 3727 2349 3780 ita
2380 3734 2439 3779 ut
2482 3725 2584 3779 sibi
2623 3734 2885 3806 conso‘net
2913 3726 3160 3781 universa
3190 3726 3437 3806 materia,
3464 3742 3591 3782 cum-

331 3830 481 3869 mero
510 3816 625 3883 ejus
670 3815 737 3869 de
765 3796 1073 3871 conditione
1123 3815 1353 3869 hominis
1380 3814 1646 3883 expositio
1674 3813 1830 3879 desit,
1861 3812 1905 3869 si
1934 3818 1978 3878 C
2009 3818 2147 3875 ordo
2175 3833 2240 3872 ac
2266 3818 2433 3872 series
2458 3831 2575 3886 qua:
2604 3796 2821 3887 putata}
2845 3818 3089 3881 adversa,
3117 3818 3184 3872 ad
3216 3796 3381 3873 υηιιηί
3412 3821 3591 3874 [eg-mi.

328 3910 503 3963 nullus
531 3909 833 3963 auditorqu
865 3909 1004 3963 illius
1026 3907 1241 3976 aliquod
1271 3905 1489 3961 allerret
1518 3905 1770 3971 studium,
1795 3920 1904 3974 quo

328 4000 501 4053 minus
550 4000 601 4053 id
641 3999 785 4068 quod
826 3998 1231 4053 desiderabatur
1294 3996 1589 4066 impleret,
1647 3995 1903 4050 adversus

326 4102 570 4155 magnam
610 4088 835 4154 gloriam
865 4088 981 4156 ejus
1008 4086 1385 4156 vituperationi
1415 4086 1639 4141 forsitan
1682 4094 1903 4155 praesta-

323 4188 473 4232 retur
492 4179 723 4242 occasio,
744 4178 909 4232 veluti
932 4180 1021 4245 qui
1045 4178 1341 4244 neglexerit
1366 4177 1431 4229 ad
1452 4177 1691 4230 habitum
1713 4192 1902 4246 quem-

322 4271 443 4323 dam
498 4270 821 4339 perspicacis
861 4270 1222 4337 intelligentiae
1268 4284 1487 4323 suorum
1515 4268 1897 4337 discipulorum

322 4367 528 4413 mentes
580 4360 839 4414 imbuere.
862 4359 1013 4414 Nunc
1041 4374 1170 4427 ergo
1206 4359 1356 4428 juxta
1386 4359 1527 4413 vires
1571 4367 1782 4415 nostras
1819 4360 1893 4427 id,

321 4449 465 4518 quod
511 4450 687 4504 minus
735 4450 905 4517 deest,
939 4466 1211 4519 exponere
1239 4452 1492 4520 aggressi,
1524 4451 1569 4506 si
1615 4451 1742 4522 quid
1789 4451 1897 4506 tale

320 4541 586 4611 reperitur
611 4542 663 4595 in
694 4543 892 4598 nostris
932 4542 1077 4613 quod
1098 4542 1213 4612 ejus
1241 4544 1499 4599 doctrina:
1532 4560 1638 4599 non
1667 4545 1737 4600 sit
1758 4545 1897 4601 indi-

2007 3925 2134 3965 num
2158 3910 2512 3978 eumdemque
2539 3909 2840 3975 c‘onveniat,
2870 3911 2948 3965 sic
2967 3910 3145 3965 divina
3168 3918 3462 3981 ope‘atque
3485 3912 3586 3966 vir-

2008 4008 2120 4055 tute
2148 4016 2298 4070 spem
2318 4008 2501 4055 contra
2525 4014 2673 4069 spem
2715 4007 2769 4055 et
2816 3999 3125 4056 lacultatem
3166 4001 3322 4056 nobis
3350 4016 3415 4056 ex
3442 4001 3583 4056 dil‘ll—

2003 4091 2202 4149 cultate
2230 4098 2536 4161 praestante.
2567 4089 3010 4145 Manifestationis
3039 4100 3219 4146 autem
3244 4092 3415 4161 gratia
3444 4094 3588 4163 epti-

2002 4197 2147 4237 mum
2187 4182 2302 4236 fore
2342 4180 2545 4236 credidi
2598 4188 2911 4250 praesentem
2953 4197 3256 4238 sermonem
3312 4184 3404 4237 tibi
3434 4185 3583 4256 capi-

2000 4273 2128 4328 tulis
2148 4273 2439 4342 explicare,
2464 4287 2571 4340 quo
2619 4273 2793 4341 possis
2821 4272 2874 4325 in
2904 4273 3050 4327 brevi
3102 4275 3264 4329 totius
3291 4275 3469 4344 operis
3504 4274 3582 4328 ef.

2002 4362 2198 4418 fectum
2230 4377 2324 4432 per
2362 4363 2569 4429 singula
2599 4370 2898 4430 coeptorum
2932 4370 3236 4418 nostrorum
3266 4374 3577 4433 argumenta

2000 4466 2349 4522 cognoscere.

941 4770 1098 4878 Ι)-
1184 4766 2084 4880 GREGOBII
2155 4764 2933 4877 NYSSENI

668 4961 865 5086 DE
965 4958 1850 5087 CREATIONE
1948 4954 2612 5085 HOMINIS
2705 4958 3217 5111 LIBER,

813 5130 1446 5194 SUPPLEMENTUM
1489 5128 2016 5191 HEXAEMERON
2060 5129 2351 5190 BASlLll
2399 5128 2660 5190 MAGNI
2706 5130 3066 5200 FBATRIS,

1273 5245 1670 5289 INTEBPRETE
1715 5243 2003 5287 DlONYSIO
2048 5245 2305 5290 ROMANO
2348 5248 2612 5291 EXIGUO.

846 5438 1072 5494 CAPUT
1108 5439 1397 5495 PRIMUM.

324 5553 661 5607 1⁵ιογιὶοιιιανὶδ
689 5550 925 5622 quaedam
953 5553 1282 5608 ratiocinatio
1314 5555 1377 5608 de
1419 5553 1643 5620 mundo,
1669 5561 1884 5606 natura—

385 5626 569 5695 lisqnei
596 5622 875 5695 disputatio
898 5630 969 5695 _et
1021 5624 1212 5695 clarior
1258 5624 1511 5693 expositio
1548 5624 1613 5676 de
1658 5624 1737 5676 his
1774 5640 1887 5695 quae

385 5698 526 5763 prius
554 5694 607 5746 in
638 5692 857 5745 hominis
886 5693 1191 5761 formatione
1223 5692 1376 5761 pacta
1406 5702 1775 5747 monstrantur.

385 5805 482 5860 llic
512 5803 665 5869 liber,
698 5801 770 5856 ait
797 5800 1088 5870 Scriptura,
1121 5804 1479 5871 generationis
1506 5804 1625 5861 caeli
1655 5813 1706 5859 et
1736 5814 1886 5859 teme

1915 5442 1967 5502 1)
1989 5436 2207 5507 quando
2234 5436 2473 5507 perfecta
2494 5445 2616 5491 sunt
2646 5441 2824 5494 omnia
2848 5455 2968 5509 quae
2994 5442 3259 5510 videntur,
3281 5452 3335 5500 et
3363 5446 3429 5499 ad
3452 5462 3575 5515 pro-

1990 5530 2166 5599 prium
2196 5531 2353 5585 situm
2393 5530 2599 5599 singula
2628 5530 2864 5587 discreta
2893 5545 3191 5600 cesserunt,
3236 5537 3451 5605 quando
3484 5555 3573 5593 vo-

1990 5621 2154 5676 lubile
2195 5622 2299 5675 hoc
2346 5636 2544 5690 corpus
2586 5622 2707 5675 coeli
2753 5631 2948 5677 cuncta
3000 5626 3295 5691 constituit,
3330 5628 3569 5682 medium

1991 5727 2118 5765 vero
2149 5710 2326 5765 locum
2370 5712 2534 5766 totius
2564 5722 2827 5769 creaturae
2854 5716 3035 5783 gravia
3065 5732 3294 5787 corpora
3328 5728 3381 5773 et
3409 5719 3569 5775 deor-

1991 5820 2107 5859 sum
2132 5804 2403 5872 vcrgentia
2432 5806 2620 5861 sortita
2662 5815 2803 5875 sunt,
2833 5816 2971 5863 terra
3001 5810 3207 5865 scilicet
3236 5820 3396 5881 atque
3423 5828 3564 5882 aqua
