3916 6202
252 295 349 353 διε)

1051 295 1228 352 LIBRI
1267 298 1353 352 DE
1392 297 1779 355 CREA'I‘IONE
1820 299 2091 357 IIOAIINIS
2131 304 2698 364 INTERI’RETATIO.

3408 313 3511 367 550

254 426 366 466 sese
394 418 579 465 mutuo
625 410 976 466 continentia.
1010 411 1293 466 Vinculum
1337 421 1516 467 autem
1557 413 1827 483 quoddam
1860 420 1907 477 Λ
1930 416 2083 482 juxta
2115 418 2341 474 localem
2373 422 2794 486 translationem,
2826 438 3012 478 verum
3034 432 3087 478 et
3109 423 3262 494 juxta
3295 427 3514 477 vertitu-

254 512 409 572 atque
451 501 847 556 ﬁrmamentum
906 517 1095 557 eorum
1126 517 1247 571 qum
1296 501 1436 557 facta
1474 511 1601 558 sunt
1646 503 1827 557 divina

254 603 557 663 aeternaque
585 595 823 665 potentia
854 601 958 661 est,
994 595 1316 649 exstantium
1349 595 1558 650 naturis
1606 595 1830 664 inserta,

256 698 367 753 qua:
393 682 617 751 geminis
638 681 917 737 eﬁ‘cctibus
938 684 1185 739 universa
1222 685 1551 739 moderatur.
1583 685 1640 761 In
1686 694 1831 739 statu

258 790 479 845 namque
510 783 566 829 et
608 782 755 827 motu
787 789 894 828 non
923 775 1100 827 solum
1130 789 1195 829 ex
1246 790 1354 828 non
1380 775 1648 831 stantibus
1676 789 1835 842 gene-

257 868 533 929 rationem,
560 865 655 919 sed
682 865 1115 934 permansionem
1154 865 1586 929 subsistentibus,
1616 866 1829 919 machi-

257 965 373 1009 nata
404 963 487 1010 est
508 955 649 1009 circa
673 954 1041 1021 gravissimam
1072 961 1127 1007 et
1156 953 1644 1023 incommutabilem
1676 962 1835 1006 natu-

257 1062 319 1099 ra:
358 1044 821 1109 iuunobilitatem,
850 1043 1013 1097 velati
1053 1036 1339 1113 quemdam
1389 1058 1545 1097 axem
1585 1042 1833 1097 stabilem

255 1145 410 1203 atque
440 1132 821 1197 ﬁrmissimum,
847 1133 1244 1187 velocissimam
1276 1133 1398 1187 σα)ιί
1427 1134 1833 1188 circulationem

256 1225 313 1279 ad
362 1228 532 1280 instar
561 1233 691 1279 rota:
712 1224 912 1292 jugiter
948 1222 1246 1293 pervchens‘
1267 1266 1283 1291 ,
1313 1234 1366 1278 et
1418 1224 1835 1278 indissolubilcm

257 1315 612 1370 substantiam
661 1328 757 1382 per
815 1313 1132 1368 alterutrum
1191 1316 1431 1383 utrisque
1484 1331 1833 1370 conservans.

257 1406 383 1460 Nam
414 1414 469 1459 et
497 1405 744 1460 volubilis
769 1405 994 1459 materia
1026 1420 1121 1474 per
1149 1405 1486 1459 celerrimum
1514 1415 1718 1459 motum
1751 1422 1839 1460 so-

257 1496 518 1550 liditatem
571 1503 728 1550 teme
797 1496 1124 1549 circumacta
1176 1496 1533 1565 constringit,
1577 1508 1632 1552 et
1684 1507 1840 1552 terra:

255 1589 515 1642 stabilitas
536 1602 633 1657 per
660 1587 987 1641 immobilem
1024 1587 1350 1651 ﬁrmitatem,
1382 1589 1696 1644 volubilium
1724 1592 1840 1645 cir-

256 1678 399 1731 cuitu
457 1678 795 1745 incessanter
857 1678 1168 1731 extenditur
1214 1696 1226 1731 :
1290 1695 1442 1747 mqua
1496 1696 1625 1735 vero
1686 1680 1840 1750 juxta

1933 510 2036 562 lem
2084 511 2299 565 modum
2348 521 2508 583 atque
2538 515 2849 569 mutabilem
2881 515 2972 571 ﬁat
3010 534 3024 570 :
3058 517 3294 585 itemque
3324 527 3514 572 natura

1930 600 2135 656 stabilis
2157 609 2359 656 motum
2388 604 2480 671 qui
2503 603 2561 657 ﬁt
2589 620 2687 674 per
2726 607 3227 672 commutationem,
3254 609 3398 662 nulla
3431 625 3519 662 ra-

1934 691 2079 745 tione
2108 693 2334 761 recipiat
2362 710 2374 746 :
2408 695 2674 763 sapientia
2716 695 2811 749 Dci
2842 697 3196 765 proprietates
3257 699 3513 769 uniuscu-

1927 778 2122 848 jusque
2150 791 2479 851 permutans,
2508 785 2834 846 immobilem
2865 787 3083 855 quidem
3104 796 3351 842 naturam
3381 804 3514 842 con-

1934 872 2234 926 vertibilem
2257 871 2401 937 fecit,
2434 875 2687 928 mobilem
2714 891 2846 929 vero
2872 877 3328 933 iuconvertibilem
3360 895 3372 930 :
3398 894 3519 947 pro-

1936 964 2167 1018 videntia
2213 966 2441 1033 quadam
2472 967 2586 1020 haec
2616 968 2687 1020 ita
2719 968 3055 1037 dispensans,
3089 985 3156 1024 ne
3186 970 3330 1038 quod
3378 970 3515 1023 divi-

1936 1069 2018 1107 nae
2066 1062 2269 1108 naturae
2311 1063 2392 1109 est
2419 1056 2686 1124 singulare
2713 1060 2796 1111 vel
2845 1060 3121 1128 proprium
3154 1059 3244 1129 (id
3275 1068 3357 1114 est
3404 1061 3503 1112 im-

1938 1143 2208 1198 mobilitas
2234 1152 2289 1198 et
2337 1145 2895 1217 incommutabilitas)
2940 1149 2990 1201 in
3041 1150 3219 1216 aliqua
3268 1157 3514 1202 creatura

1940 1243 2226 1303 conspecta
2267 1235 2434 1290 Deum
2478 1237 2748 1291 aestimare
2794 1224 2995 1291 faceret
3029 1247 3343 1293 creaturam.
3398 1239 3513 1294 Non

1939 1325 2079 1379 enim
2108 1327 2308 1394 poterit
2336 1328 2513 1380 anima
2543 1327 2708 1380 videri
2758 1328 3065 1395 opinionem
3094 1329 3293 1382 habere
3323 1329 3520 1383 Divini-

1940 1415 2083 1479 tatis,
2110 1415 2253 1484 quod
2292 1415 2491 1469 mobile
2524 1415 2605 1469 vel
2628 1417 2881 1471 mutabile
2910 1418 3084 1471 fuerit.
3118 1418 3339 1483 Idcirco,
3374 1427 3516 1473 terra

1941 1506 2156 1575 quidem
2179 1506 2404 1570 stabilis,
2437 1507 2530 1561 sed
2561 1508 2830 1563 mutabilis
2855 1516 2965 1575 est;
2989 1509 3182 1564 emtum
3207 1524 3335 1563 vero
3360 1524 3522 1563 econ-

1945 1597 2108 1651 trario
2137 1614 2258 1652 cum
2288 1615 2393 1652 non
2424 1600 2493 1654 sit
2520 1602 2801 1670 mutabile,
2847 1603 3006 1657 simul
3050 1618 3151 1657 nec
3177 1602 3369 1658 stabile
3390 1610 3474 1657 est
3503 1619 3517 1654 :

1945 1698 2005 1744 ut
2042 1693 2215 1746 stabili
2244 1693 2459 1761 quidem
2507 1695 2817 1751 substantia:
2864 1696 3291 1760 mutabilitatem,
3324 1696 3524 1751 incom-

258 1770 673 1839 unumquodque
725 1784 911 1824 eorum
952 1786 1178 1838 quorum
1220 1772 1463 1841 operatio
1511 1773 1698 1837 distat,
1726 1790 1841 1828 ma-
1875 1793 1918 1851 Β
1945 1784 2187 1837 mutabili
2238 1772 2375 1839 vero'
2397 1786 2748 1840 mobilitatem
2791 1788 2968 1841 divina
2996 1788 3167 1842 virtus
3206 1788 3519 1853 adnectens,

258 1861 477 1929 gnitudo
503 1869 787 1931 compacta
817 1870 919 1927 est,
962 1861 1014 1915 id
1060 1870 1161 1927 est,
1206 1871 1313 1916 tam
1343 1862 1458 1931 ejus
1485 1879 1603 1932 quae
1632 1866 1837 1921 stabilis

264 1960 467 2006 naturae
518 1960 621 2017 est,
660 1967 822 2020 quam
870 1952 1011 2006 illius
1056 1967 1175 2020 qua}
1221 1954 1525 2008 incessabili
1573 1958 1839 2012 rotatione

258 2051 520 2112 raptatur,
556 2058 679 2096 nam
728 2058 906 2111 neque
958 2051 1100 2097 terra
1138 2052 1320 2113 potest
1350 2060 1379 2099 a
1412 2047 1625 2115 propria
1654 2048 1838 2103 solidi-

258 2144 358 2190 tate
404 2134 708 2197 translerri,
763 2150 940 2205 neque
981 2135 1178 2190 coelum
1220 2153 1454 2207 unquam
1498 2139 1838 2194 velocissima

257 2238 432 2283 motus
455 2228 536 2282 sui
568 2228 890 2283 circuitione
910 2228 1100 2281 laxari.
1124 2228 1249 2282 Hmc
1276 2238 1453 2284 autem
1481 2239 1535 2285 et
1563 2231 1733 2303 prima
1761 2247 1842 2287 se-

256 2318 489 2373 cundum
514 2318 824 2373 Conditoris
852 2318 1170 2387 sapientiam
1202 2318 1367 2393 veluti
1403 2321 1669 2388 quoddam
1695 2322 1841 2391 prin-
1878 2324 1885 2330 ’

258 2411 453 2480 cipium
501 2410 665 2463 totius
695 2410 955 2463 machinae
992 2409 1291 2478 probantur
1328 2425 1449 2465 esse
1502 2420 1838 2479 constructa,

258 2501 566 2555 declarante
622 2500 905 2568 magniﬁco
953 2500 1045 2555 illo
1103 2500 1287 2569 Moyse
1342 2516 1439 2571 per
1483 2502 1586 2557 hoc
1618 2504 1839 2572 quodin

259 2593 520 2663 principio
560 2592 757 2647 uelum
800 2601 858 2646 et
897 2600 1097 2646 terram
1126 2607 1155 2645 a
1179 2592 1289 2646 Deo
1317 2592 1456 2646 facta
1508 2608 1839 2648 commemo—

258 2693 352 2748 rat,
387 2695 441 2739 et
462 2684 608 2752 quod
636 2699 705 2739 ex
728 2692 878 2738 motu
903 2692 957 2737 et
984 2684 1218 2738 statione
1245 2698 1363 2753 quae
1391 2683 1636 2738 videntur
1657 2685 1711 2737 iu
1741 2685 1842 2740 hac

259 2788 526 2843 creatura,
554 2776 710 2845 juxta
755 2775 991 2831 divinum
1047 2776 1331 2832 consilium
1384 2776 1437 2830 in
1468 2767 1840 2846 generatione

259 2878 446 2924 cuncta
503 2869 766 2938 producta
806 2875 952 2922 sunt.
980 2866 1117 2920 Cum
1169 2880 1299 2935 ergo
1345 2867 1541 2923 cmlum
1590 2874 1645 2921 et
1697 2876 1839 2922 terra

259 2960 524 3014 mensuris
553 2959 725 3028 mquis
747 2958 901 3027 juxta
932 2957 1257 3012 contrariam
1288 2956 1581 3012 efﬁcaciam
1610 2958 1679 3012 ab
1707 2957 1844 3011 invi-

258 3066 368 3105 cem
397 3051 676 3119 disparata
706 3050 837 3118 sint,
885 3063 950 3103 ea
980 3058 1229 3103 creatura
1257 3064 1375 3118 quas
1402 3050 1455 3103 in
1485 3050 1661 3105 medio
1712 3065 1844 3105 con-

1942 1879 1998 1925 et
2024 1872 2339 1927 alterutrum
2366 1890 2465 1944 per
2488 1877 2763 1944 utriusque
2791 1878 3228 1933 contrarietatem
3259 1879 3368 1932 suis
3396 1891 3522 1946 pro-

1941 1966 2256 2033 prietatibus
2286 1970 2564 2038 copulans,
2597 1989 2627 2025 a
2660 1973 2957 2027 Divinitatis
2987 1975 3243 2043 Opinione
3272 1989 3514 2029 remove~

1941 2064 2041 2121 ret,
2070 2058 2216 2125 quod
2246 2068 2493 2113 neutrum
2526 2061 2715 2115 borum
2749 2062 2922 2131 (sicut
2949 2062 3148 2117 dictum
3179 2063 3297 2132 est)
3329 2062 3522 2117 divina:

1943 2156 2147 2201 natura:
2173 2149 2467 2218 putabitur,
2492 2150 2541 2203 id
2573 2150 2713 2218 quod
2737 2153 2991 2206 mutabile
3022 2160 3077 2207 et
3106 2153 3355 2206 instabile
3381 2168 3524 2206 com-

1941 2239 2273 2307 probabitur.
2296 2240 2551 2297 Universa
2577 2245 2735 2311 igitur
2759 2245 2825 2298 ad
2855 2261 3010 2299 suum
3043 2245 3201 2300 ﬁnem
3230 2260 3526 2313 congruen-

1944 2336 2027 2384 ter
2051 2334 2234 2399 apta‘ta
2283 2340 2427 2386 sunt.
2463 2331 2707 2387 Perfecta
2757 2342 2881 2388 sunt
2927 2336 3101 2400 enim,
3129 2336 3266 2390 sicut
3314 2334 3524 2405 Moyses

1942 2421 2035 2483 ait,
2081 2421 2276 2477 cwlum
2320 2430 2375 2476 et
2404 2431 2544 2477 terra
2600 2433 2655 2477 et
2679 2439 2800 2492 qua:
2831 2425 2970 2479 inter
3019 2426 3132 2479 hmc
3160 2424 3333 2479 media
3375 2434 3520 2489 sunt,

1943 2514 2121 2567 omnia
2168 2513 2302 2566 mira
2356 2514 2773 2583 pulchritudine,
2800 2515 3007 2584 singula
3038 2529 3265 2584 quasque
3292 2529 3516 2583 compe-

1944 2612 2118 2659 tenter
2157 2613 2348 2659 ornata
2384 2605 2617 2659 :cmlum
2659 2606 2875 2676 quidem
2923 2605 3196 2660 stellarum
3237 2605 3525 2659 luminibus

1943 2696 2181 2759 micans;
2208 2710 2355 2750 mare
2380 2710 2509 2749 vero
2539 2704 2701 2764 atque
2730 2710 2823 2750 aer
2847 2696 3207 2749 animantibus
3239 2704 3345 2748 tam
3377 2704 3526 2748 nata-

1948 2789 2145 2843 bilibus
2172 2803 2332 2857 quam
2360 2788 2668 2842 volatilibus
2696 2788 2829 2841 mire
2863 2788 3156 2857 tripudians
3181 2805 3196 2852 ;
3226 2794 3367 2841 terra
3388 2800 3526 2840 vero

1945 2877 2272 2931 multimodis
2298 2878 2585 2931 herbarum
2615 2879 2839 2941 naturis,
2873 2878 3224 2946 virgultorum
3241 2878 3524 2931 diversita-

1946 2968 2085 3022 tibus
2134 2966 2365 3034 quodam
2418 2966 2578 3021 modo
2630 2966 2896 3035 gestiens,
2948 2982 3067 3036 qua:
3111 2976 3523 3022 conservantem

1945 3066 2137 3112 cuncta
2183 3057 2364 3111 divino
2402 3065 2533 3110 nutu
2587 3065 2830 3126 vegetata
2874 3057 3194 3126 progenuit;
3224 3065 3279 3111 et
3318 3057 3523 3125 repleta

260 3141 545 3196 trariorum
573 3150 676 3208 est,
726 3159 793 3199 ex
826 3152 980 3215 parte
1026 3143 1256 3213 quadam
1306 3145 1691 3200 cohaerentium
1739 3145 1843 3200 sibi
1876 3162 1920 3223 ς
1950 3148 2168 3217 quidem
2200 3155 2317 3202 erat
2344 3148 2630 3217 speciebus
2678 3148 2939 3201 universis
2962 3147 3122 3202 simul
3152 3160 3273 3201 cum
3302 3146 3524 3200 ﬁoribus

260 3236 608 3307 participans,
641 3236 979 3291 summitates
1030 3236 1229 3291 divisas
1273 3238 1487 3307 propria
1520 3237 1843 3292 mediatione

260 3328 551 3383 connectit.
585 3326 665 3380 Ita
690 3334 748 3381 ut
770 3327 1065 3382 manifesta:
1093 3327 1201 3382 sint
1240 3328 1634 3383 contrariorum
1664 3328 1732 3382 ad
1758 3330 1840 3381 al-

263 3427 520 3472 terutrum
552 3418 657 3471 hac
688 3418 1100 3487 interpositione
1128 3416 1541 3486 conjunctionis.
1570 3419 1704 3473 Nam
1735 3433 1844 3473 mo-

263 3508 373 3562 bilis
402 3520 624 3577 semper
652 3515 708 3562 et
748 3508 1082 3563 subtilissimi
1110 3508 1250 3576 ignis
1279 3509 1634 3563 substantiam
1667 3509 1841 3562 imita-

264 3608 342 3653 tur
367 3600 716 3669 aliquatenus
746 3614 858 3663 aer,
883 3608 992 3653 tam
1013 3600 1233 3654 levitate
1255 3608 1458 3653 natura:
1478 3614 1638 3666 quam
1664 3606 1844 3654 motus

260 3692 665 3760 opportunitate
699 3708 712 3743 :
746 3707 854 3745 non
899 3694 1076 3745 tamen
1107 3690 1418 3757 bujusmodi
1446 3698 1553 3761 est,
1583 3697 1641 3743 ut
1669 3704 1717 3749 ac
1749 3704 1842 3743 so-

264 3783 639 3838 lidissimorum
696 3783 1021 3850 cognatione
1076 3775 1318 3839 videatur
1372 3783 1617 3849 alienus,
1669 3797 1844 3851 neque

262 3890 470 3943 semper
499 3874 793 3928 immobilis
822 3888 1166 3943 permanens,
1198 3888 1372 3942 neque
1397 3872 1596 3941 jugiter
1621 3872 1843 3927 emuens

263 3971 420 4034 atque
466 3962 775 4019 deﬁciens:
833 3962 930 4018 sed
978 3965 1256 4033 utriusque
1302 3964 1632 4034 proprietate
1676 3963 1842 4017 veluti

262 4056 579 4124 quibusdam
606 4057 1002 4111 contrariorum
1035 4056 1314 4111 eﬂectibus
1345 4053 1570 4110 conﬁnis
1592 4053 1839 4120 efﬁcitur,

264 4150 568 4205 itumisceus
606 4148 768 4203 simul
819 4157 875 4203 et
901 4149 1148 4204 dividens
1202 4150 1255 4203 in
1296 4150 1477 4218 seipso
1501 4164 1620 4217 qum
1649 4157 1843 4203 natura

262 4239 491 4295 discreta
512 4249 665 4305 sunt,
686 4241 980 4296 secundum
1008 4243 1145 4297 hanc
1167 4243 1431 4297 rationem
1456 4257 1486 4296 a
1505 4243 1699 4312 liquida
1716 4258 1846 4321 quo:

263 4347 365 4398 que
418 4332 720 4385 substantia
777 4332 989 4401 gemina
1036 4333 1301 4387 charitate
1338 4333 1563 4387 subnixa
1603 4334 1844 4403 utrisque

260 4422 733 4477 contrarietatibus
773 4430 1056 4491 coaptatur
1080 4439 1094 4486 ;
1122 4421 1267 4491 quod
1321 4422 1463 4476 enim
1509 4423 1687 4490 gravis
1713 4423 1841 4477 etin

260 4513 510 4567 deorsum
558 4512 810 4582 proclivis
862 4520 966 4578 est,
996 4511 1163 4565 multa
1186 4511 1252 4564 ad
1280 4518 1551 4565 terrenam
1595 4518 1841 4564 naturam

262 4602 588 4670 cognatione
611 4599 906 4656 fmderatur
937 4618 949 4653 :
980 4600 1124 4669 quod
1150 4615 1277 4655 vero
1304 4599 1460 4655 ﬁuxm
1480 4608 1536 4654 et
1563 4599 1847 4654 decurren-

262 4692 330 4744 tis
350 4690 606 4747 et'ﬁcaciaz
629 4700 733 4756 est,
764 4706 874 4746 non
904 4692 1050 4745 omni
1081 4691 1241 4746 modo
1272 4699 1479 4744 natura:
1507 4691 1721 4745 mobilis
1749 4706 1847 4745 ex-

261 4801 382 4854 pers
435 4801 556 4840 esse
607 4785 994 4853 cognoscitur:
1027 4784 1270 4853 quaedam
1325 4799 1556 4854 namque
1606 4800 1703 4853 per
1742 4784 1847 4838 hoc

258 4877 437 4942 ipsum
468 4876 524 4928 lit
547 4876 918 4944 oppositorum
942 4876 1171 4928 mixtura
1200 4883 1361 4944 atque
1382 4876 1691 4942 concursio,
1714 4875 1843 4929 dum

259 4971 311 5016 et
328 4964 569 5030 gravitas
590 4965 643 5017 in
668 4972 817 5019 motu
839 4971 1095 5029 transeat,
1119 4979 1219 5018 nec
1242 4972 1419 5018 motus
1435 4965 1560 5019 item
1582 4965 1847 5032 gravitate

260 5055 527 5117 tardetur,
558 5055 650 5109 sed
682 5056 747 5108 ad
778 5071 896 5111 sese
927 5056 1271 5122 conveniant,
1305 5072 1424 5126 qua:
1448 5057 1601 5125 juxta
1622 5060 1847 5112 summi-

261 5153 406 5198 tates
448 5146 762 5200 naturaliter
800 5154 930 5200 suut
973 5146 1163 5210 divisa,
1193 5146 1319 5200 dum
1350 5147 1450 5200 sibi
1500 5156 1687 5202 mutuo
1715 5163 1849 5217 qua-

256 5236 385 5289 dam
419 5236 745 5292 mediatione
773 5239 1116 5306 copulantur,
1158 5238 1267 5293 imo
1294 5239 1473 5307 potius
1503 5238 1848 5307 diligentissi-

257 5341 406 5379 mam
436 5327 693 5382 rationcm
724 5343 825 5383 nec
852 5327 963 5396 ipsa
994 5328 1383 5382 contrariorum
1406 5328 1701 5383 substantia
1727 5330 1845 5385 sine

257 5416 623 5484 permixtione
637 5418 862 5473 alterius
889 5418 1236 5488 pr0prietatis
1264 5419 1478 5473 cxistat.
1502 5418 1656 5485 Item,
1680 5435 1845 5489 quau-

256 5519 374 5561 tum
409 5522 553 5573 reor,
578 5510 827 5564 universa
852 5524 971 5580 quae
1001 5510 1054 5563 in
1088 5508 1285 5565 mundo
1315 5519 1624 5567 cernuntur.
1661 5521 1845 5567 mutua

252 5601 360 5653 sibi
420 5600 678 5656 societate
708 5601 1073 5665 consentiunt,
1107 5609 1161 5655 et
1194 5600 1247 5653 in
1296 5615 1459 5653 unum
1490 5599 1665 5656 omnis
1695 5618 1847 5657 crea-

254 5701 381 5743 tura
440 5692 747 5760 conspirare
793 5690 1166 5759 cognoscitur,
1197 5689 1323 5743 dum
1377 5688 1427 5742 in
1476 5692 1846 5759 oppositorum

252 5780 683 5855 proprietatibus
713 5780 999 5838 invenitur.
1033 5779 1163 5837 Nam
1195 5796 1315 5836 cum
1338 5788 1515 5836 motus
1540 5796 1648 5839 non
1675 5782 1849 5839 solum

1892 3296 1901 3303 _
1948 3237 2150 3293 fructus
2192 3251 2407 3306 quoque
2437 3237 2757 3307 producens,
2785 3236 2942 3304 plena
2972 3244 3027 3290 et
3070 3245 3254 3307 parata
3277 3236 3360 3289 his
3402 3251 3523 3305 qua:

1946 3330 1998 3384 in
2026 3330 2104 3384 eis
2125 3329 2282 3383 solita
2302 3337 2427 3382 sunt
2450 3328 2577 3384 oriri
2599 3346 2611 3380 :
2631 3336 2820 3383 cuncta
2841 3342 3055 3397 quoque
3079 3328 3234 3382 dorsa
3266 3329 3524 3383 montium

1947 3431 2109 3491 atque
2138 3421 2419 3475 cacumina
2447 3428 2502 3475 et
2526 3420 2784 3489 quidquid
2840 3436 3140 3475 convexum
3190 3428 3352 3489 atque
3380 3420 3527 3490 supi-

1948 3532 2094 3580 num,
2126 3516 2209 3571 vel
2260 3515 2313 3569 in
2361 3514 2693 3570 convallibus
2721 3514 2938 3583 planum
2988 3522 3150 3582 atque
3194 3515 3521 3568 substratum

1946 3607 2231 3661 herbarum
2262 3621 2399 3661 nova
2429 3604 2611 3674 specie
2638 3612 2693 3659 et
2720 3606 2866 3659 varia
2915 3605 3170 3660 arborum
3222 3604 3522 3673 pulchritu-

1944 3697 2069 3752 dine
2107 3698 2524 3761 coronabantur,
2556 3697 2717 3752 modo
2756 3696 2971 3766 quidem
3000 3696 3069 3751 de
3107 3697 3262 3749 terris
3291 3696 3524 3749 eminen-

1945 3789 2046 3855 tia;
2078 3790 2171 3843 sed
2198 3787 2264 3841 ad
2290 3786 2635 3856 perfectionis
2662 3802 2772 3841 sua:
2813 3787 3187 3841 concurrentia
3209 3799 3338 3844 mox
3369 3784 3522 3839 deco-

1946 3900 2060 3940 rem
2114 3883 2459 3948 lretabantur,
2491 3882 2739 3936 universa
2778 3881 2927 3949 juxta
2958 3880 3171 3933 modum
3202 3894 3355 3932 suum
3387 3893 3525 3947 pra:-

1945 3982 2104 4042 cepto
2154 3972 2418 4026 viviﬁcata
2465 3970 2663 4025 divino.
2708 3969 2956 4024 Jumeuta
3003 3966 3217 4037 quidem
3258 3966 3518 4036 gregatim

1941 4066 2092 4135 juxta
2119 4064 2395 4134 proprium
2425 4077 2593 4131 genus
2618 4062 2669 4115 in
2710 4062 2841 4116 silva
2866 4059 3219 4115 discurrentia
3244 4059 3524 4112 moraban-

1948 4166 2062 4221 tur;
2090 4154 2265 4211 avium
2278 4169 2407 4208 vero
2430 4153 2714 4208 modulatis
2733 4152 2978 4206 cantibus
3007 4152 3242 4205 omnium
3268 4151 3520 4204 silvarum

1949 4261 2190 4302 consona
2218 4245 2567 4300 resonabant.
2597 4242 2755 4296 Maris
2778 4242 2938 4297 etiam
2968 4242 3129 4297 facies
3150 4242 3231 4313 (ut
3257 4241 3524 4295 aestimare

1948 4338 2109 4407 licet)
2141 4337 2373 4399 maxima
2406 4343 2531 4389 tunc
2575 4343 2690 4388 erat
2731 4332 3037 4403 placiditate
3066 4341 3119 4387 et
3141 4332 3525 4401 tranquillitate

1948 4429 2059 4482 suis
2129 4425 2637 4493 congregationibus
2702 4423 3132 4496 profundissimis
3206 4423 3520 4477 constituta.

1872 4514 2108 4593 DJuxta
2148 4529 2312 4584 quam
2367 4512 2626 4566 stationes
2672 4521 2727 4567 et
2775 4521 2965 4582 portus
3019 4512 3199 4567 divina
3246 4511 3524 4566 voluntate

1947 4603 2113 4659 veluti
2137 4602 2353 4671 quidam
2383 4602 2533 4656 sinus
2581 4601 2756 4657 cﬁecti
2804 4616 2903 4671 per
2931 4602 3110 4656 littora
3153 4602 3311 4656 terris
3356 4600 3524 4653 maria

1952 4692 2292 4764 copulabant,
2317 4691 2633 4761 quietissimi
2664 4691 2821 4745 etiam
2852 4699 3032 4746 motus
3061 4690 3322 4745 undarum
3348 4690 3526 4743 vibra-

1946 4782 2143 4837 bantur
2172 4782 2334 4835 veluti
2376 4790 2530 4851 prata
2576 4782 2823 4847 virentia,
2870 4781 3196 4837 tenuissimis
3238 4788 3399 4848 atque
3451 4780 3527 4832 in-

1952 4873 2127 4929 noxiis
2156 4872 2368 4929 ﬁatibus
2416 4875 2739 4930 summitatis
2770 4874 3107 4944 superﬁciem
3137 4887 3370 4940 congrua
3400 4870 3526 4924 sub~

1951 4964 2141 5019 tilitate
2162 4964 2479 5033 crispantes,
2504 4974 2559 5019 et
2588 4966 2865 5021 universus
2890 4965 3035 5018 orbis
3062 4963 3355 5017 secundum
3383 4976 3530 5015 crea-

1952 5055 2151 5109 tionem
2174 5072 2326 5111 suam
2352 5064 2491 5111 terra
2521 5058 2765 5126 marique
2796 5063 3014 5128 paratus
3041 5053 3268 5108 astabat.
3301 5051 3405 5107 Sed
3435 5055 3527 5124 qui

1952 5150 2033 5203 his
2056 5157 2298 5204 uteretur
2328 5150 2539 5203 interim
2569 5164 2675 5203 non
2706 5158 2840 5201 erat.

2569 5276 2796 5334 CAPUT
2836 5277 2899 5333 II.

2038 5391 2143 5447 Cur
2170 5392 2475 5446 novissimus
2504 5400 2616 5460 post
2646 5399 2933 5444 creaturam
2954 5392 3126 5463 fartus
3155 5393 3223 5448 sit
3251 5392 3425 5449 homo.

2019 5505 2262 5561 Nondum
2292 5518 2522 5573 namque
2552 5516 2743 5573 magna
2773 5504 2889 5559 haec
2909 5513 2963 5561 et
2994 5506 3225 5576 pretiosa
3255 5522 3342 5563 res
3366 5508 3531 5563 homo

1950 5598 2131 5653 mundi
2175 5597 2426 5651 dominus
2477 5595 2694 5663 aderat,
2745 5612 2843 5653 nec
2899 5600 3041 5654 enim
3081 5599 3335 5654 decuerat
3382 5600 3533 5667 prius

1953 5690 2183 5745 existere
2206 5688 2501 5757 principem
2528 5703 2687 5757 quam
2720 5688 2807 5743 illa
2837 5706 3064 5759 quorum
3097 5699 3309 5758 gereret
3339 5690 3533 5757 princi-

1955 5789 2156 5850 patum.
2209 5776 2316 5831 Sed
2350 5777 2436 5834 ubi
2466 5787 2659 5835 cuncta
2708 5779 2755 5834 ci
2787 5780 3113 5852 subjicienda
3158 5787 3345 5853 parata
3384 5787 3531 5845 sunt,
