3976 6196
360 323 423 381 SE
437 327 455 380 ι

1627 326 1983 384 DIUNYSIUS
2023 326 2339 386 EXIGUUS.

3519 339 3627 392 3'9.

353 444 468 510 jam
487 458 822 512 consequens
847 451 968 500 erat
993 458 1256 514 apparere
1277 449 1570 500 rectorem.
1611 441 1748 510 Quia
1777 445 1936 511 igitur
1965 449 2010 503 Δ
2044 444 2094 496 in
2122 447 2386 501 creaturis
2435 448 2729 502 visibilibns
2763 449 2937 504 simile
2983 452 3279 520 reperitur,
3311 453 3478 506 verbo
3506 457 3624 508 Solo

361 534 524 587 veluti
544 533 815 603 quoddam
843 535 990 602 regni
1013 535 1342 590 domicilium
1360 532 1540 589 futuro
1568 535 1680 602 regi
1709 534 1937 589 Creator

363 624 726 678 universitatis
754 623 1027 690 effecerat,
1060 625 1113 680 id
1160 633 1341 681 autem
1388 634 1505 682 erat
1535 634 1697 692 terra,
1731 627 1935 692 insulae,

359 714 549 781 maria,
579 720 633 768 et
651 729 813 785 super
841 713 959 770 haec
985 715 1180 770 omium
1219 717 1273 770 in
1308 717 1525 771 modum
1560 733 1790 772 camerze
1809 734 1933 773 cur-

355 811 572 867 vatum;
619 803 832 858 divitias
858 820 990 859 vero
1031 814 1352 876 reposuerat
1396 809 1549 875 regni
1582 808 1934 876 multiplices;

357 892 569 948 divitias
597 902 776 948 autem
806 895 926 950 dico
951 904 1116 951 totam
1145 903 1446 951 creaturam
1476 897 1734 967 quidquid
1774 906 1855 952 est
1883 899 1936 952 in

358 982 537 1036 herbis
565 991 621 1038 et
648 984 842 1053 plantis
888 994 944 1039 et
969 986 1277 1052 arboribus,
1309 987 1565 1055 quidquid
1604 988 1657 1050 in
1694 989 1940 1058 spiritali-

357 1070 457 1126 bus
488 1079 543 1125 et
574 1073 860 1128 sensilibus
897 1082 952 1129 et
971 1075 1238 1140 animatis,
1272 1075 1418 1145 quod
1443 1076 1541 1130 nisi
1567 1078 1783 1132 metalla
1804 1093 1940 1147 quo-

361 1176 467 1229 que
519 1161 603 1218 bis
658 1166 913 1218 convenit
959 1165 1303 1221 adnumerari
1325 1166 1526 1223 divitiis
1553 1183 1672 1239 quin
1719 1178 1940 1240 prepter

351 1253 602 1309 colorum
633 1256 1079 1324 pulchritudinem
1108 1259 1601 1327 pretiosahumanis
1626 1263 1797 1318 oculis
1825 1264 1937 1318 visa

355 1352 500 1406 sunt,
533 1353 592 1400 ut
617 1347 730 1401 auri
771 1357 827 1402 et
855 1349 1059 1415 argenti
1089 1357 1146 1403 et
1190 1349 1430 1418 lapidum
1462 1367 1650 1406 eorum
1675 1367 1810 1421 quos
1837 1355 1938 1410 ho-

357 1435 534 1492 mines
567 1444 769 1501 amant,
798 1437 991 1492 horum
1020 1427 1258 1493 omnium
1306 1440 1516 1510 copiam
1547 1443 1692 1497 velut
1727 1445 1942 1513 quibus-

359 1529 484 1582 dam
513 1529 782 1599 regalibus
834 1531 1102 1586 thesauris
1153 1543 1310 1587 terrae
1352 1533 1545 1590 finibus
1569 1538 1852 1602 occulens,
1886 1539 1939 1593 in

363 1620 504 1675 hunc
529 1620 790 1676 mundum
821 1621 1092 1679 hominem
1125 1624 1366 1692 protinus
1395 1626 1708 1692 introduxit,
1735 1637 1794 1681 ut
1813 1643 1942 1696 quo-

364 1714 608 1768 rumdam
653 1715 1033 1770 miraculorum
1081 1727 1355 1786 spectator
1383 1719 1658 1786 existeret,
1689 1735 1941 1789 quorum-

2040 541 2337 610 perticitur,
2369 552 2424 597 et
2463 559 2600 612 Opus
2643 552 2755 598 tam
2794 544 3040 600 mirabile
3088 561 3188 600 nec
3225 545 3372 601 unde
3401 546 3495 602 ﬁat
3524 565 3627 605 nec

2039 634 2300 701 qualiter,
2333 635 2614 691 intimatur
2646 655 2658 690 :
2705 639 2783 694 sic
2811 647 2866 693 et
2905 641 3113 708 singula
3143 656 3374 710 qumque
3414 653 3622 698 creatu-

2038 739 2240 793 rarum,
2262 727 2448 791 aether,
2479 728 2650 784 stellze
2692 737 2744 783 et
2774 744 2870 784 aer
2905 730 2995 799 qui
3026 732 3265 786 medium
3296 732 3472 788 locum
3499 751 3626 788 con~

2039 816 2192 881 tinet,
2241 833 2410 884 mare,
2465 827 2633 887 terra,
2684 821 2938 876 animalia
2987 831 3043 877 et
3087 824 3366 878 nascentia
3418 825 3622 889 omnia,

2038 907 2204 961 verbo
2237 909 2608 964 tantummodo
2637 909 3003 978 producuntur
3033 920 3090 966 ut
3113 913 3221 966 sint
3249 931 3263 978 ;
3302 913 3368 967 ad
3391 914 3625 969 hominis

2039 1006 2218 1052 autem
2243 998 2411 1054 solius
2433 999 2797 1055 conditionem
2822 1017 2943 1056 cum
2973 1004 3200 1058 consilio
3223 1004 3622 1074 quodammodo

2041 1088 2300 1146 Conditor
2337 1093 2702 1149 universitatis
2756 1094 2996 1160 accedit,
3050 1104 3108 1150 et
3162 1099 3438 1151 materiam
3495 1112 3616 1167 qua:

2039 1185 2425 1239 constructioni
2449 1185 2566 1255 ejus
2592 1187 2662 1240 sit
2684 1188 2994 1242 necessaria
3023 1197 3310 1259 prazparat,
3343 1198 3396 1244 et
3424 1190 3490 1244 ad
3520 1191 3624 1245 for-

2041 1292 2182 1330 mam
2243 1278 2509 1346 primteva:
2557 1295 2621 1335 ac
2677 1280 2989 1351 principalis
3038 1283 3456 1353 pulchritudinis
3503 1284 3624 1353 ejus

2040 1378 2258 1438 coaptat
2280 1370 2706 1435 similitudinem,
2733 1379 2788 1426 et
2809 1373 3199 1439 intentionem,
3225 1373 3377 1442 cujus
3404 1375 3483 1429 rei
3508 1389 3624 1444 gra-

2043 1461 2113 1515 tia
2162 1459 2271 1525 fiat,
2299 1461 2554 1527 insinuat,
2586 1477 2878 1531 congruam
2919 1463 2994 1518 illi
3047 1473 3295 1518 naturam
3343 1463 3623 1520 effectibus

2041 1553 2149 1606 suis
2189 1553 2489 1617 instituens,
2521 1569 2640 1623 qua:
2681 1555 2748 1610 ad
2799 1555 3133 1624 propositum
3182 1555 3457 1626 aptissima
3502 1572 3623 1612 esse

2041 1645 2318 1716 probatur.

2269 1743 2274 1748 '
2663 1735 2891 1793 CAPUT
2930 1736 3018 1791 IV.

357 1803 484 1857 dam
515 1820 646 1859 vero
667 1805 1001 1861 dominatum
1031 1807 1398 1876 principaliter
1430 1809 1728 1870 obtineret;
1755 1818 1941 1879 quate-

2048 1828 2220 1894 Quare
2257 1846 2347 1895 per
2375 1830 2548 1882 omnia
2604 1830 2933 1901 imperiosam
2983 1829 3258 1900 quamdam
3319 1840 3622 1901 potestatem

359 1911 463 1948 nus
493 1910 588 1964 per
634 1911 697 1950 ea
728 1897 922 1966 quibus
969 1904 1210 1953 uteretur
1256 1900 1577 1969 intelligeret
1607 1901 1936 1970 largitorem,

366 2002 461 2052 rer
503 2001 566 2040 ea
622 2002 752 2042 vero
813 2003 931 2056 qua:
988 1990 1208 2057 pulchra
1273 1998 1330 2044 et
1372 1991 1652 2058 magnifica
1707 2002 1944 2048 contem-

364 2077 556 2145 platur,
583 2077 906 2134 ineffabilem
931 2081 1011 2134 sui
1042 2079 1262 2134 factoris
1284 2091 1464 2150 posset
1493 2082 1813 2160 ingestigare
1841 2099 1940 2154 po-

362 2169 607 2223 tentiam.
635 2169 925 2243 Propterea
947 2173 1270 2227 novissimus
1301 2174 1353 2227 in
1382 2175 1524 2229 hunc
1546 2175 1800 2230 mundum
1822 2185 1942 2245 post

361 2268 663 2325 creaturam
704 2259 1039 2317 introductus
1068 2271 1152 2320 est
1197 2264 1358 2320 homo
1390 2281 1403 2318 :
1436 2281 1543 2318 non
1575 2276 1633 2319 ut
1656 2266 1943 2322 vilissimus

359 2353 412 2407 in
443 2363 857 2423 extremaparte
879 2356 1188 2425 projectus,
1216 2357 1310 2411 sed
1351 2373 1513 2426 quem
1545 2359 1764 2414 decebat
1793 2361 1942 2428 geni-

363 2452 476 2497 tum
506 2459 631 2497 mox
657 2460 776 2499 esse
801 2455 1087 2501 rectorem.
1119 2448 1254 2502 Nam
1292 2450 1429 2503 sicut
1452 2450 1668 2518 quidam
1705 2452 1943 2521 optimus

366 2534 622 2588 invitator
649 2550 757 2588 non
780 2536 929 2604 prius
957 2536 1010 2590 in
1041 2536 1258 2592 domum
1289 2553 1602 2608 pransorem
1630 2555 1790 2609 quam
1814 2557 1943 2612 pra:-

358 2631 513 2694 paret
541 2625 726 2692 epulas
774 2625 1090 2691 introducit,
1138 2627 1233 2681 sed
1259 2643 1474 2682 omnem
1505 2637 1818 2698 apparatum
1870 2632 1944 2684 in-

361 2723 593 2781 struens,
643 2715 971 2785 domumque
1013 2727 1384 2786 congruenter
1416 2734 1723 2784 exornans,
1771 2721 1943 2776 discu-

367 2808 540 2862 bitum
569 2823 788 2877 quoque
817 2816 871 2863 et
899 2824 1142 2863 mensam
1169 2819 1225 2864 et
1259 2819 1490 2876 extera;
1540 2819 1668 2867 tunc
1713 2812 1782 2866 ad
1813 2829 1941 2882 pra:-

367 2908 583 2965 paratas
630 2898 741 2967 jam
793 2899 1015 2955 delicias
1064 2910 1418 2956 convocatum
1477 2903 1669 2957 invitat
1718 2921 1733 2957 :
1786 2904 1939 2973 juxta

360 2991 503 3046 hunc
531 2991 748 3046 modum
788 2991 940 3046 dives
962 3000 1015 3047 et
1041 2995 1292 3064 copiosus
1321 3004 1518 3051 nostra:
1539 2996 1791 3051 conditor
1816 2997 1943 3052 edu-

359 3089 620 3151 catorqne
647 3083 977 3148 substantiae,
1010 3085 1164 3138 bonis
1193 3086 1439 3142 omnibus
1465 3087 1679 3155 replens
1726 3087 1938 3143 habita-

2316 1901 2431 1969 ipsa
2452 1901 2762 1953 constructio
2796 1899 3023 1952 humana
3053 1899 3330 1970 signiﬁcet.

2115 1989 2264 2044 Sicut
2292 1990 2432 2043 enim
2457 1989 2509 2043 in
2540 1989 2639 2044 hac
2660 1989 2768 2043 vita
2796 1989 2860 2042 ad
2883 1989 3149 2058 quoslibet
3180 2005 3305 2044 usus
3327 1991 3392 2044 ab
3414 1989 3625 2045 artifici-

2045 2080 2144 2133 bus
2172 2080 2521 2133 instrumenta
2552 2087 2924 2149 competenter
2951 2088 3222 2149 aptantur.
3251 2081 3324 2133 ita
3347 2081 3509 2135 veluti
3537 2096 3624 2135 res

2043 2170 2285 2240 quzedam
2315 2171 2382 2224 ad
2422 2185 2559 2240 opus
2588 2170 2796 2240 imperii
2834 2185 3133 2240 congruens
3164 2171 3230 2227 ab
3257 2174 3460 2244 optimo
3489 2175 3623 2228 arti-

2045 2261 2145 2317 fice
2171 2270 2359 2316 natura
2391 2270 2572 2316 nostra
2603 2265 2950 2328 construitur,
2974 2279 3092 2332 qua:
3117 2265 3229 2319 sive
3253 2267 3406 2335 juxta
3432 2268 3623 2322 anima:

2043 2354 2470 2424 prmrogativam,
2499 2369 2592 2409 seu
2635 2353 2787 2422 juxta
2817 2355 3060 2424 corporis
3089 2355 3326 2409 habitum
3361 2355 3483 2409 talis
3510 2357 3623 2411 exi-

2043 2451 2230 2506 steret,
2258 2458 2376 2511 qua:
2404 2443 2472 2497 ad
2517 2443 2888 2513 imperandum
2919 2444 3276 2513 opportunior
3302 2454 3619 2514 appareret:

2043 2532 2272 2601 denique
2293 2533 2490 2597 anima,
2531 2532 2586 2586 id
2615 2532 2756 2601 quod
2785 2532 2964 2600 regale
3003 2540 3163 2601 atque
3183 2533 3620 2588 sublimissimum

2042 2633 2143 2687 est,
2163 2637 2273 2677 sua:
2298 2623 2608 2678 substantiae
2631 2631 2687 2677 et
2709 2638 2737 2676 a
2763 2624 2967 2693 privata
3000 2623 3184 2693 procul
3214 2624 3511 2680 humilitate
3535 2641 3622 2680 se-

2036 2713 2281 2783 junctum
2331 2715 2524 2770 clarius
2552 2715 2676 2769 hinc
2703 2715 3026 2777 declaratur,
3060 2715 3203 2784 quod
3235 2716 3431 2771 nullius
3457 2717 3621 2786 subji-

2041 2807 2213 2862 ciatur
2242 2807 2483 2876 imperio,
2513 2807 2716 2861 habens
2744 2807 2947 2860 arbitrii
2974 2807 3298 2875 libertatem,
3328 2823 3533 2877 suoque
3561 2823 3622 2863 se

2040 2906 2172 2951 nutu
2201 2905 2362 2965 atque
2389 2897 2758 2952 moderatione
2803 2897 3134 2966 dispensans,
3166 2896 3320 2966 cujus
3344 2899 3487 2952 enim
3518 2898 3623 2953 hoc

2041 2987 2143 3040 nisi
2187 2987 2498 3057 imperantis
2525 2996 2608 3042 est
2634 2987 2953 3057 proprium?
2981 2985 3154 3056 Super
3202 2987 3318 3042 haec
3343 2988 3502 3042 etiam
3535 2997 3620 3042 to-

2041 3078 2145 3136 tius
2166 3088 2427 3134 creatura:
2449 3079 2704 3134 Dominus
2725 3079 2793 3134 ad
2821 3081 3104 3148 imaginem
3133 3080 3217 3134 sui
3241 3079 3512 3135 Creatoris
3539 3081 3618 3134 ef-

358 3174 538 3228 culum
567 3175 750 3229 mundi
789 3175 948 3244 hujus
973 3186 1024 3231 et
1055 3193 1275 3245 magnas
1296 3179 1392 3232 has
1439 3179 1626 3249 epulas
1654 3181 1937 3251 variasque
1963 3201 2010 3262 ρ
2043 3169 2230 3236 fectus,
2256 3172 2384 3226 nihil
2409 3172 2550 3226 aliud
2578 3172 2794 3236 indicat,
2823 3173 2924 3226 nisi
2952 3173 3096 3242 quod
3136 3188 3260 3228 mox
3284 3174 3337 3227 in
3382 3189 3448 3229 eo
3476 3175 3620 3242 regia

360 3269 666 3337 disponens,
693 3269 770 3324 sic
817 3270 1112 3323 introduxit
1161 3270 1455 3339 hominem,
1509 3272 1642 3328 dans
1697 3272 1748 3328 ei
1805 3289 1941 3344 opus

365 3359 620 3412 eximium
650 3359 924 3414 custodire
959 3360 1264 3413 mandatmn
1295 3400 1309 3420 ,
1335 3375 1444 3429 quo
1466 3377 1570 3414 non
1594 3363 1834 3431 appetitu
1863 3379 1943 3418 re-

361 3457 481 3503 rum
528 3466 634 3504 non
673 3451 1030 3518 exstantium,
1077 3451 1170 3505 sed
1219 3454 1562 3521 praesentium
1605 3456 1943 3522 possessione

272 3590 285 3603 ,
364 3541 640 3610 gauderet.
683 3541 889 3596 Idcirco
941 3544 1100 3596 etiam
1149 3543 1374 3613 duplicis
1422 3547 1833 3616 compositionis
1889 3550 1940 3602 ei

360 3649 550 3688 causas
601 3634 851 3701 intexuit,
885 3644 1099 3690 terreno
1129 3637 1408 3706 spirituale
1457 3639 1834 3703 eommiscens,
1885 3649 1942 3695 ut

364 3739 460 3792 per
488 3724 766 3792 utriusque
795 3725 1173 3793 cognationem
1217 3734 1443 3795 utraque
1490 3728 1823 3797 proprietate
1854 3744 1944 3798 po-

363 3816 571 3880 tiretur,
604 3814 716 3871 Deo
740 3816 954 3884 quidem
976 3818 1327 3886 spiritualiter
1349 3817 1548 3884 fruens,
1576 3815 1788 3874 terrena
1813 3836 1942 3876 vero

362 3907 502 3962 bona
532 3908 801 3978 corporali
827 3924 926 3963 usu
952 3911 1251 3980 percipiens

591 4023 618 4032 “
973 4022 1199 4078 CAPUT
1235 4023 1320 4078 Ill.

366 4111 516 4176 Quod
544 4117 816 4185 pretiosior
853 4118 992 4188 omni
1038 4124 1431 4188 creaturaiquw
1476 4118 1694 4185 videtur,
1751 4121 1944 4176 existat

897 4187 1121 4238 humana
1159 4187 1404 4241 conditio.

432 4277 659 4347 Dignum
687 4293 816 4334 vero
863 4287 946 4335 est
997 4287 1052 4334 ut
1101 4294 1203 4334 nec
1242 4281 1341 4335 ista
1389 4297 1480 4337 res
1519 4283 1941 4355 incontemplata

364 4375 669 4435 prmtereat,
699 4369 843 4437 quod
896 4369 1029 4423 tanti
1060 4369 1216 4439 hujus
1239 4371 1384 4426 orbis
1423 4376 1717 4430 exstructio
1745 4382 1800 4429 et
1829 4392 1946 4445 par-

351 4459 495 4510 tium
526 4457 642 4525 ejus
670 4459 864 4528 quibus
886 4461 936 4513 in
966 4462 1248 4515 elementis
1277 4463 1582 4518 continetur
1602 4465 1938 4534 universitas,

2043 3275 2234 3320 natura
2264 3265 2488 3320 formata
2533 3265 2620 3320 sit.
2648 3266 2794 3320 Sicut.
2823 3265 2964 3320 enim
2989 3266 3139 3334 juxta
3177 3267 3464 3320 humanam
3493 3281 3624 3321 con-

2042 3355 2400 3420 suetudinem,
2431 3355 2521 3422 qui
2578 3354 2877 3423 principum
2926 3353 3209 3422 imaginem
3259 3353 3481 3422 fingunt,
3515 3369 3622 3408 non

2043 3445 2216 3501 solum
2272 3445 2674 3515 impressionem
2718 3446 2902 3499 formae
2947 3443 3063 3513 ejus
3097 3445 3388 3514 imitantur,
3437 3461 3622 3500 verum

2047 3539 2209 3592 etiam
2241 3539 2440 3592 amictu
2458 3552 2729 3607 purpureo
2742 3535 3054 3592 describunt
3073 3537 3273 3608 regiam
3289 3537 3620 3605 dignitatem,

2042 3635 2096 3680 et
2121 3627 2298 3696 imago
2327 3628 2437 3697 ipsa
2463 3628 2574 3696 jam
2603 3643 2700 3697 pro
2728 3627 3118 3682 consuetudine
3171 3627 3362 3682 dicitur
3392 3628 3625 3697 impera-

2044 3727 2158 3783 tor;
2197 3720 2275 3773 sic
2327 3726 2382 3773 et
2423 3719 2654 3773 humana
2676 3719 2989 3773 substantia.
3022 3719 3271 3788 quoniam
3303 3718 3368 3771 ad
3397 3717 3623 3771 aliorum

2043 3809 2282 3876 regimen
2304 3809 2633 3863 condebatur
2663 3789 2882 3880 propter
2929 3809 3326 3865 similitudinem
3355 3811 3492 3877 regis
3516 3809 3628 3862 uni-

2045 3902 2506 3967 versorum,velut
2527 3891 2769 3970 quasdam
2800 3903 2975 3970 imago
3004 3902 3234 3956 animata
3257 3901 3652 3973 componitur,’

2043 3995 2229 4064 primae
2255 4007 2383 4047 vero
2424 3991 2606 4047 forma:
2633 3999 2689 4047 et
2710 3992 2926 4046 nomine
2959 4002 3013 4048 et
3041 3992 3248 4047 honore
3275 3990 3622 4061 participans,

2044 4097 2150 4136 non
2180 4081 2414 4150 tegmine
2442 4081 2847 4137 circumamicto
2876 4095 3131 4151 purpura,
3157 4096 3257 4136 nec
3280 4090 3494 4151 sceptro
3538 4082 3626 4136 vel

2044 4168 2347 4225 diademate
2368 4170 2591 4239 gloriam
2617 4185 2725 4224 sum
2745 4169 3015 4239 dignitatis
3034 4170 3335 4224 insinuans:
3359 4185 3461 4224 nec
3481 4170 3624 4224 enim

2042 4261 2352 4333 principalis
2407 4261 2577 4315 forma
2605 4261 2658 4314 in
2709 4261 2792 4315 his
2834 4275 2954 4315 esse
2981 4260 3352 4332 conspicitur:
3401 4259 3494 4314 sed
3526 4275 3626 4328 pro

2043 4369 2312 4424 purpureo
2334 4353 2626 4415 velamine,
2651 4354 2842 4408 vestita
2872 4354 3068 4407 vlrtute
3095 4362 3198 4417 est,
3235 4369 3354 4424 qua:
3384 4354 3624 4408 omnium

2045 4453 2482 4500 ornamentorum
2513 4446 2768 4514 regalium
2806 4446 3092 4514 pretiosior
3112 4447 3480 4515 approbatur;
3526 4462 3627 4515 pro

301 4559 304 4561 _
363 4564 395 4606 ﬂ
425 4547 603 4602 divina
644 4551 884 4618 polentia
915 4550 1220 4621 perﬁciatur
1259 4555 1530 4623 extemplo
1578 4557 1780 4624 parile].
1818 4573 1940 4612 cum
1972 4561 2015 4616 ι)
2043 4545 2259 4606 sceptro
2291 4552 2420 4591 vero
2448 4537 2776 4591 beatitudine
2798 4545 2852 4591 et
2883 4536 3285 4592 immortalitate
3308 4538 3624 4602 sustollitur,

362 4641 606 4709 jussione
661 4643 987 4708 subsistens,
1047 4646 1281 4700 hominis
1329 4655 1507 4700 autem
1565 4647 1942 4704 formationem

364 4733 589 4797 artificis
615 4736 953 4804 prazcedchat
994 4737 1124 4790 tanti
1155 4738 1458 4804 consilium,
1488 4748 1543 4792 et
1581 4738 1944 4809 descriptione

364 4825 514 4880 verbi
543 4825 686 4895 quod
733 4827 968 4881 futurum
1019 4836 1103 4881 est
1153 4835 1278 4882 ante
1330 4829 1594 4894 signatur,
1625 4829 1945 4897 qualemque

365 4933 485 4976 esse
531 4925 802 4987 Oporteat,
832 4927 887 4974 et
913 4917 1065 4988 cujus
1095 4919 1279 4988 prima:
1306 4919 1489 4974 forma:
1533 4919 1944 4975 similitudinem

365 5010 582 5077 referat,
607 5010 677 5065 ob
701 5026 862 5080 quam
885 5026 1102 5065 causam
1135 5010 1224 5065 liat
1241 5054 1254 5079 ,
1283 5012 1479 5081 quidve
1506 5011 1686 5068 finitus
1720 5013 1937 5080 efficiat,

367 5111 423 5160 et
450 5119 676 5173 quorum
728 5103 1060 5159 dominatum
1111 5113 1294 5174 gerat,
1325 5105 1502 5158 omnia
1543 5105 1690 5175 prius
1724 5108 1943 5161 actione

368 5204 646 5264 perspecta
676 5205 818 5258 sunt,
873 5204 931 5249 ut
958 5204 1086 5250 ante
1124 5197 1530 5265 generationem
1584 5212 1736 5251 suam
1779 5199 1944 5254 homo

369 5282 723 5354 antiquiorem
773 5286 1174 5354 quodmnmodo
1221 5289 1446 5343 sortitus
1493 5289 1563 5343 sit
1601 5290 1939 5358 dignitatem,

370 5375 678 5450 priusquam
705 5377 1020 5434 subsisteret
1048 5379 1417 5435 universorum
1443 5380 1718 5450 possidens
1747 5382 1944 5451 princi-

369 5474 573 5543 patum.
607 5465 750 5525 Dixit
770 5469 909 5521 enim
942 5469 1081 5524 Deus
1107 5488 1120 5523 :
1155 5468 1430 5522 Faciamus
1452 5469 1705 5522 hominem
1734 5469 1803 5522 ad
1824 5470 1952 5522 ima-

369 5557 539 5628 ginem
567 5565 616 5610 et
643 5557 1026 5611 similitudinem
1057 5569 1305 5624 nostram,
1332 5567 1381 5611 et
1410 5558 1698 5612 dominetur
1725 5558 1946 5628 piscibus

371 5646 553 5711 maris,
583 5655 631 5699 ct
661 5645 830 5700 bestiis
876 5655 1026 5701 teme
1055 5657 1105 5701 et
1131 5648 1420 5703 volatilibus
1449 5650 1583 5716 cocti,
1613 5659 1660 5702 et
1682 5650 1948 5718 pecoribus

372 5739 623 5797 universa:
673 5748 840 5790 terrm.
886 5735 932 5790 Ο
967 5738 1124 5805 quale
1161 5739 1503 5794 miraculum!
1543 5741 1622 5794 sol
1655 5739 1729 5803 lit,
1761 5747 1814 5794 et
1840 5740 1954 5793 titil-

375 5827 482 5891 lum
514 5826 768 5898 praecedit
811 5827 1127 5895 consilium;
1164 5828 1359 5884 coelum
1405 5845 1637 5903 quoque,
1690 5831 1775 5886 cui
1818 5831 1950 5887 nihil

2046 4635 2101 4682 et
2139 4627 2304 4696 regali
2332 4636 2478 4682 serto
2513 4627 2733 4696 justititc
2761 4643 2961 4682 corona
2987 4629 3309 4683 decoratur:
3343 4629 3414 4683 ita
3443 4639 3501 4684 ut
3525 4645 3628 4699 per

2047 4722 2161 4776 hate
2182 4721 2358 4775 omnia
2389 4730 2713 4776 monstretur
2733 4721 2798 4775 ad
2827 4721 3139 4789 dignitatem
3163 4722 3361 4790 regiam
3391 4722 3624 4790 ge‘nitam

2051 4808 2496 4883 pulchritudinem
2528 4809 2579 4863 in
2609 4823 2668 4864 se
2715 4810 2979 4878 primum:
3009 4809 3192 4865 forma:
3223 4811 3503 4880 diligenter
3529 4825 3628 4865 cx-

2047 4914 2300 4970 pnmere.

2692 5010 2919 5066 CAPUT
2952 5010 3012 5066 ν.

2274 5099 2425 5166 Quod
2450 5101 2600 5156 homo
2624 5102 2905 5156 similitudo
2935 5102 3174 5173 probetur
3212 5105 3434 5172 imperii.

2125 5194 2364 5248 Divinam
2393 5209 2522 5250 vero
2558 5194 3006 5264 pulchritudinem
3036 5211 3142 5250 non
3184 5196 3366 5250 habitu
3395 5194 3628 5264 quodam

2051 5301 2114 5340 ac
2142 5285 2342 5355 specie,
2373 5284 2456 5340 vel
2485 5284 2708 5353 alicujus
2735 5286 2980 5340 claritate
3011 5286 3207 5340 coloris
3235 5293 3502 5351 ornatam,
3534 5287 3628 5340 scd

2053 5375 2302 5431 ineffabili
2321 5375 2587 5431 felicitatis
2602 5377 2806 5430 honore
2831 5376 3047 5446 provehi
3070 5385 3298 5432 constat.
3318 5376 3469 5432 Sicut
3486 5375 3630 5430 enim

2048 5465 2538 5521 formasbominum
2571 5480 2664 5536 per
2689 5467 2898 5521 colores
2927 5466 3181 5537 quosdam
3213 5465 3449 5536 pictores
3474 5467 3524 5520 in
3550 5473 3631 5519 ta-

2050 5557 2187 5611 bulis
2242 5555 2603 5623 transfcrunt,
2655 5558 2915 5612 tincturas
2965 5559 3209 5628 proprias
3259 5571 3632 5628 congruasque

2053 5649 2353 5712 miscentes,
2388 5648 2458 5702 ita
2487 5649 2823 5719 utprimmvze
2844 5647 3025 5705 forma:
3054 5649 3216 5704 decor
3240 5649 3291 5704 in
3323 5649 3629 5705 similitudi-

2053 5755 2171 5793 nem
2196 5738 2592 5808 diligentissima
2624 5743 2918 5796 mutatione
2951 5743 3326 5811 transmigret:
3369 5743 3446 5799 sic
3475 5743 3631 5796 intel-

2052 5829 2156 5901 ligo
2189 5838 2385 5886 nostra:
2405 5831 2713 5888 substantiae
2742 5833 3107 5899 formatorem,
3139 5833 3285 5889 velut
3313 5833 3629 5903 quihusdam
