3916 6202
259 326 363 378 5-’.5

1052 326 1224 382 LIBRI
1264 326 1348 382 DE
1385 325 1771 383 CREATIONE
1800 329 2074 387 HOMINIS
2113 333 2677 393 INTERI’RETATIU.

3417 340 3524 397 353i

260 442 513 496 virtutum
548 440 842 502 coloribus,
871 442 1059 494 miram
1096 441 1545 510 pulchritudinem
1575 457 1686 495 sua:
1711 442 1841 496 ima-
1870 446 1915 504 Α
1947 444 2026 497 lus
2064 445 2223 500 debet
2251 448 2602 518 multiplicem
2631 450 2747 519 ejus
2769 453 3056 506 essentiam
3099 447 3399 522 suspicari?
3421 453 3519 519 Qui

255 533 364 599 gini
381 532 688 595 contulisse,
717 530 767 585 in
797 532 953 585 nobis
973 532 1361 600 exprimentem
1387 533 1664 601 prpprium
1694 532 1842 602 prin-

257 627 512 692 cipatum.
545 622 683 676 Sunt
729 630 908 676 autem
939 621 1257 692 multiplices
1284 630 1340 676 et
1369 621 1722 677 multiformes
1749 637 1837 676 co-

262 714 403 766 tores
420 711 574 781 hujus
601 712 866 780 imaginis,
886 712 1078 780 quibus
1093 726 1231 766 verm
1253 712 1436 766 forma:
1452 713 1740 768 similitudo
1757 713 1844 768 de-

261 804 511 872 pingitur,
536 819 643 857 non
668 817 888 858 cerussa
913 809 970 856 et
985 803 1321 871 purpurisso,
1343 819 1443 857 nec
1463 804 1652 858 horum
1675 804 1840 858 mixta

259 911 379 948 cum
409 895 580 948 altero
606 895 854 963 qualitas,
885 908 982 948 nec
1008 893 1235 962 alicujus
1261 895 1550 963 nigredinis
1578 897 1839 964 superdu-

259 987 365 1038 etio
397 986 519 1039 cilia
548 986 840 1055 oculosque
863 985 1102 1048 sublinit,
1136 993 1189 1039 et
1211 1001 1306 1054 per
1335 987 1545 1054 aliquod
1576 997 1840 1056 tempera-

259 1086 498 1131 mentum
513 1076 764 1145 depressa
787 1086 842 1131 et
863 1091 1096 1132 concava
1120 1077 1445 1131 assimilatur
1468 1078 1746 1132 character
1759 1080 1840 1132 vel

239 1182 591 1236 quascunque
621 1167 813 1221 similia
845 1167 1110 1236 pictorum
1146 1182 1335 1220 manus
1372 1165 1590 1222 artificis
1617 1183 1840 1237 compo-

257 1275 416 1314 suere
442 1260 694 1323 solertia;
722 1259 818 1313 sed
849 1276 946 1329 pro
973 1260 1088 1315 istis
1115 1261 1268 1314 adest
1295 1261 1520 1330 pun-itas,
1544 1263 1843 1331 impassibi-

255 1352 401 1417 litas,
417 1351 709 1414 beatitudo,
737 1352 970 1419 malique
990 1352 1153 1406 totius
1173 1352 1404 1414 aversio,
1438 1361 1492 1407 et
1512 1368 1840 1421 qumcunque

254 1448 468 1512 generis
489 1446 640 1499 istius
669 1445 922 1510 existunt,
952 1461 1050 1515 per
1085 1461 1206 1514 qum
1239 1445 1291 1499 in
1326 1446 1632 1501 hominibus
1661 1447 1842 1516 impri-

256 1538 422 1588 mitur
468 1535 762 1589 similitudo
810 1533 1010 1588 divina.
1061 1533 1277 1588 Talibus
1324 1533 1542 1590 floribus
1587 1535 1842 1590 mirabilis

254 1627 516 1682 Conditor
544 1627 827 1697 imaginem
861 1627 1152 1696 propriam,
1180 1626 1231 1680 id
1256 1635 1338 1681 est
1373 1635 1614 1681 naturam
1645 1637 1841 1683 nostra!

252 1718 576 1771 conditionis
605 1717 836 1771 ornavit.
867 1716 925 1771 Si
955 1732 1086 1772 vero
1113 1701 1369 1772 discu'tias
1395 1727 1450 1772 et
1477 1717 1578 1772 alia
1605 1734 1702 1787 per
1721 1733 1840 1787 quae

1943 537 2084 590 enim
2115 537 2374 607 plantavit
2401 553 2604 604 aurem,
2636 557 2741 594 non
2767 541 2959 595 audit?
2985 552 3078 597 aut
3099 544 3188 611 qui
3217 543 3366 597 linxlt
3391 557 3522 597 ocu-

1941 625 2072 689 lum,
2121 644 2227 681 non
2261 629 2610 684 considerat?
2639 630 2787 685 Sicut
2827 632 3090 701 propheta
3132 641 3376 698 testatur,
3428 647 3525 702 per

1942 717 2060 773 haec
2081 721 2325 788 exempla
2353 723 2695 790 operationes
2736 723 3040 791 hujusmodi
3072 725 3232 779 veluti
3265 726 3521 795 quasdam

1943 809 2187 863 humana:
2213 819 2417 865 naturae
2463 813 2770 867 notissimas
2796 814 3171 882 impressiones
3199 816 3474 870 insinuans
3508 834 3519 868 ι

1898 915 1909 926 ⁸
1942 900 2225 955 Faciamus
2248 906 2412 967 enim,
2444 906 2519 958 ait
2547 905 2705 966 Deus,
2757 906 3015 959 hominem
3060 906 3130 958 ad
3155 907 3434 976 imaginem
3464 915 3518 959 et

1944 994 2330 1047 similitudinem
2358 1006 2604 1049 nostram.
2640 997 2744 1050 Sed
2790 997 2875 1050 ubi
2927 996 3056 1050 mihi
3107 1013 3247 1051 nunc
3303 997 3523 1050 lucresis

1946 1081 2402 1138 Eunomianorum
2478 1087 2704 1140 nefanda
2759 1088 3031 1149 subsistet,
3089 1086 3215 1156 quid
3268 1086 3527 1140 adversus

1943 1175 2081 1229 hanc
2109 1175 2300 1228 dicturi
2324 1186 2454 1230 sunt
2501 1181 2723 1231 vocem?
2765 1177 3048 1243 Quomodo
3093 1194 3190 1246 per
3219 1179 3330 1232 hinc
3360 1179 3525 1232 verba

1945 1267 2234 1320 novitatem
2257 1267 2335 1321 sui
2364 1266 2635 1321 defensuri
2665 1275 2788 1321 sunt
2817 1269 3116 1336 dogmatis?
3143 1269 3375 1322 Putasne
3405 1282 3528 1336 pos-

1942 1357 2096 1412 sibile
2119 1373 2256 1422 esse,
2288 1359 2486 1423 dicent,
2521 1368 2579 1413 ut
2607 1361 2782 1428 imago
2812 1375 2914 1413 una
2946 1360 3275 1414 dissimilium
3325 1359 3524 1413 forma-

1943 1465 2059 1503 rum
2108 1451 2510 1506 similitudinem
2559 1452 2791 1506 referat?
2820 1452 2877 1506 Si
2919 1453 3058 1506 enim
3099 1452 3249 1520 juxta
3305 1452 3517 1506 illorum

1941 1542 2260 1594 sententiam
2286 1550 2487 1595 naturae
2512 1540 2684 1595 Patris
2714 1542 2887 1612 impar
2919 1551 3001 1596 est
3030 1542 3215 1602 Filius,
3242 1540 3518 1609 quomodo

1941 1633 2270 1686 diversarum
2325 1641 2635 1686 naturarum
2667 1649 2826 1686 unam
2877 1634 3017 1687 Dens
3053 1632 3299 1686 condidit
3333 1631 3526 1699 imagi-

1943 1725 2100 1776 nem?
2129 1721 2229 1787 Qui
2255 1723 2394 1776 enim
2435 1723 2569 1777 dixit
2599 1741 2612 1775 :
2645 1722 2924 1778 Faciamus
2951 1724 3210 1776 hominem
3239 1722 3307 1775 ad
3334 1723 3517 1792 imagi-

252 1810 486 1864 divinum
510 1809 674 1866 decus
697 1809 893 1873 elucet,
925 1809 1038 1865 haec
1065 1809 1225 1864 etiam
1254 1809 1303 1862 in
1331 1809 1561 1878 imagine
1601 1810 1666 1864 ad
1691 1811 1830 1864 illius
1862 1817 1906 1875 Β
1934 1828 2047 1864 nam
2091 1820 2342 1875 nostram,
2389 1827 2486 1880 per
2513 1813 2776 1880 pluralem
2817 1812 3228 1882 significantium
3274 1821 3525 1868 sanctam

251 1900 654 1954 similitudinem
685 1900 831 1953 salva
879 1899 1124 1968 profecto
1153 1900 1412 1968 reperies,
1459 1914 1610 1954 mens
1639 1901 1836 1954 ctenim

251 2001 304 2045 et
331 1991 556 2045 verbum
588 1999 673 2045 est
694 2005 902 2043 summa
933 1988 1210 2044 Divinitas.
1240 1988 1295 2044 In
1328 1989 1588 2058 principio
1609 2005 1838 2058 namque

250 2088 364 2135 erat
393 2080 652 2144 Verbum,
679 2087 734 2133 et
760 2079 874 2147 qui,
907 2077 1204 2134 secundum
1251 2077 1494 2142 Paulum,
1527 2079 1833 2148 proficiunt,

250 2180 483 2226 mentem
513 2169 712 2224 Christi
733 2209 747 2232 ,
771 2171 863 2237 qui
895 2169 947 2223 in
978 2170 1056 2224 eis
1084 2169 1336 2237 loquitur,
1361 2183 1420 2222 se
1446 2169 1646 2224 habere
1675 2171 1838 2238 profi-

252 2271 451 2315 tentur.
483 2261 603 2315 Non
631 2275 760 2327 ergo
789 2259 972 2328 procul
1005 2259 1118 2312 hinc
1158 2273 1186 2312 a
1235 2266 1422 2311 natura
1448 2258 1680 2314 humana
1704 2275 1835 2316 con-

247 2356 477 2423 spicias:
505 2356 556 2408 in
590 2366 642 2409 te
671 2369 902 2424 namque
921 2367 978 2408 et
1005 2354 1226 2409 verbum
1255 2362 1312 2408 et
1340 2355 1690 2424 intelligentia
1732 2365 1832 2421 est,

250 2463 365 2514 qua:
422 2447 704 2501 imitantur
758 2446 976 2500 verbum
1025 2453 1366 2514 mentemque
1421 2447 1674 2501 divinam.
1705 2447 1835 2502 Item

249 2537 499 2599 ebaritas,
525 2535 752 2603 fonsque
767 2535 994 2590 charitat
1015 2549 1069 2600 s;
1089 2536 1192 2588 hoc
1220 2535 1384 2597 enirn,
1404 2536 1477 2588 ait
1497 2551 1719 2604 magnus
1749 2538 1836 2592 ille

247 2625 500 2689 Joannes,
522 2627 780 2694 quoniam
811 2625 1046 2680 charitas
1088 2641 1152 2680 ex
1198 2624 1309 2680 Deo
1338 2633 1439 2680 est.
1472 2625 1623 2682 Hanc
1651 2637 1834 2683 autem

249 2717 397 2770 nobis
423 2716 593 2770 veluti
614 2731 902 2784 personam
925 2713 1166 2772 Christus
1185 2715 1445 2770 formator
1490 2728 1686 2772 nostra:
1709 2718 1834 2772 sub-

249 2808 455 2860 stantia:
480 2804 785 2867 conferens,
813 2805 890 2858 ait
917 2823 928 2858 :
960 2803 1026 2858 In
1052 2805 1147 2858 hoc
1173 2795 1480 2874 cognoscent
1508 2822 1681 2859 omnes
1704 2823 1832 2878 quo-

251 2897 384 2950 niam
422 2898 524 2950 mei
563 2896 692 2949 estis
713 2895 976 2962 discipuli,
1015 2896 1061 2949 si
1099 2895 1425 2949 dilectionem
1455 2895 1734 2951 habueritis
1764 2897 1834 2950 ad

247 2989 478 3042 inritent.
505 2985 662 3054 Quod
697 2985 743 3040 si
791 2985 1008 3040 dilectio
1035 2985 1189 3040 nobis
1236 2984 1337 3040 ista
1379 2983 1628 3053 defuerit,
1672 2987 1832 3043 totius

249 3080 488 3148 imaginis
536 3079 748 3148 species
794 3076 1066 3146 ﬁguraque
1100 3077 1369 3149 ,solvetur.
1424 3075 1627 3133 Cuncta
1665 3079 1827 3133 etiam

248 3171 509 3241 conspicit
551 3169 876 3239 exauditque
911 3168 1168 3222 Divinitas
1197 3175 1253 3222 et
1299 3168 1478 3223 omnia
1526 3178 1829 3238 perscruta—
1855 3176 1898 3232 (ί

249 3273 350 3324 tur.
380 3261 565 3316 [Iabes
591 3269 646 3315 et
684 3269 739 3314 tu
769 3275 866 3329 per
892 3259 1079 3314 oculos
1101 3267 1158 3337 et
1181 3273 1338 3313 aures
1360 3257 1516 3329 hujus
1543 3259 1621 3314 rei
1649 3259 1827 3313 effica-

249 3349 378 3404 ciam
405 3349 622 3403 vitalem
652 3355 706 3402 et
734 3347 1104 3402 scrutatricem
1126 3360 1312 3401 eorum
1335 3361 1450 3416 qua:
1478 3355 1604 3403 sunt
1629 3345 1830 3402 intelli-

249 3441 476 3509 gentiam
506 3449 565 3495 te
591 3437 867 3509 possidere
893 3438 1194 3506 cognoscis.

861 3569 1088 3625 CAPUT
1125 3569 1210 3625 VI.

254 3664 538 3734 Inquisitio,
573 3679 724 3734 quam
751 3661 1192 3734 consignatioltem
1213 3676 1362 3734 mens-
1381 3659 1565 3734 habeat
1585 3659 1655 3711 ad
1677 3667 1830 3712 natu-

317 3730 450 3801 tam,
476 3737 531 3787 in
552 3730 654 3804 quo
681 3735 834 3786 etiam
863 3730 1027 3785 obiter
1050 3731 1498 3808 Eunmniunorum
1525 3730 1711 3800 dogma
1740 3747 1824 3784 re-

320 3808 529 3873 fallitur.

319 3894 427 3949 Nec
470 3909 561 3947 me
610 3892 893 3961 quisquam
945 3890 1253 3960 suspicetur
1305 3891 1374 3944 ad
1427 3891 1828 3946 similitudinem

254 3984 576 4054 operationis
623 3985 869 4037 humana:
918 3981 1140 4036 diversis
1169 3981 1448 4037 effectibus
1487 3982 1720 4036 divinam
1751 3980 1829 4036 di-

256 4091 374 4130 cere
421 4076 717 4146 potentiam
747 4083 942 4130 cuncta
981 4070 1286 4142 complecti.
1316 4071 1426 4127 Nec
1471 4073 1612 4127 enim
1643 4071 1722 4127 fas
1750 4080 1832 4126 est

258 4165 310 4216 in
357 4165 442 4218 illa
484 4165 665 4219 divina
713 4163 1055 4232 simplicitate
1106 4162 1312 4216 variam
1375 4162 1832 4231 multiplicemque

258 4256 500 4310 virtutem
557 4255 887 4324 operationis
925 4252 1225 4315 advertere,
1258 4265 1360 4306 nec
1402 4251 1454 4305 in
1498 4251 1652 4306 nobis
1687 4252 1828 4305 enim

258 4345 428 4399 multa:
457 4344 704 4415 quaedam
759 4351 884 4398 sunt
931 4342 1174 4398 efficaces
1214 4359 1392 4398 rerum
1441 4358 1830 4412 causarumque

258 4438 523 4505 potentiae,
545 4437 672 4492 licet
696 4451 760 4491 ea
787 4451 907 4505 qua:
935 4436 1000 4508 ad
1026 4436 1189 4488 vitam
1220 4435 1525 4505 pertineant
1552 4435 1827 4504 multiplici

1938 1901 2093 1955 nobis
2121 1901 2394 1958 insinuans
2424 1902 2760 1968 Trinitatem,
2813 1919 3151 1972 nequaquam
3177 1904 3520 1972 singulariter

1938 2008 2090 2048 suam
2119 2001 2408 2048 testaretur
2447 1994 2760 2061 imaginem,
2793 1996 2836 2050 si
2883 1995 3145 2064 primaivae
3182 1994 3367 2050 forma:
3412 1995 3525 2048 sibi

1937 2084 2219 2138 dissimiles
2245 2084 2592 2139 exstitissent.
2627 2083 2736 2139 Nec
2764 2086 2905 2138 enim
2934 2086 3184 2154 possibile
3212 2095 3295 2140 est
3338 2092 3398 2138 ut
3423 2100 3516 2139 eo-

1936 2191 2055 2230 rum
2077 2176 2166 2240 qui
2189 2175 2286 2229 sibi
2311 2175 2536 2229 invicem
2581 2183 2884 2242 congruunt
2905 2175 3125 2229 minime
3147 2213 3162 2239 ,
3193 2191 3296 2228 una
3324 2176 3514 2229 simili-

1937 2267 2066 2321 tudo
2089 2273 2443 2330 monstretur;
2473 2265 2567 2320 sed
2598 2267 2644 2321 si
2683 2267 2910 2321 diversae
2935 2269 3114 2321 'erant
3137 2277 3357 2335 naturaa,
3390 2283 3521 2337 pro-

1937 2357 2080 2412 fecto
2108 2357 2345 2411 diversas
2374 2372 2560 2412 eorum
2607 2365 2661 2410 et
2689 2357 2908 2424 singulis
2939 2366 3294 2423 congruentes
3323 2358 3513 2426 imagi-

1936 2461 2032 2500 nes
2053 2445 2393 2500 condidisset.
2422 2444 2610 2499 Utrum
2649 2445 2773 2512 quia
2804 2461 2908 2498 una
2952 2445 3166 2514 quidem
3195 2447 3392 2514 imago,
3420 2449 3513 2502 sed

1934 2554 2042 2592 non
2075 2554 2177 2592 una
2201 2537 2445 2605 imaginis
2468 2537 2636 2590 forma
2673 2545 2773 2598 est,
2805 2537 2925 2606 quis
2957 2537 3026 2590 ita
3055 2537 3294 2605 privatur
3320 2538 3522 2592 intelli-

1934 2628 2112 2696 gentia
2142 2636 2199 2681 ut
2226 2627 2472 2696 ignorare
2501 2635 2682 2696 queat,
2706 2627 2851 2696 quod
2879 2643 2939 2680 ca
2965 2643 3082 2694 qua:
3104 2628 3191 2681 uni
3221 2628 3517 2696 probantur

1935 2733 2053 2773 esse
2073 2719 2284 2780 similia,
2309 2729 2364 2774 et
2383 2721 2451 2774 ad
2473 2735 2531 2774 se
2561 2719 2786 2775 invicem
2811 2720 3212 2774 similitudinem
3239 2722 3520 2792 propriam
3541 2779 3552 2786 κ

1934 2807 2049 2862 sine
2088 2806 2420 2862 dubitatione
2463 2810 2825 2865 conservent?
2864 2809 2932 2862 Et
2964 2810 3183 2863 forsitan
3229 2821 3548 2880 propterea,

1933 2912 2112 2952 sermo
2141 2898 2351 2951 divinus
2377 2899 2516 2953 hanc
2554 2899 2808 2952 malitiam
2855 2899 2908 2952 in
2934 2899 3241 2956 conditione
3270 2902 3516 2956 bumame

1933 2986 2056 3039 vitat
2102 2987 2451 3055 prospicient,
2497 2985 3058 3056 Eunomianorumque
3110 2992 3522 3058 perversitatem

1933 3090 2198 3140 resecans,
2233 3076 2306 3128 ait
2343 3095 2354 3128 :
2413 3075 2692 3129 Faciamus
2738 3077 2997 3130 hominem
3037 3078 3106 3130 ad
3152 3080 3429 3150 imaginem
3465 3089 3527 3135 et'

1931 3167 2320 3219 similitudinem
2350 3177 2602 3222 nostram.

2527 3275 2756 3332 CAPUT
2792 3277 2902 3332 VII.

1930 3367 2034 3422 Cur
2062 3369 2229 3422 nudus
2270 3368 2417 3423 homo
2446 3369 2766 3490 naturalilzns
2786 3371 2945 3424 armis
2965 3379 3015 3424 et
3038 3371 3377 3428 selaminibus
3405 3391 3502 3445 ap-

2590 3458 2681 3490 υΓο
2719 3451 2846 3490 etur.

2589 3451 2846 3508 probetur.

2002 3526 2107 3582 Sed
2159 3528 2283 3598 quid
2314 3529 2410 3582 sibi
2438 3529 2546 3582 vult
2577 3537 2630 3581 et
2662 3530 2823 3600 ipsius
2865 3531 3188 3586 habitudinis
3217 3534 3506 3600 rcctitudo,

1931 3618 2055 3686 quid
2074 3628 2249 3672 autem
2283 3634 2385 3672 non
2412 3619 2477 3673 ad
2508 3620 2668 3672 vitam
2705 3631 3132 3688 congenerantur
3159 3625 3371 3694 corpori
3403 3626 3515 3680 vir—

1932 3710 2060 3764 tutis
2089 3708 2333 3774 efl‘ectus,
2382 3725 2567 3764 verum
2617 3710 2787 3764 nudus
2818 3711 3029 3779 quidem
3074 3712 3401 3770 naturalibus
3433 3726 3512 3772 tc-

1931 3801 2199 3867 gumentis
2228 3800 2445 3854 inermis
2473 3801 2632 3854 etiam
2675 3807 2729 3854 et
2774 3801 2925 3869 inops
2956 3805 3298 3873 omniumque
3323 3822 3512 3860 neces-

1931 3894 2192 3947 striarum
2222 3908 2399 3946 rerum
2433 3893 2806 3960 egentissimus
2829 3893 2990 3946 homo
3022 3896 3072 3947 in
3105 3896 3239 3950 hanc
3263 3898 3517 3964 producis

1935 3990 2019 4034 tur
2049 3981 2233 4044 vitam,
2275 3980 2364 4049 qui
2412 3981 2562 4048 juxta
2615 3980 2663 4033 id
2695 3980 2840 4048 quod
2885 3981 3121 4034 cernitur
3168 3983 3519 4042 miseratione

1910 4071 2110 4152 ‘polius
2159 4085 2320 4138 quam
2379 4068 2632 4124 felicitate
2678 4069 2867 4137 dignus
2914 4085 3032 4124 csse
3086 4072 3348 4127 videatur.
3393 4075 3516 4130 Non

1933 4163 2074 4215 enim
2123 4169 2363 4214 armatur
2412 4160 2766 4230 productione
2796 4177 3076 4228 cornuum,
3111 4179 3217 4218 non
3258 4167 3519 4233 unguium

1933 4250 2015 4304 vel
2041 4249 2277 4304 dentium
2312 4250 2535 4303 tuitione
2575 4249 2830 4313 munitur,
2861 4266 2961 4304 nec
2993 4251 3174 4320 aliquo
3214 4255 3401 4310 aculeo
3430 4255 3516 4311 Ie-v

1935 4340 2181 4394 tbiferum
2215 4343 2359 4394 virus
2388 4339 2710 4404 infunditur;
2743 4341 2934 4409 quibus
2966 4342 3122 4396 rebus
3154 4345 3408 4413 pleraque
3436 4345 3520 4401 fc-

1934 4447 2110 4484 rarum
2160 4439 2321 4498 atque
2351 4431 2677 4499 serpentium
2719 4431 2770 4484 in
2798 4432 3054 4485 ultionem
3091 4435 3171 4487 sui
3202 4437 3527 4491 naturaliter

260 4526 532 4582 videantur
582 4526 899 4596 operatione
942 4527 1272 4594 contingere.
1328 4524 1441 4579 Una
1482 4541 1712 4593 namque
1752 4526 1833 4581 vis
1866 4535 1912 4594 ο
1938 4521 2297 4586 instruuntur;
2328 4536 2431 4575 nec
2461 4521 2579 4589 pilis
2607 4536 2802 4591 corpus
2832 4522 3116 4591 obtegitur,
3150 4541 3268 4580 cum
3299 4538 3515 4596 oporte-

256 4617 489 4686 quaalam
516 4617 675 4670 nobis
703 4616 900 4670 mentis
929 4603 1126 4672 inserta
1156 4624 1261 4681 est,
1303 4629 1423 4683 qua:
1459 4629 1555 4684 per
1594 4616 1834 4682 singulos

255 4722 442 4761 sensus
459 4723 773 4773 excurrens,
792 4722 856 4762 ea
882 4722 998 4776 qua:
1018 4707 1116 4761 sibi
1146 4705 1442 4762 offeruntur
1470 4707 1827 4776 amplectitur.

259 4798 379 4854 [Lee
404 4816 495 4869 per
521 4801 707 4856 oculos
730 4815 849 4870 qua:
868 4799 1098 4853 videnda
1117 4809 1242 4852 sunt
1268 4799 1568 4868 conspicit;
1598 4799 1711 4876 haec
1737 4813 1833 4868 per

255 4910 415 4948 aures
439 4910 554 4964 qua:
573 4895 823 4950 dicuntur
845 4893 1094 4961 exaudit;
1123 4894 1236 4948 hzec
1262 4896 1314 4948 in
1339 4895 1420 4948 his
1448 4910 1566 4962 qua:
1586 4903 1711 4949 sunt
1736 4909 1833 4948 vo-

257 4986 365 5037 tiva
393 4985 615 5051 lanatur,
642 4996 697 5041 et
722 4985 790 5040 ab
820 4987 902 5042 bis
929 5002 1046 5057 qua:
1069 4986 1303 5041 insuavia
1333 4986 1650 5055 probantur,
1671 5001 1829 5041 aver-

257 5074 407 5128 titur.
452 5073 690 5130 Manibus
739 5075 900 5129 etiam
942 5075 1149 5146 perlicit
1192 5089 1526 5144 quascunque
1577 5074 1829 5140 voluerit,

256 5164 487 5220 retinens
542 5167 624 5221 his
681 5173 737 5220 et
777 5182 963 5220 rursus
999 5165 1257 5234 abjiciens
1302 5165 1601 5234 horumque
1634 5165 1835 5218 instru-

255 5264 550 5310 mentorum
579 5257 862 5312 effectibus
894 5265 1048 5310 utens
1091 5265 1150 5309 ut
1195 5257 1448 5326 expedire
1503 5255 1829 5324 probaverit.

254 5345 311 5396 Si
343 5359 462 5413 ergo
483 5349 534 5402 in
557 5349 802 5413 homine,
830 5347 914 5400 cui
946 5347 1154 5402 diversa
1179 5339 1538 5399 membrorum
1569 5344 1740 5398 officia
1766 5346 1833 5400 ah

254 5444 472 5490 auctore
489 5436 715 5492 formata
739 5446 881 5499 sunt,
915 5453 1016 5491 una
1048 5436 1342 5504 eademque
1371 5453 1456 5490 res
1478 5445 1584 5499 est,
1602 5451 1718 5504 qua:
1739 5450 1835 5505 per

252 5545 442 5584 mrtnes
477 5547 663 5586 sensus
715 5539 995 5599 operatur,
1041 5541 1194 5584 utens
1222 5527 1444 5597 singulis
1474 5540 1835 5596 congruenter

253 5633 316 5674 ut
359 5635 506 5676 causa
556 5623 900 5692 poposcerit,
951 5636 1050 5674 nec
1101 5620 1476 5690 Operationum
1519 5613 1832 5671 differentiis

254 5721 460 5767 natum:
499 5730 603 5769 sum
652 5715 755 5767 vim
804 5713 1204 5782 potentiamque
1255 5719 1582 5774 commutat;
1626 5719 1830 5778 quanto

256 5804 427 5870 magis
474 5809 522 5859 in
550 5805 680 5871 Deo,
709 5806 830 5875 qitia
862 5805 968 5859 sint
997 5801 1213 5860 effectus
1243 5803 1497 5856 virtutum
1527 5801 1680 5865 varii,
1715 5799 1830 5854 nul-

1940 4620 2025 4666 ret
2048 4627 2168 4665 eum
2199 4611 2287 4680 qui
2310 4611 2375 4665 ad
2405 4613 2628 4665 aliorum
2659 4615 3059 4682 proponebatur
3090 4616 3366 4688 imperium
3394 4635 3524 4690 pro»

1939 4703 2066 4772 priis
2090 4703 2251 4758 armis
2282 4703 2508 4757 naturali
2540 4705 2846 4772 provisione
2888 4705 3100 4774 vallari,
3149 4724 3214 4762 ne
3241 4710 3306 4762 ad
3337 4719 3524 4764 custo-r

1938 4795 2078 4849 diam
2105 4795 2184 4849 sui
2225 4795 2452 4850 aliorum
2480 4795 2815 4854 adminiculis
2846 4797 3126 4869 indigeret.
3160 4799 3307 4856 Nunc
3337 4812 3519 4856 aule'n.

1939 4885 2024 4940 leo
2055 4885 2269 4954 quidem
2299 4899 2352 4939 et
2373 4901 2503 4956 aper
2523 4895 2580 4941 et
2607 4889 2757 4957 tigris
2779 4899 2834 4943 et
2856 4889 3071 4960 pardus,
3106 4891 3189 4944 vel
3214 4892 3257 4944 si
3286 4892 3408 4959 quid
3435 4891 3529 4944 his

1937 4975 2110 5029 simile
2137 4984 2239 5042 est,
2266 4975 2618 5030 sufficientem
2643 4993 2740 5046 pro
2767 4979 2940 5032 salute
2964 4993 3058 5031 sua
3082 4980 3330 5031 virtutem
3361 4987 3521 5033 natu-

1936 5066 2119 5120 raliter
2145 5065 2379 5135 possidct
2410 5074 2501 5133 ;et
2531 5078 2685 5121 tauro
2712 5084 2914 5122 cornua
2951 5077 3096 5131 sunt,
3126 5076 3180 5120 et
3225 5068 3527 5137 pernicitas

1937 5155 2130 5229 lepori,
2165 5175 2431 5228 cervaque
2461 5159 2627 5212 saltus
2681 5169 2735 5213 et
2783 5169 2958 5212 certus
3008 5159 3248 5225 intuitus,
3295 5168 3348 5214 et
3397 5161 3520 5218 aliis

1937 5251 2294 5304 animantibus
2341 5249 2681 5316 magnitudo,
2728 5259 2783 5301 et
2830 5250 3036 5301 ea-teris
3073 5251 3380 5318 prominens
3405 5253 3528 5307 oris-

1937 5341 2191 5404 ollicium,
2223 5339 2363 5408 quod
2393 5339 2762 5410 proboscidem
2787 5339 2973 5406 vulgus
3001 5340 3262 5409 appellat;
3291 5343 3524 5397 volatili--

1934 5435 2033 5488 bus
2074 5433 2236 5486 etiam
2288 5445 2582 5500 pennarum
2635 5427 2867 5482 officium
2921 5439 2975 5483 et
3023 5433 3212 5500 apibus
3241 5433 3510 5488 aculeum.

1936 5527 2246 5592 cunctisque
2273 5538 2494 5593 prorsus
2515 5537 2676 5576 unum
2697 5521 2916 5587 aliquod
2940 5521 3181 5576 naturale
3209 5525 3514 5590 praisidtum

1933 5623 2143 5669 Constat
2165 5629 2283 5667 esse
2304 5612 2579 5669 collatum.
2629 5609 2788 5664 Solus
2814 5618 2991 5662 autem
3022 5609 3184 5662 homo
3211 5625 3321 5678 pra:
3347 5613 3516 5665 omni-

1932 5707 2030 5759 bus
2059 5703 2291 5758 creditur
2320 5702 2619 5764 destitutus,
2642 5709 2695 5753 et
2727 5700 2806 5754 bis
2832 5701 2922 5769 qui
2953 5699 3201 5753 currendi
3222 5698 3512 5753 velocitate

1932 5795 2274 5867 procminent
2303 5794 2531 5865 pigrior,
2567 5793 2666 5847 illis
2691 5801 2866 5847 autem
2899 5791 2986 5862 qui
3018 5789 3256 5861 corporis
3278 5789 3513 5842 eminent
