3976 6196
373 326 423 340 po

373 326 423 340 po

372 325 477 378 διδ

1669 326 2023 384 DIONYSIUS
2067 327 2384 385 EXIGUUS.

3554 334 3660 386 556

369 438 510 492 mole
540 436 771 502 tenuior,
805 439 886 493 his
909 439 1071 493 etiam
1100 438 1192 509 qui
1222 441 1551 493 naturalibus
1584 443 1748 495 armis
1775 442 1951 495 excel-
1987 453 2022 502 Α
2060 451 2401 510 potestatem.
2458 443 2693 510 Denique
2736 445 2879 513 quod
2909 446 3054 500 solus
3105 447 3179 500 ita
3231 446 3494 503 formatus
3538 459 3614 502 est
3638 491 3652 513 ,

371 530 489 583 lunt
515 530 819 601 despectiar
849 547 967 586 esse
997 532 1360 599 cognoscitur.
1394 533 1458 586 Et
1487 535 1780 602 quomodo,
1814 535 1959 589 dicet

371 622 585 692 aliquis,
612 623 979 677 unchrsorum
1010 623 1261 678 dominus
1288 624 1408 678 talis
1446 627 1670 680 sortitus
1698 634 1782 680 est
1810 626 1958 694 prin-

372 716 647 789 cipatum?
675 713 780 768 Sed
811 714 878 768 ad
909 716 1021 769 hate
1048 715 1177 769 nihil
1210 716 1442 771 arbitror
1472 732 1591 771 esse
1621 715 1839 772 difﬁcile
1864 718 1959 772 de—

374 816 693 871 monstrare,
738 822 834 876 per
858 807 907 859 id
937 807 1078 875 quod
1113 816 1316 861 natura:
1347 817 1544 862 nostra:
1566 809 1753 862 deesse
1783 808 1960 864 credi—

375 906 479 959 tur,
534 905 683 951 certa
731 898 890 951 datur
933 898 1167 962 occasio,
1211 913 1315 966 qua
1343 898 1678 953 subditorum
1721 899 1960 952 onmium

372 988 667 1042 dominium
721 998 1103 1059 consequatur.
1138 989 1271 1042 Nam
1317 991 1361 1044 si
1416 991 1573 1059 hujus
1628 1000 1771 1046 esset
1800 992 1963 1045 homo

372 1078 645 1147 putentize,
678 1087 737 1132 ut
784 1094 978 1146 equum
1035 1079 1322 1134 velocitate
1364 1090 1663 1150 superaret,
1723 1098 1827 1137 nec
1870 1096 1965 1151 pes

373 1169 490 1236 ejus
513 1176 866 1237 attereretur,
898 1170 992 1225 sed
1026 1172 1341 1238 ungularum
1376 1174 1693 1229 inniteretur
1714 1173 1966 1229 firmitate

373 1260 682 1330 pnevalida,
730 1277 932 1317 cornua
962 1278 1179 1331 quoque
1225 1264 1309 1317 vel
1361 1266 1584 1320 aculeos
1630 1267 1838 1337 aliquos
1868 1283 1967 1320 un-

375 1366 612 1421 guesque
642 1353 923 1422 prteferret
963 1355 1205 1409 ultores:
1238 1356 1467 1424 primum
1510 1356 1725 1424 quidem
1782 1358 1969 1412 bestiis

375 1445 636 1499 existeret
657 1445 863 1509 similis,
896 1454 951 1499 et
980 1447 1297 1501 occursione
1346 1448 1458 1516 ipsa
1490 1448 1723 1503 diiiicilis
1749 1465 1973 1522 appare-

375 1541 477 1599 ret,
516 1533 885 1601 hujuscemodi
905 1537 1119 1604 corpori
1150 1536 1267 1605 ejus
1289 1538 1625 1593 adminiculis
1655 1541 1973 1605 naturaliter

376 1624 649 1677 attributis
680 1641 694 1675 :
725 1623 920 1679 deinde
945 1636 1231 1695 sperneret
1262 1628 1313 1680 in
1341 1628 1476 1683 alios
1499 1645 1756 1700 exercere
1796 1632 1972 1685 domi-

380 1721 567 1766 natum
597 1729 826 1783 quorum
876 1716 1035 1769 nullis
1086 1733 1307 1786 prorsus
1354 1718 1637 1788 adjutoriis
1691 1722 1971 1791 indigeret.

2063 544 2487 603 casterorumque
2537 536 2776 588 omnium
2816 551 2983 604 prona
3037 536 3144 589 sint
3192 552 3456 606 corpora,
3509 547 3561 592 et
3603 539 3653 592 in

2063 625 2311 680 deorsum
2360 627 2653 695 proclivius
2694 627 2969 691 inclinata,
3025 628 3306 683 manifesta
3354 630 3656 684 differentia

2063 715 2284 769 honoris
2323 715 2438 783 ejus
2478 717 2826 771 ostenditur:
2877 717 3002 770 dum
3050 727 3259 772 constet
3306 718 3392 772 illa
3438 720 3659 788 quidem

2064 807 2224 873 hujus
2268 822 2388 860 esse
2430 808 2672 874 subjecta
2713 809 3005 875 potentiae,
3054 808 3195 861 hunc
3242 818 3418 861 autem
3468 825 3658 877 snper-

2067 897 2352 951 eminentis
2376 898 2609 951 existere
2621 898 2917 965 dignitatis.
2950 898 3080 951 Nam
3107 899 3224 952 aliis
3244 900 3458 967 quidem
3483 902 3659 954 omni~

2066 992 2165 1044 bus
2216 991 2484 1045 anteriora
2539 991 2777 1045 membra
2830 982 3075 1061 corporis
3119 993 3282 1059 pedes
3339 1001 3481 1057 sunt,
3532 994 3660 1060 quia

2066 1080 2210 1149 quod
2242 1082 2445 1135 acclive
2489 1094 2590 1147 est,
2622 1083 2815 1149 egebat
2854 1083 3096 1152 profecto
3130 1083 3395 1138 ﬁrmitatis
3446 1084 3654 1138 adnisu.

2069 1171 2122 1225 In
2167 1173 2403 1226 hominis
2441 1181 2621 1226 autem
2677 1173 2985 1227 conditione
3024 1174 3137 1227 luet:
3183 1175 3423 1228 membra
3470 1190 3663 1230 manus

2069 1263 2257 1318 effecta
2288 1273 2432 1332 sunt,
2462 1266 2586 1333 quia
2614 1265 2934 1320 rectitudine
2958 1266 3171 1319 habitus
3200 1266 3315 1334 ejus
3341 1283 3479 1323 unus
3507 1280 3662 1334 gres-

2069 1370 2160 1408 sus
2205 1354 2486 1408 videbatur
2523 1369 2641 1409 esse
2684 1355 2976 1419 suﬂieiens,
3024 1356 3115 1423 qni
3165 1356 3391 1425 geminis
3438 1356 3664 1425 pedibus

2069 1443 2247 1499 standi
2300 1446 2658 1500 constantiam
2702 1454 2860 1499 cauta
2891 1446 3197 1515 provisione
3229 1444 3483 1500 firmaret.
3516 1446 3665 1500 Alias

2072 1551 2288 1604 quoque
2317 1537 2383 1591 ad
2416 1553 2566 1591 usum
2596 1538 2822 1592 rationis
2850 1537 3024 1591 officia
3073 1553 3263 1593 manus
3290 1546 3471 1615 aptata
3516 1547 3662 1603 sunt,

2074 1634 2129 1680 et
2156 1626 2199 1682 si
2230 1628 2349 1696 quis
2377 1628 2627 1682 rationali
2656 1636 2859 1682 natura:
2881 1629 3235 1684 ministerium
3265 1644 3518 1683 manuum
3541 1644 3667 1698 pro-

2078 1717 2253 1786 prium
2278 1718 2404 1786 quill
2436 1734 2555 1774 esse
2584 1718 2795 1785 dixerit,
2828 1720 3049 1774 minime
3090 1720 3385 1791 delinquet.
3429 1720 3545 1775 Non
3574 1738 3667 1776 so-

379 1804 532 1859 Nunc
559 1813 739 1860 autem
765 1808 817 1861 in
844 1809 1066 1875 singulis
1113 1824 1232 1878 qua:
1264 1811 1416 1866 nobis
1438 1815 1816 1883 mancipantur
1848 1831 1974 1869 usus
2010 1818 2051 1874 B
2081 1814 2189 1867 lum
2219 1811 2360 1863 enim
2403 1810 2468 1864 ad
2501 1811 2606 1865 hoc
2634 1810 2776 1879 quod
2806 1825 3091 1866 commune
3139 1819 3195 1864 et
3240 1819 3548 1880 promptum
3586 1821 3671 1865 est

377 1896 502 1949 vita:
526 1906 725 1951 nostra:
753 1898 1047 1967 dirimitur,
1080 1909 1138 1954 ut
1182 1904 1546 1957 necessarium
1578 1903 1629 1958 in
1656 1906 1734 1959 eis
1763 1906 1976 1974 penitus

304 2046 309 2055 ε
376 1988 742 2057 principatum
788 1990 974 2043 haberi
1004 1990 1315 2057 videamus;
1360 2010 1482 2047 nam
1532 1997 1776 2064 corporis
1808 1996 1973 2050 nostri

379 2081 605 2134 tarditas
634 2090 687 2135 et
716 2082 785 2135 ad
832 2091 1034 2137 motum
1085 2085 1318 2139 celerem
1365 2086 1668 2149 difficultas,
1715 2104 1975 2157 equorum

380 2172 537 2225 nobis
569 2173 826 2227 adhibere
850 2175 1246 2242 providentiam
1275 2177 1419 2243 fecit,
1448 2180 1576 2249 quin
1601 2181 1762 2233 etiam
1787 2182 1977 2235 annuis

379 2263 626 2317 lanarum
651 2264 911 2320 reditibus
925 2281 989 2320 ea
1012 2277 1347 2336 qtnenatura:
1359 2269 1584 2323 deerant
1605 2273 1897 2340 suppleme.
1926 2280 1978 2326 ta

381 2355 721 2425 prospiciens
756 2374 769 2409 :
800 2372 867 2411 ex
917 2358 1036 2412 aliis
1086 2374 1302 2429 quoque
1331 2363 1506 2417 causis
1552 2379 1672 2431 quae
1722 2365 1786 2418 ad
1813 2368 1980 2419 vitam

382 2445 682 2499 necessaria
733 2444 981 2514 deerant,
1043 2450 1485 2517 comprobantur.
1521 2450 1772 2507 Jamenta
1822 2454 1979 2509 nobis

383 2534 451 2587 ad
486 2549 651 2588 onera
680 2536 863 2603 gravia
892 2537 1110 2591 ferenda
1142 2540 1386 2609 subjecta
1441 2551 1596 2608 sunt,
1630 2552 1685 2598 et
1731 2545 1875 2614 quod
1915 2545 1981 2599 ad

384 2625 554 2678 instar
581 2626 892 2680 animalium
923 2629 1118 2684 herbas
1157 2631 1452 2700 depascere
1498 2651 1852 2705 nequeamus,
1886 2639 1980 2693 bo-

384 2731 478 2771 ves
506 2717 664 2772 nobis
693 2718 758 2771 ad
809 2736 963 2774 usum
1022 2723 1333 2793 mancipare
1379 2728 1701 2794 curavimus,
1753 2746 1980 2800 quorum

306 2860 314 2868 _
383 2806 569 2861 labore
599 2808 800 2863 victum
830 2809 1040 2867 facilius
1068 2830 1463 2885 comparemus.
1490 2819 1623 2885 Quia
1648 2838 1776 2877 vero
1802 2840 1980 2879 morsu

381 2897 751 2965 indigebamus
773 2907 828 2953 et
859 2900 1112 2958 dentibus
1143 2905 1209 2958 ad
1241 2907 1571 2964 cohibendas
1596 2912 1733 2967 tales
1781 2914 1980 2969 bestias

385 2985 610 3053 ultione,
644 2988 695 3042 id
717 2990 858 3058 quod
884 2993 1037 3046 nobis
1065 2994 1233 3049 defuit
1253 3005 1447 3051 canum
1474 3009 1663 3055 natura
1686 3004 1976 3072 supplevit,

384 3078 665 3146 quietiam
717 3096 837 3135 cum
883 3084 1173 3141 velocitate
1218 3091 1504 3157 congenita
1549 3093 1715 3147 veluti
1759 3096 1976 3165 quidam

2078 1902 2448 1970 intelligentia:
2478 1909 2673 1955 nostrae
2694 1903 2943 1971 respicio,
2972 1901 3115 1970 quod
3142 1901 3348 1957 scilicet
3374 1901 3535 1955 verba
3577 1903 3668 1956 lit-

2080 1993 2208 2047 teris
2234 2008 2424 2047 manus
2448 1992 2911 2045 administratione
2935 1992 3227 2060 signamus,
3255 2000 3310 2046 et
3330 1992 3543 2061 quidem
3570 2008 3669 2048 nec

2080 2084 2178 2137 ista
2204 2083 2374 2151 gratia
2404 2083 2680 2137 rationalis
2710 2084 2880 2151 impar
2908 2092 2992 2138 est
3018 2083 3309 2150 dignitatis,
3350 2083 3491 2153 quod
3522 2082 3670 2136 litte-

2081 2174 2156 2229 ris
2182 2173 2328 2240 loqui
2349 2187 2564 2241 quoque
2598 2187 2884 2241 possumus
2908 2174 3143 2227 etmodo
3164 2174 3394 2241 quodam
3424 2174 3672 2229 manibus

2080 2263 2415 2332 disputamus
2453 2264 2503 2317 in
2543 2262 2935 2318 elementorum
2990 2265 3172 2333 tigni-is
3219 2274 3462 2319 nostrum
3508 2280 3671 2334 repo-

2084 2363 2272 2409 nentes
2299 2354 2593 2423 eloquium.
2626 2354 2731 2409 Sed
2760 2367 2861 2421 ego
2890 2356 2954 2408 ad
2986 2357 3088 2409 alia
3122 2372 3341 2424 prorsus
3368 2346 3669 2421 intendens,

2082 2446 2262 2501 studio
2311 2445 2548 2514 quodam
2595 2447 2994 2516 cooperationis
3041 2447 3426 2517 obtemperare
3481 2461 3674 2501 manus

2085 2537 2294 2591 ailirmo
2322 2538 2548 2592 rationis
2577 2539 2818 2608 imperio.
2850 2537 3045 2593 Verum
3077 2548 3360 2608 antequam
3398 2540 3501 2594 hoc
3529 2540 3673 2595 idem

2084 2628 2451 2693 discutiamus,
2482 2628 2703 2684 effusius
2732 2630 2994 2683 rationem
3028 2631 3193 2698 magis
3236 2644 3397 2699 quam
3447 2639 3673 2700 praeter-

2086 2720 2356 2788 misimus,
2409 2720 2759 2788 inquiramus.
2809 2719 2950 2774 Pene
2979 2735 3212 2789 namque
3258 2717 3522 2774 factorum
3574 2734 3675 2774 nos

2084 2811 2240 2876 ordo,
2295 2819 2351 2865 et
2389 2825 2551 2865 causa
2603 2810 2760 2864 latnit
2796 2810 2951 2879 cujus
3000 2811 3077 2864 rei
3126 2811 3297 2878 gratia
3344 2811 3672 2880 prmcedant.

2082 2902 2397 2958 Germinent
2426 2912 2580 2957 terrae
2610 2903 2852 2968 virentia,
2880 2902 2966 2956 del
2991 2904 3074 2957 inc
3120 2903 3506 2957 irrationabilia
3547 2905 3676 2958 sub-

2082 3003 2377 3064 sequantur
2404 2995 2674 3057 animalia,
2714 3003 2770 3050 et
2807 2995 2879 3048 ita
2910 3004 3031 3063 post
3079 2994 3269 3049 horum
3309 2994 3674 3050 conditionem

2082 3087 2205 3142 loco
2237 3087 2397 3141 tertio
2426 3087 2589 3141 homo
2618 3085 2897 3140 formetur.
2941 3085 3205 3140 Fortassis
3244 3086 3387 3140 enim
3436 3102 3531 3155 per
3559 3086 3675 3140 haec

384 3172 654 3226 animatus
682 3173 888 3241 gladius
918 3178 1114 3232 nostris
1144 3188 1225 3233 est
1272 3182 1456 3237 usibus
1507 3186 1828 3252 attributus;
1880 3204 1977 3257 pro

2087 3193 2192 3231 non
2222 3185 2433 3231 tantum
2464 3192 2526 3230 ea
2556 3192 2675 3245 qua:
2719 3186 2842 3233 sunt
2890 3176 3170 3231 manifesta
3218 3178 3499 3242 sentimus,
3530 3176 3674 3245 quod

385 3264 638 3317 cornibus
675 3266 836 3319 etiam
865 3267 949 3321 vel
985 3270 1255 3336 unguibus
1277 3269 1467 3327 fortius
1505 3289 1571 3329 ac
1596 3278 1981 3344 penetrabilius

387 3349 585 3406 ferrum
617 3355 685 3408 ab
714 3356 1026 3413 hominibus
1073 3360 1350 3415 inventum
1383 3373 1487 3417 est.
1518 3364 1672 3431 Quod
1704 3383 1812 3421 non
1838 3383 1980 3423 sem-

386 3461 483 3515 per
512 3448 667 3502 nobis
698 3452 1018 3506 naturaliter
1066 3455 1322 3519 inlueret,
1352 3458 1491 3512 sicut
1542 3459 1629 3512 illa
1684 3462 1980 3515 munimina

388 3538 846 3594 irrationabilibus
870 3543 1087 3609 bestiis;
1122 3546 1215 3599 sed
1245 3547 1297 3600 in
1327 3556 1574 3617 tempore
1624 3549 1751 3603 belli
1797 3550 1982 3605 confe-

387 3654 513 3692 reus
568 3639 874 3707 przcsidium
941 3638 1149 3708 gladius
1207 3638 1461 3707 deinceps
1517 3648 1699 3694 manet
1754 3642 1976 3697 otiosus.

389 3729 521 3783 Item
552 3729 792 3797 ejusdem
823 3729 949 3782 ferri
1003 3743 1130 3783 usus
1161 3745 1261 3798 pro
1314 3729 1573 3784 crocodili
1625 3731 1865 3799 squamis
1897 3747 1984 3786 as-

388 3831 647 3876 sumetur.
698 3821 791 3875 Est
822 3832 999 3875 autem
1029 3821 1248 3889 quando
1280 3830 1335 3877 et
1367 3832 1548 3892 tergus
1594 3824 1763 3893 ipsius
1792 3824 1983 3878 bellum

388 3914 443 3963 in
473 3911 657 3979 prmlio
684 3912 955 3965 munimen
989 3912 1247 3980 impertit,
1274 3912 1512 3980 alioquin
1541 3918 1623 3981 (ut
1652 3913 1856 3967 dictum
1876 3914 1980 3987 est)

389 4000 455 4053 ad
498 4000 615 4068 ejus
659 4001 1065 4055 similitudinem
1119 4000 1315 4055 ferrum
1346 4004 1413 4055 ab
1443 4002 1652 4057 artifice
1701 4002 1981 4072 figuratur,

390 4092 533 4157 quod
564 4092 871 4143 necessitati
930 4092 1243 4146 deserviens
1291 4109 1452 4162 quem
1511 4096 1741 4148 armavit
1770 4096 1822 4149 in
1858 4096 1984 4150 belli

394 4190 655 4249 tempore,
690 4181 1013 4250 derelinquit
1068 4185 1120 4234 in
1172 4200 1324 4251 pace.
1358 4184 1466 4238 Nec
1508 4202 1615 4239 non
1664 4196 1719 4240 et
1748 4168 1984 4242 volatilia

370 4273 591 4327 ‘nostris
614 4275 952 4327 commodata
975 4283 1099 4328 sunt
1130 4276 1328 4339 usibus,
1359 4291 1588 4345 quorum
1638 4280 1799 4332 etiam
1826 4281 1978 4334 velo-

394 4364 614 4417 citatem
646 4365 782 4419 ratio
809 4367 1113 4434 excogitata
1143 4382 1247 4420 non
1276 4368 1551 4436 prazterit;
1587 4385 1707 4422 nam
1735 4371 1984 4438 qumdam

393 4468 462 4508 ex
492 4455 570 4508 eis
601 4454 963 4509 mansuefacta
994 4456 1244 4510 videntur
1269 4460 1705 4527 cooperautibus,
1736 4462 1981 4531 qumdam

2086 3280 2305 3340 propter
2321 3272 2562 3339 jumenta
2594 3271 2677 3325 vel
2720 3271 2952 3325 maxime
3002 3269 3263 3325 Conditor
3313 3270 3675 3325 universitatis

2086 3362 2377 3415 instituerit
2398 3362 2681 3416 herbarum
2707 3371 2975 3427 naturam,
3019 3370 3239 3431 propter
3283 3361 3527 3418 homines
3578 3378 3673 3415 an-

2084 3462 2191 3507 tem
2211 3453 2451 3522 jumenta
2479 3454 2764 3509 creaverit.
2793 3452 2943 3509 Unde
2971 3462 3025 3508 et
3055 3463 3180 3507 ante
3218 3466 3408 3522 greges
3453 3452 3671 3522 pabula,

2085 3554 2212 3600 ante
2232 3544 2502 3599 hominem
2534 3558 2661 3598 vero
2686 3558 2805 3612 qua:
2829 3543 3075 3597 humanae
3103 3543 3226 3596 vitae
3265 3550 3483 3611 possent
3502 3542 3676 3595 adrni-

2084 3640 2261 3694 nicula
2292 3639 2549 3708 prmbere,
2578 3637 2908 3707 produxerit.
2940 3634 3047 3690 Sed
3078 3635 3206 3688 mihi
3234 3635 3444 3688 videtur
3478 3648 3673 3688 conse-

2084 3730 2299 3799 quentia
2336 3729 2493 3797 hujus
2518 3728 2715 3795 eloquii
2763 3725 2979 3796 aliquod
3010 3726 3202 3794 dogma
3230 3724 3299 3779 de
3342 3723 3673 3779 absconditis

2088 3824 2354 3876 intimare.
2389 3822 2479 3874 Sic
2509 3821 2650 3873 enim
2676 3818 2850 3873 Moses
2878 3819 2945 3872 de
2971 3826 3114 3871 statu
3147 3818 3337 3870 animo:
3366 3816 3545 3870 divino
3576 3816 3677 3868 im-

2085 3916 2238 3984 perio
2280 3913 2630 3981 philosophia:
2677 3912 2971 3967 reservavit
3017 3926 3311 3973 arcanum,
3353 3910 3420 3965 de
3465 3925 3571 3978 qua
3615 3925 3677 3963 re

2086 4007 2300 4077 quidem
2329 4013 2385 4059 et
2407 4004 2638 4059 eruditio
2669 4014 2851 4057 estera
2897 4003 3111 4056 sibimet
3162 4001 3448 4071 imaginata
3478 4008 3561 4054 est
3585 3999 3677 4053 ali-

2087 4096 2241 4165 quid;
2274 4095 2369 4150 sed
2410 4110 2517 4148 non
2565 4095 2711 4149 clare
2741 4108 2859 4161 qum
2909 4102 3066 4147 erant
3111 4090 3340 4145 videnda
3380 4091 3673 4160 perspexit.

2088 4187 2191 4243 Per
2217 4190 2332 4242 haec
2361 4202 2512 4255 ergo,
2544 4178 2886 4251 ut'arbitror,
2934 4186 3045 4256 ipsa
3087 4184 3225 4236 ratio
3252 4181 3414 4237 docet
3437 4182 3581 4250 quod
3620 4182 3675 4235 in

2092 4280 2259 4333 tribus
2282 4278 2597 4333 differentiis
2620 4279 2795 4332 vitalis
2828 4278 3131 4344 luceatque
3161 4274 3410 4329 animalis
3439 4273 3677 4342 potentia

2089 4371 2413 4425 declaretur.
2448 4370 2748 4424 Herbarum
2792 4368 3057 4438 siquidem
3092 4376 3282 4421 natura
3332 4367 3680 4421 incrementis

2088 4471 2171 4517 est
2215 4472 2420 4516 tantum
2466 4469 2521 4515 et
2568 4443 2910 4519 nutrimentis
2958 4459 3328 4525 accommoda,
3381 4472 3681 4526 congruum

396 4560 524 4599 vero
557 4548 837 4615 praesentia
888 4549 989 4613 sui,
1047 4549 1291 4617 capiendi
1340 4566 1498 4605 causa
1549 4562 1674 4605 sunt
1702 4554 1821 4608 aliis
1867 4570 1985 4622 qua:
2017 4574 2066 4631 ι)
2094 4554 2335 4623 przcbens
2365 4554 2446 4607 his
2473 4553 2562 4621 qui
2594 4568 2659 4606 ex
2689 4567 2751 4607 ea
2784 4559 3045 4621 parentur
3075 4558 3444 4617 augmentum,
3482 4565 3600 4618 quin
3626 4558 3681 4603 et

394 4637 595 4692 nostris
625 4638 942 4693 utilitatibus
990 4640 1345 4709 applicentur.
1375 4642 1481 4697 Sed
1512 4653 1566 4697 et
1596 4655 1830 4714 pennata
1880 4646 1986 4701 tela

395 4731 550 4785 nobis
580 4747 667 4785 ars
697 4733 962 4801 exquisita
1015 4734 1262 4802 perlecit,
1295 4751 1413 4804 qua:
1460 4753 1555 4805 per
1606 4753 1787 4790 arcum
1839 4747 1987 4793 tensa

392 4838 610 4876 cursum
654 4823 932 4877 volucrem
964 4825 1124 4878 rebus
1154 4825 1401 4879 humanis
1427 4827 1687 4880 exhibuit.
1716 4825 1871 4893 Quod
1902 4845 1991 4881 au-

394 4922 504 4965 tem
537 4911 728 4982 pedum
762 4921 1065 4967 nostrorum
1096 4914 1316 4980 vestigia
1349 4916 1412 4968 ad
1464 4916 1857 4971 coaliciendum
1887 4919 1990 4973 iter

397 4999 603 5056 facilius
651 5011 972 5067 atteruntur,
1005 5007 1307 5060 necessaria
1348 5007 1714 5075 subjectorum
1768 5009 1990 5064 admini-

398 5094 514 5147 cula
546 5084 701 5150 nobis
729 5096 973 5150 indicunt
1003 5111 1070 5151 ex
1096 5096 1290 5164 quibus
1308 5096 1672 5153 calceamenta
1696 5115 1991 5169 congruen-

401 5195 481 5238 ter
513 5196 785 5254 aptentur.

990 5303 1219 5359 CAPUT
1259 5304 1391 5360 Vill.

402 5390 505 5444 Cur
528 5392 747 5445 hominis
776 5404 941 5467 rectus
962 5395 1028 5447 sit
1058 5395 1285 5462 habitus,
1313 5406 1362 5449 et
1406 5414 1559 5467 quam
1588 5408 1799 5467 propter
1828 5400 1989 5454 ratio-

474 5479 797 5539 ucm‘rnanrts
822 5466 960 5517 data:
989 5476 1124 5539 sunt,
1156 5469 1208 5519 in
1239 5484 1335 5537 quo
1358 5466 1594 5537 qztwdunt
1632 5466 1693 5520 et,
1728 5470 1791 5521 de
1832 5469 1986 5539 (li/fe-

470 5534 650 5585 rentiis
672 5534 964 5586 animarum
994 5534 1275 5605 disputatio
1300 5534 1503 5590 natura:
1524 5538 1803 5591 inducitur.

472 5644 625 5712 Quod
655 5660 784 5699 vero
812 5656 989 5701 rectus
1013 5658 1094 5701 est
1124 5650 1354 5704 hominis
1384 5649 1596 5703 habitus
1625 5658 1680 5704 et
1703 5650 1771 5704 ad
1795 5651 1987 5704 cmlnm

400 5754 520 5793 sese
570 5739 858 5794 sustollens
914 5755 1237 5810 sursumque
1282 5741 1613 5811 respiciens,
1672 5744 1988 5814 principalia

402 5832 515 5885 tunc
544 5829 686 5886 dona
712 5845 829 5886 esse
858 5832 1209 5887 certissimum
1242 5844 1344 5899 est,
1390 5834 1740 5904 approbantia
1792 5835 1990 5905 regiam

2091 4644 2452 4713 germinabilis
2476 4643 2691 4709 dicitur,
2723 4642 3023 4711 eademque
3068 4642 3119 4694 in
3152 4640 3396 4709 virgultis
3424 4647 3479 4694 et
3516 4639 3682 4694 arbo-

2091 4736 2240 4790 ribus
2280 4735 2576 4789 substantia
2609 4734 2936 4804 pervidctur.
2973 4732 3067 4787 Est
3112 4741 3289 4787 autem
3339 4732 3392 4785 in
3436 4732 3517 4786 bis
3554 4732 3685 4799 ipsis

2092 4841 2211 4895 qua:
2256 4825 2625 4894 germinantur
2677 4824 2858 4877 vitalis
2895 4822 3136 4891 qumdam
3184 4822 3446 4891 potentia,
3491 4836 3685 4875 sensus

2093 4918 2421 4971 animatione
2444 4916 2670 4985 privata.
2705 4915 2905 4969 Praeter
2935 4916 3072 4969 hanc
3100 4930 3229 4969 vero
3252 4924 3336 4968 est
3356 4923 3411 4968 et
3431 4914 3534 4967 alia
3562 4913 3685 4968 vita:

2091 5010 2318 5079 species,
2344 5008 2428 5063 cui
2450 5006 2677 5061 Creator
2694 5016 2748 5061 et
2769 5008 3101 5061 incrementa
3124 5007 3369 5069 contulit,
3394 5015 3447 5060 et
3467 5006 3687 5076 dispen-

2098 5103 2317 5156 sandam
2342 5100 2586 5155 sensibus
2614 5100 2914 5169 imperavit,
2943 5115 3105 5169 quam
3146 5098 3197 5151 in
3241 5109 3430 5151 natura
3472 5098 3691 5152 irratio-

2098 5192 2354 5247 nabilium
2380 5190 2535 5246 facile
2563 5204 2907 5257 contuemur,
2933 5204 3052 5258 qua:
3077 5205 3182 5244 non
3216 5189 3388 5243 solum
3420 5197 3479 5242 ut
3518 5189 3690 5243 herba

2096 5297 2346 5337 crescens
2383 5281 2623 5343 nutritur
2670 5290 2725 5335 et
2782 5280 2967 5347 nutrit,
3020 5280 3111 5332 sed
3162 5279 3322 5333 etiam
3378 5279 3689 5333 sensibilem

2095 5379 2203 5431 vim
2233 5377 2510 5449 possidere
2539 5377 2902 5446 cognoscitur.
2944 5373 3190 5428 Perfecta
3222 5388 3350 5428 vero
3381 5372 3538 5426 tertia
3580 5371 3687 5422 vita

2098 5468 2342 5536 corporis
2371 5468 2424 5521 in
2456 5467 2691 5520 hominis
2714 5468 2946 5520 essentia
2983 5465 3229 5519 rationali
3259 5465 3553 5519 constituta
3584 5471 3687 5525 est,

2096 5574 2214 5628 qum
2240 5567 2294 5613 et
2322 5559 2558 5612 nutritur
2584 5565 2638 5611 et
2666 5559 2836 5611 nutrit
2864 5566 2920 5611 et
2960 5557 3143 5621 sentit,
3175 5564 3231 5610 et
3272 5555 3495 5609 rationis
3522 5554 3693 5623 parti-

2098 5654 2285 5721 eipans
2316 5661 2495 5705 mente
2525 5658 2821 5718 vegetatur.
2853 5649 3120 5704 Debemus
3149 5657 3328 5702 autem
3360 5647 3520 5711 scire,
3545 5644 3693 5714 quod

2099 5744 2219 5797 talis
2247 5742 2490 5813 quaedam
2520 5758 2706 5797 eorum
2747 5756 2868 5811 qua:
2912 5748 3036 5794 sunt
3073 5740 3211 5793 ratio
3250 5737 3525 5801 divisionis
3570 5739 3696 5791 exi-

2099 5843 2227 5901 stat,
2258 5842 2314 5888 ut
2340 5833 2481 5889 aliud
2510 5830 2871 5891 intellectuale
2916 5832 3005 5895 sit,
3050 5814 3194 5885 aliud
3246 5829 3549 5899 corporale.
3580 5830 3689 5888 Set“.
