3916 6202
262 292 362 311 ου-

262 312 356 347 Oi)!

1084 297 1258 352 LlBitl
1301 297 1386 351 ur.
1426 295 1813 352 cnnmoxe
1852 268 2715 356 “0511letNl‘Eltt‘nE'fA'lw

3427 303 3537 354 353

263 411 638 467 intellectualis
665 413 913 468 essentia:
943 428 1083 467 nunc
1114 414 1395 468 omittatur
1422 414 1475 467 in
1497 429 1592 468 sua
1617 414 1855 483 proprio-
1884 420 1927 469 Α
1962 417 2081 475 tur;
2132 412 2384 479 spiritalis
2433 422 2613 467 autem
2660 412 2869 481 judicat
2898 414 3097 481 omnia,
3144 421 3256 485 lp.~e
3300 427 3479 472 autem
3509 436 3536 470 τι

263 514 371 557 tate
393 504 607 558 divisio.
632 502 743 558 Nec
772 504 914 558 enim
943 505 1098 559 nobis
1122 516 1204 559 est
1232 505 1299 560 de
1340 507 1441 560 bac
1486 521 1547 560 re
1591 506 1857 560 sermonis

260 610 500 650 occasio.
530 595 843 665 corporalis
865 604 1047 651 autem
1081 598 1395 652 substantia:
1442 598 1587 651 aliud
1627 607 1711 652 cst
1748 613 1866 653 om-

266 690 391 745 nino
435 689 558 744 sine
612 687 718 742 vita
747 725 762 750 ,
818 686 962 742 aliud
1006 687 1130 741 vita:
1180 688 1513 758 participat:
1557 703 1742 743 rursus
1790 691 1855 741 vi-

264 781 381 834 talis
402 779 707 850 corporalis
732 779 837 831 alia
873 787 999 833 sunt
1043 779 1336 842 sensibilia,
1384 778 1489 834 alia
1533 795 1661 834 vero
1697 793 1860 833 sensu

265 874 523 936 carentia,
560 881 619 927 ut
647 881 772 927 sunt
799 872 961 928 etiam
990 872 1169 944 capilli
1195 873 1365 927 nostri
1393 883 1447 927 et
1476 886 1698 940 ungues.
1727 871 1860 925 Item

263 967 536 1022 sensibilia
568 967 621 1020 in
652 966 858 1019 naturis
884 966 1289 1020 rationabilium
1314 973 1368 1019 et
1408 964 1858 1019 irrationabilimn

264 1057 595 1112 dividuntur.
628 1054 923 1127 Propterea
952 1064 1078 1125 post
1103 1056 1412 1109 exanimem
1444 1055 1724 1108 materiam
1748 1053 1855 1123 pri-

263 1168 411 1209 mum
437 1152 589 1207 velut
632 1150 964 1220 crepidinem
994 1148 1281 1218 quamdam
1330 1149 1471 1203 hanc
1508 1146 1860 1216 germinalem

264 1246 624 1300 substantiam
684 1242 958 1312 legislator
1002 1242 1317 1312 expressit:
1370 1242 1625 1311 deinceps
1673 1256 1859 1296 eorum

264 1340 676 1407 generationem
702 1353 821 1407 quae
842 1336 1087 1392 sensibus
1108 1335 1477 1391 tantummodo
1492 1335 1858 1400 continentur,

264 1433 498 1501 aperuit.
556 1429 623 1484 Et
676 1431 801 1499 quia
858 1430 1149 1484 secundum
1208 1428 1366 1482 istam
1416 1428 1860 1495 consequentiam

266 1538 328 1576 ea
361 1537 483 1590 qua:
511 1520 677 1574 vitam
710 1521 762 1574 in
795 1535 959 1574 carne
1002 1520 1193 1573 sortita
1223 1530 1371 1585 sunt,
1415 1518 1690 1572 sensibilia
1743 1518 1861 1586 qui-

266 1614 386 1668 dem
418 1614 539 1667 sine
570 1612 988 1679 intelligibilibus
1016 1628 1113 1680 per
1148 1626 1207 1665 se
1250 1611 1540 1665 subsistere
1584 1609 1858 1677 videntur,

268 1706 552 1759 rationalis
579 1715 761 1759 autem
797 1706 1097 1759 substantia
1130 1720 1238 1759 non
1278 1710 1457 1772 potest
1504 1703 1555 1755 in
1600 1703 1708 1757 alio
1758 1703 1857 1755 nisi

1959 502 2175 557 nemine
2191 502 2484 572 judicatur.
2513 504 2756 575 Denique
2789 505 2931 562 sicut
2958 511 3157 565 carnali
3186 509 3431 567 animalis
3457 524 3550 565 su-

1961 607 2260 664 perennnet
2290 596 2440 663 juxta
2485 596 2731 650 eamdem
2762 610 3065 651 mensuram
3093 599 3379 653 animalem
3406 613 3546 669 quo-

1963 700 2067 754 que
2095 684 2349 754 spiritalis
2379 685 2613 739 excellit.
2654 685 2809 751 Quod
2858 701 2986 755 ergo
3033 689 3383 744 novissimum
3427 703 3548 762 post

1962 776 2144 831 omnia
2173 776 2377 833 factum
2410 776 2684 833 hominem
2713 778 2987 848 Scriptura
3028 793 3432 851 commemorat,
3472 787 3549 835 ni-

1960 867 2035 919 hil
2064 867 2209 921 aliud
2239 882 2399 936 quam
2430 868 2500 923 de
2529 878 2671 924 statu
2694 871 2886 925 anima:
2928 873 3291 943 philosophari
3323 891 3421 929 nos
3456 874 3550 928 de-

1959 959 2089 1013 bere
2133 959 2367 1014 latenter
2410 958 2687 1027 informat,
2734 966 3038 1019 necessaria
3082 967 3325 1034 quaedam
3372 944 3551 1021 rerum

1960 1051 2367 1119 consequentia,
2394 1053 2446 1107 id
2475 1055 2693 1123 quidem
2724 1057 3018 1125 perfectum
3050 1058 3102 1111 in
3150 1060 3436 1127 postremis
3466 1061 3552 1113 in-

1959 1144 2195 1198 sinuans.
2246 1144 2444 1200 Natura
2491 1162 2724 1217 namque
2772 1150 3050 1204 rationalis
3089 1161 3282 1206 caetera
3337 1168 3553 1221 quoque

1960 1235 2204 1290 continet
2220 1244 2275 1291 et
2296 1237 2629 1292 incrementa
2645 1240 2920 1307 germinis,
2947 1250 2999 1294 et
3026 1257 3215 1299 sensus
3242 1244 3550 1309 animantis,

1960 1338 2152 1381 natura
2182 1329 2342 1383 etiam
2364 1332 2633 1385 sensibilis
2654 1332 3001 1399 germinalem
3032 1335 3266 1403 speciem
3296 1335 3411 1389 sine
3450 1335 3554 1388 du-

1959 1419 2221 1475 bitatione
2274 1423 2671 1491 complectitur.
2744 1424 2866 1479 Haec
2913 1436 3090 1479 autem
3138 1438 3357 1495 propter
3409 1428 3555 1496 quod

1960 1512 2326 1567 inunaterialis
2368 1523 2451 1567 est
2487 1529 2545 1567 se
2586 1516 2697 1569 sola
2726 1517 3119 1584 complectitur.
3151 1518 3558 1588 Consequentur

1961 1604 2125 1671 igitur
2154 1615 2344 1659 natura
2377 1607 2541 1659 veluti
2592 1623 2689 1675 per
2726 1610 2986 1676 quosdam
3022 1614 3236 1677 gradus,
3269 1615 3392 1665 vitae
3436 1613 3558 1667 dico

1961 1698 2371 1766 proprietatum,
2423 1700 2489 1752 ab
2538 1700 2882 1753 inferioribus
2928 1701 2991 1753 ad
3042 1702 3362 1771 perfectiora
3416 1720 3545 1758 con-

268 1798 511 1852 sensibili
559 1813 790 1866 corpore
847 1798 1123 1861 contueri;
1180 1795 1381 1849 idcirco
1429 1803 1552 1864 post
1620 1797 1860 1863 germina
1893 1797 1939 1855 Β
1967 1789 2195 1842 scendit.

269 1900 433 1958 atque
457 1888 704 1958 jumenta
736 1889 907 1944 factus
934 1899 1017 1943 est
1063 1890 1245 1951 homo,
1278 1889 1364 1942 via
1400 1887 1631 1957 quadam
1664 1903 1859 1943 conse-

269 1989 500 2050 quenter
527 1982 594 2035 ad
617 1981 1004 2049 perfectionem
1050 1989 1240 2034 natura
1268 1979 1573 2049 perticiens.
1614 1978 1861 2032 Omnium

271 2086 508 2141 namque
534 2071 857 2140 specierum,
890 2070 941 2124 id
971 2079 1069 2137 est,
1102 2080 1157 2125 et
1185 2071 1477 2127 crescentis
1515 2071 1771 2139 genuinis
1809 2080 1865 2124 et

269 2165 538 2219 sensualis
558 2163 853 2218 animantis
877 2163 979 2219 hoc
1001 2164 1265 2218 rationale
1285 2162 1483 2217 animal
1508 2163 1670 2217 homo
1699 2162 1864 2231 parti-

270 2255 436 2324 cipat.
486 2253 732 2307 Nutritur
779 2254 922 2307 enim
964 2253 1117 2322 juxta
1163 2253 1461 2307 naturalem
1512 2253 1866 2306 substantiam

271 2346 467 2399 anima:
495 2346 751 2413 qualitas,
778 2344 1094 2399 incrementi
1119 2360 1249 2399 vero
1276 2347 1383 2398 vim
1405 2345 1638 2399 sensuali
1667 2344 1868 2399 submi-

272 2435 598 2495 nistratione
649 2434 905 2500 sortitur,
949 2450 1069 2503 quae
1111 2434 1263 2503 juxta
1310 2435 1595 2505 quemdam
1653 2433 1869 2488 modum

184 2588 195 2598 O
271 2540 428 2581 suum
455 2524 601 2579 inter
624 2524 1047 2580 intellectualem
1075 2534 1130 2580 et
1157 2527 1487 2580 materialem
1517 2525 1869 2579 substantiam

273 2618 326 2671 in
379 2618 565 2671 medio
615 2617 899 2679 collocata,
956 2626 1219 2685 quantum
1261 2617 1405 2672 illius
1464 2616 1872 2685 comparatione

273 2711 529 2775 crassior,
566 2717 773 2764 tantum
803 2708 918 2777 ejus
944 2710 1259 2778 pnelatione
1297 2710 1509 2775 videtur
1550 2723 1668 2763 esse
1692 2708 1874 2763 since—

278 2804 408 2858 rior.
442 2802 652 2857 Deinde
673 2802 946 2857 sensibilis
976 2802 1053 2855 rei
1080 2803 1224 2869 quod
1264 2812 1346 2855 est
1375 2801 1800 2871 subtilissimum,
1820 2816 1876 2863 et

280 2892 676 2947 lucidissimum
707 2892 1059 2946 mtellectuali
1093 2892 1355 2947 sociatum
1404 2891 1464 2945 lit
1499 2892 1741 2961 quaedam
1788 2908 1876 2946 na-

280 2996 414 3040 tura:
446 2984 738 3054 permixtio
766 2983 1115 3047 conveniens,
1159 2982 1232 3036 ita
1263 2990 1321 3036 ut
1345 2982 1400 3035 in
1426 2982 1596 3037 tribus
1639 2983 1757 3036 istis
1794 2983 1876 3036 vi-

279 3077 471 3130 deatur
504 3077 675 3131 homo
698 3073 1011 3129 subsistere.
1041 3072 1175 3127 Nam
1203 3082 1259 3128 et
1280 3075 1597 3143 Apostolum
1639 3076 1745 3128 ta!e
1785 3074 1879 3128 ali-

2590 1902 2818 1957 CAPUT
2858 1902 2944 1956 1X.

1970 1989 2122 2054 Quod
2133 1995 2402 2062 aptissima
2426 1993 2646 2047 hominis
2670 1994 2912 2049 habitudo
2943 1996 3012 2049 ad
3041 2012 3168 2066 opus
3191 1999 3407 2052 rationis
3433 2016 3559 2053 ron-

2601 2076 2797 2117 structa
2823 2068 2909 2118 sit.

2038 2154 2173 2223 Quia
2207 2156 2367 2223 igitur
2396 2155 2661 2210 rationale
2708 2157 2907 2209 animal
2936 2156 3119 2220 homo,
3155 2160 3444 2228 oportebat
3476 2161 3559 2213 ni-

1968 2249 2051 2303 sui
2096 2250 2320 2304 rationis
2344 2249 2671 2303 conveniens
2716 2248 2919 2303 institui
2955 2251 3200 2319 corporis
3230 2253 3561 2307 instrmnen-

1970 2349 2104 2395 tum.
2144 2340 2293 2394 Sicut
2337 2339 2477 2394 enim
2505 2340 2749 2394 videmus
2780 2342 2997 2394 musica:
3026 2343 3382 2410 peritissimos
3407 2338 3562 2411 juxta

1971 2432 2159 2499 organi
2189 2431 2427 2500 speciem
2479 2431 2713 2484 studium
2764 2430 3149 2487 modulaminis
3193 2448 3477 2499 exercere,
3512 2445 3564 2490 et

1973 2538 2147 2593 neque
2173 2523 2465 2577 tubicinare
2494 2523 2761 2576 barbilum
2808 2522 3213 2594 nervis,'neque
3241 2527 3564 2581 citharizare

1975 2616 2237 2669 tubicines
2268 2632 2281 2666 :
2323 2614 2475 2682 juxta
2504 2614 2648 2667 hunc
2679 2615 2897 2668 modum
2929 2617 3406 2671 instrumentorum
3438 2635 3567 2673 con-

1974 2706 2325 2759 structionem
2358 2705 2644 2774 Oportebat
2692 2721 2811 2759 esse
2838 2708 3035 2760 rationi
3085 2710 3511 2765 consentientem
3551 2730 3565 2765 :

1978 2794 2049 2847 ita
2088 2803 2147 2847 ut
2169 2794 2443 2862 aptissime
2485 2803 2668 2862 posset
2714 2794 2780 2847 ad
2810 2811 2964 2849 usum
2996 2812 3248 2852 resonare
3284 2801 3570 2869 sermonis,

1977 2887 2069 2953 qui
2111 2885 2378 2938 vocalium
2428 2885 2791 2937 membrorum
2837 2885 3162 2940 formaretur
3202 2888 3412 2945 ol'liciis.
3445 2889 3571 2945 ideo

1979 2984 2160 3027 autem
2182 2989 2371 3027 manus
2401 2981 2665 3041 coaptata:
2698 2985 2823 3027 sunt
2850 2977 3089 3044 corpori,
3120 2984 3173 3031 et
3198 2981 3441 3046 quamvis
3467 2982 3572 3035 uti-

1980 3066 2160 3120 litates
2209 3064 2357 3118 mille
2385 3064 2508 3117 vita:
2557 3063 2713 3130 hujus
2758 3079 3083 3120 enumerare
3107 3066 3416 3122 facillimum
3469 3080 3570 3135 est,

282 3168 409 3236 quid
437 3165 821 3234 cognoscimus
848 3165 1118 3229 intimare,
1148 3165 1235 3219 ubi
1264 3182 1362 3235 pro
1390 3165 1878 3221 Thessalonicensi-
1905 3171 2114 3232 C‘Quas
2154 3156 2268 3210 hinc
2320 3162 2623 3224 opportmia
2671 3163 2726 3208 et
2774 3155 3039 3210 durabilia
3081 3174 3333 3211 manuum
3377 3160 3573 3215 instru-

281 3258 382 3314 bus
406 3272 576 3311 orans
596 3258 708 3310 ait:
741 3255 861 3327 Ipse
887 3266 1055 3310 autem
1092 3256 1231 3311 Deus
1276 3259 1421 3327 pacis
1463 3258 1747 3327 sanctiﬁcat
1792 3274 1878 3311 vos

283 3366 375 3417 per
394 3350 595 3411 omnia,
620 3358 676 3401 ut
702 3350 903 3418 integer
924 3350 1135 3418 spiritus
1164 3358 1325 3403 uester
1345 3359 1394 3403 et
1418 3352 1599 3403 anima
1626 3359 1675 3403 et
1695 3366 1881 3420 corpus

285 3446 395 3495 sine
423 3441 637 3512 querela
675 3442 729 3494 in
758 3441 1031 3495 adventum
1059 3440 1271 3496 Domini
1308 3443 1472 3496 nostri
1518 3442 1643 3497 Jesu
1686 3441 1879 3497 Christi

288 3542 559 3586 senatur:
607 3548 706 3602 pro
744 3533 982 3586 nutribili
1023 3543 1175 3602 parte
1228 3549 1445 3602 corpus,
1489 3549 1589 3603 pro
1645 3533 1882 3588 sensibili

290 3625 551 3689 animum,
583 3640 683 3694 pro
709 3624 1056 3679 intellectuali
1087 3627 1333 3695 spiritum
1354 3630 1590 3696 ‘pOnens.
1625 3625 1881 3681 Similiter

290 3726 347 3769 et
392 3716 631 3771 scribam
683 3716 734 3769 in
783 3714 1069 3784 Evangelia
1117 3717 1374 3772 Dominus
1420 3718 1691 3773 instruens
1736 3718 1883 3771 omni

293 3807 550 3860 mandato
578 3806 921 3861 dilectionem
953 3807 1163 3862 Domini
1206 3809 1486 3877 praeponit.
1517 3823 1635 3877 quae
1673 3822 1739 3862 ex
1772 3815 1884 3861 toto

294 3896 459 3949 corde
485 3904 541 3949 et
567 3910 635 3949 ex
666 3903 777 3949 tota
801 3896 977 3949 anima
1010 3905 1065 3951 et
1103 3912 1171 3951 ex
1210 3905 1327 3951 toto
1358 3898 1631 3954 intellectu
1672 3897 1886 3968 perlici-

300 3993 404 4037 tur.
434 3984 570 4037 Nam
600 3992 658 4038 et
686 3984 737 4038 in
768 3986 1016 4053 praesenti
1045 3985 1289 4040 eamdem
1340 3987 1466 4040 mihi
1520 4003 1699 4041 sermo
1736 3986 1889 4042 diﬂ‘e-

298 4077 525 4130 rentiam
556 4077 772 4131 videtur
816 4077 1278 4146 interpretationis
1326 4077 1539 4133 oﬂ‘erre.
1585 4080 1886 4149 Corpulen-

299 4168 491 4221 tiorcm
549 4167 765 4235 quidem
820 4168 1113 4223 ellicaciam
1170 4185 1265 4223 cor
1303 4170 1607 4240 appellans,
1654 4171 1886 4223 animam

302 4274 435 4314 vero
458 4259 690 4313 mediam
718 4258 901 4313 sedem
943 4267 1128 4314 tenere
1180 4258 1503 4327 signiﬁcans.
1554 4261 1887 4315 Intellectum

304 4366 479 4407 autem
529 4352 897 4406 sublimiorem
950 4331 1302 4407 substantiam
1357 4354 1691 4407 rationabilis
1758 4353 1890 4408 insi-

304 4462 473 4498 nuans
496 4445 977 4513 perspicabilisque
1004 4445 1235 4499 virtutis.
1281 4442 1437 4499 Unde
1465 4453 1519 4498 et
1557 4453 1667 4499 tres
1696 4444 1893 4499 distan-

304 4535 403 4587 tias
461 4534 798 4588 voluntatum
856 4534 1005 4587 novit
1054 4533 1341 4603 Apostolus

304 4626 445 4680 circa
475 4634 719 4680 ventrem
755 4634 810 4680 et
836 4625 1116 4680 inferiores
1145 4633 1326 4694 partes
1366 4626 1732 4697 voluptatibus
1773 4634 1893 4680 tan-

304 4724 415 4768 tum
442 4715 655 4771 vitiosis
681 4716 1025 4784 obsequitur;
1055 4716 1338 4770 animalem
1372 4732 1528 4781 vero,
1561 4732 1681 4786 qua:
1717 4718 1893 4773 media

306 4806 443 4861 inter
488 4807 741 4860 virtutem
790 4806 1157 4874 malitiamque
1183 4815 1447 4870 versatur,
1492 4806 1632 4861 hanc
1677 4807 1894 4876 quidem

304 4896 735 4965 supergrediens,
768 4896 905 4949 illius
925 4904 1102 4949 autem
1124 4910 1460 4966 nequaquam
1483 4896 1756 4966 particeps
1781 4898 1894 4951 sin-

306 4986 545 5039 ceritatis
589 4986 825 5039 existens
851 5002 862 5014 ’
894 4994 947 5039 et
975 4985 1368 5055 spiritalitatem
1398 4984 1509 5041 Deo
1533 4986 1739 5057 placitae
1767 5004 1897 5043 con-

306 5077 627 5131 versationis
654 5078 979 5145 assequitur.
1011 5076 1102 5131 Sic
1141 5078 1283 5132 enim
1335 5078 1574 5133 scribens
1612 5079 1680 5133 ad
1707 5078 1899 5133 Corin-

308 5168 449 5221 thios
475 5168 767 5237 exprobrat
808 5169 885 5222 eis
924 5168 1159 5223 studium
1204 5170 1519 5239 voluptaria:
1568 5171 1689 5225 vitae
1733 5180 1896 5240 atque

306 5259 591 5325 passibilis,
614 5260 838 5312 dicens:
872 5257 1064 5313 Nonne
1101 5261 1335 5314 carnales
1375 5264 1516 5325 estis,
1549 5272 1597 5314 et
1616 5263 1895 5317 secundum

306 5351 562 5403 hominem
602 5351 902 5416 ambulans,
942 5351 991 5405 id
1034 5361 1136 5417 est,
1183 5353 1590 5421 perfectioribus
1637 5356 1895 5411 doctrinis

308 5442 594 5510 incapaces
630 5458 751 5497 esse
779 5444 1102 5512 probamini.
1153 5442 1220 5499 Et
1265 5444 1390 5499 alibi
1432 5448 1891 5516 comparationem

304 5535 593 5601 quamdam
622 5534 808 5590 mediae
845 5536 1004 5604 hujus
1031 5537 1097 5591 ad
1124 5537 1267 5592 illam
1295 5538 1576 5593 celsiorem
1606 5540 1895 5609 perfectio-

307 5640 531 5693 nemque
557 5628 776 5693 iaciens,
808 5627 940 5681 dicit
965 5646 977 5680 :
1005 5628 1257 5684 Animalis
1277 5637 1447 5683 autem
1473 5631 1623 5686 homo
1644 5649 1744 5686 non
1777 5649 1895 5702 per-

304 5716 431 5779 eipit
453 5733 513 5768 ea
544 5734 655 5787 qua:
682 5728 800 5772 sunt
835 5719 1048 5788 spiritus
1090 5719 1204 5775 Dei.
1250 5720 1484 5776 Stultitia
1530 5723 1671 5776 enim
1700 5732 1782 5777 est
1819 5722 1892 5776 illi

307 5816 369 5861 et
396 5824 498 5862 non
532 5818 709 5880 potest
754 5810 1073 5881 intelligere,
1109 5815 1231 5884 quia
1280 5812 1591 5885 spiritaliter
1621 5815 1895 5871 examina-

1984 3261 2164 3306 menta
2193 3254 2402 3304 naviter
2432 3249 2827 3315 adi‘uinistreut,
2858 3266 3074 3306 onmem
3125 3262 3294 3307 artem
3329 3269 3569 3309 omnem-

1983 3359 2088 3414 que
2115 3340 2483 3413 operationem
2512 3340 2652 3396 bello
2674 3350 2728 3395 et
2742 3356 2871 3411 pace
2893 3352 3265 3412 competenter
3280 3346 3575 3415 explentia.

1985 3446 2162 3489 tamen
2195 3449 2305 3504 pne
2332 3434 2453 3487 aliis
2478 3434 2724 3488 omnibus
2755 3435 2980 3489 rationis
3027 3451 3189 3490 causa
3242 3454 3430 3491 manus
3459 3455 3574 3492 cor-

1985 3529 2102 3599 pori
2126 3536 2315 3581 natura
2347 3536 2706 3595 congruenter
2746 3528 3013 3596 apposuit.
3046 3528 3177 3582 Nam
3201 3530 3244 3582 si
3277 3529 3440 3584 homo
3464 3530 3576 3585 sine

1984 3619 2231 3674 manibus
2252 3618 2568 3679 exstitisset,
2590 3618 2833 3687 profecto
2856 3620 3321 3689 percipiendorum
3337 3624 3577 3676 chorum

1989 3712 2310 3766 necessitate
2339 3711 2577 3764 membra
2608 3710 2784 3763 vultus
2826 3710 2942 3779 ejus
2983 3712 3048 3763 ad
3080 3712 3248 3765 instar
3277 3696 3569 3784 quadrupe-

1986 3804 2113 3856 dum
2145 3801 2524 3865 formarentur,
2557 3801 2627 3853 ita
2658 3809 2715 3854 ut
2760 3802 2991 3868 oblonga
3036 3800 3204 3856 facies
3249 3812 3579 3871 tcuuarctur,

1989 3898 2147 3952 simul
2168 3905 2223 3951 ct
2252 3896 2515 3950 emineret
2538 3895 2587 3948 in
2612 3895 2848 3958 naribus,
2882 3896 2990 3948 oris
3018 3896 3179 3948 etiam
3211 3896 3347 3949 labia
3380 3899 3579 3952 callosa

1991 4001 2045 4045 et
2072 3990 2342 4059 grossiora
2374 3999 2555 4042 essent
2584 3997 2745 4054 atque
2794 3988 3127 4052 ﬁrmissima;
3161 3996 3215 4041 et
3258 3989 3323 4042 ad
3357 4006 3579 4059 carpen-

1991 4082 2088 4136 das
2119 4081 2313 4135 herbas
2361 4087 2733 4147 competenter
2773 4087 2976 4147 aptata,
3028 4094 3128 4132 nec
3180 4094 3285 4133 non
3327 4089 3380 4133 et
3409 4081 3581 4148 lingua

1992 4171 2264 4241 grandiori
2292 4184 2521 4240 corpore
2548 4168 2733 4222 durior
2762 4180 2905 4223 esset
2935 4179 2990 4223 et
3010 4171 3277 4239 asperior,
3310 4188 3426 4240 qum.
3453 4189 3581 4226 CHO-

1993 4271 2276 4332 peraretur
2308 4260 2575 4322 dentibus,
2610 4259 2677 4312 ad
2707 4275 2770 4314 ea
2794 4275 2913 4328 quae
2946 4260 3246 4314 mandenda
3282 4263 3585 4331 perciperet

1994 4352 2248 4421 liquidior
2276 4352 2537 4418 existens,
2567 4358 2622 4404 et
2662 4352 2815 4418 juxta
2865 4360 3152 4420 utrumque
3180 4352 3319 4405 latus
3347 4354 3565 4408 ellusior

1996 4446 2169 4516 qualis
2198 4452 2281 4498 est
2311 4459 2504 4499 canum
2536 4452 2590 4498 et
2620 4451 2934 4499 ceterorum
2978 4461 3097 4514 qua:
3148 4458 3442 4502 vescuntur
3464 4464 3586 4502 car-

1384 4552 1396 4586 :
1440 4534 1732 4599 carnalem,
1774 4551 1893 4605 qum
1924 4544 1968 4603 ι)
1999 4536 2174 4601 nibus,
2207 4549 2305 4604 per
2353 4549 2541 4603 aspera
2577 4533 2817 4588 dentium
2862 4535 3144 4589 intervalla
3176 4536 3498 4592 discurrens.
3532 4538 3592 4592 Si

1995 4641 2123 4695 ergo
2152 4642 2341 4681 manus
2370 4642 2477 4680 non
2525 4626 2776 4682 adessent
2825 4627 3061 4698 corpori,
3098 4631 3369 4699 quomodo
3400 4632 3449 4686 ei
3482 4649 3585 4685 vox

1997 4717 2275 4771 articulata
2308 4714 2645 4786 ﬁguraretur,
2697 4734 2819 4773 cum
2867 4719 2987 4773 talis
3034 4720 3144 4773 oris
3184 4720 3301 4789 ejus
3338 4721 3591 4776 formatio

1997 4808 2064 4861 ad
2090 4824 2243 4862 usum
2273 4808 2536 4863 sermonis
2565 4808 2782 4863 minime
2806 4810 3145 4879 conveniret,
3186 4811 3256 4863 ita
3282 4820 3339 4864 ut
3368 4826 3593 4866 necesse

1998 4907 2142 4955 esset
2165 4899 2438 4953 hominem
2469 4898 2553 4951 vel
2583 4898 2793 4954 balatus
2815 4899 3083 4960 emittere.
3110 4900 3192 4953 vel
3224 4900 3468 4964 latratus,
3494 4912 3591 4955 aut

2000 5000 2059 5045 ut
2084 5006 2254 5062 equus
2280 4990 2536 5051 hinniret,
2568 4999 2660 5043 aut
2690 5005 2876 5044 vocem
2925 4990 3079 5043 daret
3114 4990 3286 5043 bubus
3313 4991 3593 5061 asinisqu

1997 5082 2352 5147 consimilem,
2386 5089 2480 5135 aut
2530 5081 2764 5150 aliquem
2815 5080 3045 5149 rugitum
3077 5091 3350 5148 promeret
3383 5081 3587 5138 bestia-

1996 5172 2122 5228 lem.
2149 5172 2301 5227 Nunc
2324 5181 2502 5226 autem
2529 5188 2715 5223 manus
2742 5171 3162 5224 accounnodatu:
3192 5181 3317 5226 sunt
3347 5180 3588 5246 ρυγροιτί,

1996 5273 2057 5319 ut
2084 5280 2145 5318 os
2172 5264 2235 5317 ad
2260 5264 2610 5317 ministerium
2638 5264 2779 5316 vetbi
2807 5264 3028 5315 liberum
3055 5278 3428 5335 permaneret;
3458 5285 3592 5337 ergo

1998 5356 2272 5423 proprium
2304 5352 2555 5421 quiddam
2588 5363 2670 5407 est
2709 5363 2910 5405 naturae
2956 5355 3203 5409 rationali
3244 5357 3442 5413 habere
3474 5379 3587 5414 ma»

1997 5465 2096 5502 nus
2126 5449 2175 5501 in
2208 5462 2455 5515 corpore,
2488 5446 2559 5499 ita
2593 5456 2647 5498 ut
2680 5462 2772 5515 per
2799 5462 2891 5499 cas
2925 5449 3162 5502 omnimn
3189 5449 3483 5508 Conditore
3507 5454 3585 5507 [ι-

1997 5539 2251 5593 cultatem
2284 5553 2384 5591 con
2421 5536 2616 5589 edente
2674 5540 2959 5595 sermonis.
2994 5540 3127 5594 Cum
3187 5557 3315 5610 ergo
3343 5545 3585 5601 divinum

1996 5630 2284 5700 quemdam
2328 5629 2511 5697 gratia:
2577 5628 2933 5698 primipatum
2991 5632 3302 5700 imaginisve
3359 5640 3585 5689 comulit

1997 5722 2161 5789 Deus,
2190 5729 2244 5775 et
2268 5721 2528 5775 bonorum
2557 5738 2773 5776 suorum
2802 5739 3021 5777 munera
3050 5727 3294 5779 rationali
3330 5726 3582 5793 ﬁgmenta

2000 5813 2314 5884 contribuit,
2338 5820 2628 5883 propterea
2659 5813 2858 5885 reliqua
2900 5815 3113 5884 quidem
3169 5818 3302 5871 bona
3337 5817 3580 5871 humana:
