1958 3101
158 175 209 204 Ε’ἕῦ

798 173 975 202 DIONYSIUS
993 174 1153 203 EXIGL‘US.

1737 178 1789 204 3.5;)

157 240 260 262 natura
274 235 316 269 pia
338 234 497 262 liberalitate
520 233 630 268 largitus
645 237 696 264 est,
711 238 825 260 mcntcm
841 241 905 260 vero
920 237 947 259 et
963 235 983 262 A
998 232 1125 260 Salomon
1149 234 1264 268 quodam
1286 234 1343 261 loco
1365 238 1476 260 testatus
1488 238 1528 261 est
1548 234 1619 268 quod
1631 235 1712 262 etiam
1724 236 1788 262 mihi

157 281 370 315 intelligentiam,
385 288 438 308 non
450 285 491 307 est
502 280 610 314 proprie
623 279 712 307 dicere
725 279 788 313 quia
800 279 883 311 dedit,
898 279 946 306 sed

158 328 221 362 quia
242 326 356 354 contulit
369 325 505 361 proprium
532 329 633 353 natura:
655 331 710 352 sua:
730 324 823 357 decus,
839 324 948 358 imagini

158 372 290 399 deferens.
307 370 377 405 Ergo
389 370 451 405 quia
462 378 538 398 mens
549 370 728 403 intelligibilis‘
736 369 856 404 quaedam
868 373 895 395 et
905 369 946 396 in-

158 423 289 450 corporea
304 423 346 442 res
370 420 421 447 est,
449 415 728 443 incommzvnieabilem
750 414 947 449 quodammodo

159 462 308 496 possideret
321 462 444 495 gratiam,
454 461 504 488 nisi
515 466 603 488 motus
611 461 776 496 operationis
788 468 843 488 sum
853 460 947 494 aliqui-
962 478 969 487 χ

158 508 208 534 bus
228 507 469 540 cxcogitationibus
482 507 627 534 intimaret.
641 505 724 539 llujus
739 505 777 533 rei
790 505 874 540 gratia
895 505 948 532 hac

159 554 270 586 indiguit
294 554 495 581 constructione
518 554 701 580 membrorum
727 556 756 578 ut
784 552 810 578 in
838 551 947 578 modum

158 599 252 634 plectri
266 599 396 626 vocabilia
409 599 585 625 instrumenta
599 598 766 632 contingens,
780 597 959 632 perqnalita-.

159 650 213 672 tam
237 646 372 672 sonituum
392 649 493 672 motum
515 643 736 679 interpretaretur
756 645 900 671 internum.
915 643 948 670 Et

159 691 383 724 quemadmodum
411 691 433 717 si
457 691 517 725 quis
539 691 639 718 musica
660 691 776 717 imbutus
800 695 866 722 arte,
883 698 947 725 pro-

163 736 247 769 priam
260 743 353 762 vocem
368 735 457 769 aliqua
472 736 597 769 passione
612 744 664 762 non
681 736 786 766 habeat,
800 735 947 769 volensque

159 789 233 808 suam
247 781 413 809 manifestam
429 781 518 809 facere
529 782 709 816 disciplinam,
729 783 824 809 alienis
838 783 947 809 vocibus

158 827 307 858 aemuletur,
319 827 457 861 publicans
471 832 555 855 artem
566 827 623 863 lyra
634 828 676 854 rel
693 828 754 855 tibia
766 828 819 854 :sic
831 828 946 854 humana

160 880 234 899 mens
259 880 318 899 cum
338 873 552 900 omnimodorum
568 873 749 900 intellectuum
769 873 897 907 probetur
911 873 947 899 in-

999 279 1102 306 videtur
1126 280 1186 307 che
1200 279 1241 306 vel
1264 280 1379 306 maxime
1400 287 1455 314 pra:
1468 280 1645 315 omnibusque
1661 281 1685 307 in
1711 282 1789 308 nobis

997 324 1226 351 subadmiratione
1251 324 1449 360 dignissimum,
1470 331 1530 359 qua:
1548 326 1582 353 sit
1605 325 1718 353 latitudo
1743 326 1787 353 illa

998 367 1351 404 capacitatis-intrinsecus,
1374 371 1399 397 in
1417 377 1496 405 quam
1523 375 1619 398 cuncta
1649 371 1789 400 confluunt

997 423 1057 449 qua:
1070 415 1216 442 fundentur
1236 415 1338 447 auditu,
1353 416 1399 450 qui
1413 420 1477 443 sunt
1495 416 1531 443 illi
1547 416 1717 443 memoriales
1740 416 1788 451 qui

999 461 1190 488 introeuntium
1225 468 1351 488 sensuum
1385 466 1560 488 monumenta
1597 461 1787 494 conscribuut,

997 514 1077 541 quam
1090 505 1177 541 ampla
1201 507 1368 541 susceptoria
1390 507 1642 541 intelligentiarum,
1660 515 1720 542 qua:
1737 516 1788 543 per

998 560 1077 579 aures
1088 558 1254 587 reponuntur
1264 553 1385 585 interius,
1403 558 1431 580 ct
1448 554 1584 588 quomodo
1599 560 1659 580 eum
1674 559 1702 580 et
1716 554 1787 580 mul-

997 598 1097 632 tiplicia
1118 599 1171 625 sint
1194 605 1254 632 quae
1267 603 1453 633 supponantur
1470 598 1639 632 alterutrum,
1664 598 1788 626 confusio

998 646 1086 669 tamen
1101 647 1209 670 eterror
1217 642 1292 677 juxta
1305 643 1439 678 propriam
1448 643 1608 677 positionem
1622 651 1714 671 eorum
1727 650 1788 677 quas

997 687 1149 714 inferuntur
1170 688 1280 715 omnino
1296 696 1348 714 non
1370 688 1496 722 gignitur.
1513 688 1643 715 Similiter
1652 689 1732 715 etiam
1748 689 1788 716 ef-

998 733 1118 760 ﬁcaciam
1131 734 1202 760 visus
1210 734 1274 768 ﬂuis
1287 734 1384 768 poterit
1394 734 1548 760 zestimare’?
1561 734 1648 768 [Eque
1657 734 1727 761 enim
1739 742 1789 769 per

998 779 1091 805 oculos
1105 785 1180 805 mens
1195 786 1226 805 ea
1240 786 1302 813 qua:
1316 783 1391 805 extra
1413 786 1511 814 corpus
1525 784 1587 806 sunt
1601 779 1787 814 apprehendit,

998 827 1025 848 et
1038 823 1063 849 in
1078 830 1107 849 se
1121 822 1310 850 similitudines
1331 824 1518 858 apparentium
1534 824 1675 857 pertrahit,
1689 823 1788 858 ﬁguras

997 867 1123 893 similium
1136 867 1186 894 sibi
1198 867 1258 902 ipsa
1283 867 1449 895 describens.
1465 867 1498 894 Et
1520 868 1744 902 quemadmodum
1765 869 1789 896 si

160 917 274 948 νρηιιιῖχ,
292 925 341 944 nec
362 918 447 952 possit
465 918 534 944 nulla
549 919 637 945 anima
660 918 701 945 his
716 926 775 953 qum
790 926 838 953 per
851 926 945 946 sensus
962 913 983 943 Β
996 920 1047 947 qua
1061 912 1156 939 civitas
1167 913 1345 944 multitudinis
1364 921 1450 948 capax
1472 921 1531 948 qua:
1542 914 1654 941 diversis
1668 914 1786 941 aditibus

159 962 279 995 corporis
290 962 409 994 audiant,
417 962 531 997 impetus
543 971 598 990 sua:
607 964 787 998 intelligentia:
800 964 946 996 declarare,

159 1007 233 1040 quasi
249 1014 296 1040 per
321 1006 529 1034 modulationem
544 1008 685 1042 quamdam
700 1008 756 1035 ham
778 1007 948 1035 artiﬁciosius

159 1052 276 1077 animata
292 1052 468 1078 instrumenta
483 1053 652 1086 contingens,
676 1060 769 1079 eorum
784 1053 858 1080 sonis
870 1053 948 1080 intel-

159 1096 274 1129 ligentia:
284 1104 338 1123 sua:
348 1098 454 1126 occulta
466 1098 627 1125 manifestat.
643 1099 750 1125 lllixtam
760 1106 824 1126 vero
834 1099 950 1125 variam-

159 1149 210 1176 que
226 1142 296 1169 hunc
320 1143 449 1170 musicam
465 1143 649 1171 instrumentis
664 1144 839 1171 humanorum
855 1152 949 1178 possu—

159 1194 218 1213 mus
232 1187 402 1214 considcrare
413 1188 593 1215 membrorum
607 1198 614 1214 :
626 1197 685 1224 qua:
697 1189 769 1216 velut
781 1189 837 1224 lyra
846 1194 871 1215 et
884 1189 948 1215 tibia

159 1235 293 1258 concentu
300 1232 416 1266 quodam
426 1232 541 1267 idipsum
551 1234 601 1260 s'bi
613 1232 727 1261 invicem
735 1238 872 1261 resonant.
882 1234 948 1261 Nam

158 1284 205 1303 vas
218 1276 282 1303 illud
306 1277 377 1310 quod
399 1278 500 1312 recepit
524 1278 655 1312 spiritum,
672 1279 693 1305 si
708 1279 815 1313 quando
830 1278 950 1313 pulsatur

160 1321 292 1355 loquentis
305 1322 414 1356 impetu,
425 1327 452 1350 et
461 1323 488 1349 in
499 1332 594 1355 yocrin
609 1323 762 1351 formaverit
774 1332 832 1351 eam
846 1328 949 1358 partem

159 1375 218 1400 qua:
241 1368 421 1402 repercutitur
446 1368 558 1396 intentis
580 1370 754 1401 accesdbus,
770 1370 950 1396 rotunditatcs

161 1412 212 1438 illa:
226 1420 286 1446 qua:
307 1413 340 1439 ad
366 1413 449 1440 instar
469 1414 592 1441 tibiarum
618 1414 701 1453 factm.
716 1419 793 1447 sunt,
814 1415 950 1442 imitantur

161 1457 281 1490 profecto
297 1457 367 1484 illam
381 1465 487 1490 vocem,
511 1466 570 1493 qua:
584 1459 716 1494 profertur
739 1468 772 1487 ex
788 1461 867 1492 tibiis,
883 1468 950 1494 quas

162 1500 188 1526 in
205 1500 317 1528 circuitu
329 1502 518 1531 membranula:
540 1504 722 1538 prominentes
737 1506 881 1538 exagitant.
898 1506 949 1532 Su-

163 1545 254 1579 perius
269 1553 333 1573 vero
358 1547 484 1581 paulatim
506 1556 653 1575 concavum
668 1548 701 1576 de
719 1549 890 1577 inferioribus
904 1558 949 1577 so-

162 1597 226 1616 num
249 1591 392 1626 recipiens,
408 1597 435 1620 et
458 1593 572 1626 geminis
600 1594 693 1621 ﬁstulis
716 1594 749 1621 ad
774 1602 852 1622 nares
866 1603 951 1630 usque

163 1635 328 1670 pertingens,
344 1645 437 1664 vocem
453 1645 515 1671 erga
526 1638 648 1666 colatorii
659 1639 718 1666 loca
732 1639 883 1674 disrumpit,
896 1648 952 1667 ma-

160 1681 287 1715 joresque
301 1683 405 1709 sonitus
427 1683 522 1716 ellicit;
539 1685 706 1712 maxillarum
730 1693 839 1720 quoque
860 1691 887 1713 et
903 1687 953 1713 lin-

163 1735 221 1760 guae
244 1727 415 1763 fauciumquc
430 1730 496 1756 mira
518 1729 651 1763 formatio,
664 1731 740 1765 juxta
755 1739 814 1765 qua:
833 1737 951 1759 mentum

162 1772 216 1799 leni
226 1772 298 1799 iluxu
313 1772 457 1802 deductum
469 1783 516 1809 per
529 1775 646 1809 speciem
658 1776 827 1803 rotunditatis
838 1777 950 1803 acuitur.

164 1816 227 1844 ihec
239 1823 327 1845 autem
339 1819 427 1846 omnia
439 1821 789 1848 motmnvidentursimilare
797 1829 950 1854 nervorum.

161 1862 224 1897 qua:
239 1872 313 1891 mens
328 1865 368 1897 (ut
381 1873 451 1899 δίηρο
462 1866 562 1893 dictum
573 1871 614 1893 est
628 1868 637 1901 )
658 1867 750 1901 plectri
771 1868 831 1894 vice
846 1868 952 1894 coutin-

162 1915 240 1941 gens,
257 1910 330 1936 varie
345 1916 424 1944 atque
436 1910 618 1948 multipliciter
633 1912 659 1939 in
673 1920 722 1939 suo
738 1917 859 1947 tempore
873 1917 953 1948 prout

161 1961 231 1987 opus
254 1955 391 1988 exegerit,
408 1949 501 1993 modos
523 1956 605 1982 nimia
626 1956 768 1983 velocitate
792 1957 950 1991 componit:

161 1997 294 2024 labiorum
309 2006 373 2025 vero
385 1999 523 2035 adapertio
543 2004 623 2034 atque
636 2000 774 2027 conclusio
785 2000 898 2035 idipsum
914 2000 953 2027 fa-

164 2043 210 2073 cit,
223 2043 294 2076 quod
307 2043 380 2077 digiti
395 2044 439 2077 qui
449 2035 573 2082 spiritum
585 2044 739 2079 tibitejuxta
750 2046 952 2073 consonantiam

164 2084 354 2113 modulationis
370 2082 490 2121 assuiﬁjt,
506 2088 625 2122 sellaque
640 2096 715 2115 mens
726 2096 774 2123 per
784 2089 841 2116 hmc
857 2090 955 2117 instru-

163 2135 253 2162 menta
282 2126 618 2169 menibrorquerationem
644 2133 797 2160 modulatur
811 2133 837 2160 in
863 2134 950 2166 nobis,

166 2184 171 2208 ι
183 2183 212 2201 cr
225 2182 304 2208 quam
320 2175 399 2202 etiam
415 2171 561 2215 rationales
576 2176 721 2210 probamur
735 2176 838 2208 eﬂ'ecti,
852 2185 954 2211 nequa-

164 2226 256 2253 quam,
272 2223 302 2246 ut
326 2211 462 2257 arbitro‘r',‘
477 2211 607 2248 habentes
621 2221 736 2249 rationis
749 2222 873 2255 gratiam.
889 2222 953 2250 Sine

164 2263 216 2290 hoc
241 2271 303 2290 casu
320 2271 401 2298 grave
424 2265 641 2303 laboriosumque
668 2267 806 2294 servitium
831 2269 953 2303 corporis

163 2309 256 2336 usibus
275 2301 458 2338 tantummodo
481 2309 611 2338 labiorum
630 2313 769 2346 acquirere
784 2320 950 2347 cogeremur.

163 2353 240 2381 Nunc
254 2359 342 2382 autem
359 2355 537 2395 matiusﬁinfse
553 2356 604 2384 hoc
626 2356 744 2384 ofﬁcium
761 2357 954 2394 transferentes

161 2406 195 2426 os
211 2399 321 2427 liberum
337 2401 369 2427 ad
532 2402 707 2429 ministerium
722 2403 898 2438 reliquerunt.

398 2442 405 2453 ,
505 2446 509 2449 ι

398 2440 509 2455 ’πῖ-ι

398 2465 592 2509 »ξςΞζΙΒΛΡυΤ
610 2467 644 2493 Χ.

314 2511 558 2565 Δρηοιὶῆνέἱβ-’ἒξέίιεηε
572 2532 643 2550 mens
664 2529 790 2559 operetur.

199 2578 299 2611 Duplex
315 2562 518 2619 auteiiinitj’ﬁS"
534 2581 702 2607 instrumenti
717 2581 901 2609 consideretur
915 2584 954 2609 cf-

164 2623 258 2650 iectus.
276 2624 352 2651 Aliud
379 2618 528 2665 Ejus
554 2631 681 2660 operatur
704 2627 857 2661 eloquium,
880 2628 952 2655 aliud

167 2677 231 2696 vero
243 2674 320 2695 vacat
336 2669 368 2695 ad
383 2660 565 2714 suscipip’ndas
579 2660 767 2706 intelligendas
781 2681 839 2707 qlae
851 2673 952 2699 extrin-

164 2723 243 2742 secus
256 2716 376 2749 veniunt,
399 2706 574 2766 neé‘i‘i'l’terum
588 2719 716 2746 miscetur
740 2719 827 2752 alteri,
840 2721 885 2748 sed
902 2721 953 2748 im-

164 2760 219 2794 plet
233 2761 417 2795 operationem
434 2760 512 2796 quam
528 2768 622 2790 natura
639 2764 787 2797 constituit,
801 2766 899 2795 nullam
914 2765 954 2793 af-

165 2803 252 2831 ferens
273 2805 359 2832 vicino
374 2803 533 2845 molestiam.
555 2807 620 2835 Nam
640 2817 689 2836 nec
704 2809 809 2837 auditus
826 2811 952 2844 loquitur,

165 2857 215 2876 nec
229 2857 280 2876 vox
294 2851 375 2878 audit.
390 2851 451 2879 llu‘c
462 2853 532 2879 enim
547 2862 654 2889 semper
667 2855 767 2890 aliquid
783 2858 891 2891 promit.
908 2866 955 2884 au-

164 2894 235 2922 ditus
249 2901 337 2923 autem
351 2894 498 2932 suscipiens
509 2898 607 2933 jugitcr
627 2908 679 2927 non
696 2901 865 2937 ndimplcluz'.
879 2902 954 2930 Sicut

391 2944 435 2957 ‘2“
451 2947 454 2953 ι

998 956 1032 983 ad
1046 965 1075 984 se
1086 958 1185 992 recipit
1192 958 1370 991 conﬂuentes,
1386 967 1439 985 non
1455 963 1544 985 tamen
1560 959 1587 986 in
1598 967 1680 986 unum
1695 959 1790 987 civita-

999 1003 1034 1029 tis
1048 1002 1135 1030 locum
1151 1003 1266 1031 universi
1282 1005 1444 1031 conveniunt
1460 1013 1465 1031 :
1490 1005 1538 1032 sed
1559 1005 1606 1032 alii
1622 1005 1729 1039 quidem
1754 1005 1790 1032 ad

999 1047 1097 1079 forum,
1117 1048 1162 1075 alii
1184 1048 1219 1075 ad
1242 1049 1395 1076 habitacula
1415 1057 1473 1081 sua,
1498 1050 1545 1076 alii
1567 1050 1601 1076 ad
1619 1050 1789 1077 ecclesiaset

997 1094 1111 1128 plateas,
1126 1094 1202 1128 juxta
1214 1103 1291 1121 suam
1315 1095 1427 1129 quisque
1451 1096 1609 1122 sententiam
1624 1099 1787 1130 properant:
1822 1102 1827 1105 ‘

1001 1139 1081 1166 talem
1103 1139 1300 1173 quodammodo
1314 1140 1393 1167 etiam
1409 1140 1506 1167 mentis
1521 1144 1622 1167 nostra:
1644 1140 1789 1167 considero

1000 1184 1137 1211 civitatem
1160 1184 1274 1212 interius
1296 1185 1487 1218 constitutam,
1502 1192 1582 1220 quam
1606 1185 1668 1212 licet
1694 1191 1790 1212 sensus

1001 1230 1086 1256 nostri
1097 1229 1209 1257 diversis
1233 1230 1349 1257 aditibus
1364 1230 1501 1265 impleant,
1526 1234 1616 1257 tamen
1630 1230 1733 1265 singula
1749 1231 1789 1257 in-

1001 1275 1164 1302 troeuntium
1177 1281 1275 1308 genera
1286 1283 1360 1302 mens
1372 1275 1467 1303 eadem
1481 1275 1629 1310 dijudicans
1643 1278 1723 1309 atque
1733 1275 1790 1302 dis-

1000 1328 1127 1352 cernens.
1141 1321 1206 1348 locis
1231 1321 1412 1356 intelligentia:
1426 1321 1550 1354 congruis
1564 1321 1687 1348 universa
1701 1320 1789 1355 dispo-

1001 1366 1050 1393 nit.
1063 1366 1097 1392 Et
1106 1366 1176 1394 sicut
1190 1367 1306 1394 civitatis
1321 1367 1484 1401 exemplum,
1496 1366 1616 1393 videmus
1631 1366 1708 1393 unius
1722 1373 1789 1399 gon-

1002 1411 1035 1438 tis
1045 1415 1126 1446 atque
1140 1411 1307 1446 cognationis
1318 1412 1440 1439 homines
1452 1420 1503 1439 non
1517 1419 1567 1446 per
1574 1411 1683 1440 easdem
1695 1417 1789 1446 portas

1003 1457 1117 1490 ingredi,
1128 1457 1174 1484 sed
1190 1457 1257 1484 alios
1268 1464 1316 1491 per
1330 1457 1411 1484 alium
1425 1457 1536 1488 aditum,
1551 1461 1582 1484 at
1592 1464 1650 1484 sors
1663 1464 1694 1484 se
1706 1457 1789 1484 obtu-

1002 1502 1072 1533 lci-it,
1089 1503 1217 1535 introire;
1230 1502 1401 1530 nihilominus
1415 1507 1503 1530 tamen
1524 1503 1595 1530 intra
1604 1510 1696 1530 muros
1708 1501 1791 1529 effec-

1003 1553 1046 1575 tos
1060 1548 1156 1575 iterum
1175 1548 1253 1575 simul
1276 1554 1346 1580 esse,
1368 1548 1413 1581 qui
1427 1547 1610 1575 familiaritate
1623 1551 1714 1574 mutua
1727 1546 1791 1581 jun-

965 1596 988 1627 (ζ
1003 1593 1135 1627 gebantur
1148 1602 1154 1619 :
1171 1598 1203 1621 ut
1215 1594 1367 1622 econtrario
1377 1592 1435 1620 ﬁeri
1450 1600 1529 1627 posse
1538 1592 1683 1625 concedas,
1698 1597 1727 1619 et
1742 1591 1789 1626 qui

1004 1639 1053 1666 sibi
1066 1643 1126 1666 sunt
1140 1639 1262 1666 extranei
1281 1639 1324 1666 vel
1336 1639 1479 1673 incogniti,
1490 1646 1544 1666 uno
1563 1638 1660 1673 saepius
1672 1638 1790 1666 civitatis

1004 1684 1078 1711 aditu
1093 1688 1210 1716 utantur,
1227 1685 1274 1711 sed
1285 1692 1339 1711 nou
1361 1684 1521 1718 copulentur
1536 1683 1651 1711 invicem
1668 1691 1790 1710 column»

1005 1729 1093 1757 nionis
1106 1729 1230 1762 introitu;
1249 1733 1361 1763 possunt
1373 1729 1445 1756 enim
1470 1729 1628 1756 intrinsecus
1649 1729 1790 1755 constituti

1005 1774 1163 1802 habitaculis
1176 1773 1274 1801 dirimi.
1290 1774 1356 1802 Tale
1366 1774 1429 1808 quid
1443 1777 1470 1801 et
1485 1774 1511 1801 in
1528 1774 1625 1801 mentis
1639 1782 1688 1801 nos
1701 1781 1737 1800 ra:
1748 1774 1791 1800 la-

1005 1820 1118 1847 titudine
1141 1818 1197 1847 ﬁeri
1219 1827 1298 1854 posse
1311 1820 1457 1854 conspicio.
1477 1820 1642 1854 Frequenter
1660 1820 1733 1847 enim
1756 1827 1790 1847 ex

1004 1865 1118 1892 diversis
1130 1865 1256 1892 sensibus
1267 1865 1379 1892 scientia
1403 1873 1455 1891 una
1471 1865 1548 1893 nobis
1572 1865 1717 1898 colligitur,
1730 1872 1791 1899 qua:

1004 1910 1125 1938 eamdem
1139 1918 1197 1938 rem
1213 1910 1351 1945 multiplici
1366 1918 1492 1938 sensuum
1505 1911 1634 1938 varietate
1645 1910 1789 1937 distribuit.

1003 1957 1124 1992 itemque
1138 1957 1201 1984 huic
1226 1957 1392 1985 contrarium
1414 1961 1456 1984 est
1468 1957 1568 1988 videre,
1584 1964 1619 1984 ex
1631 1965 1685 1984 uno
1699 1957 1791 1990 aliquo

1004 2009 1095 2035 sensu,
1109 2003 1191 2030 multa
1205 2003 1335 2037 variaque
1349 2003 1416 2030 nihil
1431 2003 1481 2030 sibi
1496 2003 1609 2030 invicem
1623 2003 1699 2037 juxta
1712 2007 1792 2029 natu-

1004 2056 1061 2075 ram
1072 2048 1262 2075 concordantia
1273 2048 1502 2083 consonantiaque
1510 2048 1672 2082 perdiscere,
1685 2052 1714 2074 ut
1728 2052 1792 2081 pote

1004 2098 1169 2129 proponatur
1180 2094 1287 2130 (melius
1299 2098 1340 2121 est
1353 2094 1425 2120 enim
1440 2094 1568 2128 exemplis
1578 2093 1720 2120 enucleare
1733 2100 1793 2119 sen-

1003 2138 1132 2172 tentiam)
1158 2138 1257 2171 aliquid
1284 2138 1317 2165 de
1339 2145 1446 2165 morum
1466 2138 1630 2172 proprietate
1656 2138 1790 2172 perquiri,

1004 2183 1067 2217 quid
1081 2190 1163 2209 suave
1188 2183 1222 2209 sit
1244 2183 1383 2214 sensibus,
1400 2182 1497 2217 quidve
1519 2183 1686 2216 gustantibus
1700 2183 1734 2209 sit
1750 2183 1790 2209 vi—

1005 2228 1124 2255 tandum.
1150 2227 1320 2263 Experientia
1332 2228 1433 2263 quippe
1453 2228 1508 2262 ipsa
1524 2228 1624 2262 reperit
1636 2228 1794 2254 amaritudi-

1006 2281 1067 2300 nem
1083 2273 1161 2306 l'ellis,
1185 2273 1325 2307 mellisque
1340 2273 1518 2307 gratissimam
1541 2273 1706 2307 qualitatem.
1722 2272 1791 2299 Cum

1007 2318 1063 2345 haec
1076 2326 1141 2351 ergo
1151 2323 1226 2345 certa
1238 2318 1300 2350 sint,
1314 2325 1393 2344 unam
1408 2318 1512 2345 confert
1521 2318 1674 2351 scientiam,
1688 2326 1732 2344 res
1745 2325 1793 2344 ea-

1006 2364 1067 2390 dem
1090 2363 1272 2397 intelligentia:
1296 2367 1394 2390 nostra:
1420 2362 1563 2390 multifarie
1590 2363 1749 2397 conquisita,
1767 2362 1793 2389 id

1006 2413 1057 2441 est,
1080 2416 1128 2443 per
1140 2412 1255 2442 gustum,
1271 2409 1366 2441 vismn,
1389 2409 1518 2441 auditum,
1543 2409 1685 2436 odoratum
1711 2409 1794 2435 etiam

1007 2452 1161 2487 frequenter
1182 2457 1209 2480 et
1221 2457 1332 2480 tactum.
1349 2453 1414 2480 Nam
1430 2454 1482 2481 mel
1500 2454 1633 2487 quispiam
1647 2453 1752 2487 videns,
1766 2458 1794 2480 et

1007 2504 1106 2523 nomen
1120 2496 1178 2531 ejus
1202 2496 1324 2530 audiens,
1339 2501 1366 2524 et
1379 2502 1487 2531 gustum
1506 2498 1666 2532 percipiens,
1682 2501 1710 2524 et
1722 2497 1793 2524 odo-

1005 2549 1063 2568 rem
1086 2542 1215 2575 sentiens,
1231 2546 1260 2569 et
1273 2546 1349 2569 tactu
1372 2543 1559 2577 comprobans,
1574 2551 1652 2570 unam
1674 2550 1730 2570 rem
1746 2550 1796 2578 per

1000 2595 1100 2616 omnes
1113 2595 1208 2615 sensus
1221 2589 1352 2621 agnoscit.
1368 2588 1433 2616 Item
1446 2590 1520 2616 varia
1536 2596 1643 2624 quoque
1661 2593 1689 2616 et
1702 2589 1794 2616 inulti-

1005 2632 1101 2660 formia
1121 2641 1171 2668 per
1185 2641 1265 2660 unum
1280 2635 1435 2668 quempiam
1455 2641 1490 2661 ex
1503 2635 1626 2661 sensibus
1640 2634 1798 2668 complecti-

1007 2686 1067 2705 mur
1081 2682 1109 2705 et
1122 2683 1259 2712 tenemus;
1271 2686 1333 2705 nam
1348 2683 1375 2706 et
1394 2679 1500 2706 auditus
1513 2680 1683 2707 multimodas
1694 2679 1796 2714 exeipit

1006 2731 1100 2755 voces,
1117 2729 1145 2751 et
1159 2725 1298 2752 oculorum
1309 2725 1382 2753 visus
1392 2725 1562 2752 iudiscretam
1570 2729 1652 2759 atque
1665 2725 1797 2759 multipli-

1007 2777 1066 2796 cem
1082 2769 1164 2797 habet
1177 2769 1325 2797 eflicaciam
1339 2770 1373 2797 ad
1386 2770 1567 2798 contuendum
1579 2778 1611 2798 ea
1625 2777 1685 2804 qua:
1694 2777 1796 2804 genere

1006 2818 1068 2840 sunt
1079 2814 1193 2841 diversa.
1220 2813 1350 2842 Similiter
1363 2815 1434 2842 enim
1448 2816 1537 2844 album
1555 2817 1754 2852 contemplatur
1768 2820 1798 2842 et

1006 2859 1110 2891 nigrum
1125 2864 1151 2886 et
1167 2860 1256 2887 omnia
1270 2868 1328 2894 qua:
1339 2860 1389 2887 sibi
1400 2865 1463 2888 sunt
1474 2862 1592 2889 colorum
1604 2862 1798 2889 contrarietate

1005 2904 1143 2938 distantia,
1156 2905 1223 2932 sicut
1235 2905 1373 2938 odoratus,
1395 2906 1464 2933 sicut
1478 2911 1580 2941 gustth‘,
1597 2911 1623 2934 ct
1637 2911 1724 2934 tactus
1738 2913 1797 2933 om-
