3916 6202
269 330 363 384 561

1076 334 1252 390 LIBRI
1294 336 1379 390 DE.
1418 337 1800 395 CREATIONE
1844 342 2118 403 IIOMINIS
2156 344 2717 402 INTEIII’IlI‘lTATIO.

3413 358 3520 411 2)ῦῖ

262 443 597 500 uitandarum
651 446 927 504 scientiam
976 464 1151 504 rerum
1199 453 1307 507 suis
1338 469 1531 524 capere
1579 454 1836 524 probatur
1868 457 1910 513 Α
1942 456 2096 525 hens,
2125 459 2178 512 in
2210 475 2345 528 quos
2399 461 2629 515 voluerit
2676 462 2897 521 eﬂ'ectus
2944 476 3204 537 erumpat.
3254 469 3332 525 Ad
3381 472 3522 529 hanc

262 532 552 590 eifectibus.

860 650 1090 708 CAPUT
1140 654 1225 707 Xl.

747 772 825 827 De
866 775 1086 830 essentia
1124 776 1337 832 animm.

320 920 457 986 Quid
507 921 670 988 igitur
710 930 794 977 est
834 938 987 978 mens
1038 924 1188 993 juxta
1242 932 1488 981 naturam
1541 929 1832 999 propriam,

255 1026 369 1079 qua:
394 1012 735 1067 sensualibus
771 1015 1030 1081 potentiis
1057 1031 1177 1069 sese
1205 1016 1497 1085 distribuit,
1529 1008 1583 1072 el
1606 1035 1702 1089 per
1728 1020 1836 1074 sin—

253 1101 396 1169 gulas
441 1111 821 1170 competenter
868 1119 1055 1158 eorum
1093 1121 1214 1174 qua:
1262 1117 1387 1161 sunt
1435 1109 1711 1163 scientiam
1746 1127 1835 1166 su-

253 1193 378 1245 mit?
404 1190 562 1257 Quod
608 1193 750 1247 enim
788 1194 932 1249 aliud
970 1195 1222 1263 quiddam
1263 1197 1333 1250 sit
1366 1206 1559 1266 praeter
1595 1214 1830 1264 sensum,

250 1282 539 1349 quemlibet
561 1284 901 1351 prudentium
930 1284 1176 1341 dubitare
1205 1303 1312 1342 non
1344 1290 1593 1345 arbitror.
1626 1291 1762 1346 Nam
1785 1294 1831 1346 si

250 1371 477 1439 idipsum
525 1388 678 1429 mens
720 1375 866 1443 quod
912 1391 1101 1432 sensus
1152 1387 1325 1445 esset,
1374 1382 1531 1436 unius
1586 1380 1831 1450 profecto

249 1463 387 1529 juxta
409 1478 605 1517 sensus
625 1465 917 1520 ellieaciam
938 1469 1281 1537 proprietatis
1296 1471 1572 1538 existeret,
1586 1480 1831 1541 propter-

248 1566 308 1604 ea
339 1553 488 1619 quod
535 1555 764 1623 simplex
803 1557 1018 1624 quidem
1047 1559 1163 1628 ipsa
1190 1560 1261 1616 sit
1290 1568 1345 1615 et
1372 1560 1591 1615 nihilin
1615 1576 1677 1616 re
1702 1562 1830 1615 sim-

246 1642 364 1710 plici
390 1644 602 1697 varium
649 1647 888 1716 conspici
935 1657 1098 1716 queat
1135 1668 1149 1703 :
1186 1666 1329 1706 nunc
1373 1659 1552 1705 autem
1582 1652 1829 1707 omnibus

242 1734 723 1797 consentientibus,
755 1736 898 1789 aliud
929 1745 1011 1789 est
1041 1744 1213 1791 tactus
1235 1780 1249 1805 ,
1282 1739 1427 1793 aliud
1455 1738 1741 1803 odoratus,
1773 1748 1827 1793 et

1943 558 2118 601 autem
2151 551 2412 606 rationein
2442 553 2604 607 veluti
2639 562 2804 610 testes
2828 558 3075 615 videntur
3105 561 3297 617 afferre
3318 565 3519 618 tristiii~

1944 652 2033 690 cas
2056 648 2215 708 atque
2241 642 2529 696 irascibiles
2545 644 2775 701 hominis
2799 647 3107 706 affectiones
3125 672 3136 704 :
3153 654 3295 721 quod
3316 657 3521 712 scilicet

1942 727 2245 795 hujusmodi
2286 734 2561 799 passiones
2591 735 2732 789 hanc
2752 747 2956 805 partem
2998 741 3062 793 ad
3093 745 3518 811 compassiouem

1939 830 2278 873 commovere
2304 821 2602 877 videantur.
2634 823 2734 891 Qui
2763 843 2891 882 vero
2914 830 3195 886 cerebrum
3220 833 3520 903 intelligen-

1944 906 2027 958 liti!
2068 906 2395 963 domicilium
2425 914 2669 979 credunt,
2701 917 2853 984 quasi
2882 920 3165 987 quamdam
3198 939 3375 979 arcem
3404 928 3520 981 uni-

1940 999 2077 1053 versi
2107 1004 2348 1071 corporis
2378 1016 2537 1076 caput
2564 1020 2813 1065 asserunt
2835 1028 2864 1066 a
2896 1021 3088 1070 natura
3126 1027 3515 1083 constructum,

1939 1090 1990 1144 in
2022 1106 2129 1159 quo
2160 1104 2394 1150 mortem
2424 1100 2577 1167 quasi
2606 1102 2846 1170 reginam
2886 1107 3173 1174 quamdam
3216 1110 3518 1167 inhabitare

1938 1186 2305 1250 pronuntiant,
2337 1202 2455 1256 quae
2484 1192 2645 1245 veluti
2689 1194 3005 1261 quibusdam
3037 1202 3238 1255 nuntiis
3267 1218 3361 1258 seu
3392 1219 3519 1273 pro-

1939 1275 2233 1329 tectoribus
2260 1279 2330 1331 ita
2360 1282 2604 1337 sensibus
2634 1284 3050 1357 circumquaque
3080 1293 3322 1348 valletur.
3353 1296 3515 1365 Signa

1935 1380 2064 1420 vero
2089 1374 2145 1421 et
2174 1369 2257 1423 isti
2306 1370 2671 1439 hujuscemodi
2699 1378 3020 1446 suspicionis
3050 1382 3338 1451 insinuant,
3370 1388 3514 1455 quod

1935 1471 2087 1513 mens
2117 1467 2240 1514 tunc
2270 1475 2300 1514 a
2330 1472 2480 1517 recto
2527 1466 2752 1520 consilio
2800 1475 2855 1521 et
2902 1469 2969 1523 ab
3018 1485 3083 1526 eo
3130 1474 3275 1540 quod
3323 1474 3517 1532 deceat.

1934 1545 2247 1615 abducatur,
2282 1552 2495 1621 quando
2545 1555 2753 1609 cerebri
2800 1559 3110 1615 membrana
3164 1572 3410 1628 vexatur,
3458 1576 3515 1623 et

1932 1636 2076 1704 quod
2107 1638 2160 1692 in
2182 1640 2482 1707 ignorantia
2513 1644 2812 1701 honestatis
2840 1648 3056 1717 degant,
3108 1667 3245 1720 quos
3280 1654 3513 1711 ebrietas

1932 1730 2247 1796 gravat.Ad
2290 1731 2404 1787 hare
2453 1742 2632 1788 autem
2682 1743 2736 1790 et
2780 1736 2987 1806 aliquas
3014 1756 3203 1797 causas
3239 1746 3512 1803 naturales

244 1824 370 1876 alios
396 1826 619 1891 quidem
649 1827 1118 1883 incommutabiles
1148 1838 1201 1884 et
1243 1831 1615 1900 impermixtos
1641 1832 1827 1886 simili-
1863 1831 1899 1886 Ii
1934 1818 2224 1887 adiiCiumo
2265 1822 2458 1890 (ιυὶὺυε
2496 1825 2778 1893 opiniones
2813 1842 2938 1882 5035
2987 1829 3208 1898 εἰοευϋε
3260 1848 3395 1904 quas
3444 1834 3512 1889 de

243 1921 322 1965 ter
353 1929 483 1967 esse
516 1930 706 1970 sensus
742 1916 809 1970 ad
848 1918 1107 1983 invicem,
1145 1928 1203 1973 et
1241 1921 1368 1988 quia
1414 1937 1567 1977 meus
1601 1923 1824 1990 singulis

243 2004 515 2070 equaliter
541 2007 715 2070 adest,
745 2008 891 2062 aliud
913 2010 1039 2077 quid
1065 2020 1279 2079 oportet
1306 2027 1427 2067 eam
1457 2022 1676 2082 propter
1696 2029 1819 2068 sen-

242 2096 436 2148 sualem
470 2094 707 2151 diﬂinire
734 2098 1111 2162 substantiam,
1146 2116 1214 2155 ne
1241 2102 1367 2170 quid
1397 2103 1475 2156 rei
1504 2103 1820 2171 intelligibili

242 2187 398 2253 possit
434 2188 717 2241 varietatis
754 2190 967 2243 ascribi.
1009 2190 1137 2253 Quis
1184 2194 1416 2263 regnavit
1461 2210 1666 2249 sensum
1706 2194 1819 2249 Do-

242 2280 392 2331 mini?
414 2280 713 2348 Apostolus
741 2282 848 2341 ait;
873 2296 974 2349 ego
1003 2292 1182 2337 autem
1210 2285 1330 2340 dico
1355 2302 1367 2337 :
1401 2285 1530 2351 Quis
1549 2287 1817 2355 propriam

242 2377 472 2421 mentem
499 2370 846 2425 considerare
872 2373 1185 2440 pnevaluit?
1206 2373 1394 2430 Dicant
1422 2377 1513 2444 qui
1535 2377 1630 2432 Dei
1658 2386 1817 2432 natu-

242 2474 342 2513 ram
369 2475 432 2514 se
467 2469 659 2528 putant
684 2476 848 2531 posse
885 2465 1375 2533 comprehendere,
1408 2468 1453 2522 si
1482 2484 1543 2524 se
1572 2469 1819 2525 conside-

241 2561 371 2617 rant,
414 2553 468 2605 si
520 2555 715 2607 ruentis
758 2570 869 2609 suae
902 2557 1595 2633 substantiamnorunt;.si
1638 2562 1819 2617 multi~

240 2640 383 2693 mods
406 2641 660 2709 quasdam
682 2652 787 2708 est,
809 2646 1075 2715 variaeque
1096 2650 1523 2717 compositionis,
1549 2652 1817 2720 quomodo

240 2728 289 2780 in
315 2732 644 2799 multiplices
672 2748 862 2787 sensus
897 2734 1164 2802 inseritur,
1197 2739 1466 2806 quomodo
1496 2740 1549 2795 in
1579 2741 1815 2809 singula-

240 2820 383 2877 ritate
414 2821 567 2887 Quod
596 2824 826 2888 varium,
853 2827 1125 2893 quomodo
1156 2829 1209 2884 in
1240 2830 1499 2885 varietate
1538 2834 1679 2899 quod
1707 2835 1817 2888 sin-

239 2911 409 2976 gulare
449 2922 529 2965 est
559 2912 865 2968 invenitur?
894 2916 1000 2970 Sed
1029 2918 1221 2985 agnovi
1251 2920 1572 2976 solutionem
1602 2922 1814 2977 diflicil-

239 3002 363 3055 limre
408 3006 758 3071 quaestionis,
806 3008 872 3061 ad
915 3011 1083 3078 ipsam
1124 3026 1313 3066 vocem
1361 3013 1593 3069 divinam
1633 3030 1817 3071 recur-

238 3106 351 3145 rens
379 3110 392 3144 :
420 3092 731 3163 Faciamus,
765 3098 955 3167 inquit,
989 3100 1245 3154 hominem
1273 3104 1343 3155 ad
1370 3105 1644 3179 imaginem
1674 3115 1724 3160 et
1750 3109 1819 3161 si-

1928 1912 2207 1983 principali
2229 1914 2461 1969 hominis
2486 1924 2638 1985 parte
2658 1918 2923 1986 deferunt,
2948 1923 3265 1980 conﬁrmare
3290 1927 3510 1983 vidcan-

1926 2011 2031 2057 tur.
2058 2002 2122 2058 Et
2150 2004 2238 2059 hic
2266 1996 2480 2073 quidem
2511 2006 2579 2061 ad
2608 2008 2818 2075 igneam
2849 2020 3093 2069 naturam
3114 2015 3291 2070 cordis
3311 2031 3509 2085 cogna-

1924 2094 2124 2149 tionem
2158 2102 2399 2149 motuum
2444 2098 2640 2153 mentis
2678 2098 2930 2167 aﬂirmat,
2966 2111 3251 2173 propterea
3281 2107 3423 2174 quod
3451 2116 3507 2163 et

1925 2184 2120 2238 mentis
2146 2192 2202 2237 et
2232 2184 2368 2252 ignis
2398 2184 2811 2243 indormitabilis
2837 2192 3093 2260 probetur
3117 2208 3236 2249 esse
3255 2195 3505 2252 substan-

1923 2272 2013 2336 tia,
2047 2282 2102 2327 et
2129 2273 2249 2341 quia
2283 2273 2335 2327 in
2366 2275 2547 2329 cordis
2586 2285 2738 2345 parte
2769 2288 3003 2335 mentem
3033 2280 3228 2338 fatetur
3255 2282 3499 2347 influere,

1922 2362 2123 2418 idcirco
2150 2365 2446 2419 mobilitate
2475 2365 2700 2422 fervoris
2729 2378 2933 2424 motum
2976 2375 3265 2442 temperari
3306 2377 3501 2429 mentis

1920 2452 2138 2518 astruit,
2171 2456 2567 2524 receptaculum
2601 2466 2804 2513 natura:
2848 2461 3197 2530 intelligibilis
3239 2480 3335 2522 cor
3381 2485 3500 2522 esse

1920 2545 2294 2613 pronuntians,
2319 2546 2370 2601 in
2401 2562 2507 2616 quo
2532 2550 2679 2604 calor
2699 2552 2954 2607 exundat.
2989 2554 3139 2611 Alter
3159 2568 3338 2613 autem
3367 2575 3499 2613 cun-

1921 2644 2129 2691 ctorum
2175 2652 2428 2693 sensuum
2481 2640 2643 2697 veluti
2686 2643 3006 2714 principium
3057 2656 3218 2718 atque
3266 2651 3498 2708 radicem

1920 2725 2125 2780 cerebri
2177 2729 2541 2784 membranam
2589 2747 2707 2787 esse
2758 2742 3003 2800 testatur,
3056 2754 3315 2809 suamque
3341 2742 3501 2795 ratio-

1922 2827 2044 2867 nem
2072 2815 2174 2872 hac
2204 2814 2305 2871 ﬁde
2335 2817 2636 2887 confirmat,
2670 2823 2812 2892 quod
2853 2842 2961 2881 non
3001 2828 3128 2883 alibi
3167 2830 3235 2884 sit
3277 2830 3499 2886 eifectus

1920 2901 2281 2972 intelligentia:
2306 2907 2619 2974 collocatus,
2652 2912 2753 2966 nisi
2784 2913 2834 2967 in
2865 2930 2926 2969 ea
2959 2925 3112 2985 parte
3140 2918 3226 2973 ubi
3257 2928 3314 2973 et
3340 2936 3498 2991 aures

1920 3002 2115 3063 aptatae
2156 2996 2422 3053 irruentes
2462 3016 2623 3065 voces
2667 3005 2959 3075 accipiunt,
2991 3016 3046 3063 et
3087 3010 3308 3065 intuitus
3343 3013 3495 3083 juxta

1918 3086 2032 3154 ipsa
2061 3088 2334 3144 oculorum
2376 3091 2638 3161 profunda
2683 3108 2971 3155 concretus
3018 3113 3363 3160 occurrentes
3400 3122 3495 3175 pn-

237 3183 573 3237 m-h-mdinem
598 3197 847 3241 Romam
872 3188 1051 3259 [mago
1073 3208 1305 3262 namque
1323 3193 1558 3264 quandi“
1586 3197 1640 3251 in
1668 3198 1816 3254 "uno
1844 3195 1889 3258 ρ
1920 3179 2061 3248 pillis
2087 3179 2375 3250 imaginum
2402 3183 2601 3239 formas
2630 3191 2946 3245 transmittit
2972 3192 3214 3259 interius,
3242 3204 3298 3250 et
3324 3199 3507 3269 qualia

237 3278 440 3345 prolicit
471 3280 539 3333 ab
570 3280 653 3339 his
680 3295 800 3349 qua:
831 3283 881 3336 in
913 3286 1163 3353 primmva
1193 3286 1365 3343 forma
1393 3292 1657 3360 substant,
1687 3308 1813 3362 pro-

236 3371 342 3439 prie
369 3374 553 3440 imago
583 3378 955 3443 cognoscitur;
987 3379 1031 3432 si
1059 3394 1188 3435 vero
1211 3397 1238 3434 a
1260 3382 1611 3440 similitudine
1631 3384 1812 3441 forma:

236 3464 535 3526 recesserit,
566 3463 719 3532 juxta
748 3483 868 3522 eam
909 3478 1116 3538 partem
1158 3472 1333 3541 imago
1366 3488 1473 3528 non
1513 3475 1636 3529 erit.
1667 3475 1814 3541 Quo-

237 3554 387 3607 modo
433 3555 600 3623 igitur
638 3566 695 3611 et
738 3558 843 3613 hoc
877 3577 1037 3615 unum
1081 3578 1149 3616 ex
1178 3564 1259 3618 his
1286 3573 1368 3619 est
1404 3580 1522 3634 quae
1551 3568 1603 3621 in
1631 3568 1810 3623 divina

237 3652 413 3697 natura
443 3646 880 3714 considerantur,
900 3652 1041 3719 quod
1071 3654 1620 3723 incomprehensibilis
1646 3659 1810 3714 habe-

232 3744 314 3788 tur
339 3740 611 3803 essentim,
642 3757 859 3797 necesse
883 3753 966 3799 est
993 3755 1046 3799 et
1085 3748 1366 3815 imaginem
1406 3751 1673 3820 primaevae
1701 3754 1809 3809 for-

236 3840 324 3879 ma:
352 3829 555 3884 imitari
599 3833 973 3911 substantiam.
1027 3836 1180 3903 Quod
1223 3840 1265 3894 si
1315 3842 1571 3911 imagines
1616 3854 1808 3901 natura

234 3921 691 3987 comprehendere
743 3908 947 3994 potest,
988 3945 1109 3983 cum
1153 3933 1401 4001 primaeva
1426 3934 1594 3990 forma
1627 3938 1680 3992 in
1711 3954 1806 3993 sua

234 4012 815 4079 comprehensibilitate
858 4030 1189 4088 permaneat,
1218 4038 1284 4076 ex
1314 4023 1417 4079 hac
1448 4025 1560 4100 ipsa
1592 4038 1807 4084 contra-

232 4098 414 4155 rietate
458 4118 564 4171 qua
611 4109 1088 4175 comprehenditur
1115 4128 1235 4169 esse
1262 4098 1532 4173 dissimilis
1557 4136 1807 4192 compro-

232 4185 392 4243 batur.
422 4192 593 4247 Porro
623 4210 747 4249 cum
789 4195 957 4264 fugiat
986 4201 1271 4257 humanam
1298 4206 1577 4262 scientiam
1610 4185 1805 4266 mentis

231 4294 420 4338 nostra:
464 4295 674 4351 natura,
706 4304 824 4357 qua:
854 4299 937 4345 est
965 4291 1154 4349 eﬁ‘ecta
1191 4295 1256 4351 ad
1288 4298 1603 4367 imaginem,
1638 4304 1803 4359 refert

232 4372 861 4443 inoomprehensibilitate
889 4383 970 4435 sui
1000 4386 1442 4456 omnipotentiam
1487 4400 1691 4449 natura:
1721 4396 1802 4450 in-

231 4466 725 4533 comprehensibilis
755 4473 1079 4541 exprimens.

820 4608 1047 4668 CAPUT
1084 4613 1193 4669 XII.

231 4687 499 4761 Inquisitio
537 4696 625 4749 ubi
663 4698 950 4783 priuripale
981 4703 1202 4783 hominis
1229 4723 1340 4761 esse
1370 4709 1630 4783 videatur,
1655 4726 1705 4771 et
1732 4717 1795 4772 de

782 4772 1021 4839 lncrymis
1047 4785 1094 4826 et
1116 4777 1241 4828 risu.

291 4872 458 4929 Sileat
480 4891 611 4945 ergo
650 4881 828 4935 omnis
865 4883 1242 4952 conjecturalis
1285 4898 1341 4944 et
1386 4908 1520 4947 vana
1568 4896 1769 4955 locutio

226 4977 337 5033 qua:
382 4972 529 5025 miile
573 4974 891 5041 quibusdam
939 4979 1099 5032 rebus
1134 4984 1410 5050 corporeis
1449 4986 1551 5040 vim
1582 4990 1791 5045 intelle-

224 5057 408 5109 etualis
445 5063 775 5127 operationis
825 5064 1090 5120 includit:
1123 5083 1189 5123 ex
1234 5072 1425 5138 quibus
1472 5076 1687 5143 quidam
1734 5079 1788 5133 id

221 5145 361 5210 quod
408 5148 638 5206 hominis
684 5155 978 5225 principale
1005 5168 1105 5223 est,
1137 5160 1191 5214 in
1222 5162 1387 5218 corde
1413 5168 1744 5222 constituunt
1770 5188 1781 5222 :

219 5238 431 5301 quidam
455 5256 581 5295 vero
607 5242 662 5297 in
695 5244 918 5300 cerebro
947 5248 1237 5306 subsistere
1263 5257 1622 5327 suspicantur,
1649 5274 1784 5328 qua-

220 5324 335 5376 dam
358 5331 637 5398 ~inpertieie
666 5338 1074 5403 persuasionum
1104 5343 1409 5411 opinionem
1440 5347 1598 5416 hujus
1624 5352 1786 5408 robo-

216 5424 417 5467 rantes.
446 5416 493 5471 Is
517 5422 659 5476 enim
688 5424 779 5491 qui
808 5426 859 5480 in
889 5428 1052 5483 corde
1092 5433 1381 5503 principale
1409 5438 1640 5495 hominis
1667 5458 1785 5498 esse

213 5500 420 5564 deﬁnit,
450 5523 514 5561 ex
542 5510 643 5565 loci
680 5516 788 5568 situ
826 5531 1137 5585 argumenta
1183 5500 1368 5580 nititur
1413 5545 1523 5584 sua:
1562 5534 1785 5590 rationis

214 5696 306 5735 tor
352 5688 514 5741 totius
561 5696 805 5763 corporis
846 5702 1140 5771 continere,
1185 5718 1450 5776 quatenus
1478 5728 1537 5767 se
1565 5728 1773 5785 sponta-

212 5784 343 5828 ωας
371 5787 543 5836 motus
570 5798 601 5838 e
630 5788 804 5842 medio
834 5790 902 5844 ad
930 5808 1087 5849 omne
1137 5814 1333 5870 corpus
1383 5784 1603 5859 facilius
1627 5811 1780 5865 exhi-

492 5876 757 5939 Paraor.
809 5885 1055 5948 LXVII.

1920 3279 2056 3327 tates
2078 3274 2300 3329 odorum
2325 3278 2593 3335 variorum
2615 3280 2988 3338 discernuntur
3012 3292 3269 3341 attractus.
3295 3286 3494 3345 Sensus

1914 3363 2075 3419 etiam
2105 3366 2196 3436 qui
2222 3377 2377 3437 gustu
2405 3371 2697 3441 perﬁcitur,
2725 3374 2922 3432 indicio
2942 3378 3323 3436 membranulae
3344 3397 3486 3438 cere-

1912 3452 1994 3509 bri
2038 3456 2199 3525 (sicut
2246 3446 2408 3528 supra
2454 3461 2656 3518 dietum
2696 3466 2799 3535 est)
2850 3471 3210 3537 approbatur,
3261 3486 3380 3542 quae
3429 3475 3492 3529 de

1912 3546 2160 3614 proximo
2188 3551 2449 3618 quosdam
2478 3568 2766 3611 nervorum
2793 3561 3126 3616 ramusculos
3166 3578 3233 3618 ex
3271 3578 3330 3619 re
3377 3564 3491 3636 ipsa

1910 3638 2193 3694 sensibiles
2221 3656 2319 3710 per
2345 3643 2515 3699 nodos
2543 3646 2666 3701 colli
2696 3664 2863 3717 usque
2892 3651 2958 3705 ad
2988 3668 3051 3708 ea
3080 3653 3201 3710 loca
3243 3671 3363 3725 qua:
3400 3674 3484 3712 co-

1910 3726 2088 3783 latorii
2137 3731 2305 3786 instar
2346 3734 2601 3801 existunt,
2635 3748 2689 3794 et
2718 3742 2991 3797 musculos
3044 3745 3489 3815 circumjecentcs

1909 3819 2198 3876 interserit.
2228 3822 2339 3893 Ego
2367 3836 2567 3891 autem,
2607 3831 2731 3898 quia
2760 3847 2789 3885 a
2824 3834 3088 3901 passionis
3115 3850 3337 3892 accessu
3375 3841 3486 3893 ani-

1909 3928 2007 3969 ma:
2033 3914 2386 3984 intelligentia
2428 3936 2572 3989 saepe
2617 3924 2880 3989 turbatur,
2908 3932 2963 3979 et
2990 3926 3113 3993 quia
3137 3927 3290 3994 juxta
3333 3941 3481 3986 natu-

1907 4004 2074 4059 ralem
2103 4007 2341 4074 vigorem
2384 4010 2724 4078 cogitationis
2745 4012 2968 4070 elfectus
2988 4015 3320 4083 obtunditur,
3348 4036 3482 4088 qua-

1905 4093 2029 4150 dam
2077 4097 2182 4153 hoc
2229 4098 2372 4154 idem
2427 4102 2669 4171 corporis
2724 4110 3082 4173 aegrotatione
3132 4112 3481 4182 contingere,

1908 4200 2090 4241 verum
2116 4203 2235 4244 esse
2262 4193 2575 4259 pronuntio,
2608 4203 2663 4249 et
2690 4195 2894 4253 fontem
2921 4202 3207 4270 quemdam
3233 4221 3481 4276 corpora.

1904 4274 1969 4329 lis
2008 4276 2206 4332 caloris
2250 4294 2345 4334 cor
2390 4296 2509 4337 esse
2539 4298 2644 4337 non
2676 4299 2837 4353 nego,
2882 4289 3023 4357 quod
3066 4291 3138 4345 ad
3187 4274 3481 4352 irascibilcs

1902 4364 2133 4435 impetus
2160 4366 2317 4424 facile
2345 4383 2733 4429 commovetur.
2780 4376 2954 4446 Super
2998 4380 3101 4436 hoc
3139 4382 3481 4447 nihilominus

1901 4470 2131 4524 prmesse
2167 4461 2508 4516 sensibilibus
2555 4464 2715 4521 rebus
2760 4469 3183 4527 membranulam
3234 4476 3479 4548 cerebri,

1826 4552 1872 4613 [ι
1895 4544 2047 4613 juxta
2095 4549 2357 4603 rationem
2389 4566 2573 4607 eorum
2603 4556 2694 4623 qui
2726 4556 2839 4613 haec
2866 4561 3098 4616 naturali
3119 4544 3479 4634 disputatione

1898 4648 2253 4709 pertractant,
2302 4644 2669 4714 complectens
2718 4648 2818 4703 sub
2863 4665 2924 4705 se
2969 4655 3279 4721 cerebrum,
3325 4658 3477 4728 cujus

1897 4730 2061 4783 etiam
2110 4729 2281 4786 foveri
2330 4737 2685 4803 vaporatione
2735 4739 3071 4808 pinguedinis
3117 4746 3359 4814 audiens,
3407 4750 3475 4805 ab

1895 4820 1979 4875 his
2024 4823 2116 4889 qui
2159 4839 2219 4878 se
2269 4828 2589 4883 anatomicis
2638 4830 3061 4899 inspectionibus
3110 4849 3472 4908 occuparunt,

1895 4909 2103 4966 irritum
2130 4914 2273 4982 quod
2298 4915 2491 4972 dicitur
2518 4921 2740 4977 omnino
2778 4938 2883 4978 non
2929 4930 3092 4994 facio;
3123 4933 3216 4986 sed
3258 4948 3363 4985 non
3404 4948 3468 4986 ex

1897 5002 1979 5056 his
2025 5006 2254 5072 probare
2300 5011 2622 5067 contendam
2660 5016 2805 5083 quod
2850 5018 3111 5076 localibus
3155 5012 3469 5090 quibusdam

1893 5092 2476 5166 circumscriptionibus
2505 5102 2820 5173 incorporea
2849 5109 3144 5164 substantia
3186 5114 3471 5170 concluda-

1894 5190 2000 5236 tur.
2031 5183 2164 5238 Nam
2204 5203 2304 5241 nos
2352 5204 2608 5246 excessus
2653 5193 3046 5251 irrationabiles
3089 5200 3202 5255 fieri
3249 5219 3355 5259 non
3400 5224 3468 5263 ex

1892 5274 2082 5342 capitis
2110 5279 2487 5345 aggravatione
2513 5282 2821 5339 didicimus.
2854 5286 3181 5346 Medicorum
3210 5310 3340 5352 vero
3380 5314 3468 5367 pe-

1892 5363 2152 5429 ritissimi,
2180 5368 2419 5439 utrisque
2447 5370 2723 5441 lateribus,
2753 5376 2947 5445 quibus
2974 5380 3214 5449 ejusdem
3254 5363 3465 5445 cerebri

1887 5456 2269 5513 membranula:
2312 5461 2679 5533 continentur,
2720 5466 2895 5537 aliqua
2935 5472 3185 5541 passione
3210 5477 3461 5549 turbatis,

1885 5546 2149 5601 rationale
2194 5557 2434 5605 nostrum
2483 5565 2750 5621 aegrotans
2797 5560 3078 5629 definiunt,
3128 5546 3463 5636 appellantes

1886 5630 2194 5689 freneticam
2255 5639 2587 5706 passionem,
2645 5647 2769 5715 quia
2830 5648 3019 5705 iisdem
3073 5630 3458 5716 membranulis

1884 5722 2061 5780 frenes
2090 5740 2287 5784 nomen
2332 5732 2535 5789 existit.
2586 5733 2844 5796 Similiter
2886 5742 3047 5798 etiam
3097 5746 3312 5801 tristitia
3360 5766 3457 5805 cor

1882 5814 2025 5871 aﬂici
2054 5817 2385 5883 suspicantes
2412 5826 2657 5893 profecto
2685 5828 2957 5888 falluntur.
2990 5832 3127 5890 Cum
3166 5835 3308 5890 enim
3345 5852 3455 5895 non

2950 5927 3022 5985 1')
