3916 6202
406 320 502 374 563

1659 325 2018 383 DIONYSIUS
2050 330 2360 389 EXIGUUS.

3553 337 3655 392 3ίᾶ

403 450 516 500 cor,
546 433 640 489 sed
673 449 732 492 os
762 435 964 490 ventris
994 448 1222 489 mmrore
1253 435 1514 503 turbetur,
1549 437 1619 492 ad
1663 454 1757 493 cor
1807 442 1978 496 morbi
2010 452 2049 506 Α
2083 445 2323 512 edoctus,
2356 464 2461 502 non
2488 449 2614 504 satis
2638 448 2887 504 idoneum
2918 447 3149 503 arbitror
3175 456 3571 516 argumentum,
3603 461 3660 503 ut

404 531 559 600 hujus
585 529 982 585 incommodum
1013 529 1257 598 imperite
1288 533 1672 586 transmittunt.
1719 531 1831 589 lloc
1881 549 1975 588 au-

399 633 511 677 tem
539 622 824 684 disserunt,
856 619 947 688 qui
988 620 1295 689 passionum
1337 635 1526 676 causas
1571 622 1851 691 diligenter
1897 623 1976 676 in-

401 713 664 780 vestigare
693 717 967 777 curarunt,
999 710 1141 779 quod
1173 710 1224 763 in
1255 725 1486 766 mmrore
1525 713 1844 782 compressis
1879 729 1976 767 na-

402 801 648 857 turaliter
693 797 852 853 \itius
892 799 1135 867 corporis
1186 800 1628 868 evaporationum
1681 801 1977 855 tramitibus

402 903 563 962 atque
592 891 860 949 exclusis
898 892 950 944 in
991 889 1430 959 profundissimas
1466 892 1794 946 internorum
1824 895 1978 946 sedes

401 985 644 1053 cogitur,
684 982 941 1052 quidquid
971 996 1066 1051 per
1093 980 1191 1035 hos
1227 980 1596 1050 respirationis
1625 981 1802 1038 aditus
1831 983 1978 1036 exire

400 1075 735 1147 prohibetur.
769 1071 920 1126 Unde
956 1073 1321 1140 coangustatis
1348 1072 1642 1127 visceribus
1672 1073 1979 1128 accenditur

398 1165 648 1230 tristitia,
683 1177 822 1232 stupe
851 1161 1140 1215 violentior
1164 1161 1380 1230 spiritus
1417 1177 1483 1215 ex
1511 1163 1618 1216 imo
1644 1162 1890 1226 trahitur,
1925 1173 1979 1216 ut

401 1255 654 1312 dilatetur
681 1254 734 1310 id
759 1251 904 1323 quod
933 1259 1266 1307 contractum
1297 1261 1397 1306 est.
1451 1251 1515 1304 Et
1565 1252 1707 1306 hunc
1755 1253 1976 1306 halitum

403 1362 562 1417 quem
590 1361 792 1403 mceror
824 1343 1080 1406 extrudit,
1113 1344 1275 1397 etiam
1308 1344 1562 1412 gemitum
1602 1361 1874 1410 vocamus,
1926 1345 1976 1398 id

404 1447 486 1494 est
516 1437 664 1491 nimii
691 1434 894 1490 doloris
946 1433 1215 1486 indicium.
1255 1431 1360 1487 Sed
1389 1434 1478 1501 qui
1511 1443 1698 1503 putant.
1743 1435 1842 1488 hac
1883 1453 1975 1488 ea-

403 1530 524 1585 dcm
546 1526 796 1598 passione
825 1521 960 1577 allici
990 1524 1304 1592 particulam
1329 1524 1505 1578 cordis
1530 1526 1609 1593 (ut
1631 1525 1762 1595 dixi)
1787 1525 1978 1578 fallun-

403 1631 511 1688 tur,
538 1634 658 1676 cum
682 1633 786 1672 non
814 1616 1007 1683 cordis,
1026 1617 1118 1669 sed
1148 1616 1255 1669 oris
1276 1615 1476 1669 ventris
1498 1616 1564 1669 sit
1587 1616 1689 1670 ista
1711 1618 1976 1683 molestia,

403 1726 469 1765 ex
500 1725 562 1764 ea
593 1706 872 1763 occasione
899 1720 1058 1774 quam
1090 1705 1336 1769 diximus,
1368 1705 1509 1773 quod
1540 1706 1746 1759 scilicet
1774 1722 1977 1776 evapo-

382 1803 669 1855 'rationum
701 1798 1021 1867 compressis
1065 1796 1316 1863 aditibus,
1344 1796 1479 1851 fellis
1509 1806 1852 1866 coangustata
1881 1815 1975 1853 ve-

404 1891 570 1947 sicula
599 1891 876 1944 humorem
905 1888 1052 1942 illum
1083 1902 1330 1956 asperum
1366 1896 1524 1956 atque
1574 1890 1879 1944 mordacem
1923 1892 1974 1945 in

405 1998 464 2036 os
511 1981 714 2035 ventris
760 1977 1001 2034 eﬂ'undit.
1044 1976 1108 2030 Et
1136 1977 1251 2030 hare
1279 1986 1360 2031 est
1387 1977 1544 2044 hujus
1589 1979 1667 2031 rei
1707 1979 1975 2048 probatio,

404 2069 546 2140 quod
571 2068 835 2138 depressis
866 2067 976 2136 ipsa
1019 2065 1217 2119 coloris
1247 2065 1555 2133 superﬁcies
1584 2067 1730 2120 velut
1773 2068 1978 2134 origine

403 2158 688 2233 (aurigine)
718 2158 928 2211 videtur
956 2154 1170 2218 infecta,
1202 2155 1327 2209 dum
1360 2155 1496 2210 fellis
1523 2157 1715 2212 humor
1735 2158 1789 2211 in
1829 2160 1977 2213 venis

405 2251 562 2303 nimia
589 2249 971 2304 constrictione
997 2247 1324 2302 diffunditur.
1358 2246 1464 2303 Sed
1493 2249 1606 2304 haec
1633 2252 1770 2305 ratio
1795 2266 1860 2306 ex
1888 2252 1978 2306 illo

403 2356 618 2410 quoque
659 2340 846 2394 morbo
893 2339 982 2407 qui
1023 2338 1144 2392 huic
1182 2339 1392 2393 videtur
1419 2355 1537 2394 esse
1565 2343 1891 2407 contrarius,
1922 2343 1974 2396 id

403 2438 485 2482 est
541 2429 631 2496 qui
669 2445 734 2482 ex
784 2429 965 2482 laetitia
1014 2429 1231 2495 risuque
1277 2430 1558 2498 contingit,
1618 2432 1697 2487 vel
1747 2433 1978 2494 maxime

405 2517 826 2578 commendatur.
856 2517 1159 2571 Dilatantur
1183 2520 1323 2572 enim
1354 2521 1582 2594 quodam
1610 2523 1769 2582 modo
1798 2537 1852 2584 et
1871 2530 1977 2585 dis.

403 2615 682 2667 solvuntur
706 2629 803 2682 per
823 2613 1054 2682 aliquam
1085 2616 1411 2684 voluptatem
1443 2617 1606 2672 totius
1633 2623 1976 2689 evaporatio-

409 2720 501 2759 nes
530 2689 772 2775 corporis
811 2705 1124 2759 suavissima
1167 2706 1472 2774 cognitione
1512 2719 1780 2779 percepta.
1828 2711 1977 2768 Sicut

402 2797 542 2849 enim
571 2797 763 2851 ibidem
788 2812 885 2866 per
908 2812 1192 2852 mmrorem
1216 2806 1401 2854 tenues
1430 2808 1484 2854 et
1505 2801 1719 2856 incerta:
1742 2805 1975 2874 respira-

403 2887 576 2939 tiones
626 2887 819 2940 iterum
871 2888 1300 2956 comprimuntur
1344 2897 1399 2944 et
1445 2891 1666 2947 interius
1713 2895 1974 2950 viscerum

400 2978 826 3045 constringentes
852 2977 1097 3033 allectum
1129 2979 1193 3032 ad
1224 2989 1385 3050 caput
1412 2989 1467 3035 et
1504 2983 1568 3036 ad
1611 2984 1973 3038 membranam

401 3069 606 3124 cerebri
637 3084 889 3138 vaporem
918 3070 1191 3125 humidum
1222 3073 1579 3141 supprimunt,
1618 3075 1708 3144 qui
1747 3076 1973 3130 multum

401 3163 450 3214 in
481 3163 731 3216 concavis
769 3162 867 3215 sub
909 3162 1111 3217 relictis
1147 3178 1243 3231 per
1289 3163 1466 3218 aditus
1509 3167 1975 3233 evaporationibus

399 3253 635 3306 excurrit
679 3252 744 3305 ad
792 3252 1004 3315 oculos,
1051 3261 1106 3306 ct
1145 3255 1543 3322 compressione
1590 3255 1835 3312 ciliorum
1876 3271 1973 3325 per
2003 3225 2045 3284 Ο

398 3350 574 3411 guttas
603 3344 834 3412 egeritur
862 3361 872 3394 :
906 3342 1019 3397 htee
1047 3350 1226 3396 autem
1270 3351 1417 3411 gutta
1461 3345 1691 3415 lacryma
1733 3346 1975 3400 nomina-

399 3442 504 3497 tur,
555 3433 628 3487 ita
675 3433 1075 3501 intelligendum
1121 3443 1202 3488 est
1240 3449 1305 3488 ex
1352 3434 1640 3491 afﬂictione
1662 3438 1970 3492 contraria:

398 3543 519 3580 cum
569 3527 688 3595 plus
732 3526 894 3580 solito
940 3525 1314 3580 distenduntur
1359 3527 1729 3596 respirationis
1758 3529 1973 3597 itinera,

398 3633 494 3687 per
521 3632 583 3672 ea
611 3617 830 3686 spiritus
859 3616 913 3670 in
943 3616 1064 3671 altis
1092 3631 1150 3672 se
1180 3618 1480 3673 recessibus
1521 3619 1736 3683 inserit,
1790 3626 1845 3672 et
1879 3634 1974 3688 per

397 3707 506 3761 oris
534 3706 734 3759 aditum
764 3706 1009 3776 protinus
1040 3721 1069 3759 a
1097 3714 1285 3760 natura
1314 3706 1650 3776 propellitur,
1681 3707 1974 3762 visceribus

396 3799 604 3853 cunctis
635 3804 691 3851 et
735 3796 968 3851 maxime
992 3797 1178 3866 jecore
1209 3798 1678 3867 (quemadmodum
1708 3800 1856 3853 aiunt
1882 3799 1972 3867 qui

394 3889 534 3944 circa
566 3887 664 3941 ista
693 3887 850 3958 periti
880 3887 1026 3958 sunt)
1053 3902 1151 3956 per
1171 3887 1456 3955 quamdam
1485 3888 1829 3956 agitationem
1857 3904 1973 3941 rno-

395 3988 614 4048 tumque
669 3979 1158 4046 ferventissimum,
1219 3978 1590 4048 hujuscemodi
1653 3988 1969 4049 conceptum

394 4069 637 4137 spiritum
689 4067 741 4120 in
782 4068 1050 4122 exteriora
1091 4068 1430 4136 pollentibus.
1465 4067 1616 4123 Unde
1659 4068 1970 4124 facilitatem

394 4157 680 4227 quamdam
724 4157 963 4212 exituurn
1006 4156 1245 4224 ejusdem
1284 4159 1503 4226 spiritus
1534 4167 1723 4214 natura
1769 4161 1972 4213 machi-

394 4256 550 4314 nata,
599 4247 792 4300 rictum
849 4248 958 4304 oris
1005 4261 1068 4300 ex
1121 4257 1427 4300 transverso
1478 4248 1732 4316 patefacit
1782 4263 1969 4316 genam

395 4347 676 4403 utramque
717 4336 1057 4398 distendens,
1099 4343 1154 4389 et
1192 4337 1335 4404 quod
1387 4337 1513 4392 hinc
1559 4338 1786 4392 efﬁcitur
1832 4340 1972 4394 risus

396 4441 592 4479 nomen
643 4427 867 4494 accepit.
922 4426 1030 4481 Nec
1081 4434 1302 4496 propter
1338 4428 1441 4483 hoc
1479 4428 1640 4496 igitur
1675 4429 1970 4498 principale

396 4517 628 4572 hominis
669 4532 788 4571 esse
836 4517 888 4570 in
932 4517 1116 4585 jecore
1161 4518 1452 4586 putandum
1482 4527 1580 4582 est,
1614 4534 1716 4574 nec
1751 4529 1972 4588 propter

395 4611 662 4665 fervorem
703 4610 994 4678 sanguinis,
1043 4609 1133 4676 qui
1175 4610 1428 4678 copiosus
1464 4624 1588 4678 erga
1627 4610 1806 4665 cordis
1849 4609 1966 4664 loca

397 4708 669 4766 versatur,
702 4715 800 4754 nec
827 4699 896 4753 ob
924 4697 1144 4754 aB‘eetus
1175 4699 1470 4754 iraseihiles
1513 4700 1884 4753 mstimandum
1915 4701 1965 4753 in

391 4794 558 4850 corde
585 4807 704 4848 esse
731 4793 926 4846 mentis
961 4791 1270 4860 hospitium.
1303 4790 1407 4845 Sed
1451 4792 1562 4846 haec
1590 4792 1658 4845 ad
1684 4792 1968 4860 qualitates

389 4901 682 4957 corporeas
729 4883 1006 4938 referenda
1055 4893 1196 4936 sunt.
1230 4881 1460 4936 Mentem
1489 4898 1617 4936 vero
1642 4882 1964 4937 credendum

391 4987 475 5033 est
500 4975 778 5046 aequaliter
803 4973 1038 5027 membra
1095 4973 1301 5040 singula
1339 4972 1491 5040 juxta
1540 4971 1804 5026 ineffabile
1834 4981 1967 5025 tem—

389 5075 761 5137 peramentum
786 5064 1011 5118 rationis
1030 5063 1312 5131 attingere.
1345 5061 1411 5114 Et
1435 5062 1480 5115 si
1509 5061 1840 5131 Scripturam
1870 5078 1964 5115 no-

390 5158 471 5209 bis
507 5156 573 5208 ad
616 5157 720 5209 hoc
762 5153 1003 5208 nonnulli
1044 5151 1348 5222 proferunt,
1380 5159 1645 5222 quatenus
1673 5152 1964 5222 principale

391 5251 442 5301 iu
482 5249 642 5302 corde
691 5249 921 5302 hominis
961 5262 1080 5301 esse
1119 5254 1404 5310 testentur,
1453 5261 1558 5300 non
1609 5245 1662 5299 id
1708 5245 1962 5299 debemus

389 5341 724 5410 inexplorata
753 5341 960 5394 ratione
989 5340 1283 5409 percipere.
1317 5338 1418 5404 Qui
1459 5339 1600 5393 enim
1641 5338 1817 5393 cordis
1845 5351 1960 5390 me-

386 5433 540 5487 minit
579 5439 632 5485 et
673 5445 833 5484 renes
874 5432 1102 5485 asseruit
1148 5431 1332 5486 dicens
1367 5449 1378 5483 :
1414 5431 1665 5486 Scrutaris
1708 5431 1865 5484 corda
1914 5439 1961 5482 et

385 5541 532 5578 retice
561 5522 722 5578 Deus.
754 5520 830 5574 ita
861 5529 949 5573 aut
979 5531 1205 5590 utroque
1233 5530 1324 5574 aut
1372 5532 1564 5576 neutro
1604 5522 1705 5576 hoc
1747 5521 1960 5575 intelle-

382 5617 558 5672 ctuale
588 5613 818 5670 hominis
845 5611 1024 5665 licebit
1054 5612 1268 5665 includi.
1303 5610 1533 5665 Obtundi
1572 5625 1702 5664 vero
1745 5610 1958 5664 easdem

388 5705 773 5764 intellectuales
804 5703 1114 5764 efficentias,
1145 5704 1229 5756 vel
1260 5704 1419 5756 etiam
1448 5703 1564 5756 sine
1592 5702 1782 5756 effectu
1807 5717 1960 5770 pror-

383 5816 473 5857 sus
521 5800 782 5870 existere,
835 5810 932 5865 per
979 5793 1288 5862 qualitatem
1339 5809 1611 5862 corporea:
1664 5792 1959 5847 aﬂ‘ectiunis

2081 537 2212 592 locis
2240 538 2505 606 aliquibus
2547 540 2795 593 virtutem
2846 537 3040 592 mentis
3094 552 3329 592 asseram
3370 539 3656 599 contineri,

2081 637 2333 696 tanquam
2381 644 2478 698 per
2505 636 2744 683 tumores
2784 627 3024 698 partibus
3057 627 3336 696 occupatis
3375 644 3405 680 a
3443 629 3658 697 propria

2080 718 2358 773 latitudine
2387 720 2558 788 possit
2585 719 2797 790 expelli.
2824 717 3135 788 Corporalis
3164 717 3306 770 enim
3337 717 3450 771 haec
3477 717 3660 787 opinio

2079 817 2179 871 est,
2211 819 2268 863 ut
2292 826 2385 864 vas
2408 820 2733 880 prmventum
2757 811 3007 865 immissis
3030 809 3190 864 rebus
3209 809 3352 863 aliud
3371 809 3660 879 quidquam

2081 911 2312 969 nequeat
2339 903 2556 957 omnino
2584 903 2844 972 recipere.
2877 902 3258 958 lntelleetualis
3286 919 3516 972 namque
3538 903 3660 958 sub~

2079 992 2272 1045 stantia
2302 979 2476 1061 rieque
2507 995 2558 1047 in
2589 996 2771 1050 vacuis
2792 1002 2846 1048 et
2871 995 3128 1051 convexis
3150 997 3390 1066 partibus
3413 997 3657 1065 corporis

2079 1080 2414 1149 immoratur,
2447 1098 2546 1138 nec
2573 1084 2940 1152 magnitudine
2977 1083 3061 1138 vel
3091 1085 3234 1139 mole
3261 1085 3443 1141 carnis
3467 1094 3654 1140 extru-

2079 1173 2240 1228 ditur.
2290 1173 2396 1228 Sed
2443 1175 2566 1242 quia
2612 1183 2829 1230 constat
2867 1175 3036 1230 veluti
3081 1188 3343 1244 organum
3389 1175 3655 1244 quoddam

2081 1263 2342 1318 musicum
2374 1273 2544 1318 totum
2575 1265 2808 1319 hominis
2837 1280 3032 1334 corpus
3066 1273 3428 1330 exstructum,
3458 1274 3515 1321 et
3543 1267 3660 1336 ple-

2080 1368 2304 1422 rumque
2368 1356 2632 1423 contingit
2696 1365 2753 1409 ut
2809 1356 2863 1408 hi
2909 1355 3000 1426 qui
3063 1356 3282 1410 musicae
3330 1355 3484 1424 periti
3533 1365 3659 1409 sunt

2079 1457 2230 1495 suam
2260 1453 2527 1513 nequeant
2552 1445 2835 1500 ostendere
2859 1445 3192 1514 disciplinam
3214 1455 3433 1514 propter
3452 1446 3655 1500 instru-

2079 1536 2244 1589 menti
2273 1536 2613 1592 mutilitatem
2648 1538 2778 1592 artis
2809 1537 3126 1592 industriam
3157 1536 3468 1599 renuentis,
3512 1535 3658 1603 quod

2079 1631 2171 1676 aut
2207 1631 2451 1692 tempore
2494 1626 2738 1680 vitiatum
2787 1633 2888 1691 est,
2941 1635 3034 1679 aut
3077 1626 3257 1694 aliquo
3305 1639 3432 1679 casu
3477 1624 3656 1678 disru—

2077 1722 2259 1783 ptum,
2313 1724 2404 1769 aut
2451 1717 2692 1784 rubigine
2740 1717 2824 1770 vel
2874 1717 3098 1771 humore
3143 1716 3395 1771 detritum
3443 1722 3552 1777 est,
3602 1723 3660 1767 et

2081 1808 2280 1863 idcirco
2319 1809 2436 1863 sine
2481 1824 2736 1864 sonorum
2781 1817 2964 1864 manet
3004 1809 3302 1876 eﬂectibus,
3333 1809 3458 1863 licet
3494 1808 3562 1862 ab
3588 1823 3657 1862 eo

2079 1902 2167 1970 qui
2195 1901 2421 1956 tibicina:
2449 1903 2581 1956 artis
2608 1911 2690 1958 est
2730 1905 2933 1973 peritus
2962 1904 3283 1973 inspiretur;
3320 1903 3398 1957 sic
3424 1911 3479 1957 et
3505 1917 3657 1956 mens

2079 2004 2175 2058 per
2223 2005 2384 2045 omne
2432 1993 2674 2060 corporis
2702 1994 2969 2048 transiens
2995 1994 3404 2047 instrumentum
3441 1993 3656 2048 intelle-

2077 2080 2341 2136 ctualibus
2368 2080 2735 2136 effectualihus
2769 2085 2785 2104 '
2811 2092 3021 2152 partes,
3051 2084 3188 2138 sicut
3233 2091 3422 2137 natura
3470 2091 3656 2151 aptum

2079 2177 2180 2234 est,
2212 2181 2580 2242 competenter
2605 2174 2817 2241 attingit
2840 2191 2852 2227 :
2885 2183 2941 2229 et
2963 2176 3014 2228 in
3041 2175 3122 2228 his
3148 2175 3360 2243 quidem
3389 2175 3479 2243 qui
3501 2174 3656 2241 juxta

2077 2265 2426 2318 substantiam
2457 2274 2774 2334 permanent
2799 2267 2908 2320 vim
2945 2282 3050 2322 suae
3076 2266 3403 2335 operationis
3431 2267 3606 2321 exerit
3642 2286 3652 2318 :

2079 2354 2131 2406 in
2165 2354 2246 2408 his
2281 2364 2460 2410 autem
2490 2370 2608 2424 quae
2636 2372 2733 2424 per
2763 2357 2950 2410 vitium
2995 2355 3262 2430 quoddam
3309 2355 3656 2415 artiﬁciosum

2079 2455 2281 2507 motum
2329 2447 2445 2522 ejus
2491 2448 2775 2508 admittere
2822 2463 3111 2523 nequeunt,
3163 2463 3358 2522 prmter
3403 2451 3652 2507 eB‘ectnm

2079 2545 2409 2611 operationis
2439 2546 2638 2600 existit.
2669 2545 2997 2598 Naturaliter
3039 2544 3182 2598 enim
3221 2544 3452 2612 quodam
3493 2545 3657 2598 modo

2078 2649 2232 2689 mens
2261 2643 2384 2704 apta
2413 2643 2495 2689 est
2523 2635 2576 2688 in
2609 2636 2690 2690 his
2725 2635 2978 2689 membris
3019 2635 3236 2703 proprie
3269 2641 3661 2701 congruenter-

2078 2740 2182 2794 que
2226 2727 2446 2791 versari,
2489 2742 2606 2794 qum
2643 2742 2738 2780 sua
2776 2726 3034 2795 sospitate
3074 2731 3386 2794 vegetamur
3417 2741 3428 2775 :
3458 2724 3527 2778 ab
3572 2723 3658 2777 his

2079 2827 2256 2873 autem
2312 2833 2530 2889 prorsus
2584 2819 2845 2886 alienari,
2893 2832 3012 2887 quae
3058 2816 3287 2885 quadarn
3343 2816 3658 2870 inﬁmitate

2079 2920 2268 2964 vexata
2296 2919 2438 2964 sunt.

2662 3048 2888 3106 CAPUT
2928 3049 3062 3104 Xlll.

2078 3159 2450 3230 Contemplatio
2478 3161 2712 3229 quadam
2741 3159 2994 3214 naturalis
3022 3160 3086 3214 de
3126 3160 3341 3214 materia
3377 3165 3425 3212 et
3464 3168 3656 3212 natura

2551 3239 2598 3285 et
2628 3231 2809 3284 mentis
2838 3230 3170 3299 inspectione.

2146 3342 2274 3397 Mihi
2315 3357 2444 3397 vero
2472 3341 2683 3396 videtur
2710 3349 2765 3396 et
2792 3341 2912 3411 plus
2951 3355 3068 3396 esse
3106 3354 3266 3409 quam
3309 3339 3568 3396 naturalis
3600 3340 3658 3394 in

2076 3434 2175 3489 hac
2202 3442 2352 3503 parte
2381 3431 2781 3500 contemplatio,
2815 3446 2913 3501 per
2941 3444 3103 3498 quam
3133 3444 3414 3498 possumus
3451 3429 3656 3497 aliquid

2074 3527 2142 3581 de
2203 3525 2506 3580 utiliorihus
2561 3523 2836 3578 informari
2890 3520 3246 3590 dogmatibus.
3302 3519 3434 3586 Quia
3490 3519 3658 3587 igitur

2074 3616 2333 3686 optimum
2355 3624 2410 3671 et
2433 3628 2829 3683 summumprte
2855 3613 3100 3666 omnibus
3129 3627 3192 3666 ac
3211 3609 3529 3679 praeminens
3554 3609 3657 3664 bo-

2074 3723 2199 3761 num
2222 3715 2303 3762 est
2333 3708 2446 3777 ipsa
2477 3705 2752 3770 Divinitas,
2786 3704 2851 3758 ad
2877 3719 3036 3774 quam
3068 3703 3314 3756 universa
3344 3709 3653 3763 recurrunt,

2073 3813 2403 3870 quaecunque
2445 3798 2569 3850 boni
2615 3795 2883 3850 desiderio
2931 3794 3292 3857 continentur,
3350 3791 3549 3846 idcirco
3600 3800 3660 3845 ct

2075 3899 2307 3944 mentem
2353 3887 2607 3952 fatemur,
2642 3895 2702 3940 ut
2731 3893 2857 3955 pote
2881 3883 3262 3951 ad’imaginem
3293 3883 3486 3936 factam
3528 3882 3657 3951 pul-

2073 3981 2325 4040 cherrimi
2373 3977 2702 4042 Conditoris,
2759 3976 3046 4046 quamdam
3092 3972 3490 4029 similitudinem
3536 3974 3656 4041 pri-

2074 4086 2252 4125 mteva:
2281 4070 2464 4124 forma:
2490 4067 2778 4130 custodire,
2805 4074 2858 4122 et
2887 4067 3060 4136 ipsam
3093 4065 3145 4118 in
3185 4063 3400 4135 optimis
3429 4078 3656 4132 prorsus

2073 4163 2338 4227 existere;
2394 4161 2438 4214 si
2478 4175 2607 4215 vero
2647 4167 2797 4213 extra
2846 4172 2965 4212 eam
3013 4155 3192 4222 fuerit,
3235 4155 3469 4210 simulet
3499 4170 3568 4209 ea
3600 4157 3655 4208 in

2071 4268 2176 4321 qua
2223 4261 2341 4306 erat
2383 4250 2778 4321 pulchritudine
2807 4247 3085 4303 denudari.
3123 4246 3274 4302 Sicut
3303 4252 3480 4300 autem
3509 4245 3653 4299 diei-

2073 4359 2191 4399 mus
2220 4350 2454 4396 mentem
2479 4339 2823 4396 similitudine
2848 4337 3260 4407 pulchritudinis
3289 4337 3471 4388 forma:
3499 4336 3656 4404 prin-

2072 4437 2258 4505 cipalis
2299 4433 2502 4501 ornari,
2531 4430 2694 4487 veluti
2719 4430 2984 4498 quoddam
3012 4428 3287 4499 speculum
3324 4425 3656 4496 prtemincn-

2075 4531 2141 4584 tis
2184 4529 2531 4597 impressione
2569 4523 2856 4593 refulgens,
2908 4525 3060 4592 juxta
3103 4521 3345 4578 eamdem
3381 4521 3652 4574 rationem

2074 4621 2242 4689 ipsam
2269 4632 2482 4687 quoque
2506 4627 2747 4669 naturam
2788 4630 2817 4668 a
2859 4623 3060 4681 mente,
3090 4628 3194 4681 qua
3229 4612 3568 4680 dispensatur
3597 4622 3658 4664 ct

2071 4709 2292 4777 regitur,
2327 4707 2594 4762 credimus
2624 4705 2888 4760 contineri
2922 4704 3144 4773 ejusque
3172 4702 3352 4772 specie
3377 4701 3653 4769 decorari,

2073 4802 2262 4855 factam
2307 4799 2469 4853 veluti
2516 4797 2784 4866 quoddam
2830 4791 3104 4866 speculum
3133 4794 3355 4863 speculi.
3384 4791 3426 4845 Δ
3454 4801 3652 4845 natura

2071 4905 2284 4959 quoque
2332 4888 2580 4944 sustineri
2626 4887 2728 4940 hoc
2774 4885 3051 4939 material‘e
3097 4891 3293 4939 nostra:
3335 4882 3656 4938 substantiae

2070 4978 2399 5048 profitemur,
2451 4978 2590 5031 circa
2633 4990 2792 5044 quam
2842 4974 3030 5028 eadem
3071 4981 3259 5026 natura
3298 4971 3653 5042 conspicitur.

2067 5070 2198 5124 Cum
2232 5069 2393 5136 igitur
2422 5068 2648 5121 alterum
2681 5066 3020 5120 contineatur
3065 5080 3130 5119 ex
3181 5063 3372 5129 altero,
3411 5077 3511 5132 per
3550 5064 3658 5116 hos

2069 5161 2245 5215 omnis
2271 5159 2411 5213 illius
2437 5157 2629 5213 summi
2658 5164 2713 5210 et
2750 5155 2864 5210 veri
2906 5153 3247 5224 participatio
3287 5161 3658 5219 congruenter

2069 5251 2326 5317 excurrit,
2371 5264 2470 5318 per
2507 5247 2836 5316 superiorem
2887 5245 2937 5298 id
2981 5244 3125 5322 quod
3171 5242 3389 5297 inferius
3433 5241 3657 5295 videtur

2068 5348 2403 5395 exornatum.
2441 5338 2497 5392 Si
2527 5337 2740 5406 quando
2768 5351 2896 5390 vero
2926 5335 3083 5402 hujus
3126 5334 3281 5389 bona:
3310 5332 3656 5387 communio-

2067 5431 2149 5485 nis
2175 5431 2334 5486 fuerit
2362 5429 2500 5483 facta
2533 5427 2780 5492 divulsio,
2808 5434 2862 5480 et
2886 5441 2916 5480 e
2946 5423 3216 5479 contrario
3239 5421 3484 5490 superior
3507 5420 3656 5474 infe-

2065 5523 2204 5575 riora
2233 5527 2470 5575 sectatur
2503 5537 2514 5570 :
2543 5527 2665 5571 tunc
2692 5515 3004 5570 deformitas
3034 5513 3269 5567 materiae
3290 5511 3454 5579 ipsius
3480 5525 3660 5579 appa-

2063 5622 2181 5666 reat
2206 5626 2324 5665 eum
2353 5626 2385 5663 a
2414 5618 2604 5663 natura
2636 5607 2919 5662 deseritur.
2952 5604 3197 5660 Informis
3229 5603 3370 5658 enim
3401 5601 3658 5671 quaedam

2063 5715 2149 5755 res
2189 5707 2243 5754 et
2287 5699 2642 5767 incomposita
2667 5705 2750 5751 est
2778 5697 2892 5765 ipsa
2932 5693 3188 5749 materies
3215 5706 3311 5763 per
3339 5706 3418 5756 sc,
3448 5701 3502 5744 et
3533 5690 3660 5743 lucc

2062 5790 2386 5845 iuformitate
2416 5789 2530 5857 ejus
2557 5787 2733 5854 simul,
2766 5794 2820 5840 et
2850 5771 3188 5856 pulchritudo
3232 5791 3436 5837 natnrze
3473 5781 3656 5837 corri-
