3916 6202
221 308 329 364 565

1037 302 1214 358 LIBRI
1260 302 1342 358 DE
1383 303 1769 361 CREATIONE
1811 301 2088 359 HO)"le
2127 299 2693 357 INTERPRETATIO.

3397 302 3499 357 556

220 425 401 492 pitur,
439 436 560 491 qua:
602 418 796 475 mentis
839 416 1122 471 vivacitate
1158 419 1449 472 decoratur
1477 433 1491 469 :
1520 432 1584 472 ac
1628 418 1707 473 sic
1752 418 1816 471 ad
1850 426 1893 482 Λ
1923 422 2070 471 motu
2116 414 2445 485 procedens,
2494 414 2547 468 i‘n
2594 414 2695 469 hoc
2722 414 2883 468 habet
2916 414 3177 470 existcudi
3206 416 3311 470 vim
3344 431 3504 487 atque

220 514 397 583 ipsam
425 526 641 581 quoque
678 516 920 565 mentem
949 522 1049 578 per
1076 515 1282 563 natura:
1308 507 1577 563 defectum
1600 508 1813 564 deriva-

224 612 313 659 tur
339 602 588 659 materiei
614 598 950 665 deformitas,
984 598 1057 652 ita
1098 605 1157 651 ut
1195 598 1373 667 imago
1412 597 1508 653 Dei
1536 598 1663 669 -jam
1708 616 1816 655 non

226 696 403 769 possit
430 694 623 767 inspici
675 693 731 747 in
776 692 879 746 hac
926 690 1280 760 impressione
1326 688 1604 758 ﬁgmenti;
1655 692 1816 747 veluti

228 786 505 857 quoddam
529 799 759 853 namque
787 781 1094 854 speculum,
1129 781 1180 835 id
1219 789 1330 845 est,
1365 783 1618 839 bonitatis
1648 782 1815 838 forma

226 889 393 949 atque
422 878 639 933 virtutis
667 884 789 947 post
817 876 1037 931 dorsum
1065 890 1124 929 se
1152 889 1359 945 ponens
1386 875 1583 949 abjicit
1601 876 1815 945 quidem

226 948 536 1043 splendoris
562 969 747 1026 eximii
776 966 1103 1022 claritatem.
1134 964 1520 1021 lnformitatcm
1549 948 1680 1021 vero
1706 982 1819 1020 ma-

226 1064 378 1121 terie
421 1064 477 1117 in
519 1077 580 1118 se
619 1074 840 1131 prorsus
883 1056 1154 1112 assumit:
1185 1066 1241 1111 et
1268 1056 1374 1112 hoc
1407 1057 1568 1112 modo
1607 1056 1667 1111 fit
1693 1058 1818 1112 mali

226 1153 509 1219 nativitas,
558 1153 688 1207 boni
734 1151 1036 1222 privatione
1086 1148 1428 1219 subserpens.
1478 1149 1686 1205 Bonum
1737 1157 1821 1204 est

223 1251 432 1305 autem,
464 1240 727 1315 quidquid
769 1255 980 1295 summo
1025 1239 1171 1294 bono
1204 1237 1577 1309 conjungitur;
1598 1237 1745 1307 quod
1774 1239 1819 1291 si

229 1341 387 1386 extra
440 1331 848 1387 similitudinem
899 1328 1059 1397 hujus
1111 1328 1413 1385 eifectionis
1464 1327 1653 1395 fuerit,
1704 1330 1821 1383 sine

224 1425 373 1480 bono
404 1424 597 1494 procul
621 1424 785 1478 dubio
808 1423 1159 1493 permanebit.
1189 1421 1322 1477 Cum
1344 1421 1504 1490 igitur
1523 1421 1818 1475 secundum

224 1515 532 1584 inspectam
580 1514 849 1569 rationem
895 1519 1109 1568 constat
1156 1526 1279 1568 esse
1314 1527 1581 1567 summum
1619 1512 1816 1567 bonum

224 1602 372 1673 quod
417 1616 549 1656 vere
585 1602 786 1657 bonum
831 1610 933 1667 est,
982 1616 1136 1656 mens
1181 1608 1360 1655 autem
1413 1601 1481 1656 ad
1534 1600 1819 1669 imaginem

225 1695 425 1749 summi
453 1693 585 1748 boni
612 1694 752 1748 facta
780 1702 883 1760 est,
912 1702 968 1749 et
996 1694 1107 1763 ipsa
1134 1693 1343 1763 accepit
1371 1700 1429 1747 ut
1457 1693 1507 1748 ei
1549 1693 1688 1749 bene
1714 1695 1815 1758 sit;

1922 500 2238 576 potentiam,
2273 513 2331 560 ut
2359 520 2632 575 nunquam
2663 518 2883 575 prorsus
2909 521 2939 561 a
2969 518 3115 562 motu
3144 508 3376 574 desinat,
3408 510 3500 565 sed

1922 597 2087 653 veluti
2134 595 2326 653 ﬂuvius
2370 597 2587 666 quidam
2633 596 2787 664 juxta
2818 613 2973 653 suum
3003 597 3298 654 decurrens
3326 601 3499 669 impe-

1924 698 2058 755 tum,
2088 687 2304 757 plenum
2330 688 2545 758 quidem
2576 687 2913 757 detnmstret
2950 689 3160 743 alveum
3198 704 3296 760 per
3340 704 3497 759 quem

1919 778 2205 834 delabitur.
2257 777 2375 833 Non
2420 785 2599 833 tamen
2647 778 2834 833 eadem
2876 793 3014 848 aqua
3062 777 3209 833 circa
3256 779 3501 838 eumdem

1920 869 2095 924 locum
2126 884 2247 924 esse
2286 869 2549 932 videatur,
2599 869 2695 924 sed
2742 869 2885 925 aliud
2930 869 3145 940 quidem
3174 868 3289 937 ejus
3317 878 3496 924 trans-

1920 960 2106 1024 currit,
2148 960 2293 1016 aliud
2339 976 2466 1016 vero
2513 961 2823 1031 supervenit
2855 977 2868 1013 ε
2902 962 2976 1017 ita
3005 969 3057 1016 et
3086 961 3190 1018 hoc
3216 964 3495 1017 materiale

1924 1052 2042 1105 vita:
2068 1051 2363 1121 pnesentis,
2395 1068 2495 1122 per
2519 1052 2804 1121 quemdam
2853 1061 3057 1107 motum
3111 1054 3501 1110 contrariorum

1922 1139 2186 1209 frequenti
2229 1142 2329 1196 sibi
2375 1142 2718 1197 successione
2759 1143 3028 1209 decurrat,
3057 1150 3114 1197 et
3142 1158 3171 1197 a
3200 1157 3502 1199 commuta-

1923 1232 2067 1287 tiooe
2090 1249 2182 1287 sua
2214 1241 2359 1288 stare
2388 1234 2601 1302 penitus
2631 1249 2735 1288 non
2766 1242 2962 1303 potest,
2991 1234 3084 1289 sed
3108 1234 3306 1305 quietis
3331 1236 3505 1306 impa-

1923 1324 2059 1379 tiens
2097 1324 2280 1394 jngem
2322 1325 2735 1380 conversionem
2762 1334 2941 1379 rerum
2972 1324 3217 1379 similiter
3243 1326 3500 1395 possidet.

1920 1414 2074 1482 Quod
2115 1418 2160 1472 si
2208 1418 2497 1487 aliquando
2528 1429 2557 1471 a
2586 1426 2736 1474 motu
2761 1418 3049 1488 destiterit,
3081 1419 3283 1489 pariter
3306 1427 3363 1474 et
3387 1432 3507 1474 esse

1921 1507 2198 1563 cessabit:
2244 1516 2306 1563 ut
2360 1516 2490 1578 puta
2549 1509 2932 1578 plenitudinem
2985 1511 3193 1566 relaxat
3240 1512 3505 1578 inanitas,

1921 1600 2156 1669 itemque
2186 1601 2431 1656 inanitati
2462 1601 2736 1670 plenitudo
2760 1602 3021 1669 succedit,
3063 1616 3283 1658 somnus
3326 1606 3497 1658 conti-

1922 1704 2085 1743 nuum
2116 1690 2417 1758 vigiliarum
2448 1690 2686 1746 laborem
2713 1700 3000 1747 sustentat.
3032 1692 3272 1762 itemque
3311 1692 3505 1763 vigilite

225 1796 437 1842 statura
486 1800 619 1840 vero
664 1798 828 1854 quam
873 1799 1027 1840 meus
1068 1785 1330 1850 continet,
1379 1784 1532 1852 quasi
1576 1785 1816 1853 quasdam
1853 1791 1897 1848 Β
1924 1779 2066 1849 quod
2096 1781 2390 1837 resolutum
2414 1797 2535 1838 esse
2564 1783 2848 1838 videbatur
2886 1785 3257 1854 consolidant,
3282 1793 3337 1840 et
3372 1802 3503 1841 neua

228 1878 413 1944 imago
451 1892 575 1931 esse
611 1875 872 1945 probatur
910 1875 1159 1946 imaginis
1194 1892 1206 1929 :
1239 1874 1545 1931 ostenditur
1570 1890 1668 1945 per
1693 1875 1815 1939 hoc,

224 1967 369 2036 quod
419 1965 703 2022 materiale
751 1973 994 2020 nostrum
1024 1974 1152 2022 tunc
1188 1965 1327 2021 bene
1364 1966 1620 2020 subsistat
1658 1973 1821 2033 atque

224 2055 365 2110 bene
415 2056 782 2117 contineatur,
822 2054 1038 2124 quando
1078 2069 1110 2108 a
1152 2062 1341 2110 natura
1390 2054 1729 2124 dispensatur
1765 2064 1820 2108 et

225 2150 453 2218 regitur.
485 2147 687 2202 lterum
718 2163 850 2203 vero
878 2146 1103 2204 solvitur
1123 2154 1285 2216 atque
1306 2146 1577 2216 dejicitur,
1606 2147 1819 2216 quando

227 2239 343 2305 ejus
388 2238 705 2308 provisione
751 2238 1010 2307 privatur,
1053 2236 1319 2308 simulque
1358 2252 1389 2291 a
1427 2237 1557 2293 boni
1601 2236 1820 2307 copula-

234 2332 383 2385 tione
423 2329 757 2395 secluditur;
790 2329 896 2385 boc
921 2338 1100 2384 autem
1133 2345 1237 2385 non
1278 2328 1336 2383 lit
1370 2330 1528 2384 aliter
1556 2331 1657 2385 nisi
1697 2345 1817 2384 cum

224 2420 290 2474 ad
310 2421 648 2476 contrariam
676 2428 883 2491 partem
911 2430 1117 2479 natura:
1145 2420 1308 2477 fuerit
1336 2421 1474 2478 facta
1502 2422 1817 2489 conversio,

223 2528 325 2568 nec
366 2512 438 2567 ad
480 2513 682 2567 bonum
724 2527 992 2567 summum
1020 2512 1342 2567 desiderium
1370 2512 1487 2583 ejus
1515 2524 1816 2583 promovet,

222 2604 316 2658 sed
347 2602 484 2658 inde
509 2602 772 2668 declinat,
808 2602 954 2671 quod
980 2602 1378 2672 pulchritudine
1417 2618 1635 2673 semper
1662 2617 1820 2674 egere

222 2693 497 2747 videatur.
534 2691 766 2748 Necesse
792 2701 877 2749 est
919 2694 1065 2747 enim
1102 2693 1169 2748 ad
1211 2692 1607 2750 deformitatem
1649 2702 1819 2749 mate-

221 2783 321 2836 riei
349 2782 825 2851 despectissimam
868 2790 1031 2853 atque
1072 2782 1420 2839 ftndissimam
1453 2784 1821 2841 conformetur

216 2874 468 2944 idrquod
513 2875 917 2930 similitudinem
962 2876 1079 2945 ejus
1116 2877 1439 2946 assequitur.
1483 2876 1590 2932 Sed
1634 2878 1745 2932 haec
1786 2893 1816 2931 a

220 2966 386 3019 nobis
407 2966 640 3035 quadam
663 2969 1050 3037 consequentia
1072 2966 1216 3023 dicta
1242 2975 1384 3033 sunt,
1412 2984 1508 3038 per
1532 2969 1813 3039 inspectio-

216 3072 347 3111 σθω
382 3058 718 3130 propositam
748 3060 1059 3127 subrogata.
1098 3056 1213 3114 Hoc
1254 3067 1430 3115 autem
1460 3060 1815 3131 quaerebatur,

1925 1879 2065 1922 trum
2100 1869 2293 1923 horum
2324 1870 2376 1924 in
2414 1871 2603 1927 eodem
2653 1880 2797 1926 statu
2840 1871 3141 1942 permanet,
3185 1876 3279 1930 sed
3325 1883 3508 1931 mutua

1930 1958 2032 2012 sibi
2082 1960 2367 2027 pmsentia
2415 1970 2701 2029 utrumque
2745 1964 3004 2017 succedit.
3054 1963 3241 2034 Itaque
3285 1980 3345 2023 se
3392 1966 3506 2035 ipsa

1922 2060 2112 2104 natura
2156 2051 2513 2107 mutationum
2567 2053 2769 2108 vicibus
2826 2055 3137 2123 innovante,
3188 2066 3246 2111 ut
3295 2068 3503 2128 partem

1924 2143 2173 2197 videlicet
2224 2146 2502 2213 utriusque
2552 2147 2820 2216 recipiens
2868 2149 2936 2201 ab
2984 2148 3153 2203 altera
3201 2150 3393 2217 migret
3440 2154 3507 2204 ad

1924 2233 2171 2289 alteram.
2205 2233 2337 2289 Nam
2369 2234 2413 2288 si
2442 2249 2654 2304 semper
2690 2236 2887 2290 animai
2930 2238 3181 2307 persistat
3226 2240 3278 2293 in
3320 2254 3504 2310 opere,

1922 2324 2150 2380 intentio
2190 2325 2578 2396 disruptionem
2615 2327 3077 2396 divulsionemque
3114 2330 3344 2399 partium
3386 2345 3508 2400 quae

1924 2416 2232 2484 tenduntur,
2258 2417 2455 2475 eliiciet
2481 2436 2493 2471 :
2519 2421 2776 2475 continua
2802 2435 3016 2491 quoque
3038 2437 3325 2494 carporum
3354 2424 3509 2493 quies

1922 2507 2129 2563 ruinam
2168 2509 2457 2578 quamdam
2501 2511 2932 2580 soititionentque
2973 2520 3143 2567 status
3172 2514 3502 2583 operabitur.

1921 2598 1977 2653 lu
2011 2608 2255 2669 tempore
2283 2618 2412 2656 vero
2455 2601 2786 2658 moderatius
2835 2612 3121 2674 utrumque
3170 2613 3506 2675 perceptum,

1922 2688 2287 2744 fortitudinem
2317 2691 2382 2746 ad
2427 2692 2860 2760 permansionem
2907 2693 3221 2748 substantia:
3267 2709 3508 2749 commo-

1920 2777 2090 2845 dabit,
2138 2794 2259 2848 qute
2295 2795 2393 2850 per
2432 2781 2745 2835 continuum
2785 2782 2851 2836 ad
2901 2782 3174 2837 contraria
3225 2782 3507 2837 transitum

1926 2871 2176 2942 utrinque
2206 2871 2509 2928 alternante
2553 2874 2655 2928 sibi
2696 2874 3035 2930 successione
3083 2883 3384 2946 reparatur.
3418 2873 3509 2930 Sic

1919 2976 2051 3031 ergo
2094 2964 2560 3033 opportunitatem
2610 2966 2805 3034 quietis
2835 2973 2991 3020 nacta
3038 2974 3246 3033 natura,
3290 2967 3505 3022 distenti

1920 3056 2117 3124 vigiliis
2145 3057 2389 3126 corporis
2438 3058 2709 3129 excogitat
2751 3058 2980 3131 qualiter
3018 3058 3197 3116 robori
3223 3060 3508 3116 subveniat

219 3160 417 3204 utrum
447 3152 500 3204 in
530 3149 707 3220 aliqua
731 3160 884 3222 parte
912 3152 1277 3209 membrorum
1305 3152 1681 3209 intellectualis
1712 3152 1822 3209 vir»
1849 3156 1894 3221 C
1927 3164 2023 3221 per
2069 3164 2318 3223 soporem
2339 3194 2353 3218 ,
2400 3162 2455 3209 et
2501 3158 2744 3209 sensibus
2791 3156 2857 3209 ab
2906 3156 3219 3225 operatione
3264 3158 3503 3219 semotis,

218 3248 308 3296 tus
337 3242 527 3295 locata
552 3243 643 3307 sit,
673 3254 765 3297 aut
798 3260 897 3313 per
933 3260 1122 3299 omnes
1161 3255 1311 3300 artus
1340 3260 1490 3315 requa
1521 3247 1676 3302 lance
1712 3249 1821 3303 dis-

216 3340 438 3387 currat.
481 3332 573 3387 liis
621 3334 764 3388 enim
792 3336 884 3404 qui
926 3341 1163 3390 mentem
1206 3338 1288 3407 (ut
1324 3338 1572 3407 superius
1620 3338 1821 3393 dictum

215 3426 328 3494 est)
382 3424 649 3481 localibus
690 3426 971 3481 includunt
998 3428 1261 3498 partibus,
1294 3436 1349 3482 et
1382 3429 1450 3483 ad
1488 3429 1823 3484 demonstra.

221 3514 443 3566 tionem
466 3515 739 3583 opinionis
772 3531 883 3570 suae
907 3516 1202 3586 proferunt,
1230 3519 1374 3588 quod
1403 3533 1510 3572 non
1536 3533 1824 3589 prospere-

218 3611 309 3657 tur
338 3603 658 3659 intellectus
686 3606 878 3660 eorum
931 3607 1124 3676 quibus
1161 3617 1348 3663 contra
1388 3616 1633 3663 naturam
1674 3623 1825 3663 cerc-

218 3692 305 3748 bri
360 3694 679 3749 membrana
731 3705 986 3761 vexatur,
1051 3696 1285 3752 ostendit
1331 3699 1471 3753 ratio
1530 3699 1673 3768 quod
1725 3715 1824 3769 per

215 3800 429 3839 omnes
474 3795 653 3855 partes
694 3782 1434 3872 humanmyonﬁrmatienis,
1473 3791 1613 3846 sicut
1638 3799 1821 3861 aptum

212 3888 305 3932 est
340 3880 769 3949 unumquodque
815 3881 1149 3949 membrum,
1190 3884 1508 3939 naturaliter
1544 3892 1818 3953 operetur.

213 3968 499 4023 Similiter
520 3982 698 4025 autem
728 3973 808 4026 vis
833 3973 1027 4027 animus
1050 3982 1246 4043 praeter
1272 3974 1613 4030 efiicientiam
1643 3976 1819 4029 subsi-

209 4060 339 4122 stit,
380 4074 508 4112 cum
541 4061 715 4131 aliqua
741 4077 868 4132 pars
897 4064 1141 4132 corporis
1170 4063 1223 4117 in
1254 4073 1446 4118 natura
1477 4080 1585 4119 non
1612 4081 1823 4135 perma-

212 4159 339 4203 net.
380 4147 452 4201 Et
477 4160 694 4219 propter
721 4152 839 4207 Isaac
865 4152 1045 4208 oblata
1085 4163 1169 4209 est
1204 4156 1440 4209 sermoni
1485 4164 1669 4211 nosne
1698 4170 1823 4225 pro-

212 4240 420 4306 posita
441 4251 832 4310 consequenter
855 4244 1135 4313 inspectio,
1162 4260 1261 4314 per
1283 4260 1443 4314 quam
1469 4245 1739 4302 discamus
1770 4248 1823 4301 in

214 4328 481 4384 hominis
527 4335 960 4401 constructione,
1018 4350 1051 4390 a
1101 4336 1214 4392 Deo
1267 4337 1482 4406 quidem
1536 4338 1822 4407 gubernari

209 4435 514 4487 mentem,
547 4440 576 4477 a
603 4435 783 4483 mente
828 4442 957 4481 vero
1002 4429 1336 4483 materialem
1373 4428 1535 4483 vitam
1582 4439 1821 4485 nostram

1924 3242 2093 3297 otium
2127 3244 2192 3298 ad
2223 3252 2432 3315 tempus
2462 3246 2737 3318 impertit,
2770 3255 2824 3301 et
2847 3248 3009 3302 veluti
3040 3263 3206 3319 equos
3234 3255 3357 3319 post
3383 3264 3507 3303 cer-

1924 3336 2125 3390 tamina
2156 3337 2487 3408 sudoresque
2516 3354 2886 3411 compescens.
2919 3340 3231 3397 Necessaria
3259 3358 3388 3397 vero
3426 3352 3508 3396 est

1926 3426 2141 3496 corpori
2171 3428 2345 3495 quies,
2376 3437 2434 3482 ut
2462 3429 2579 3484 sine
2601 3430 2987 3501 impedimento
3017 3447 3230 3503 quoque
3259 3433 3409 3496 cibus
3455 3433 3505 3487 in

1924 3516 2105 3571 omnia
2127 3518 2364 3572 membra
2387 3533 2484 3588 per
2511 3521 2721 3576 occulta
2747 3521 2920 3577 eidem
2948 3523 3138 3577 itinera
3164 3522 3505 3587 dilfundatur,

1924 3606 2069 3662 nulla
2097 3606 2411 3663 intentionis
2440 3608 2596 3665 obice
2620 3610 2899 3665 meabilem
2926 3611 3288 3680 praecludente
3330 3621 3476 3666 trans

1924 3700 2198 3765 gressum.‘
2220 3698 2352 3753 Nam
2382 3699 2521 3753 sicut
2550 3715 2615 3754 ex
2647 3700 2817 3755 infusa
2874 3702 3129 3755 imbribus
3179 3711 3341 3769 terra,
3382 3717 3503 3756 cum

1925 3786 2089 3855 radiis
2136 3788 2266 3842 solis
2295 3788 2405 3843 fota
2438 3788 2615 3855 fuerit,
2642 3803 2869 3860 vapores
2894 3791 3107 3860 quidam
3134 3792 3414 3858 caiigioosi
3440 3793 3507 3845 de

1928 3875 2208 3945 profundis
2257 3878 2372 3947 ejus
2416 3880 2609 3933 finibus
2652 3880 3028 3948 extrahuntur,
3080 3881 3324 3936 similiter
3352 3891 3407 3936 et
3450 3884 3504 3936 in

1926 3978 2107 4023 nostra
2140 3968 2196 4023 lit
2221 3978 2361 4023 terra
2388 3988 2401 4022 :
2429 3985 2551 4024 cum
2583 3972 2733 4026 cibus
2763 3971 3082 4027 intrinsecus
3112 3974 3508 4042 congenitoque

1925 4061 2107 4115 calore
2133 4060 2474 4129 decoquitur,
2506 4074 2676 4132 vapor
2702 4063 2915 4132 quidam
2941 4064 3279 4129 naturaliter,
3303 4071 3509 4136 utpote

1926 4165 2137 4219 aereus,
2168 4152 2236 4207 ad
2272 4167 2504 4223 superna
2546 4153 2843 4221 contendit,
2895 4162 2949 4209 et
2986 4154 3151 4209 veluti
3198 4153 3373 4208 fumus
3410 4169 3509 4225 per

1926 4247 2089 4301 rimas
2140 4247 2358 4315 parietis
2404 4255 2693 4317 penetrans
2740 4248 2806 4301 ad
2854 4247 3045 4319 capitis
3084 4247 3199 4302 loca
3240 4248 3507 4317 pervenit,

1926 4336 2052 4391 inde
2096 4350 2193 4406 per
2239 4335 2413 4391 dictos
2462 4335 2701 4392 adnexus
2732 4338 2976 4392 sensibus
3021 4337 3321 4393 exbaiatur.
3354 4334 3511 4394 Unde

1928 4441 2150 4481 necesse
2170 4433 2271 4493 est,
2294 4434 2425 4482 tunc
2445 4442 2633 4483 sensus
2650 4428 2817 4483 otium
2840 4442 3026 4496 gerere
3047 4444 3308 4501 vaporum
3334 4438 3509 4485 trans-

209 4515 537 4579 coutineri,
570 4532 687 4570 cum
718 4517 772 4571 in
805 4528 992 4573 natura
1020 4520 1257 4588 persistit
1293 4537 1307 4571 :
1338 4520 1383 4575 si
1413 4535 1543 4575 vero
1572 4535 1603 4574 a
1632 4528 1821 4575 natura
1857 4530 1901 4586 ι)
1926 4520 2204 4586 gressione
2230 4518 2500 4574 detentos.
2534 4518 2689 4576 Oculi
2730 4521 2890 4589 sepiti
2931 4530 3079 4589 sunt,
3115 4530 3172 4577 et
3223 4522 3505 4594 palpebra-

202 4610 578 4669 discesserit.
608 4612 769 4665 etiam
801 4615 1190 4682 conparatione
1224 4615 1421 4669 mentis
1464 4628 1583 4670 eam
1622 4616 1825 4685 privari

205 4715 455 4754 necesse
484 4710 589 4755 est.
621 4700 724 4756 Sed
755 4712 1092 4758 revertamur
1115 4704 1302 4761 rursus
1330 4706 1470 4760 unde
1489 4705 1714 4775 digressi
1736 4723 1826 4762 su-

204 4806 382 4853 ms,
430 4791 582 4861 quod
625 4794 670 4848 si
721 4795 774 4848 in
818 4810 881 4850 ea
929 4810 1050 4863 qua:
1089 4811 1121 4851 a
1160 4798 1392 4852 naturali
1439 4801 1827 4857 constitutione

202 4883 457 4935 mnino
480 4884 788 4940 exorbitant
817 4901 912 4954 per
938 4886 1169 4957 aliquam
1203 4889 1524 4957 passionem,
1549 4894 1823 4961 proprium

203 4986 393 5025 noris
422 4982 608 5026 servet
642 4974 926 5041 effectum,
956 4984 1015 5031 et
1043 4977 1096 5031 in
1126 4977 1208 5031 his
1244 4977 1460 5047 quidem
1491 4994 1609 5049 qua:
1644 4981 1827 5050 vigent

202 5058 529 5114 incolumis
576 5073 782 5128 muniet,
830 5064 1004 5133 impos
1044 5078 1176 5119 vero
1222 5062 1282 5118 ﬁt
1329 5064 1384 5119 in
1434 5064 1516 5120 his
1557 5082 1677 5135 qua:
1716 5084 1822 5123 non

198 5157 448 5219 queunt
478 5150 584 5203 vim
614 5152 730 5219 ejus
756 5154 1088 5222 operationis
1116 5154 1386 5224 excipere.
1411 5153 1513 5209 Fas
1539 5165 1623 5211 est
1642 5164 1822 5211 autem

196 5250 265 5295 et
298 5255 389 5294 ex
418 5240 540 5294 aliis
568 5242 729 5295 rebus
767 5243 1136 5310 hujuscemodi
1166 5242 1430 5311 dogmatis
1457 5240 1671 5298 ﬁrmare
1696 5259 1825 5300 sen-

197 5332 466 5387 tentiam
501 5348 516 5383 :
547 5340 603 5387 et
633 5334 731 5388 nisi
759 5348 925 5402 grave
950 5350 1015 5389 ac
1041 5333 1326 5388 molestum
1353 5342 1460 5401 est,
1486 5334 1823 5404 presentiam

190 5424 510 5481 monis
547 5423 801 5494 fatigatus
837 5425 1001 5481 etiam
1038 5426 1107 5482 de
1149 5426 1234 5481 bis
1273 5426 1487 5496 paucis,
1516 5434 1573 5482 ut
1610 5434 1824 5497 potem,

191 5515 545 5588 explicabo.

832 5606 1064 5663 CAPUT
1102 5607 1242 5665 XIV.

226 5699 335 5757 De
369 5713 560 5752 unua
588 5707 640 5753 et
665 5700 989 5764 oscitatione,
1020 5708 1069 5753 et
1098 5700 1161 5753 de
1185 5700 1401 5755 somniis
1424 5700 1775 5754 ratiocinatio.

274 5790 611 5851 laurialis
652 5790 765 5848 htec
809 5800 865 5847 et
912 5789 1054 5845 ﬂuxa
1106 5792 1348 5862 corporis
1392 5791 1499 5846 vita
1529 5805 1743 5860 semper
1771 5792 1824 5845 in

1929 4623 2047 4663 rum
2070 4607 2395 4664 obductione
2418 4608 2579 4663 veluti
2602 4608 2832 4681 quodam
2860 4611 3186 4666 mechanica:
3206 4612 3334 4667 artis
3353 4627 3507 4682 teque

1930 4697 2169 4769 pondere
2210 4706 2569 4770 conteguntur
2619 4701 2797 4771 :ipsis
2853 4716 3069 4772 quoque
3121 4702 3407 4773 vaporibus
3455 4711 3505 4758 et

1932 4792 2148 4846 auditus
2175 4792 2490 4858 obstruitur,
2532 4801 2585 4846 et
2630 4793 2781 4862 quasi
2825 4795 3059 4864 quodam
3105 4795 3245 4850 ostio
3291 4795 3508 4849 auribus

1932 4880 2184 4950 imposito
2230 4893 2261 4934 a
2311 4896 2406 4936 sua
2455 4882 2684 4936 naturali
2732 4884 3045 4953 operatione
3091 4883 3328 4939 feriatur.
3385 4879 3511 4939 lino

1931 4979 2111 5027 autem
2161 4972 2284 5027 talis
2328 4974 2509 5043 passio
2558 4990 2781 5032 somnus
2833 4975 3048 5045 dicitur,
3096 4976 3409 5030 vacantibus
3457 4976 3507 5030 in

1928 5074 2161 5131 corpore
2198 5062 2462 5131 sensibus,
2513 5071 2568 5119 et
2605 5064 2759 5133 juxta
2810 5065 3105 5119 naturalem
3144 5070 3349 5119 motum
3377 5066 3511 5120 nihil

1931 5168 2151 5222 prorsus
2200 5155 2523 5223 agentibus,
2580 5162 2638 5209 ut
2689 5154 3015 5223 digestiones
3064 5170 3310 5210 escarum
3365 5157 3511 5213 exitu

1930 5242 2174 5300 faciliore
2194 5246 2529 5315 proveniant,
2556 5252 2611 5301 et
2635 5262 2761 5301 suos
2788 5254 2999 5300 meatus
3026 5245 3142 5317 ipsa
3163 5245 3511 5303 exhalatione

1930 5341 2321 5391 transcurrant.
2353 5335 2692 5407 Quapropter
2714 5337 2758 5392 si
2782 5344 3202 5406 coangustentur
3242 5337 3324 5393 bis
3349 5339 3513 5393 exha-

1930 5424 2221 5481 lationibus
2262 5440 2326 5481 ea
2369 5426 2486 5482 loca
2509 5440 2628 5496 qua:
2653 5428 2792 5483 circa
2822 5441 3011 5484 sensus
3036 5435 3180 5496 sunt,
3210 5438 3265 5482 et
3283 5428 3513 5497 quadam

1930 5530 2152 5572 somnus
2190 5519 2543 5587 occupatione
2594 5517 2849 5585 tardetur,
2880 5533 3079 5590 vapore
3124 5518 3510 5589 complentur:

1930 5618 1985 5664 et
2004 5612 2129 5680 quia
2156 5627 2222 5666 ex
2254 5614 2434 5669 nervis
2469 5622 2682 5670 constat
2709 5630 2828 5671 esse
2853 5618 3174 5688 composita,
3204 5624 3262 5671 ut
3286 5615 3412 5672 colli
3449 5632 3515 5671 ac

1932 5700 2159 5759 faucium
2207 5708 2526 5761 naturaliter
2570 5722 2638 5763 ex
2682 5724 2801 5765 sese
2844 5709 3159 5775 tenduntur,
3206 5708 3279 5762 ita
3320 5718 3377 5762 ut
3415 5722 3514 5776 per

1932 5791 2072 5847 hanc
2093 5793 2486 5863 extensionem,
2519 5798 2607 5855 illa
2629 5814 2747 5870 qua:
2777 5798 2984 5855 fuerant
3013 5812 3318 5868 compressa
3342 5810 3513 5864 vapo-
