3938 6196
428 374 530 428 567

1708 370 2057 425 DIONYSIUS
2095 370 2247 425 ΕΚΙο
2261 368 2406 424 lbe.

3586 365 3689 424 368

428 500 601 562 ribus,
650 500 953 558 tenuantur,
1010 498 1065 544 ut
1112 492 1223 546 lteri
1267 490 1409 546 solet
1454 491 1519 545 ab
1560 491 1663 546 bi!
1690 491 1781 559 qui
1828 499 2003 545 vestes
2037 489 2078 546 Α
2110 488 2274 540 satrix
2319 485 2405 538 illa
2442 483 2680 554 potentia
2731 481 2972 551 corporis
3022 481 3377 552 approbatur,
3422 483 3686 553 siquidem

429 590 624 644 ἰηῆμειδ
683 590 843 643 nimia
898 590 1299 658 compressione
1353 598 1667 658 torquentes
1719 589 2001 643 humorem

428 697 639 736 ontnem
691 682 933 734 nituntur
981 681 1313 750 exprimere;
1370 688 1425 736 et
1470 681 1595 749 quia
1649 686 1833 749 partes
1884 692 2002 747 quae

427 760 563 830 circa
593 772 773 829 fauces
802 782 945 838 sunt,
970 772 1313 829 rotundiores
1334 773 1600 837 videnlur,
1624 770 2004 838 abnndantque

424 866 619 930 nervis,
656 874 714 919 ut
754 865 953 919 dictum
986 872 1095 930 est,
1128 868 1169 919 si
1201 865 1416 934 quando
1445 862 1672 919 discindi
1704 862 1771 915 ab
1797 862 1880 915 his
1910 876 2003 913 va-

424 974 611 1027 porum
642 956 1047 1012 crassitudinem
1094 956 1365 1020 convenit,
1414 955 1537 1025 quia
1581 952 1908 1023 impossibile
1935 953 2003 1005 sit

421 1048 802 1103 rotunditatem
832 1056 1134 1117 porrectam
1157 1047 1386 1112 ostendi,
1407 1047 1507 1101 nisi
1538 1046 1588 1099 id
1609 1060 1706 1100 suo
1732 1044 2003 1099 schemate

423 1146 669 1209 peragat,
693 1138 891 1193 idcirco
916 1138 1138 1192 relictus
1168 1138 1221 1192 in
1251 1138 1570 1193 oscitatione
1599 1137 1818 1208 spiritus
1847 1149 2001 1188 men-

424 1242 534 1284 tum
563 1229 779 1299 quidem
810 1229 1063 1285 deorsum
1096 1230 1160 1283 ad
1185 1229 1346 1285 facies
1368 1230 1595 1300 quadam
1618 1228 2004 1283 concavatione

422 1320 706 1388 pertrahit,
736 1328 791 1375 et
819 1320 1027 1375 cunctis
1056 1320 1277 1375 interius
1307 1321 1359 1374 in
1401 1320 1532 1374 orbe
1571 1319 1873 1389 patefactis,
1906 1334 2003 1372 nn-

421 1412 552 1467 dosa
584 1411 673 1465 illa
698 1409 989 1479 spissitndo
1016 1426 1135 1480 quas
1160 1411 1212 1463 in
1241 1410 1371 1480 ipsis
1399 1411 1534 1465 locis
1580 1410 1848 1466 insederat
1896 1411 2002 1480 spi-

427 1506 535 1559 ritu
602 1502 941 1574 propellente
1005 1504 1271 1572 dirigitur.
1330 1501 1665 1571 Frequenter
1717 1512 1895 1555 autem
1948 1510 2003 1555 ct

426 1603 547 1663 post
575 1609 821 1649 somnum
862 1594 1016 1648 nobis
1063 1593 1289 1664 idipsum
1330 1593 1470 1647 solet
1498 1592 1758 1657 accidere,
1786 1607 1906 1646 cum
1935 1606 2003 1645 ex

426 1686 532 1741 illis
560 1686 850 1755 vaporibus
891 1684 1209 1753 indigestnm
1255 1683 1382 1755 quid
1424 1682 1586 1737 fuerit
1632 1682 1999 1737 subrelictum.

422 1774 499 1831 Ex
529 1776 611 1831 his
640 1777 820 1845 itaque
847 1776 1025 1831 causis
1054 1790 1157 1829 una
1185 1790 1335 1828 mens
1358 1773 1636 1829 evidenter
1681 1772 1998 1836 ostenditur,

2107 591 2257 629 mens
2306 576 2487 629 nsith
2532 575 2707 629 cibum
2755 573 3019 642 providet,
3061 586 3251 628 sensus
3298 580 3475 627 autem
3527 575 3686 628 sumit

2105 669 2246 737 quod
2296 668 2567 737 provisum
2618 676 2719 731 est,
2766 682 2826 720 ea
2883 681 3012 720 vero
3065 667 3308 736 corporis
3351 666 3520 720 virtus
3569 679 3686 735 quea

2105 758 2445 812 nutrimentis
2476 758 2731 825 invigilat,
2767 757 2983 827 proprie
3012 758 3109 811 sibi
3140 757 3281 828 quod
3312 756 3471 811 datur
3499 757 3687 828 aequi-

2104 847 2206 912 rit;
2240 848 2309 900 ita
2348 862 2443 917 per
2484 862 2728 900 somnum
2760 846 2937 900 ablato
2967 848 3156 901 harum
3186 848 3546 916 potentiarum
3588 862 3687 904 usu

2104 936 2502 1004 quodammodo
2532 943 2933 989 commutantur
2961 936 3013 990 in
3061 937 3234 1001 nobis,
3278 946 3332 991 et
3378 937 3586 992 obtinet
3635 937 3689 992 id

2103 1027 2246 1094 quod
2274 1012 2692 1080 irrationabilius
2713 1040 2834 1080 esse
2864 1027 3141 1095 probatur.
3188 1027 3426 1081 Aliorum
3465 1027 3687 1097 quidem

2103 1115 2390 1171 efficientia
2421 1116 2771 1186 conquiescit,
2801 1131 2905 1169 non
2937 1125 3117 1171 tamen
3147 1117 3367 1172 omnino
3407 1119 3687 1185 restringi-

2104 1212 2210 1259 tur.
2256 1204 2405 1259 Tune
2444 1206 2584 1259 enim
2613 1206 2694 1259 vis
2740 1204 2904 1259 animi
2949 1207 3037 1275 qui
3084 1208 3424 1263 nutrimentis
3468 1209 3685 1273 insistit,

2104 1296 2344 1364 quamvis
2372 1311 2470 1365 per
2506 1310 2756 1365 soporem
2803 1296 2870 1351 ad
2910 1296 3224 1365 digestionis
3252 1298 3540 1352 contendat
3568 1298 3687 1353 offi-

2103 1388 2243 1443 cium
2273 1401 2595 1455 omnemque
2625 1395 2869 1441 naturam
2899 1388 3001 1443 sibi
3032 1403 3222 1444 vacare
3253 1391 3541 1458 permittat.
3567 1391 3686 1446 Non

2104 1478 2245 1531 enim
2277 1477 2345 1531 ab
2375 1476 2479 1531 bac
2508 1477 2624 1546 ejus
2661 1479 2977 1547 operatione
3003 1480 3243 1548 potentia
3288 1480 3376 1533 illa
3422 1481 3686 1536 sensualis

2104 1568 2451 1636 abstrahitur,
2484 1583 2584 1622 nec
2611 1568 2751 1621 enim
2782 1568 2860 1622 fas
2887 1577 2973 1625 est
3000 1570 3143 1638 quod
3173 1570 3338 1624 semel
3370 1571 3687 1625 naturaliter

2104 1660 2310 1713 mitum
2335 1672 2438 1725 est,
2470 1660 2639 1728 possit
2667 1660 2867 1727 divelli,
2896 1662 2993 1715 sed
3021 1661 3327 1718 elucescere
3358 1679 3462 1717 non
3507 1673 3687 1734 potest

2104 1749 2219 1818 ejus
2247 1748 2489 1816 eli‘ectns,
2519 1751 2692 1804 somni
2723 1750 2832 1804 otio
2875 1751 3180 1820 impeditus.
3224 1750 3333 1807 Hac
3374 1754 3557 1823 itaque
3599 1769 3687 1808 ra~

426 1866 570 1936 quod
611 1839 815 1921 nam'm
860 1880 1163 1935 congruens
1191 1874 1351 1935 atque
1378 1864 1723 1919 consentiens
1762 1878 1879 1919 esse
1924 1864 2001 1916 ‘.i_
2036 1844 2077 1902 Β
2108 1840 2253 1936 tione
2280 1855 2401 1895 cum
2433 1855 2492 1896 se
2522 1855 2672 1894 mens
2698 1839 2766 1894 ad
2797 1840 3063 1936 sensibilis
3093 1842 3256 1896 animi
3285 1846 3516 1913 speciem
3557 1858 3683 1899 ver-

422 1959 614 2012 deatur
647 1976 659 2009 :
691 1956 819 2011 dum
862 1956 1117 2024 vigilante
1147 1955 1232 2008 illa
1264 1962 1319 2008 et
1344 1954 1457 2007 haec
1485 1968 1612 2007 suos
1632 1951 1851 2006 effectus
1875 1965 2002 2004 exe-

423 2056 529 2114 rat,
568 2048 804 2102 resoluta
845 2061 974 2100 vero
1018 2046 1070 2098 in
1099 2060 1348 2100 somnum
1378 2043 1538 2098 etiam
1567 2058 1722 2097 mens
1751 2042 2003 2113 persistat

426 2138 711 2193 immobilis
739 2155 750 2190 :
778 2137 878 2191 nisi
906 2135 1043 2190 forte
1070 2134 1476 2203 imaginationes
1497 2134 1828 2188 somniorum
1852 2146 2003 2185 meno

423 2230 490 2283 tis
520 2227 841 2295 agitationes
871 2240 989 2281 esse
1018 2225 1135 2294 quis
1156 2224 1403 2287 :cstimet,
1434 2237 1659 2291 eamque
1687 2229 2000 2291 operantem

420 2332 517 2386 per
541 2329 789 2385 soporem
819 2316 930 2369 suis
951 2314 1185 2368 motibus
1208 2313 1513 2367 arbitretur.
1538 2312 1644 2366 Nos
1668 2320 1846 2365 autem
1871 2326 2003 2365 con-

419 2413 626 2458 stanter
666 2405 956 2459 asserimus
998 2417 1118 2457 eam
1158 2402 1330 2456 solam
1361 2401 1627 2454 actionem
1668 2399 1736 2453 ad
1766 2407 2001 2453 mentem

419 2493 781 2556 referendam,
811 2506 930 2560 qua:
957 2490 1220 2559 sapientia
1247 2490 1580 2559 consilioque
1607 2488 1896 2558 perﬁcitur.
1926 2487 1999 2543 Ea

421 2596 552 2637 vero
590 2596 710 2650 qua:
756 2596 853 2650 per
895 2595 1141 2634 somnum
1173 2580 1606 2648 phantasmatum
1650 2578 2000 2633 deliramenta

423 2673 764 2741 proveniunt,
797 2670 1207 2738 imaginationes
1236 2670 1494 2738 quasdam
1521 2669 1823 2725 ellicientia:
1853 2686 2002 2723 nien-

422 2765 491 2819 tis
536 2763 848 2832 opinamur,
897 2775 1030 2829 quas
1071 2760 1453 2814 irrationabilis
1497 2774 1621 2829 pars
1667 2761 1859 2813 animae
1906 2775 2003 2828 per

422 2853 720 2909 accidentia
748 2867 974 2922 quaeque
1004 2850 1282 2918 contingit.
1326 2850 1516 2904 Anima
1544 2850 1743 2919 quippe
1772 2865 1800 2903 a
1830 2851 2002 2904 sensi-

422 2945 523 2999 bus
568 2950 790 2997 avocata
840 2955 937 3010 per
982 2955 1252 3007 somnum,
1308 2954 1528 2995 necesse
1575 2948 1658 2994 est
1703 2948 1764 2992 nt
1808 2940 2002 2993 mentis

420 3047 637 3101 quoque
667 3030 903 3101 privetur
926 3027 1139 3083 effectu.
1177 3028 1279 3082 Per
1308 3044 1498 3084 sensus
1538 3030 1681 3083 enim
1716 3029 1783 3083 ad
1828 3029 2003 3083 homi-

422 3139 543 3179 nem
585 3119 982 3191 quodammodo
1027 3121 1267 3175 reversio
1314 3121 1508 3174 mentis
1532 3119 1780 3185 eflicitur,
1811 3120 2002 3189 quibus

2109 1931 2191 1995 tit,
2225 1944 2560 2000 consequens
2600 1939 2682 1985 est
2725 1946 2846 1985 eum
2885 1931 2971 1986 hic
3018 1941 3283 1999 movetur,
3315 1933 3391 1987 uti
3438 1942 3497 1987 et
3539 1934 3686 1988 illam

2104 2022 2343 2076 dicamus
2371 2022 2574 2076 moveri
2604 2022 2821 2090 pariter,
2846 2031 3039 2076 etcum
3069 2023 3318 2090 quiescit,
3345 2023 3503 2079 simili
3524 2024 3686 2079 modo

2103 2111 2405 2179 quiescere.
2457 2109 2919 2177 Quemadmodum
2968 2126 3099 2165 vero
3148 2112 3291 2166 circa
3341 2114 3516 2181 ignem
3571 2115 3686 2167 haec

2106 2201 2219 2257 ﬁeri
2269 2202 2513 2257 naturale
2558 2210 2659 2269 est,
2708 2211 2769 2256 ut
2814 2217 2936 2257 cum
2986 2202 3152 2271 paleis
3196 2202 3429 2272 undique
3468 2206 3681 2272 tegitur,

2104 2293 2360 2362 nulloque
2404 2292 2673 2363 spiraculo
2717 2293 3023 2358 suscitatur,
3056 2308 3155 2347 nec
3186 2294 3385 2348 circum
3426 2303 3569 2348 tecta
3600 2296 3688 2349 de-

2106 2388 2305 2448 pascat,
2361 2395 2459 2435 nec
2506 2379 2721 2449 penitus
2769 2379 3167 2447 exstinguatnr,
3216 2381 3310 2434 sed
3341 2396 3439 2451 pro
3470 2381 3685 2437 ﬂamma

2103 2469 2318 2537 quidem
2348 2468 2523 2524 fumus
2545 2476 2816 2537 exsurgat,
2840 2469 2985 2538 quod
3015 2470 3059 2523 si
3084 2471 3354 2538 paululum
3379 2480 3687 2527 commotus

2105 2560 2289 2624 fuerit,
2338 2559 2481 2614 illico
2512 2557 2688 2613 fumus
2715 2559 2983 2614 excitatur
3018 2560 3070 2612 in
3096 2557 3362 2615 flammam
3395 2580 3406 2614 :
3440 2562 3687 2617 similiter

2102 2658 2156 2704 et
2184 2665 2336 2704 mens
2365 2649 2479 2703 otio
2510 2664 2765 2703 sensuum
2796 2656 3039 2716 tempore
3068 2651 3278 2717 soporis
3304 2651 3539 2715 obtecta,
3582 2667 3684 2705 nec

2103 2741 2316 2794 elucere
2346 2753 2442 2808 per
2497 2754 2593 2793 eos
2644 2745 2843 2806 potest,
2884 2752 2985 2793 nec
3030 2753 3251 2806 prorsus
3292 2739 3558 2810 intercipi,
3588 2741 3685 2796 sed

2103 2830 2269 2884 instar
2288 2828 2480 2883 summi
2502 2828 2711 2883 videtur
2732 2827 2966 2896 operari,
2986 2828 3037 2881 in
3061 2827 3239 2897 aliquo
3260 2828 3473 2896 quidem
3499 2842 3682 2898 egens,

2104 2923 2155 2977 in
2186 2922 2366 2990 aliquo
2398 2936 2525 2975 vero
2554 2921 2852 2990 przevalens
2885 2938 2897 2972 :
2930 2928 2985 2974 et
3012 2920 3152 2974 sicut
3203 2920 3469 2988 quispiam
3518 2922 3686 2977 musi-

2102 3027 2217 3078 cus,
2249 3010 2496 3065 resolutis
2528 3010 2654 3081 lyrze
2687 3010 2933 3075 nexibus,
2964 3009 3012 3064 si
3041 3009 3303 3079 plectrum
3318 3010 3539 3066 chordis
3560 3010 3683 3078 inji-

2102 3103 2229 3169 ciat,
2271 3117 2378 3155 non
2426 3101 2477 3156 ei
2526 3100 2820 3155 modulatio
2863 3108 3236 3170 competenter
3278 3102 3514 3155 occurrit
3561 3102 3687 3173 (nec

420 3213 732 3269 vacantibus
762 3220 817 3265 et
844 3211 1250 3278 intelligentiam
1289 3226 1507 3265 necesse
1528 3218 1608 3264 est
1630 3210 1787 3264 otiari
1813 3229 1825 3263 :
1854 3210 2004 3279 cujus

2110 3192 2254 3247 enim
2301 3199 2579 3246 extentum
2623 3191 2767 3261 quod
2817 3206 2922 3246 non
2952 3200 3036 3246 est
3080 3200 3203 3261 apte
3242 3192 3558 3264 resonabit),
3590 3194 3685 3248 sed

422 3304 496 3357 rei
528 3307 898 3371 argumentum
949 3310 1052 3367 est,
1107 3302 1252 3370 quod
1301 3300 1608 3371 frequenter
1655 3302 2000 3371 ineptissimis

421 3403 583 3462 atque
611 3391 913 3445 vanissimis
945 3391 1130 3445 formis
1157 3390 1484 3445 dormientes
1514 3389 1787 3451 illudimur
1812 3408 1823 3442 :
1857 3390 2001 3459 quod

424 3498 761 3554 nequaquam
793 3478 963 3547 lieret,
1009 3482 1053 3535 si
1096 3481 1320 3537 consilio
1348 3488 1475 3536 tunc
1503 3482 1679 3535 anima
1709 3488 1763 3536 et
1792 3483 2003 3537 ratione

424 3582 717 3643 regeretur.
772 3570 877 3627 Sed
929 3573 1059 3625 mihi
1108 3571 1336 3636 videtur,
1390 3588 1510 3627 cum
1558 3573 1873 3640 pnesentior
1922 3575 2002 3627 vis

421 3665 633 3729 animae,
660 3663 709 3717 id
738 3670 820 3718 est
849 3662 1132 3718 cllicientia
1166 3664 1360 3717 mentis
1381 3671 1434 3716 et
1461 3678 1714 3717 sensuum
1744 3665 2000 3733 conquie-

421 3756 540 3820 scit,
576 3753 719 3807 illam
752 3753 1120 3808 tantummodo
1149 3762 1356 3823 partem
1387 3754 1506 3824 ejus
1535 3754 1587 3808 in
1617 3755 1841 3810 somniis
1867 3770 2000 3824 ope-

422 3845 549 3906 rari.
593 3858 712 3913 qua:
763 3843 1088 3898 nutrimenta
1132 3846 1570 3912 incrementaque
1613 3845 1905 3913 dispensat.
1946 3844 2003 3899 Si

419 3944 601 3991 autem
628 3935 731 3990 hoc
763 3934 832 3990 ita
864 3943 966 3995 est.
999 3936 1207 3991 somnia
1234 3951 1353 4006 qua:
1393 3936 1526 3990 ﬁunt
1563 3945 1618 3990 et
1663 3936 2004 4005 imaginatio-

416 4042 517 4080 nes
546 4025 790 4081 sensibus
814 4033 870 4080 et
913 4026 1276 4094 intelligentize
1312 4035 1671 4096 congruentes
1709 4027 1813 4082 hac
1842 4028 2002 4082 nimi-

418 4132 540 4170 rum
571 4131 732 4171 causa
761 4116 1097 4184 contingunt.
1133 4116 1473 4186 Quzecnnque
1500 4118 1657 4172 nobis
1685 4133 1783 4187 per
1811 4119 2004 4173 animus

423 4214 648 4273 partem,
683 4204 733 4256 in
761 4218 865 4272 qua
898 4205 1154 4257 memoria
1202 4207 1369 4273 viget,
1416 4207 1673 4274 impressa
1715 4215 1858 4271 sunt,
1892 4208 2007 4265 haec

423 4293 631 4358 eadem,
678 4301 733 4347 ut
778 4308 898 4347 sors
949 4294 1207 4357 attulerit,
1256 4295 1421 4350 veluti
1462 4297 1636 4366 pietas
1685 4298 1795 4353 oris
1840 4314 2007 4368 opere

426 4383 743 4449 formantur,
777 4379 1093 4451 ﬁguratione
1122 4383 1353 4452 quadam
1389 4384 1590 4454 jugiter
1615 4387 1922 4443 adhaerente
1950 4389 2004 4444 in

430 4475 529 4523 hac
549 4472 729 4540 specie
756 4472 945 4526 anima:
973 4487 1079 4543 qua
1107 4475 1367 4530 memoria
1393 4478 1718 4533 continetur.
1765 4477 1860 4535 llis
1898 4481 2003 4535 ita-

2106 3283 2424 3353 plerumque
2468 3298 2658 3338 manus
2702 3283 2993 3338 artiﬁciose
3038 3292 3303 3348 movetur,
3336 3284 3538 3339 ducens
3567 3284 3685 3355 ple-

2104 3381 2275 3428 ctrum
2305 3373 2371 3426 ad
2393 3372 2593 3428 locales
2620 3374 2916 3443 positiones
2943 3360 3261 3430 accentuum
3278 3414 3293 3441 ,
3323 3390 3486 3430 sonus
3505 3384 3686 3433 autem

2103 3485 2213 3525 non
2258 3467 2490 3523 efficitur
2539 3468 2641 3523 nisi
2692 3468 3027 3524 inordinatus
3068 3484 3135 3523 ex
3184 3479 3331 3524 motu
3361 3471 3688 3526 chordarum

2103 3575 2221 3629 qua:
2252 3567 2442 3614 vocant
2468 3558 2639 3615 Grzeei
2664 3560 2883 3631 βόμϐονς
2914 3561 2985 3615 ita
3014 3575 3112 3629 per
3138 3575 3383 3615 somnum
3433 3562 3691 3618 naturali-

2104 3652 2203 3707 bus
2233 3667 2486 3707 sensuum
2516 3652 2771 3707 membris
2793 3652 3061 3725 resolutis,
3092 3662 3184 3707 ant
3210 3655 3430 3709 omnino
3458 3656 3689 3725 quiescit

2103 3742 2299 3798 artifex
2326 3743 2557 3811 animus,
2583 3744 2629 3797 si
2654 3758 2851 3813 corpus
2896 3744 3056 3797 nimia
3088 3746 3419 3814 plenitudine
3450 3762 3686 3816 przrgra-

2104 3842 2283 3897 vetnr,
2314 3840 2407 3887 aut
2433 3841 2580 3888 certe
2611 3833 2913 3902 languidius
2951 3841 3006 3909 et
3049 3835 3330 3891 obscurius
3352 3840 3685 3906 operabitnr,

2105 3942 2227 3983 cum
2256 3926 2363 3981 hoc
2390 3939 2651 3993 organum
2692 3926 2942 3981 sensuale
2969 3927 3278 3994 diligentius
3303 3937 3472 3982 artem
3502 3931 3689 4000 nequit

2104 4018 2375 4087 excipere.
2432 4015 2771 4086 Quapropter
2819 4015 2874 4069 in
2922 4017 3126 4070 somnis
3168 4018 3425 4071 memoria
3467 4019 3687 4086 quidem

2106 4106 2356 4170 confusa,
2405 4105 2739 4176 praescientia
2789 4119 2916 4160 vero
2961 4106 3277 4175 quibusdam
3333 4108 3687 4163 velaminibns

2107 4197 2317 4259 obruta,
2350 4202 2545 4264 prteter
2572 4201 2755 4250 votum
2784 4208 2851 4249 ac
2884 4193 3120 4249 studium
3148 4196 3408 4264 quasdam
3438 4199 3690 4267 specula-

2108 4296 2193 4342 tur
2240 4287 2518 4355 imagines,
2568 4294 2625 4341 et
2671 4286 2870 4357 aliquid
2915 4302 3100 4341 eorum
3138 4303 3521 4357 nonnunquam
3568 4306 3692 4360 qua:

2107 4388 2232 4435 sunt
2257 4387 2482 4434 ventura
2509 4380 2848 4448 praenuntiat.
2882 4379 3012 4433 Nam
3063 4396 3158 4449 per
3199 4381 3549 4436 subtilitatem
3592 4398 3690 4436 na-

2110 4481 2243 4527 tura:
2272 4471 2390 4542 plus
2417 4471 2617 4540 aliquid
2647 4471 2808 4526 habet
2835 4487 2996 4540 quam
3026 4473 3270 4541 corporis
3300 4472 3598 4528 crassitudo
3621 4475 3690 4527 ad

427 4576 534 4629 quc
564 4560 857 4630 phantasiis
883 4562 1046 4616 homo
1073 4562 1361 4632 deluditur,
1393 4582 1501 4621 non
1530 4568 1755 4637 alicujus
1803 4568 2008 4625 ordinis
2036 4569 2082 4628 Ι)
2116 4562 2528 4633 conlemplanda
2581 4577 2646 4617 ea
2697 4578 2815 4632 qum
2860 4562 3109 4617 Videntur
3145 4564 3423 4628 accedere.
3452 4564 3690 4619 SCd'HOlI

434 4650 647 4704 tramite
694 4650 758 4704 ad
799 4666 986 4705 eorum
1027 4668 1147 4723 qum
1176 4664 1439 4724 apparent
1462 4658 1723 4713 visionem
1767 4660 2006 4716 collocu-

430 4742 738 4810 tionemque
777 4741 1083 4811 productus,
1117 4744 1211 4798 sed
1254 4746 1436 4801 mixtis
1460 4748 1776 4816 quibusdam
1818 4757 1874 4805 et
1919 4751 2005 4805 iu-

439 4833 893 4903 consequentibus
938 4834 1190 4889 seductus
1229 4837 1524 4892 erroribus.
1574 4838 1726 4893 Sicut
1768 4839 1912 4893 enim
1955 4842 2006 4894 in

431 4939 600 4995 opere
650 4925 921 4995 corporali
977 4924 1265 4995 unicuique
1319 4928 1562 4983 membro
1612 4931 1830 5001 preprie
1879 4932 2008 4999 quid

427 5017 575 5084 juxta
624 5015 729 5071 vim
776 5017 876 5071 sibi
926 5015 1241 5071 naturaliter
1279 5018 1491 5072 insitam
1523 5021 1814 5088 peragenti,
1846 5022 2007 5077 etiam

430 5110 760 5176 quiescentis
790 5107 1011 5163 membri
1042 5108 1261 5178 quidam
1291 5125 1587 5166 consensus
1616 5113 2015 5180 cooperationis

432 5199 658 5265 accedit,
699 5198 889 5253 eadem
924 5197 1146 5252 rationis
1172 5200 1553 5269 consequentia
1574 5199 1642 5254 de
1667 5200 1842 5256 anima
1871 5214 2010 5269 quo-

433 5303 537 5357 que
564 5289 900 5343 sentiendum
922 5298 1021 5343 est.
1049 5288 1182 5343 Nam
1211 5306 1329 5344 cum
1357 5291 1607 5359 quiddam
1628 5289 1744 5359 ejus
1763 5291 2007 5359 quiescit,

434 5378 687 5448 quiddam
711 5395 837 5435 vero
870 5389 1143 5446 movetur,
1175 5390 1344 5436 totum
1374 5382 1513 5453 parti
1546 5383 1855 5439 necessario
1882 5397 2013 5437 con-

434 5470 621 5537 sentit,
667 5472 789 5539 quia
837 5488 935 5526 nee
979 5474 1231 5543 possibile
1279 5483 1360 5528 est
1410 5476 1671 5529 unitatem
1710 5475 2006 5530 naturalem

437 5572 563 5617 tunc
603 5577 759 5631 posse
807 5560 990 5625 dividi,
1040 5566 1139 5617 etsi
1189 5580 1311 5634 pars
1359 5566 1601 5633 qumdam
1650 5566 2010 5635 potentiarum

437 5655 553 5721 ejus
599 5653 650 5706 in
705 5652 1021 5721 operatione
1071 5655 1340 5721 persistat.
1400 5656 1506 5711 Sed
1559 5653 2051 5724 quemadmodunr

428 5745 777 5817 aigilantibus
825 5751 879 5797 et
922 5742 1286 5811 satagentibns
1331 5745 1538 5799 obtinet
1573 5745 1785 5813 quidem
1836 5760 2005 5807 mens,

426 5845 593 5913 eique
618 5851 805 5891 sensus
830 5834 1157 5902 obsequitur,
1189 5854 1283 5892 nec
1305 5839 1378 5891 eis
1405 5847 1578 5891 tamen
1605 5837 1787 5892 adesse
1810 5836 2017 5905 dispen-

2116 4663 2295 4726 potest
2324 4665 2474 4711 recto
2504 4656 2696 4710 ordine
2726 4653 2900 4710 futura
2929 4671 3197 4722 reserare,
3242 4658 3365 4725 quia
3410 4672 3509 4712 nec
3559 4672 3687 4726 per-

2113 4749 2295 4816 spicua
2323 4756 2378 4802 et
2406 4747 2685 4802 manifesta
2715 4747 2957 4802 doctrina
2988 4750 3306 4818 proponitur
3343 4764 3528 4803 eorum
3570 4763 3691 4819 quas

2115 4837 2167 4891 in
2199 4837 2403 4891 somnis
2432 4837 2634 4904 digesta
2665 4845 2976 4891 cernuntur.
3004 4837 3110 4891 Sed
3139 4836 3396 4906 quidquid
3426 4837 3551 4891 illud
3583 4844 3689 4899 est,

2116 4927 2363 4994 ambigua
2393 4925 2556 4980 futuri
2586 4927 2645 4981 lit
2670 4927 3033 4993 denuntiatio,
3066 4929 3209 4997 quod
3235 4928 3459 4996 mnigma
3496 4939 3698 4982 vocant

2115 5019 2205 5087 qui
2230 5019 2477 5073 videntur
2503 5019 2603 5073 ista
2631 5018 2954 5082 discernere,
2987 5019 3149 5087 quod,
3195 5020 3241 5073 si
3282 5016 3425 5074 aliud
3454 5028 3701 5074 ostentet

2116 5110 2167 5162 in
2190 5108 2395 5174 verbis,
2426 5108 2566 5162 aliud
2597 5109 2649 5161 in
2690 5109 3047 5165 intellectibus
3077 5106 3282 5164 afferat.
3315 5108 3405 5163 Sic
3434 5110 3698 5179 pinccrna

2116 5199 2410 5255 Pharaonis
2454 5199 2667 5253 botrunt
2717 5200 2912 5266 premit
2954 5200 3005 5252 in
3050 5208 3264 5269 patera,
3315 5201 3393 5254 sic
3433 5214 3600 5269 panes
3640 5201 3699 5253 in

2115 5295 2349 5349 canistro
2377 5290 2518 5346 ferre
2547 5292 2717 5360 pistor
2746 5291 3087 5359 imaginatur,
3121 5300 3347 5361 uterque
3374 5291 3517 5345 enim
3540 5290 3701 5359 juxta

2115 5382 2346 5437 studium
2374 5381 2516 5450 quod
2544 5380 2784 5435 exercuit
2811 5396 2871 5435 se
2910 5380 2962 5434 in
3003 5381 3207 5436 somnis
3257 5395 3377 5435 esse
3426 5380 3696 5450 pervidet.

2120 5473 2409 5527 Solitarum
2464 5486 2694 5539 namque
2743 5471 2938 5525 artium
2993 5472 3402 5525 simulacrorum
3450 5471 3504 5526 in
3560 5486 3703 5541 prte-

2122 5562 2343 5617 scientia
2374 5561 2567 5615 mentis
2606 5560 2863 5628 impressa
2892 5576 2987 5629 per
3016 5576 3176 5615 omne
3207 5560 3519 5614 vaticinium
3563 5574 3705 5630 pne-
3758 5560 3779 5579 ⁸

2122 5652 2223 5706 dici
2263 5668 2383 5721 quae
2424 5659 2647 5703 ventura
2679 5648 2889 5704 fuerant
2917 5652 3297 5721 praestiterunt.
3331 5650 3486 5716 Quod
3517 5661 3700 5705 autem

2126 5744 2307 5797 Daniel
2338 5753 2391 5796 et
2418 5742 2614 5811 Joseph
2641 5757 2937 5810 eorumque
2966 5743 3271 5797 consimiles
3299 5742 3474 5796 divina
3503 5744 3704 5796 virtute

2127 5834 2280 5889 nullis
2338 5832 2531 5887 turbati
2579 5831 2823 5887 sensibus
2874 5832 2937 5886 ad
2988 5832 3289 5887 futurorum
3342 5832 3703 5886 informantur
