3916 6202
219 345 316 401 569

1007 341 1184 397 LIBRI
1226 342 1312 396 DE
1354 340 1746 398 CREATIUML'
1789 340 2064 399 HOMIle
2102 345 2212 400 [NT
2218 343 2490 400 ειιιηςεϊ
2497 343 2583 397 ΛΤ
2592 343 2670 399 10.

3378 347 3481 403 570

219 459 505 522 dentiam,
536 457 667 512 nihil
693 457 800 512 hoc
825 457 894 512 ad
924 471 1242 527 praesentem
1285 468 1518 530 pertinet
1545 465 1796 527 quaistio-
1829 459 1867 514 Α
1901 466 2200 526 stomactio,
2227 473 2280 518 et
2309 463 2424 518 alia:
2453 465 2660 520 cerebri
2691 466 2940 535 passione
2969 466 3193 532 vexatis,
3217 467 3300 524 his
3320 468 3483 522 etiam

217 570 351 619 nem,
398 551 523 621 quia
579 566 686 605 non
743 550 861 606 bzcc
908 553 1138 620 quisque
1194 552 1407 620 sapiens
1459 551 1792 606 somniorum

216 647 491 720 generibus
513 646 781 716 imputare
810 645 1002 709 debet,
1051 646 1290 716 alioquin
1335 655 1392 701 et
1420 647 1536 702 illas
1565 647 1797 702 visiones

215 755 327 811 qua
376 738 631 793 divinitus
685 737 1030 806 vigilantibus
1082 738 1365 804 accidunt,
1399 754 1504 792 non
1561 753 1793 808 superna

217 833 542 895 visitatione,
577 831 670 886 sed
701 841 911 886 natura
954 831 1345 901 consequentia
1379 840 1575 903 Sponte
1604 847 1702 886 sua
1742 830 1794 884 id

218 935 462 995 operante
486 925 694 995 putabit
721 938 880 994 posse
904 924 1236 991 contingere.
1265 925 1418 980 Sicut
1437 938 1566 992 ergo
1585 924 1794 980 cunctis

218 1018 509 1072 hominibus
543 1015 696 1086 juxta
738 1031 895 1070 suum
935 1030 1055 1070 sese
1093 1015 1497 1070 moderantibus
1535 1016 1790 1080 animum,

215 1106 418 1175 quidam
451 1118 579 1161 sunt
605 1107 696 1176 qui
725 1105 903 1160 divina
936 1107 1190 1161 illustrari
1221 1106 1658 1162 confabulatione
1689 1121 1797 1160 me-

216 1209 441 1260 reantur,
496 1198 570 1252 ita
619 1190 978 1252 communiter
1024 1197 1319 1253 secundum
1350 1206 1598 1252 naturam
1640 1196 1794 1251 nobis

212 1306 266 1345 ac
285 1292 537 1346 similiter
563 1291 897 1346 somniorum
921 1291 1218 1361 pbantasiis
1233 1291 1618 1354 accidentibus,
1652 1307 1789 1346 tzou-

213 1383 327 1437 nulli
349 1399 452 1453 per
478 1398 732 1453 soporem
760 1381 953 1437 divinae
974 1381 1251 1449 cujusdam
1281 1381 1570 1452 participes
1594 1381 1796 1436 revela-

211 1477 359 1532 tionis
396 1478 671 1542 existunt,
713 1477 1032 1546 eaiterisque
1068 1477 1318 1532 omnibus
1358 1482 1412 1530 et
1439 1475 1485 1530 si
1515 1475 1693 1544 aliqua
1734 1489 1793 1528 re

209 1586 294 1640 per
319 1570 590 1624 somnium
618 1570 956 1640 prmscientia
999 1569 1254 1637 gignitur,
1295 1568 1445 1637 juxta
1479 1565 1791 1636 prredietum

208 1663 432 1732 gignitur
473 1664 712 1717 modum.
745 1662 801 1718 Si
833 1679 962 1718 vero
993 1663 1281 1734 {Egyptius
1311 1662 1398 1716 ille
1426 1661 1513 1716 vel
1545 1661 1792 1733 Assyrius

208 1762 458 1824 tyrannus
489 1754 553 1807 ad
585 1755 868 1810 scientiam
900 1754 1205 1809 futurorum“
1232 1771 1328 1825 per
1357 1755 1567 1810 somnia
1595 1754 1790 1810 divini-

1896 552 1988 619 qui
2016 552 2164 608 febre
2194 554 2442 609 laborant
2473 555 2612 624 aliae,
2643 565 2696 611 et
2725 557 2840 612 alite
2867 557 2958 628 qui
3001 572 3069 612 ex
3098 557 3316 613 cholera
3343 559 3484 628 peris

1896 641 2153 698 elitantur
2200 653 2256 699 et
2307 646 2575 716 tlegmate.
2629 646 2868 717 Itemque
2919 647 3207 704 dissimiles
3255 649 3340 706 his
3390 648 3484 719 qui

1896 733 2228 802 plenitudine
2257 745 2312 791 et
2339 738 2598 794 inanitate
2617 738 2962 795 decumbuut.
2993 740 3070 794 Ex
3094 741 3287 812 quibus
3307 743 3486 813 possi-

1897 825 2002 880 bile
2029 835 2112 882 est
2140 829 2570 885 animadvertere
2599 831 2744 902 quod
2771 832 2860 886 illa
2889 832 2970 887 vis
2995 834 3184 888 anima:
3206 849 3301 903 per
3320 849 3481 904 quam

1898 919 2224 974 nutrimenta
2264 922 2420 977 nobis
2461 923 2898 994 incrementaque
2925 927 3262 996 contingunt,
3289 929 3487 984 habeat

1895 1009 2129 1080 aliquam
2161 1012 2539 1069 intellectualis
2568 1016 2644 1069 rei
2679 1017 3013 1085 particulam,
3046 1034 3150 1088 qua
3185 1019 3285 1076 sibi
3311 1021 3486 1076 see-ie—

1897 1111 2007 1157 tate
2037 1113 2340 1160 consertam
2361 1146 2375 1172 ,
2406 1106 2532 1161 dum
2579 1108 2810 1178 qualitas
2839 1109 3158 1167 affectionis
3210 1129 3486 1183 corporea)

1895 1193 2300 1250 similitudinem
2330 1197 2728 1266 quodammodo
2771 1201 3041 1270 prieferat,
3085 1201 3486 1275 juxtamassio-

1894 1299 2017 1338 nem
2039 1300 2160 1354 quae
2189 1287 2397 1342 obtinet
2427 1289 2865 1360 imaginationem
2889 1305 3297 1362 congruentem.
3321 1294 3482 1352 Item-

1895 1394 1998 1448 que
2057 1381 2240 1437 multis
2288 1383 2450 1437 etiam
2499 1386 2793 1444 secundum
2847 1405 3061 1444 morum
3117 1390 3482 1448 diversitatem

1894 1474 2227 1528 somniorum
2275 1491 2492 1548 quoque
2539 1480 2654 1535 visa
2705 1480 3023 1537 formantur.
3082 1482 3196 1537 Alia
3255 1499 3486 1553 namque

1895 1573 2017 1617 sunt
2049 1564 2147 1618 viri
2180 1566 2353 1629 fortis,
2389 1569 2490 1623 alia
2521 1571 2846 1635 meticulosi,
2877 1573 2981 1627 alia
3004 1557 3284 1641 luxuriosi,
3310 1584 3362 1630 et
3383 1558 3486 1630 alia

1894 1655 2246 1721 continentis;
2293 1658 2411 1712 aliis
2457 1659 2637 1730 largus
2679 1669 2733 1716 et
2773 1663 2891 1718 aliis
2934 1680 3129 1720 avarus
3168 1667 3490 1735 imaginibus

1898 1743 2177 1799 illuditur:
2213 1763 2472 1818 nusquam
2504 1766 2632 1806 vero
2680 1753 2733 1806 iu
2783 1753 2864 1812 his
2895 1755 3244 1825 intelligentia
3295 1760 3488 1812 utentis

207 1854 285 1900 tus
323 1847 685 1909 instruuntur,
739 1846 885 1900 aliud
937 1846 1191 1914 quiddam
1241 1855 1324 1901 est
1370 1845 1514 1915 quod
1559 1861 1657 1915 per
1701 1860 1797 1899 eos
1831 1829 1875 1887 Β
1903 1846 2177 1905 Operam".
2227 1839 2320 1894 Sed
2369 1841 2560 1897 animm
2607 1859 2730 1913 pars
2778 1845 3224 1911 irrationabilior.
3261 1857 3316 1903 ut
3344 1865 3490 1920 satpe

208 1935 438 1989 miranda
493 1935 896 2006 dispensatione
947 1935 1240 2004 peragitur.
1296 1931 1596 2004 Oportebat
1649 1933 1792 1986 enim

208 2036 508 2081 auctorum
536 2026 856 2095 sapientiam
885 2027 1148 2081 declarari
1169 2041 1288 2094 qua:
1309 2026 1589 2081 videbatur
1610 2025 1793 2080 occul-

208 2129 271 2181 ta,
300 2131 365 2169 ne
395 2129 747 2169 communem
773 2114 934 2168 vitam
965 2113 1084 2169 sine
1106 2114 1338 2168 utilitate
1379 2114 1465 2168 vel
1511 2113 1795 2170 commodo

206 2207 514 2275 pra-teriret.
528 2203 813 2271 Quomodo
827 2220 1055 2273 namque
1068 2204 1254 2259 Daniel
1271 2213 1317 2258 t2
1328 2204 1796 2260 lisesscnoseere-

209 2307 299 2362 tur,
325 2299 430 2351 nisi
467 2297 866 2350 incantatornm
893 2305 1054 2366 atque
1081 2311 1360 2365 magorum
1383 2296 1793 2364 acquisitionem

205 2387 381 2440 δεεωειίἱ
402 2369 695 2441 deiecisset
719 2387 944 2440 intentio
965 2389 984 2441 ?
1003 2387 1287 2452 Quomodo
1310 2388 1472 2442 etiam
1495 2387 1795 2442 salvaretur

208 2477 462 2548 iEgyptus
510 2477 712 2548 Joseph
762 2479 814 2533 in
863 2480 1105 2534 custodia
1153 2480 1483 2543 constituto,
1527 2481 1628 2534 nisi
1670 2495 1792 2534 eum

206 2574 448 2626 discretio
476 2572 809 2626 somniorum
834 2572 1185 2640 pertraxisset
1214 2573 1264 2625 in
1290 2572 1560 2625 medium?
1583 2571 1650 2627 Et
1674 2571 1794 2626 ideo

205 2663 315 2730 quid
340 2663 494 2716 aliud
521 2663 623 2716 ista
658 2663 1018 2731 pnetcudunt,
1046 2678 1145 2717 nec
1166 2662 1460 2717 secundum
1484 2663 1795 2731 phantasias

205 2767 515 2806 mannunes
546 2753 768 2805 omnino
801 2745 1071 2819 pensanda
1113 2759 1259 2819 sunt,
1301 2761 1559 2807 consueta
1598 2751 1796 2821 quippe

205 2845 531 2897 somniortnn
567 2843 728 2898 facie.»~
756 2843 944 2897 eadem
977 2844 1350 2898 universorum
1376 2853 1458 2896 est
1484 2859 1603 2910 quze
1625 2843 1798 2898 modis

205 2933 438 3000 Iziutilllis
469 2934 652 3003 specie
684 2933 914 3002 quadam
948 2934 1348 3001 imaginationis
1389 2934 1642 2988 occurrit.
1693 2935 1798 2986 Aut

205 3024 332 3075 enim
363 3032 716 3092 permanent,
749 3033 806 3077 ut
845 3023 1046 3077 dictum
1087 3032 1188 3085 est,
1227 3024 1278 3077 in
1315 3038 1376 3078 ea
1417 3033 1569 3093 parte
1605 3024 1796 3078 animo:

203 3132 297 3184 qua
353 3117 619 3172 memoria
679 3117 1008 3182 continetur,
1050 3117 1350 3170 studiormn
1418 3115 1796 3170 similitudines

1899 1925 2160 1995 diximus,
2188 1929 2286 1983 has
2314 1931 2625 2000 phantasias
2656 1936 2812 2001 facit,
2866 1945 2920 1991 et
2970 1938 3377 2010 quibuseuuque
3404 1943 3487 1996 vi-

1897 2017 2069 2086 gilans
2117 2021 2307 2076 studiis
2357 2025 2653 2091 assuescit,
2698 2025 2889 2083 horum
2937 2027 3038 2084 sibi
3086 2032 3489 2089 similitudinem

1897 2107 2209 2176 przel'ormat
2233 2110 2286 2164 in
2317 2113 2538 2167 somnis.

2495 2254 2723 2311 CAPUT
2765 2257 2877 2313 XV.

1901 2361 2052 2425 Quod
2078 2367 2229 2418 unica
2270 2368 2528 2443 duntarrat
2569 2373 2745 2423 animo
2786 2375 2853 2425 sit
2899 2375 3192 2443 incorpore
3241 2379 3488 2440 humano.

2330 2439 2518 2508 triplici
2545 2444 2774 2509 potentia
2802 2455 3065 2499 constans.

1969 2547 2074 2603 Sed
2121 2551 2346 2605 multum
2374 2568 2403 2606 a
2435 2557 2710 2624 preposito
2741 2571 2924 2610 sumus
2973 2559 3206 2614 abducti.
3253 2562 3482 2619 Demon-

1898 2651 2072 2696 strare
2103 2659 2332 2714 namque
2361 2662 2541 2702 sermo
2569 2651 2894 2718 promiserat
2939 2653 3082 2721 quod
3122 2669 3272 2710 meus
3299 2672 3404 2711 non
3435 2638 3494 2714 iu.

1898 2733 2072 2802 aliqua
2103 2744 2253 2804 parte
2277 2737 2520 2806 corporis
2550 2750 2691 2794 esset
2716 2741 2943 2808 inclusa,
2973 2744 3066 2799 sed
3096 2745 3378 2816 :equaliter
3398 2763 3492 2817 per

1898 2832 2070 2879 totum
2100 2843 2284 2895 sparsa
2312 2828 2598 2898 discurrat,
2640 2831 2792 2900 juxta
2843 2845 3044 2890 natura:
3091 2837 3491 2896 similitudinem

1901 2924 2106 2970 motum
2145 2918 2405 2985 subjecta:
2434 2924 2602 2990 partis
2641 2923 2898 2990 eﬂiciens.
2942 2927 3036 2982 Est
3076 2939 3255 2984 autem
3307 2933 3394 2986 ubi
3438 2943 3494 2988 et

1900 3007 2015 3075 ipsa
2061 3023 2213 3063 mens
2261 3018 2467 3066 natura:
2509 3013 2843 3084 subsequens
2881 3018 3108 3087 impetus
3138 3022 3493 3081 ministerium

1869 3097 2300 3167 quodammodo
2338 3103 2613 3167 servitutis
2662 3105 2939 3176 impendit.
2977 3109 3309 3179 Frequenter
3350 3115 3494 3169 enim

205 3209 538 3275 diurnorum,
589 3218 685 3263 aut
731 3225 1103 3280 sarpenulnero
1154 3208 1505 3276 qualitatibus
1529 3225 1789 3278 corpora-
1819 3198 1862 3258 C
1900 3198 2090 3243 natura
2117 3191 2370 3258 Pm’ced“
2400 3195 2674 3262 corporis.
2708 3206 2763 3250 (ἒῑ
2809 3207 2900 3252 θυι
2937 3201 3251 3258 οοεθείὸηϐε
3299 3204 3494 3260 Ιωιὶῑὶῐῐξ

204 3300 321 3354 lium
353 3299 706 3356 aﬂectiotiuni
736 3302 1067 3356 somniorum
1101 3300 1472 3372 prmiiguralur
1495 3302 1789 3371 expressio.

204 3393 284 3445 Sic
307 3395 513 3448 etenim
545 3395 638 3464 qui
683 3395 796 3448 sitit
847 3408 965 3449 esse
1012 3409 1072 3449 se
1121 3395 1346 3448 miratur
1374 3394 1424 3447 in
1451 3393 1707 3455 fontibus,
1743 3402 1796 3446 et

205 3487 400 3542 deliciis
431 3487 634 3555 gaudet
678 3488 768 3556 qui
818 3488 953 3542 cibis
1004 3487 1228 3555 indiget,
1267 3494 1331 3540 ‘et
1374 3483 1588 3554 juvenis
1633 3494 1796 3538 mtate

206 3580 380 3646 vigens
410 3579 711 3646 imaginum
741 3577 1050 3634 ludiﬁcatur
1089 3578 1360 3632 illecebris
1401 3593 1500 3647 pro
1541 3576 1792 3632 similitu-

204 3669 319 3723 dine
346 3669 638 3738 passionis.
673 3669 804 3724 Novi
837 3685 967 3724 vero
994 3685 1095 3738 ego
1125 3685 1224 3739 per
1251 3670 1520 3724 somnium
1549 3678 1604 3722 et
1635 3669 1796 3722 aliam

205 3762 542 3828 :enigmatum
599 3761 931 3814 medentium
984 3776 1222 3815 causam.
1275 3759 1407 3814 Nam
1458 3759 1678 3828 quidam
1728 3756 1798 3812 de

207 3852 520 3906 neceswriis
552 3851 689 3905 meis
713 3855 903 3920 captus
939 3850 1166 3913 freuesi,
1197 3867 1318 3904 cum
1351 3851 1575 3905 nimium
1605 3863 1796 3918 grava-

207 3951 363 4005 retur,
397 3941 546 4010 quod
580 3942 653 3995 illi
680 3942 836 3996 cibus
859 3941 977 4011 plus
1003 3957 1164 4010 quam
1199 3942 1369 3996 virtus
1398 3941 1514 4010 ejus
1543 3950 1800 4008 exegerat

208 4044 345 4085 esset
375 4032 615 4097 oblatus,
649 4033 946 4087 arbitratus
967 4044 1048 4088 est
1074 4035 1226 4103 plura
1258 4033 1512 4088 intestina
1555 4043 1798 4088 stercore

209 4125 359 4191 plena
408 4123 513 4179 sibi
565 4125 883 4193 superponi.
929 4124 1172 4194 Cumque
1212 4123 1322 4193 jam
1371 4139 1541 4194 prope
1569 4133 1712 4178 esset
1743 4132 1800 4178 ut

210 4212 486 4283 fatigatum
527 4231 728 4284 corpus
759 4216 877 4283 ejus
915 4215 1203 4270 sudoribus
1250 4217 1549 4281 laxaretur,
1602 4231 1797 4284 aquam

205 4307 300 4359 sibi
330 4306 546 4361 deferre
576 4322 681 4375 qua
707 4307 1120 4376 perfunderetur
1140 4307 1328 4375 jaceus
1349 4323 1444 4362 eos
1463 4308 1554 4376 qui
1577 4306 1801 4362 aderant

206 4397 529 4466 precabatur
572 4398 791 4463 obnixe,
842 4413 942 4452 nec
985 4397 1220 4464 destitit,
1262 4398 1367 4454 hoc
1399 4414 1522 4452 eum
1564 4399 1802 4453 clamore

203 4491 523 4558 deposcens,
557 4489 730 4544 donec
777 4490 953 4544 exitus
998 4506 1178 4545 rerum
1229 4491 1569 4560 querelarum
1615 4493 1800 4546 talium

1901 3291 1994 3334 aut
2039 3297 2232 3338 causas
2279 3287 2529 3339 mmroris
2575 3287 2824 3353 insinuat,
2881 3291 2950 3345 ita
3002 3300 3057 3346 ut
3114 3293 3226 3364 ipsa
3276 3295 3494 3366 quidem

1900 3381 2118 3445 praestet
2165 3376 2375 3429 initium
2417 3377 2502 3431 vel
2550 3379 2701 3433 cibos
2735 3390 3010 3450 appetere,
3071 3383 3153 3438 vel
3199 3385 3494 3454 quamlibet

1898 3466 2057 3521 aliam
2087 3482 2200 3522 rem
2231 3468 2526 3538 voluptatis
2555 3469 2798 3540 implere.
2827 3472 2974 3531 Mens
3001 3483 3179 3530 autem
3212 3479 3346 3532 tales
3379 3493 3496 3534 mo-

1901 3567 1982 3612 tus
2011 3560 2192 3614 carnis
2215 3561 2514 3629 excipiens,
2541 3563 2749 3617 consilii
2780 3565 2858 3620 sui
2899 3566 3102 3622 nisibus
3125 3569 3496 3626 considerata-

1891 3667 2017 3704 -rum
2049 3667 2226 3705 rerum
2258 3662 2412 3722 parat
2439 3654 2684 3709 eil'eetus.
2719 3655 2842 3711 11ωο
2885 3673 3014 3711 vero
3046 3675 3152 3714 non
3201 3661 3258 3715 lit
3288 3662 3340 3716 in
3378 3677 3496 3717 om-

1901 3746 2074 3809 uibus,
2103 3747 2194 3801 sed
2226 3748 2278 3801 iu
2310 3748 2391 3801 his
2421 3756 2625 3802 tantum
2649 3749 2739 3818 qui
2772 3751 3000 3820 turpiter
3019 3752 3214 3818 allecti,
3247 3755 3495 3810 domina-

1902 3846 2013 3890 tum
2080 3837 2304 3891 rationis
2361 3847 2567 3892 naturze
2631 3842 2847 3896 nutibus
2911 3841 3227 3914 subjugant,
3295 3845 3496 3914 quique

1900 3927 2164 3995 suifragiis
2191 3928 2434 3997 ejusdem
2465 3931 2660 3985 mentis
2688 3932 3052 4001 voluptatibus
3087 3949 3342 3990 sensuum
3376 3953 3495 3992 ser-

1903 4019 1973 4072 vil
1999 4026 2082 4073 ter
2110 4017 2500 4086 obsequuntur.
2531 4020 2574 4073 Α
2609 4020 3024 4090 perfectioribus
3048 4034 3229 4079 autem
3268 4041 3375 4079 non
3422 4028 3492 4082 ita

1904 4109 2019 4163 ﬁeri
2047 4119 2255 4164 certum
2283 4119 2384 4172 est,
2418 4113 2556 4181 apud
2587 4128 2723 4182 quos
2751 4129 2904 4168 mens
2943 4117 3197 4185 praecedit
3226 4117 3280 4172 in
3322 4121 3496 4175 oumi-

1903 4200 2023 4270 bus,
2048 4210 2103 4255 et
2131 4202 2340 4258 ratione
2365 4203 2541 4273 potius
2567 4221 2729 4274 quam
2755 4189 3004 4276 passione
3034 4209 3084 4264 id
3105 4213 3248 4280 quod
3279 4223 3498 4284 oportet

1904 4307 2307 4368 exsequuntur,
2352 4299 2652 4370 naturaque
2705 4304 2928 4372 vestigia
2978 4309 3250 4375 pereuntis
3292 4307 3495 4364 directa

1904 4400 2164 4445 sectatur.
2197 4391 2332 4458 Quia
2361 4409 2490 4449 vero
2516 4403 2625 4450 tres
2654 4395 2984 4451 ditl'ereutias
3018 4399 3196 4453 vitalis
3242 4402 3497 4478 potentia:

1908 4483 2047 4537 ratio
2076 4481 2447 4552 deprehendit,
2483 4486 2534 4540 id
2556 4497 2636 4540 est
2667 4489 3118 4553 uutrimentalem,
3138 4507 3256 4562 qu:c
3278 4504 3498 4564 propter

204 4599 420 4636 causam
451 4581 776 4638 absolveret.
821 4582 953 4638 Nam
981 4584 1140 4638 simul
1169 4594 1224 4638 et
1248 4584 1414 4639 sudor
1441 4584 1700 4654 plurimus
1727 4601 1793 4639 ex

1901 4589 2090 4628 sensus
2129 4575 2336 4644 aliquos
2366 4586 2648 4644 augmenta
2689 4580 2899 4650 recipit,
2932 4590 2987 4635 et
3023 4583 3344 4647 sensualem,
3377 4601 3499 4656 qum

203 4675 314 4742 ejus
337 4675 523 4743 erupit
547 4690 809 4745 corpore,
840 4682 894 4729 et
922 4674 1131 4728 solutus
1177 4683 1371 4730 venter
1418 4676 1794 4730 intestinorum

203 4767 417 4836 prioJus
446 4767 835 4838 interpretatus
863 4775 965 4822 est.
998 4767 1152 4834 Quod
1182 4769 1342 4837 igitur
1371 4769 1561 4823 obtusa
1592 4770 1799 4824 valetu-

202 4863 324 4916 dine
345 4869 542 4914 natura
572 4869 700 4914 tunc
728 4860 968 4929 pertulit,
1001 4861 1246 4929 corporis
1275 4860 1622 4928 iuaequalitati
1649 4877 1798 4916 com-

203 4969 358 5021 passa
393 4959 495 5014 est,
529 4960 589 5005 ut
636 4953 939 5005 molestiam
981 4951 1197 5020 quidem
1228 4951 1482 5014 sentiret,
1527 4961 1582 5007 et
1619 4951 1799 5008 dicere

199 5045 423 5110 quidem
454 5053 673 5112 propter
700 5043 1073 5111 aegritudinem
1114 5043 1396 5098 manifeste
1440 5058 1548 5098 non
1592 5052 1795 5114 posset,

199 5136 390 5202 atque,
415 5135 554 5188 sicut
595 5135 754 5189 datur
803 5134 1050 5204 intelligi,
1101 5135 1203 5189 nisi
1249 5151 1318 5189 ex
1361 5136 1798 5190 incommoditate

197 5228 564 5294 contingeret,
585 5226 678 5281 sed
707 5227 936 5282 naturali
964 5243 1162 5297 sopore
1183 5243 1335 5282 meus
1364 5229 1622 5298 sospitate
1647 5243 1800 5297 gere-

197 5327 372 5381 retur,
428 5320 694 5373 somnium
744 5319 989 5390 profecto
1034 5320 1084 5374 ei
1133 5321 1223 5389 qui
1273 5321 1351 5376 sic
1391 5330 1510 5376 erat
1555 5320 1796 5383 allectus,

194 5412 488 5472 ualeret,
520 5425 714 5477 aquam
749 5409 966 5478 quidem
994 5410 1276 5472 sudorem,
1309 5409 1509 5465 ﬂuxum
1546 5426 1674 5464 vero
1717 5412 1800 5465 in-

197 5501 532 5553 testinorum
580 5498 958 5567 gravedinem,
1009 5516 1131 5554 esca
1180 5501 1324 5555 enim
1375 5501 1692 5569 gravitatem
1746 5501 1801 5556 et

195 5603 518 5660 pressuram
549 5590 813 5645 moventis
843 5591 1096 5645 insinuat.
1130 5589 1243 5646 lloe
1273 5591 1408 5645 idem
1441 5607 1566 5646 vero
1589 5592 1801 5648 videtur

190 5695 250 5738 α
296 5681 552 5751 plurimis
595 5683 780 5750 peritis
829 5682 1129 5744 medicinae,
1179 5682 1322 5753 quod
1369 5683 1604 5748 scilicet,
1644 5687 1799 5753 juxta

195 5773 525 5843 passionum
579 5771 948 5840 ditl‘erentias,
997 5774 1327 5828 somniorum
1374 5790 1588 5844 quoque
1639 5776 1798 5829 variae

195 5863 374 5922 facies
431 5867 808 5937 aegrotantibus
856 5864 1123 5939 accidant,
1155 5866 1271 5923 alite
1318 5864 1535 5938 quidem
1575 5865 1798 5924 defectis

1903 4666 1982 4718 sic
2011 4667 2245 4719 nutritur
2272 4675 2329 4720 ut
2360 4668 2644 4733 sentiatur,
2676 4679 2729 4722 et
2759 4670 3232 4743 rationalem,qu:e
3262 4673 3497 4743 perfecta

1902 4764 1986 4809 est
2013 4764 2069 4809 et
2097 4772 2194 4825 per
2223 4756 2318 4811 bas
2346 4774 2534 4813 omnes
2574 4759 2909 4826 extenditur,
2949 4761 3154 4817 idcirco
3201 4764 3494 4818 notandum

1903 4857 1986 4900 est
2037 4848 2182 4916 quod
2222 4866 2324 4903 una
2375 4851 2453 4905 vis
2497 4853 2870 4908 tantummodo
2912 4855 3120 4920 vitalis,
3152 4857 3319 4912 altera
3365 4871 3495 4909 vero

1903 4939 2190 5005 sensualis,
2243 4941 2396 4994 tertia
2445 4957 2575 4997 vero
2624 4959 2733 5012 pne
2768 4948 2976 4999 (:rteris
3012 4947 3172 5000 etiam
3218 4945 3496 5000 rationalis

1903 5031 2123 5084 existat.
2154 5032 2258 5087 Sed
2294 5049 2450 5089 nemo
2482 5052 2579 5106 per
2620 5038 2732 5093 inec
2780 5041 3008 5093 azstimet
3056 5049 3164 5097 tres
3193 5041 3400 5095 animas
3441 5042 3493 5096 in

1906 5121 2137 5178 hominis
2161 5125 2591 5182 conformatione
2623 5130 2852 5199 propriis
2893 5131 3326 5198 circumscriptus
3375 5147 3496 5189 esse

1906 5214 2182 5278 limitibus,
2212 5227 2268 5271 et
2292 5219 2437 5272 velut
2462 5235 2527 5274 ex
2553 5220 2791 5288 pluribus
2831 5237 2947 5275 eam
3000 5221 3183 5276 credat
3215 5239 3333 5276 esse
3364 5240 3496 5277 ron-

1908 5308 2108 5372 tlatam,
2141 5325 2261 5363 cum
2295 5327 2418 5364 vera
2452 5318 2507 5365 et
2536 5310 2769 5380 perfecta
2805 5327 2905 5364 una
2931 5313 2996 5366 sit
3027 5314 3206 5380 anima
3235 5316 3495 5369 naturalia

1908 5407 1989 5452 ter
2036 5400 2330 5468 spiritualis
2368 5410 2531 5470 atque
2575 5403 2937 5470 intelligibitis,
2994 5421 3112 5475 qua:
3165 5422 3259 5479 per
3307 5421 3492 5462 sensus

1908 5492 2162 5546 miscetur
2188 5494 2448 5548 materiali
2478 5495 2808 5550 substantizc.
2842 5495 3012 5554 Omne
3053 5514 3180 5554 vero
3219 5502 3497 5557 matcriale

1904 5594 2064 5652 atque
2093 5602 2413 5656 corporeum
2439 5587 2580 5658 quod
2613 5589 2662 5642 in
2710 5593 3066 5647 conversione
3115 5600 3274 5661 atque
3316 5605 3491 5649 mnta-

1905 5678 2050 5734 tiooe
2080 5688 2182 5742 est,
2212 5680 2472 5750 siquidem
2493 5681 2827 5751 participium
2851 5685 2993 5754 capit
3023 5685 3270 5738 aniiuatze
3299 5694 3496 5754 poten-

1906 5773 2011 5833 tim,
2044 5778 2247 5825 motum
2279 5786 2374 5841 per
2400 5771 2729 5827 incrementa
2768 5777 3009 5830 sortitur.
3055 5772 3112 5829 Si
3143 5789 3272 5828 vero
3307 5775 3375 5826 ab
3417 5775 3498 5828 ef-

1905 5862 2050 5921 fectu
2105 5860 2253 5918 vitali
2307 5865 2618 5935 recesserit,
2675 5873 2880 5922 motum
2929 5881 3084 5925 suum
3147 5865 3496 5934 corruptione
