3938 6196
379 355 478 410 5τῖ

1645 344 1996 402 DlilNYSIUS
2037 342 2348 397 EXIGUUS.

3541 339 3648 393 372

381 468 685 526 testabitur.
731 461 898 537 Igitur
953 477 1051 520 nec
1109 473 1302 517 sensu
1361 468 1583 534 propter
1629 456 1960 512 materialem
1992 455 2035 513 A
2065 452 2148 508 vel
2177 452 2440 518 ambiens,
2469 451 2566 507 sed
2592 450 2841 506 invisibili
2882 450 3277 518 quodammodo
3303 459 3360 506 et
3406 451 3648 521 inexploa

382 557 771 622 substantiam,
838 569 937 610 nec
992 551 1371 609 intellectualis
1418 551 1489 635 in
1518 550 1675 606 nobis
1728 549 1965 619 potentia

385 656 608 720 propter
634 661 822 703 sensus
846 652 1120 714 operatur.

974 755 1200 812 CAPUT
1239 753 1354 808 XVI

390 853 542 918 Quod
567 852 775 923 proprie
800 850 1024 923 hominis
1060 851 1237 902 anima
1281 845 1552 901 rationalis
1569 853 1629 923 Aet
1657 845 1725 898 sit
1749 853 1798 896 et
1825 845 1968 897 dica-

461 916 636 987 tur-{et
664 916 806 992 'quod
836 923 1010 992 anima
1034 936 1124 990 per
1144 927 1303 972 totum
1345 932 1529 985 corpus
1556 916 1677 983 fuso
1719 929 1967 982 nusquam

460 1001 652 1047 certam
671 990 843 1044 sedem
866 990 1069 1044 habeat.

463 1103 618 1172 Quod
646 1103 889 1173 quaedam
935 1101 1001 1158 de
1051 1101 1312 1158 creaturis
1357 1101 1457 1155 hac
1503 1099 1555 1154 vi
1604 1096 1971 1153 tantummodo

397 1197 657 1264 nituntur,
690 1208 793 1262 qua
827 1193 1133 1247 nutriuntur
1162 1199 1217 1246 et
1241 1199 1512 1254 crescunt,
1543 1189 1660 1243 alim
1695 1203 1824 1243 vero
1851 1202 1974 1243 sen-

394 1299 548 1339 suum
579 1282 816 1353 potentia
862 1281 1174 1351 prmvalent,
1216 1289 1271 1334 et
1307 1295 1406 1335 nec
1446 1280 1534 1333 illa
1562 1278 1844 1343 sensibilis,
1878 1293 1976 1334 nec

397 1375 496 1429 ista
528 1373 804 1428 rationalis
833 1370 1202 1442 participantia
1251 1370 1546 1440 probantur
1573 1384 1694 1423 esse
1730 1367 1976 1422 substan-

397 1467 508 1528 tite.
529 1464 730 1520 idcirco
757 1464 878 1532 quis
904 1461 1200 1516 animarum
1229 1476 1348 1516 esse
1387 1458 1776 1514 multitudinem
1807 1459 1976 1528 suspi-

399 1569 574 1623 cetur,
597 1573 718 1612 cum
750 1555 1103 1611 ditl‘crentiam
1142 1569 1324 1608 earum
1365 1567 1470 1606 non
1518 1551 1844 1621 competenti
1893 1563 1978 1603 ra-

400 1651 549 1704 tione
589 1647 829 1711 deilniat,
877 1647 1001 1716 quia
1043 1661 1204 1701 omne
1256 1644 1512 1715 quidquid
1561 1643 1613 1698 in
1669 1644 1829 1698 rebus
1876 1651 1978 1706 est,

400 1740 662 1810 siquidem
689 1741 923 1809 perfecte
948 1748 1002 1791 et
1028 1738 1232 1804 integre
1264 1744 1502 1800 vocatur,
1534 1735 1748 1805 proprie
1769 1741 1981 1790 constat

2065 551 2183 598 rata
2230 543 2439 597 ratione
2483 548 2688 598 natura:
2733 541 3022 610 conjuncta
3065 547 3228 610 atque
3280 557 3546 609 connexa,
3593 544 3650 598 in

2068 634 2200 704 ipsa,
2233 643 2287 690 et
2331 633 2475 689 circa
2500 634 2672 703 ipsam
2712 647 2934 703 prorsus
2966 633 3247 702 inspicitur
3287 648 3354 689 eo
3392 636 3474 698 (ut
3515 635 3650 702 dixi)

2071 726 2255 792 modo,
2289 741 2398 796 quo
2428 741 2528 781 nec
2559 725 2779 795 intelligi
2807 733 2986 796 potest
3012 726 3232 780 omnino
3260 739 3358 782 nec
3382 727 3506 790 dici,
3549 728 3654 783 nisi

2069 818 2212 886 quod
2236 817 2388 886 juxta
2415 818 2692 888 proprium
2717 815 2960 872 ordinem
2989 815 3180 871 eadem
3205 816 3421 873 valente
3456 827 3652 874 natura

2072 923 2224 963 ruens
2251 923 2467 978 quoque
2504 922 2631 964 suos
2661 905 2882 963 eifectus
2924 915 3194 963 exerceat.
3235 908 3293 963 Si
3329 917 3509 964 autem
3553 911 3655 966 de-

2074 1000 2199 1054 licto
2227 999 2460 1068 quodam
2484 1007 2677 1055 natura
2706 998 2994 1064 nutaverit,
3034 999 3196 1054 etiam
3238 1007 3414 1055 motus
3458 1003 3656 1056 mentis

2074 1093 2306 1147 titubare
2338 1107 2560 1150 necesse
2583 1101 2686 1146 est.

2643 1179 2873 1236 CAPUT
2911 1179 3067 1234 XVII.

2078 1261 2122 1314 Ε
2128 1263 2360 1316 narratio
2385 1262 2544 1314 divini
2564 1263 2812 1315 sermonis
2835 1277 2932 1331 quo
2950 1262 3157 1324 dicitur,
3181 1260 3458 1316 Faciamus
3479 1261 3656 1316 homi-

2150 1347 2270 1384 nem
2299 1331 2365 1384 ad
2397 1331 2680 1398 imaginem
2729 1339 2782 1383 et
2833 1331 3233 1383 similitudinem
3290 1340 3546 1395 nostram,
3601 1333 3655 1384 in

2181 1417 2247 1454 uo
2287 1401 2598 1470 perquiritur
2626 1416 2738 1470 qua:
2783 1401 2851 1452 sit
2894 1401 3046 1470 ratio,
3073 1409 3120 1452 et
3162 1401 3215 1451 in
3241 1417 3350 1470 quo
3379 1402 3547 1453 simile
3587 1402 3657 1453 sit

2181 1419 2247 1454 uo
2287 1419 2598 1470 perquiritur
2671 1419 2738 1454 ιω
2783 1419 2850 1452 su
2894 1419 3046 1464 rano,
3073 1419 3120 1452 et
3162 1419 3215 1451 ιη
3254 1419 3350 1469 quo
3379 1419 3547 1453 simne
3587 1419 3657 1453 su

2149 1419 2313 1523 genta
2340 1478 2388 1522 et
2415 1419 2717 1538 impassiZili
2739 1480 2940 1522 natura:
2961 1469 3056 1523 hoc
3089 1469 3332 1536 possibile
3356 1479 3587 1522 uestrum
3607 1479 3660 1523 et

2153 1541 2387 1610 mortale,
2407 1548 2455 1592 et
2483 1540 2907 1610 quemadmodum
2928 1540 2980 1591 in
3007 1541 3232 1610 imagine
3276 1541 3536 1593 masculus
3559 1557 3658 1610 ap-

2154 1609 2391 1678 probetur
2419 1618 2467 1680 et
2490 1609 2698 1679 femina,
2729 1624 2841 1660 cum
2873 1609 2924 1660 in
2955 1609 3198 1677 primwra
3237 1611 3405 1680 [arma
3454 1609 3661 1663 minime

2152 1689 2356 1732 exstare
2383 1679 2562 1732 videon
2572 1689 2670 1731 tur.

2154 1757 2259 1831 Sed
2299 1771 2627 1812 assumamus
2667 1758 2855 1810 iterum
2909 1756 3102 1811 divina
3146 1758 3295 1812 vocis
3339 1759 3660 1813 oraculum:

401 1846 521 1885 esse
549 1829 691 1900 (1³οδ
729 1829 941 1884 diem".
972 1829 1028 1884 Si
1074 1836 1254 1882 amem
1303 1842 1409 1882 non
1452 1842 1548 1896 Per
1595 1828 1796 1892 omni“,
1837 1829 1980 1895 (Ιυθιί
2015 1828 2058 1886 Β
2089 1828 2368 1901 Faciamus
2423 1847 2676 1901 hominem
2752 1847 2822 1900 ad
2858 1849 3132 1918 imaginem
3179 1858 3227 1902 et
3279 1849 3664 1904 similitudine»:

403 1921 705 1991 appellatur
725 1921 939 1986 existat,
969 1921 1128 1975 inane
1149 1935 1343 1974 nomen
1369 1920 1419 1974 ei
1442 1926 1658 1989 putatur
1674 1920 1984 1987 ascriptum,

405 2023 467 2067 ut
495 2022 622 2083 puta
648 2013 790 2082 quod
836 2027 1014 2066 rerum
1051 2013 1159 2066 vim
1199 2027 1307 2066 non
1360 2011 1710 2075 demonstret,
1762 2009 1988 2064 dicimus

406 2104 549 2158 enim
577 2103 792 2174 proprie
812 2101 1055 2170 subjecto
1085 2115 1280 2155 nomen
1305 2101 1601 2171 imponere.
1630 2098 1781 2165 Quod
1809 2097 1989 2166 siquis

406 2211 473 2250 ex
505 2193 679 2263 lapide
702 2189 1048 2247 fabrefactam
1071 2189 1469 2246 similitudinem
1491 2189 1604 2244 veri
1628 2189 1782 2259 panis
1803 2197 1988 2243 osten-

411 2295 504 2351 tet,
535 2286 621 2343 cui
650 2293 706 2340 et
725 2285 896 2339 forma
925 2282 1140 2352 quidem
1183 2284 1295 2352 ipsa
1322 2283 1411 2346 sit,
1462 2290 1516 2336 et
1537 2279 1848 2349 magnitudo
1877 2280 1992 2348 ejus

410 2378 654 2434 videatur
671 2375 910 2447 aequalis,
943 2389 1042 2430 nec
1067 2389 1176 2428 non
1206 2381 1261 2428 et
1296 2372 1540 2428 eamdem
1569 2373 1766 2428 coloris
1802 2372 1988 2428 simili-

412 2467 651 2522 tudinem
677 2465 940 2535 prael‘erat,
974 2465 1044 2518 ita
1075 2473 1133 2518 ut
1171 2463 1352 2518 multis
1381 2462 1590 2518 indiciis
1638 2479 1796 2520 verus
1839 2473 1993 2534 pute-

414 2571 522 2625 tur,
552 2559 690 2612 desit
719 2567 898 2612 autem
937 2557 1012 2610 illi
1045 2554 1189 2624 quod
1225 2554 1376 2609 cibus
1403 2554 1573 2624 possit
1612 2556 1863 2621 existere,
1915 2557 1992 2608 id-

413 2652 560 2705 circo
575 2649 686 2718 jam
727 2648 957 2717 lapidem
985 2648 1201 2716 proprie
1229 2646 1315 2700 vel
1360 2645 1690 2710 naturaliter,
1739 2661 1845 2700 non
1896 2647 1993 2700 nisi

415 2743 634 2804 abusive
662 2752 812 2816 panis
841 2739 1254 2815 appellationem
1282 2736 1501 2795 dicimus
1531 2738 1820 2815 accepisse.
1864 2736 1993 2795 Item

417 2847 608 2895 caetera
657 2839 809 2908 juxta
840 2837 1083 2891 eamdem
1129 2839 1392 2891 rationum
1421 2849 1538 2905 qua
1584 2851 1690 2890 non
1738 2846 1860 2890 sunt
1899 2853 1996 2906 per

416 2930 598 2985 omnia
625 2928 770 2999 quod
797 2929 1068 2995 dicuntur,
1105 2926 1307 2982 habent
1347 2942 1414 2982 ex
1464 2927 1719 2982 abusione
1764 2927 1994 2982 vocabu-

418 3025 550 3078 lum.
580 3020 670 3076 Sic
695 3020 855 3088 igitur
883 3027 937 3072 et
956 3019 1133 3072 anima
1153 3033 1274 3074 cum
1297 3018 1684 3089 perfectionem
1714 3017 1767 3071 in
1787 3017 1996 3071 ratione

419 3123 476 3168 et
520 3111 792 3167 intellectu
841 3124 1060 3180 prorsus
1098 3109 1359 3174 obtineat,
1389 3124 1549 3164 omne
1583 3107 1839 3178 quidquid
1886 3107 1995 3161 haec

2087 1950 2334 2006 nostram,
2364 1954 2522 2008 quam
2543 1954 2706 2008 parva
2728 1949 2888 2008 atque
2914 1941 3126 2009 indigna
3146 1941 3388 1995 nonnulli
3409 1949 3666 1996 externo-

2087 2047 2206 2084 rum
2247 2029 2314 2103 de
2361 2027 2756 2097 magniﬁcentia
2782 2030 3035 2085 'homlnis
3078 2032 3335 2102 suspicati
3388 2042 3532 2100 sunt,
3577 2034 3669 2102 qui

2089 2135 2212 2175 eum
2260 2119 2548 2175 collatione
2591 2120 2774 2174 mundi
2827 2120 2983 2190 hujus
3016 2121 3278 2176 extollere
3323 2131 3668 2192 putaverunt.

2092 2211 2350 2266 Dixerunt
2377 2210 2516 2265 enim
2548 2225 2770 2280 parvum
2816 2211 3068 2264 mundum
3101 2226 3218 2266 esse
3259 2211 3557 2278 hominem,
3603 2213 3672 2268 de

2095 2304 2220 2372 ipsis
2267 2309 2566 2356 exstantem
2608 2302 2996 2357 universalibus
3035 2302 3333 2358 elementis.
3383 2304 3486 2358 Sed
3527 2305 3672 2359 enim

2092 2395 2183 2462 qui
2269 2400 2414 2448 tanta
2437 2392 2697 2463 jactantia
2738 2393 2971 2448 nominis
3011 2392 3379 2463 hujuscemodi
3425 2375 3674 2449 humana:
3721 2421 3732 2430 ~

2092 2475 2403 2537 substantia:
2431 2482 2793 2544 contulerunt,
2819 2482 2899 2536 sui
2929 2496 3150 2552 prorsus
3179 2482 3330 2537 obliti
3360 2493 3504 2551 sunt,
3546 2485 3672 2540 dum

2094 2594 2159 2631 ex
2193 2575 2610 2646 proprietatibus
2638 2576 2802 2629 muris
2830 2584 2885 2630 et
2917 2576 3101 2630 culicis
3129 2577 3396 2646 praeconia
3444 2579 3676 2633 hominis

2097 2670 2270 2738 inepta
2301 2666 2586 2720 tinxerunt.
2638 2665 2766 2720 Nam
2799 2675 2853 2721 et
2883 2667 2984 2721 illis
3025 2683 3092 2722 ex
3130 2677 3361 2738 quatuor
3399 2669 3678 2725 elementis

2099 2767 2284 2812 natura
2317 2763 2598 2825 compacta
2627 2761 2731 2826 est,
2765 2765 2816 2810 et
2846 2757 2986 2810 circa
3019 2772 3206 2811 omnes
3234 2757 3531 2813 animantes
3577 2759 3676 2814 ho-

2096 2871 2212 2908 rum
2243 2854 2635 2910 elementorum
2660 2847 2778 2924 plus
2807 2847 3046 2902 minusve
3076 2847 3314 2925 quadarn
3345 2849 3520 2925 portio
3556 2871 3676 2910 cerv

2099 2949 2260 3011 nitur,
2291 2948 2407 3002 sine
2434 2961 2539 3016 qua
2587 2941 2881 3002 subsistere
2931 2961 2994 3001 ea
3025 2961 3143 3016 quae
3175 2955 3396 3001 utuntur
3435 2948 3678 3004 sensibus

2097 3039 2316 3093 omnino
2364 3054 2471 3094 non
2509 3047 2783 3109 poterunt.
2838 3037 2974 3105 Quid
3015 3040 3177 3106 igitur
3216 3038 3469 3109 amplum,
3519 3039 3562 3094 si
3609 3037 3677 3093 ad

2100 3127 2281 3182 mundi
2313 3126 2536 3196 ﬁguram
2564 3128 2649 3182 vel
2676 3126 3074 3181 similitudinem
3105 3135 3320 3197 putetur
3351 3127 3510 3182 homo
3542 3144 3679 3198 prce-

418 3218 527 3258 non
555 3211 657 3260 est.
689 3201 964 3271 :eqnivoce
1008 3198 1222 3267 quidem
1261 3199 1438 3253 anima
1484 3206 1662 3267 potest
1705 3212 1841 3261 esse,
1893 3212 1997 3252 non

2110 3217 2250 3284 ferri,
2280 3216 2399 3271 οωιί
2437 3215 2581 3285 quod
2627 3216 2835 3279 transit,
2875 3225 3029 3270 teme
3075 3231 3204 3270 vero
3255 3231 3373 3286 qua:
3425 3225 3678 3282 mutatur,

421 3305 600 3349 tamen
630 3308 757 3348 vere
782 3293 972 3347 dicitur
993 3292 1188 3357 anima,
1217 3291 1311 3346 sed
1336 3301 1418 3346 est
1444 3291 1620 3345 vitalis
1654 3290 1893 3360 quaedam
1922 3289 1999 3344 ef-

424 3385 654 3441 lieientia
713 3399 833 3454 quae
891 3397 988 3453 per
1039 3383 1350 3437 abusionem
1403 3382 1582 3436 anima
1643 3389 1998 3450 nuncupatur.

427 3477 653 3547 Propter
672 3475 816 3545 quod
841 3485 896 3530 et
917 3473 1359 3529 irrationabilium
1385 3481 1605 3528 naturas
1626 3482 1875 3541 tanquam
1893 3485 2003 3526 non

425 3564 616 3636 procul
643 3563 936 3619 existentes
963 3577 993 3616 a
1021 3561 1280 3617 surculari
1309 3559 1394 3616 vel
1428 3561 1670 3615 seminali
1692 3561 1820 3624 vita,
1860 3559 2005 3613 dedit

429 3660 496 3715 ad
538 3673 666 3713 usus
704 3656 982 3711 hominum
1032 3655 1174 3710 Deus
1202 3655 1290 3724 qui
1333 3653 1400 3708 de
1444 3653 1666 3721 singulis
1709 3653 2004 3722 quibusque

427 3747 685 3820 justitiam
716 3747 844 3816 legis
871 3761 982 3800 sua:
1007 3744 1193 3812 affixit,
1217 3753 1276 3799 ut
1306 3743 1356 3798 hi
1385 3744 1475 3812 qui
1505 3759 1691 3800 eorum
1721 3750 2007 3798 vescuntur

429 3841 696 3907 carnibus,
730 3855 830 3910 pro.
854 3839 1090 3896 oleribus
1116 3837 1368 3892 habeant.
1409 3835 1608 3890 Omnes
1631 3835 1774 3890 enim
1819 3849 2008 3888 carnes

434 3931 821 3988 manducabitis
848 3930 986 3984 sicut
1024 3928 1170 3984 olera
1220 3927 1346 3984 feni.
1389 3926 1581 3982 Parum
1623 3940 1854 3994 namque
1893 3924 2010 3993 plus

435 4023 632 4078 habere
679 4021 928 4076 videntur
975 4036 1072 4089 per
1112 4034 1362 4076 sensuum
1399 4018 1808 4086 vegetationem,
1849 4031 2008 4086 quam

436 4114 523 4168 illa
548 4112 740 4182 quibus
774 4112 1007 4173 aluntur,
1050 4119 1105 4164 et
1131 4109 1321 4179 quibus
1371 4115 1641 4162 crementa
1690 4106 2011 4176 percipiunt,

436 4221 556 4276 quae
583 4221 669 4259 res
698 4204 926 4257 instruat
955 4209 1222 4254 amatores
1250 4200 1510 4263 carnium,
1546 4216 1650 4253 non
1682 4198 1862 4253 multis
1889 4214 2012 4254 sen-

438 4295 678 4350 sibilibus
707 4292 944 4346 animum
979 4305 1134 4344 sutun
1162 4299 1400 4352 nectere,
1429 4287 1524 4342 sed
1569 4289 1738 4356 magis
1764 4287 2014 4356 spiritali-

441 4392 538 4441 bus
564 4385 854 4456 privilegiis
867 4382 1144 4452 occupari,
1169 4380 1311 4450 quod
1336 4383 1387 4434 in
1418 4380 1503 4435 bis
1525 4395 1651 4438 vere
1671 4381 1861 4435 anima:
1881 4396 2013 4436 con-

442 4478 736 4546 spiciantur
763 4475 1003 4530 eil'cctus.
1039 4473 1169 4527 Nam
1199 4473 1250 4526 in
1275 4473 1433 4532 rebus
1461 4471 1761 4526 carnalibus
1802 4472 2015 4526 irratio-

2102 3317 2156 3362 et
2181 3307 2415 3361 omnium
2439 3320 2556 3374 quae
2579 3309 2631 3359 in
2657 3306 2739 3360 his
2759 3305 3099 3360 continentur
3119 3307 3502 3361 continentium
3535 3317 3681 3362 tran-

2102 3400 2228 3466 situ,
2262 3397 2374 3468 pari
2397 3395 2708 3451 conditione
2737 3395 3066 3449 labentium?
3093 3394 3198 3450 Sed
3222 3396 3274 3448 in
3303 3411 3407 3466 quo
3435 3397 3504 3450 sit
3526 3395 3681 3465 juxta

2103 3490 2524 3546 ecclesiasticam
2555 3488 2816 3542 rationem
2845 3487 3075 3542 hominis
3105 3488 3430 3556 magnitudo,
3480 3505 3585 3542 non
3629 3489 3681 3542 in

2106 3599 2171 3638 eo
2198 3581 2344 3652 quod
2370 3581 2436 3636 ad
2457 3579 2854 3635 similitudinem
2884 3581 3063 3633 mundi
3091 3589 3171 3634 est
3197 3579 3458 3644 conditus,
3489 3578 3584 3634 sed
3617 3580 3687 3635 ad

2109 3673 2392 3741 imaginem
2423 3671 2594 3724 tactus
2631 3678 2718 3724 est
2743 3669 3034 3724 Creatoris.
3081 3667 3346 3723 Fortassis
3381 3670 3522 3723 enim
3564 3685 3686 3738 qua

2106 3763 2178 3817 sit
2206 3760 2449 3829 imaginis
2478 3759 2616 3814 ratio
2646 3772 2875 3827 quaeras,
2918 3758 3190 3826 quomodo
3227 3758 3547 3828 incorporeo
3567 3773 3688 3813 cor-

2109 3855 2293 3925 porale
2319 3854 2388 3907 sit
2423 3852 2616 3914 simile,
2660 3851 2801 3921 quod
2830 3842 3121 3920 temporale
3149 3859 3231 3905 est
3259 3851 3602 3920 sempiterno,
3635 3861 3690 3906 et

2113 3945 2534 4000 incommutabili
2564 3943 2615 3998 id
2641 3943 2783 4013 quod
2805 3944 3074 3998 continuis
3094 3943 3327 4008 motibus
3358 3943 3686 4008 immutatur,

2115 4036 2432 4107 impassibili
2467 4036 2628 4091 etiam
2673 4042 2730 4088 et
2770 4033 3158 4103 incorrupt'bili
3190 4034 3330 4102 quod
3364 4034 3599 4103 passioni
3637 4044 3694 4088 et

2113 4129 2444 4199 t-orruptioni
2475 4128 2776 4197 subjectum
2802 4134 2904 4190 est,
2943 4135 2996 4181 et
3024 4128 3070 4180 ei
3101 4127 3192 4196 qui
3239 4127 3354 4181 sine
3382 4127 3582 4181 malitia
3612 4137 3694 4182 est

2115 4221 2220 4274 ulla
2257 4220 2309 4274 id
2337 4219 2482 4289 quod
2506 4233 2718 4288 semper
2739 4219 2793 4273 in
2841 4218 3039 4273 malitia
3088 4226 3141 4273 et
3186 4217 3490 4274 defectione
3519 4235 3692 4274 versa-

2119 4318 2221 4362 tur.
2254 4307 2476 4362 Mnltum
2505 4323 2736 4377 namque
2764 4307 2923 4362 distat
2950 4307 3090 4362 inter
3110 4309 3414 4378 primmvam
3446 4308 3692 4371 formam,

2117 4409 2172 4452 et
2197 4414 2317 4452 eam
2346 4413 2464 4468 qua:
2491 4398 2557 4453 ad
2591 4399 2989 4472 similitudinem
3037 4399 3151 4467 ejus
3194 4401 3334 4453 facta
3364 4408 3466 4454 est.
3516 4399 3702 4469 imago

2119 4492 2334 4562 quippe,
2359 4490 2912 4562 siservetprincipalis
2933 4491 3119 4545 forum
3137 4493 3557 4558 similitudinem,
3571 4508 3699 4549 vere

444 4568 651 4623 nabiles
679 4567 832 4622 nobis
860 4575 984 4622 sunt
1010 4579 1288 4635 compares
1309 4574 1362 4619 et
1388 4565 1638 4634 aequales.
1665 4563 1771 4619 Sed
1802 4564 1855 4618 in
1873 4564 2001 4620 aliut

2124 4584 2299 4651 imago
2322 4591 2377 4637 et
2393 4584 2610 4653 proprie
2633 4583 2812 4651 imago
2827 4582 3038 4637 dicitur.
3061 4581 3118 4636 Si
3164 4597 3294 4637 vero
3315 4583 3383 4637 ab
3398 4583 3514 4653 ejus
3531 4585 3702 4639 imita.

446 4663 630 4718 nescio
653 4659 922 4731 quomodo
950 4657 1334 4726 consequentia
1373 4658 1635 4711 sermonis
1663 4655 1856 4710 inﬂexa
1895 4666 1977 4709 est
2005 4673 2016 4708 :

448 4770 555 4811 non
585 4753 728 4808 enim
769 4751 876 4806 hoc
913 4758 1032 4804 erat
1069 4749 1122 4801 in
1165 4747 1616 4816 contemplatione
1667 4743 2018 4814 propositum,

450 4860 506 4904 nt
533 4848 662 4918 quid
708 4854 854 4901 esset
879 4841 1232 4900 excellentius
1261 4840 1313 4893 in
1344 4839 1580 4902 homine,
1613 4847 1791 4891 utrum
1831 4836 2023 4890 mentis

449 4937 693 5010 operatio
731 4944 824 4990 aut
871 4931 1169 4988 substantia
1215 4928 1524 4991 materialis,
1567 4927 1880 4997 inquireret,
1927 4924 2022 4979 sed

450 5029 594 5102 quod
625 5030 676 5084 in
701 5028 878 5097 aliqua
905 5032 1059 5095 parte
1087 5037 1272 5078 eorum
1302 5035 1422 5090 quae
1443 5021 1494 5073 in
1521 5019 1676 5074 nobis
1701 5025 1827 5072 sunt
1873 5031 2024 5071 mens

451 5131 596 5177 esset
621 5121 836 5178 innexa.
863 5114 1140 5186 aequaliter
1157 5122 1338 5166 autem
1365 5113 1418 5165 in
1442 5110 1686 5165 munibus
1713 5118 1764 5163 et
1787 5125 1882 5179 per
1907 5124 2026 5163 om-

456 5216 543 5268 nia
570 5227 689 5268 sese
714 5208 988 5274 ditfundat,
1020 5217 1074 5262 et
1108 5222 1208 5261 nec
1249 5205 1580 5260 extrinsecus
1603 5205 1899 5272 contineat,
1930 5220 2029 5261 nec

455 5304 794 5360 contineatur
819 5302 1155 5356 intrinsecus.
1186 5296 1310 5353 Haec
1331 5298 1470 5352 enim
1494 5296 1662 5352 forma
1691 5299 1745 5352 in
1774 5298 1919 5352 cadis
1937 5307 2031 5353 aut

457 5394 515 5450 in
540 5392 718 5450 situlis
754 5391 979 5461 aliisque
1019 5390 1280 5446 similibus
1308 5391 1448 5446 vasis
1490 5397 1652 5458 atque
1694 5389 2026 5458 corporibus,

456 5497 579 5556 qua:
603 5498 664 5540 se
690 5496 790 5536 sua
815 5481 1112 5550 eapacitate
1132 5481 1411 5536 continent
1438 5480 1654 5550 proprie
1687 5480 2028 5550 pervidetur:

461 5574 770 5633 communio
795 5587 922 5628 vero
949 5573 1140 5626 mentis
1169 5571 1234 5626 ad
1263 5587 1459 5642 corpus
1487 5569 1804 5626 imitabilem
1839 5584 2030 5640 quam-

463 5669 586 5720 dam
614 5675 669 5719 et
699 5662 1290 5734 inromprehensibilcm
1317 5660 1560 5732 copulam
1589 5662 1787 5716 habere
1834 5673 2034 5728 cogno-

468 5761 650 5821 st-itnr,
692 5773 793 5813 nec
840 5756 1059 5810 interius
1107 5756 1364 5822 existens,
1416 5757 1536 5824 quia
1585 5772 1669 5810 res
1719 5752 2029 5823 incorporea

470 5851 644 5923 nequit
689 5863 912 5920 corpore
967 5847 1244 5913 contineri,
1298 5862 1393 5901 nec
1440 5849 1669 5902 exterius
1718 5844 2028 5901 circumﬂua

2127 4674 2271 4727 tione
2292 4672 2554 4742 discedat,
2581 4672 2722 4727 aliud
2745 4673 2992 4741 quiddam
3022 4688 3141 4728 esse
3173 4682 3519 4740 monstratur,
3553 4674 3701 4741 Quo-

2127 4763 2290 4818 modo
2307 4777 2437 4831 ergo
2453 4764 2695 4817 mortalis
2717 4765 2878 4817 homo
2897 4763 3194 4833 purissima:
3210 4763 3348 4818 illius
3359 4773 3414 4818 et
3431 4765 3700 4819 immorta-

2124 4855 2188 4908 lis
2212 4862 2413 4908 naturte
2426 4867 2742 4922 semperque
2754 4853 3089 4908 subsistentis
3114 4855 3290 4920 imago
3309 4868 3428 4909 esse
3450 4854 3702 4923 probabi-

2126 4944 2246 4997 tur?
2271 4941 2344 4996 De
2366 4942 2446 4995 his
2475 4942 2652 5010 itaque
2674 4942 2846 4995 solam
2864 4956 3053 4996 veram
3081 4941 3340 4995 rationem
3369 4943 3479 5012 ipsa
3502 4943 3704 4999 veritas

2130 5035 2405 5090 evidenter
2423 5037 2683 5104 agnoscit.
2701 5035 2806 5089 Nos
2822 5043 2997 5088 autem
3009 5078 3022 5101 ,
3039 5043 3294 5102 quantum
3311 5049 3504 5104 capere
3523 5051 3707 5105 possu-

2132 5143 2270 5192 mus,
2309 5127 2620 5195 quibusdam
2651 5126 2971 5194 conjecturis
3022 5135 3182 5194 atque
3222 5125 3707 5194 conjeciationibus

2131 5215 2409 5268 veritatem
2425 5214 2594 5284 ipsam
2617 5214 2805 5269 sedulo
2825 5214 3224 5282 investigantes,
3251 5214 3355 5269 hoc
3381 5215 3708 5269 arbitramur

2131 5317 2250 5358 esse
2269 5303 2414 5372 quod
2433 5304 2707 5373 quaeritur,
2721 5305 2786 5357 de
2800 5319 2908 5372 (pro
2930 5319 3028 5359 nos
3049 5305 3330 5360 necdiviua
3352 5303 3485 5359 fallit
3505 5307 3704 5371 oratio,

2131 5407 2251 5461 quae
2263 5395 2329 5447 ad
2346 5395 2627 5462 imaginem
2650 5393 2744 5449 Dei
2765 5395 2960 5449 factum
2975 5395 3244 5450 hominem
3265 5396 3466 5462 retulit,
3489 5410 3589 5450 nec
3604 5395 3708 5450 hu-

2134 5497 2305 5538 mana:
2323 5492 2526 5539 natura:
2545 5483 2790 5539 deﬂenda
2807 5487 3019 5539 miseria
3043 5494 3144 5550 est,
3160 5487 3288 5554 quia
3301 5486 3470 5541 bratzc
3492 5487 3630 5540 iuius
3650 5497 3706 5541 et

2133 5574 2473 5643 impassibilis
2501 5577 2619 5629 vitm
2639 5575 3040 5631 similitudinem
3065 5579 3218 5644 gerit.
3242 5575 3470 5632 Necesse
3500 5589 3581 5633 est
3611 5595 3708 5631 an-

2139 5675 2244 5716 tem
2278 5679 2306 5718 e
2347 5665 2554 5720 duobus
2600 5667 2823 5720 alterum
2855 5665 3114 5726 conﬁteri.
3149 5677 3205 5721 ut
3227 5668 3402 5735 siquis
3432 5679 3710 5737 comparet

2137 5753 2394 5822 Deoqnod
2425 5766 2661 5812 nostrum
2684 5766 2782 5819 eat.
2819 5768 2908 5811 aut
2931 5758 3230 5827 passibiliein
3252 5758 3481 5810 divinam
3497 5770 3586 5811 an:
3609 5760 3708 5812 im-

2137 5847 2436 5916 tui-sibilent
2473 5848 2755 5904 luunanam
2797 5859 2942 5922 putet
2985 5868 3097 5904 esse
3139 5849 3509 5915 Militantium,
3561 5852 3714 5917 velut
