3916 6202
231 295 331 348 573

1023 305 1198 359 LIBRI
1240 304 1326 358 DE
1366 299 1751 358 CREATIOLVE
1790 296 2071 355 ιωΜιΝιε,
2103 298 2666 355 ΙΝΤΕΒΡΒΕΤΛἙΟ.

3394 308 3499 361 ὅτι

231 416 573 483 ιριιὶωιὶῑουι
620 418 735 473 istis
784 418 1093 477 substantia:
1148 417 1441 472 similitudo
1488 415 1716 471 rationis
1770 414 1823 468 in
1853 416 1901 476 Α
1930 412 2033 468 hoc
2054 411 2103 467 id
2130 412 2273 481 quod
2296 427 2454 484 supra
2484 412 2717 467 diximus
2747 414 3057 482 Apostolum
3081 414 3350 483 definisse,
3380 418 3502 486 quia

234 508 479 578 utrisque
507 520 780 564 cernatur.
810 510 866 564 Si
896 525 1026 563 vero
1071 523 1244 576 neque
1293 507 1551 562 Divinitas
1597 507 1651 561 in
1698 520 1823 575 pas-

234 600 387 655 sione
416 609 518 665 est,
549 616 725 671 neque
752 610 932 656 nostra
964 599 1299 670 passionibus
1337 598 1634 668 probantur
1672 611 1824 652 exce-

239 700 351 759 pta,
396 701 554 761 putas
595 707 715 760 qua:
756 692 926 747 altera
975 689 1297 759 relinquitur
1342 689 1481 743 ratio
1530 687 1822 742 secundum

240 794 397 847 quam
446 781 679 835 divinam
724 796 912 837 vocem
954 795 1198 835 veracem
1243 794 1365 834 esse
1399 778 1658 842 dicamus,
1704 791 1823 845 quas

241 872 527 940 imaginem
559 872 651 928 Dei
682 873 953 928 hominem
984 888 1102 927 esse
1132 878 1323 925 testata
1349 871 1463 925 est?
1490 868 1654 937 Igitur
1678 883 1824 923 eam-

241 961 362 1016 dem
403 965 725 1033 scripturam
772 979 1045 1018 sumamus
1089 963 1410 1026 universam,
1461 962 1504 1015 si
1551 958 1824 1029 quomodo

240 1068 335 1119 per
360 1069 480 1117 eam
514 1056 670 1110 nobis
696 1054 872 1123 aliqua
898 1054 1191 1109 declaratio
1215 1052 1280 1105 ad
1310 1052 1362 1108 id
1400 1052 1541 1121 quod
1569 1050 1823 1122 quaeritur

240 1142 531 1199 elucescat.
569 1146 917 1215 Posteaquam
940 1145 1073 1199 dixit
1110 1162 1122 1197 :
1159 1142 1436 1197 Faciamus
1467 1143 1742 1209 hominem,
1771 1150 1825 1196 et

238 1238 302 1288 ad
334 1252 499 1305 quam
527 1254 640 1291 rem
671 1235 841 1292 factus
865 1248 947 1290 est
968 1236 1238 1298 indicavit,
1266 1236 1500 1289 inferens
1529 1235 1671 1303 quod
1704 1236 1825 1305 fecit

244 1324 383 1380 Deus
430 1329 501 1380 ad
558 1329 864 1400 imaginem,
916 1326 986 1380 ad
1034 1328 1309 1397 imaginem
1364 1326 1461 1379 Dei
1511 1327 1632 1395 fecit
1677 1341 1820 1389 eum,

237 1419 529 1471 masculum
573 1428 623 1471 et
666 1420 914 1488 feminam
961 1418 1083 1487 fecit
1119 1434 1224 1472 eos.
1255 1415 1370 1469 iam
1410 1430 1537 1470 vero
1570 1418 1620 1469 in
1666 1430 1823 1484 supe-

236 1507 472 1561 rioribus
498 1507 699 1563 dictum
730 1517 814 1561 est
838 1510 979 1577 quod
1005 1506 1071 1561 ad
1093 1506 1513 1561 destructionem
1536 1505 1824 1576 impietatis

236 1600 504 1653 haeretica:
526 1598 791 1654 sententia
824 1598 919 1653 i>ttt
944 1598 1298 1670 processerit,
1329 1612 1434 1667 qua
1456 1605 1823 1668 competenter

236 1690 572 1753 instruiniur,
619 1690 762 1761 quod
807 1691 993 1747 fecerit
1040 1691 1313 1746 hominem
1342 1690 1644 1757 unigenitus
1683 1689 1822 1745 Deus

1924 503 1979 556 in
2001 501 2205 557 Christo
2231 501 2355 556 Iesu
2385 520 2544 574 neque
2573 503 2827 557 masculus
2859 522 3017 574 neque
3060 508 3275 575 femina.
3308 507 3508 565 Deinde

1927 596 2105 651 intulit
2134 596 2278 665 quod
2304 598 2551 651 humana:
2593 607 2797 651 natura:
2837 599 3197 667 proprietates
3241 602 3510 670 exprime.-

1928 697 2028 755 ret,
2047 689 2331 742 masculum
2354 698 2403 741 et
2431 689 2679 759 feminam
2711 690 2829 758 fecit
2858 705 2964 742 eos.
3001 689 3108 744 Nec
3136 706 3222 744 me
3242 691 3505 759 quispiam

1928 780 2108 849 culpet
2139 780 2281 848 quod
2312 780 2602 848 proposita:
2632 778 2856 833 rationis
2895 779 3300 848 intelligentiam
3325 782 3511 837 videar

1927 886 1994 924 ex
2046 870 2155 924 alto
2188 869 2482 935 deducere;
2534 869 2674 924 Deus
2728 870 2870 923 enim
2918 870 3232 925 naturaliter
3272 872 3510 926 existens

1927 961 2186 1031 quidquid
2220 961 2346 1015 boni
2370 961 2695 1028 cogitatione
2722 960 3152 1029 complectimur,
3196 962 3305 1017 imo
3330 963 3508 1032 potius

1928 1053 2077 1106 omni
2103 1052 2247 1107 bono
2278 1052 2420 1121 quod
2450 1060 2544 1105 aut
2573 1051 2796 1119 intelligi
2830 1060 3005 1121 potest
3032 1060 3124 1105 aut
3151 1055 3509 1123 comprehen-

1928 1142 1980 1197 di
2026 1144 2393 1212 prazstantior,
2428 1159 2533 1197 non
2556 1144 2625 1197 ob
2664 1143 2820 1196 aliain
2850 1159 3064 1199 causam
3096 1146 3304 1199 creavit
3338 1146 3514 1201 homi-

1929 1248 2052 1288 nem
2081 1234 2182 1289 nisi
2209 1234 2331 1302 quia
2357 1234 2531 1289 bonus
2557 1244 2657 1288 est.
2691 1233 2835 1289 Talis
2863 1248 2991 1303 ergo
3016 1251 3135 1289 cum
3166 1237 3256 1304 sit,
3280 1244 3337 1291 et
3379 1253 3507 1309 pro—

1928 1334 2114 1397 pterea
2144 1334 2349 1380 naturae
2376 1326 2707 1382 formatioris
2736 1326 3003 1380 exstiterit
3031 1335 3262 1397 creatur,
3307 1344 3508 1398 nequa-

1930 1430 2089 1484 quam
2121 1414 2487 1484 imperfectam
2514 1415 2764 1469 virtutem
2811 1430 2920 1469 sum
2966 1416 3219 1470 bonitatis
3254 1417 3506 1480 ostendit,

1930 1516 1989 1561 ut
2016 1506 2212 1576 aliquid
2233 1522 2300 1561 ex
2323 1506 2403 1559 his
2425 1521 2542 1574 qua:
2579 1507 2627 1561 ei
2656 1514 2944 1576 suppetunt
2968 1508 3139 1572 daret,
3164 1507 3360 1577 aliquid
3383 1520 3511 1563 Vero

1928 1598 2125 1653 invidia
2156 1606 2383 1665 cogente
2428 1597 2787 1662 subtraheret,
2826 1598 2919 1652 sed
2962 1598 3211 1666 perfectas
3260 1599 3512 1654 bonitatis

1929 1691 2134 1760 species
2158 1690 2208 1747 in
2239 1705 2304 1745 eo
2334 1698 2433 1752 est,
2465 1698 2522 1743 ut
2548 1690 2821 1744 hominem
2849 1691 2938 1759 qui
2969 1707 3075 1745 non
3111 1699 3227 1746 erat
3268 1692 3320 1746 in
3349 1707 3511 1761 gene-

235 1781 298 1834 ad
324 1782 616 1849 imaginem
650 1782 763 1845 Dei,
792 1791 849 1836 ut
879 1783 1021 1836 nulla
1052 1783 1257 1836 ratione
1285 1780 1617 1836 divinitatem
1649 1778 1821 1833 Patris
1860 1792 1901 1849 Β
1929 1780 2190 1835 rationem
2222 1778 2561 1849 produceret,
2595 1780 2966 1850 bonorumque
3008 1782 3319 1851 participem
3368 1781 3512 1838 ﬁsce-

236 1881 285 1925 et
313 1871 436 1926 Filii
476 1873 785 1927 discernere
836 1873 1138 1940 moliamur,
1178 1888 1298 1927 eum
1342 1871 1620 1940 mqualiter
1648 1870 1822 1924 divina

235 1963 513 2033 Scriptura
546 1962 714 2018 Deum
742 1972 1024 2033 utrumque
1055 1965 1298 2029 fateatur,
1332 1972 1385 2017 et
1417 1979 1540 2018 cum
1566 1963 1654 2034 qui
1701 1962 1827 2017 fecit

236 2060 534 2128 hominem,
560 2070 614 2114 et
641 2076 765 2115 eum
796 2060 860 2114 ad
888 2060 1037 2128 cujus
1068 2062 1350 2132 imaginem
1377 2060 1548 2114 factus
1577 2068 1676 2115 est.
1720 2057 1824 2113 Sed

235 2151 298 2206 de
326 2152 411 2205 his
442 2168 587 2207 nunc
610 2154 887 2207 omittatur
915 2169 1050 2207 asset
1066 2155 1159 2209 tio.
1212 2154 1496 2209 Vertamur
1533 2161 1710 2206 autem
1761 2151 1827 2206 ad

235 2244 571 2312 propositam
599 2246 969 2312 qurestionem,
999 2244 1271 2313 quomodo
1291 2244 1467 2298 divina
1496 2243 1709 2312 quidem
1734 2256 1829 2296 na-

236 2344 354 2388 tura
400 2334 563 2387 beata
590 2334 681 2397 sit,
721 2341 775 2387 et
810 2348 927 2387 eam
965 2349 1084 2401 qua:
1128 2334 1315 2388 similis
1359 2333 1410 2387 ei
1450 2342 1534 2387 est
1578 2333 1824 2385 miseram

236 2423 512 2492 Scriptura
544 2432 953 2477 commemoret.
989 2423 1151 2493 Igitur
1183 2423 1343 2477 verba
1383 2423 1495 2494 ipsa
1524 2421 1829 2490 diligentius

237 2514 604 2584 exploremus,
628 2523 684 2569 et
712 2515 1042 2570 inveniemus
1070 2514 1212 2569 aliud
1249 2515 1497 2583 quiddam
1542 2530 1657 2569 esse
1686 2512 1828 2583 quod

240 2606 305 2660 ad
337 2605 627 2673 imaginem
656 2604 753 2659 Dei
804 2605 999 2661 factum
1029 2613 1129 2669 est,
1162 2604 1306 2659 aliud
1339 2620 1465 2659 vero
1493 2603 1636 2673 quod
1689 2618 1829 2657 nunc

239 2697 289 2750 in
322 2695 537 2751 miseiia
561 2695 893 2765 pervidetur.
925 2695 1096 2759 Fecit,
1139 2695 1327 2764 inquit,
1362 2695 1498 2749 Deus
1545 2696 1827 2757 hominem;

239 2787 309 2839 ad
330 2788 615 2858 imaginem
638 2785 733 2839 Dei
748 2788 868 2857 fecit
889 2786 1055 2849 illum;
1073 2783 1219 2839 ﬁnita
1241 2795 1323 2839 est
1342 2769 1457 2854 ejus
1469 2784 1738 2856 quifactus
1749 2793 1833 2837 est

239 2878 306 2931 ad
342 2879 633 2945 imaginem
671 2877 764 2937 Dei
795 2877 1056 2931 conditio.
1108 2875 1308 2931 Deinde
1338 2875 1643 2945 adjungitur
1688 2875 1831 2929 velut

242 2969 309 3024 de
338 2970 531 3024 eadem
562 2968 871 3038 conditjpne
896 2983 1097 3035 sermo,
1126 2984 1247 3023 cum
1279 2969 1470 3023 dicitur
1497 2986 1508 3021 :
1544 2967 1829 3022 Mascuhtnt

236 3072 285 3113 et
308 3062 563 3132 feminam
593 3062 715 3131 fecit
755 3076 860 3114 eos.
895 3059 1115 3115 Cunctis
1144 3068 1324 3115 autem
1353 3076 1478 3115 reor
1505 3076 1624 3115 esse
1665 3062 1831 3116 notis-

1925 1880 2026 1926 ret.
2051 1871 2183 1938 Quia
2207 1886 2334 1925 vero
2362 1871 2625 1925 bonorum
2658 1872 2894 1941 ipsorum
2920 1872 3084 1926 multa
3113 1876 3373 1942 probatur
3392 1878 3511 1928 esse

1924 1965 2224 2031 COngeslio,
2273 1977 2392 2032 quae
2436 1977 2541 2016 non
2581 1963 2751 2031 possit
2795 1979 3020 2018 numero
3070 1964 3223 2019 facile
3260 1980 3509 2035 compre-

1924 2054 2106 2118 hendi,
2141 2053 2337 2107 idcirco
2361 2051 2599 2122 generali
2627 2052 2855 2121 quadam
2892 2068 3023 2107 voce
3059 2053 3307 2108 universa
3353 2054 3510 2109 simul

1925 2144 2198 2214 Scriptura
2243 2142 2608 2211 complectens
2655 2142 2960 2209 signiﬁcare
3002 2144 3233 2213 curavit,
3281 2158 3400 2199 cum
3442 2147 3509 2197 ad

1927 2237 2213 2305 imaginem
2236 2234 2330 2289 Dei
2362 2232 2561 2290 factum
2589 2235 2855 2289 hominem
2874 2235 3074 2289 rettulit.
3107 2234 3337 2305 IEquale
3365 2237 3509 2291 enim

1927 2338 2012 2383 est
2039 2328 2167 2397 hoc,
2192 2342 2255 2381 ac
2276 2329 2321 2384 si
2343 2326 2572 2393 diceret,
2606 2326 2894 2380 humanam
2915 2335 3165 2381 naturam
3185 2327 3362 2396 omnis
3381 2328 3509 2383 houi

1929 2419 2124 2474 factam
2156 2433 2275 2473 esse
2302 2418 2651 2487 participem:
2680 2418 2724 2471 si
2754 2418 2898 2472 enim
2928 2418 3181 2473 bonitatis
3230 2427 3311 2475 est
3349 2420 3513 2489 pleni-

1930 2512 2059 2567 tudo
2087 2511 2357 2575 divinitas,
2387 2517 2444 2564 et
2472 2511 2631 2579 hujus
2657 2510 2821 2565 homo
2852 2510 3028 2580 imago
3061 2518 3162 2577 est,
3188 2512 3430 2581 profecto
3458 2522 3514 2566 et

1930 2603 1983 2656 in
2015 2603 2342 2671 plenitudine
2372 2603 2441 2655 sit
2464 2602 2635 2656 omnis
2665 2602 2791 2656 boni
2842 2603 2955 2657 lucc
2983 2603 3158 2671 imago
3177 2646 3191 2671 ,
3219 2604 3372 2673 juxta
3405 2606 3513 2674 pri-

1932 2708 2157 2747 mmvam
2182 2692 2408 2746 formam
2434 2692 2834 2747 similitudinem
2865 2694 3120 2763 possidet.
3154 2693 3245 2749 Est
3282 2696 3441 2764 igitur
3464 2696 3514 2751 in

1933 2794 2088 2848 nobis
2118 2794 2280 2847 totius
2302 2792 2428 2846 boni
2458 2792 2716 2857 conditio,
2765 2793 3035 2861 totiusque
3072 2794 3282 2848 virtutis
3325 2802 3381 2849 et
3428 2808 3515 2849 sa-

1934 2883 2169 2953 pientite,
2197 2890 2249 2940 et
2278 2880 2537 2950 quidquid
2565 2881 2693 2936 illud
2720 2890 2803 2937 est
2858 2884 3002 2951 quod
3044 2884 3305 2953 optimum
3352 2886 3519 2956 possit

1936 2974 2181 3041 intelligi,
2214 2989 2324 3042 prce
2354 2973 2604 3028 omnibus
2634 2988 2764 3028 vero
2794 2975 2937 3043 quod
2978 2976 3044 3028 ab
3094 2978 3238 3031 omni
3285 2980 3518 3032 necessi-

1936 3075 2047 3120 tate
2079 3063 2230 3118 liberi
2259 3078 2463 3126 sumns,
2498 3076 2597 3118 nec
2617 3063 2884 3133 subjugati
2908 3065 3138 3132 quadam
3172 3067 3401 3120 naturali
3432 3084 3530 3136 po-

242 3154 457 3216 simum,
489 3151 636 3219 quod
666 3151 892 3220 idipsum
921 3150 987 3204 ab
1014 3150 1102 3204 illa
1133 3151 1382 3220 primawa
1430 3151 1600 3205 forma
1642 3150 1825 3205 intelli-
1864 3157 1909 3218 C
1942 3156 2130 3221 tentia,
2159 3154 2252 3209 sed
2284 3154 2506 3208 arbitrio
2546 3154 2766 3222 proprio
2792 3153 2858 3207 ad
2888 3154 3170 3207 consilium
3218 3156 3360 3224 quod
3404 3156 3518 3225 pla-

242 3243 384 3309 gitur
412 3241 673 3295 alienum.
727 3238 793 3294 In
840 3239 1043 3294 Christo
1086 3256 1315 3310 namque
1341 3239 1485 3305 Jesu,
1532 3240 1668 3294 sicut
1707 3241 1836 3295 dicit

244 3332 557 3401 Apostolus,
606 3349 770 3403 neque
818 3334 1095 3398 masculus,
1130 3336 1292 3405 neque
1339 3336 1552 3404 femina,
1584 3334 1676 3388 sed
1711 3335 1835 3401 quia

245 3440 340 3493 per
368 3424 483 3478 hare
509 3424 691 3478 divisit
717 3423 987 3478 hominem
1018 3441 1198 3480 sermo
1220 3426 1448 3491 divinus,
1482 3427 1676 3497 duplex
1700 3443 1837 3497 quat.

245 3517 361 3570 dam
394 3517 658 3587 probatur
684 3525 892 3571 natura:
940 3528 1139 3571 nostra:
1187 3517 1455 3580 formatio,
1512 3529 1566 3573 et
1611 3535 1672 3573 ea
1721 3536 1838 3590 qua:

249 3609 482 3662 divinam
515 3607 681 3663 refert
703 3608 1128 3673 similitudinem,
1162 3620 1217 3665 et
1256 3626 1318 3665 ea
1351 3627 1469 3679 qua:
1498 3612 1564 3664 ab
1613 3612 1711 3666 ista
1740 3612 1840 3665 dif—

249 3700 385 3755 ferre
417 3709 770 3757 monstratur.
805 3702 1017 3770 Aliquid
1047 3704 1188 3757 enim
1221 3704 1323 3757 tale
1351 3704 1672 3758 contestatio
1704 3705 1842 3759 rela-

251 3794 408 3848 tionis
454 3794 715 3859 insinuat,
764 3793 993 3862 primum
1030 3794 1245 3863 quidem
1302 3795 1511 3858 dicens,
1546 3796 1668 3863 quia
1724 3798 1843 3867 fecit

249 3882 387 3939 Deus
417 3885 713 3949 hominem;
740 3886 809 3939 ad
846 3888 1122 3957 imaginem
1158 3886 1253 3941 Dei
1284 3889 1400 3957 fecit
1438 3904 1571 3941 eum.
1602 3888 1843 3959 Itemque

248 3976 559 4044 eubjiciens,
583 3978 707 4046 quia
737 3979 1022 4032 masculum
1051 3990 1099 4033 et
1142 3981 1387 4051 feminam
1426 3981 1548 4048 fecit
1589 3997 1694 4035 eos.
1731 3980 1843 4037 Hoc

250 4081 429 4128 autem
460 4073 515 4126 in
546 4072 629 4127 his
656 4088 777 4142 qua:
804 4073 871 4128 de
892 4073 1005 4128 Deo
1038 4074 1345 4128 sentiuntur
1371 4076 1630 4144 probatur
1658 4083 1842 4129 extra-

251 4177 434 4231 neum,
465 4166 566 4218 sed
612 4165 845 4219 arbitror
893 4180 993 4233 ego
1041 4182 1138 4235 per
1183 4167 1294 4222 haec
1341 4182 1459 4237 quae
1496 4184 1525 4222 a
1572 4168 1844 4239 Scriptura

248 4265 433 4310 saneta
480 4256 733 4311 dicuntur
770 4272 1022 4328 magnum
1062 4267 1221 4328 atque
1260 4260 1489 4317 sublime
1529 4261 1721 4330 dogma
1750 4262 1843 4316 de-

250 4352 475 4415 clarare,
490 4350 638 4419 quod
662 4350 769 4405 tale
791 4366 909 4405 esse
935 4352 1189 4421 pervideo
1206 4370 1217 4405 :
1234 4351 1440 4408 duabus
1467 4354 1626 4409 rebus
1653 4370 1845 4410 secun-

249 4439 375 4494 dum
401 4441 744 4495 summitates
772 4440 839 4494 ah
871 4441 1098 4497 invicem
1126 4444 1387 4511 separatis
1410 4442 1638 4497 mediam
1660 4444 1847 4499 huma-

1884 3276 1893 3283 -
1938 3247 2110 3302 cuerit
2157 3244 2510 3309 inclinamus;
2554 3245 2720 3298 virtus
2742 3244 2884 3299 enim
2933 3253 3231 3315 spontauea
3278 3246 3521 3316 quazdam

1941 3352 2026 3390 res
2068 3345 2170 3399 est,
2212 3344 2267 3390 et
2304 3336 2501 3390 nullius
2544 3334 2785 3403 subjecta
2833 3335 3091 3391 dominio.
3143 3334 3295 3404 Quod
3345 3347 3523 3393 autem

1939 3427 2168 3496 quadam
2197 3426 2524 3480 necessitate
2552 3434 2798 3481 coactum
2822 3433 2924 3490 est,
2957 3427 3123 3481 virtus
3148 3442 3266 3481 esse
3284 3426 3397 3495 jam
3419 3443 3524 3482 non

1942 3524 2137 3584 potest.
2167 3514 2301 3569 Cum
2328 3529 2457 3583 ergo
2486 3530 2627 3586 pene
2654 3518 2708 3570 in
2750 3517 2999 3571 omnibus
3038 3517 3301 3586 priniazva:
3344 3516 3526 3573 forma:

1941 3606 2392 3676 pulchritudinem
2432 3606 2768 3677 formamque
2819 3609 2994 3675 imago
3025 3610 3383 3675 demonstret,
3430 3612 3526 3663 nisi

1943 3708 1995 3760 in
2044 3707 2223 3775 aliquo
2278 3704 2510 3771 differat,
2560 3706 2669 3773 jam
2730 3722 2837 3761 non
2890 3707 2993 3760 erit
3043 3707 3365 3772 similitudo,
3433 3710 3526 3763 sed
3600 3760 3607 3767 ,

1944 3798 2115 3867 ipsum
2169 3804 2332 3865 atque
2359 3795 2567 3864 aequale
2595 3796 2667 3849 illi
2697 3811 2792 3865 per
2820 3797 3000 3850 omnia
3047 3796 3525 3859 demonstrabimr,

1943 3888 2087 3958 quod
2118 3888 2169 3941 in
2195 3887 2446 3940 omnibus
2494 3886 2826 3939 immutabile
2873 3887 3276 3955 comprobatur.
3323 3884 3380 3939 In
3420 3901 3529 3956 quo

1945 3990 2073 4044 ergo
2098 3974 2405 4029 Divinitatis
2434 3982 2489 4028 et
2515 3974 2877 4029 similitudinis
2902 3975 3018 4044 ejus
3053 3975 3357 4031 distantiam
3407 3993 3529 4048 per-

1946 4067 2223 4123 videmus?
2259 4065 2314 4120 ln
2346 4066 2449 4121 hoc
2494 4066 2678 4136 procul
2720 4065 2901 4132 dubio,
2946 4069 3089 4137 quod
3142 4067 3401 4127 Divinitas
3445 4074 3529 4126 in-

1947 4169 2127 4216 creata
2157 4172 2257 4226 est,
2291 4160 2405 4216 haec
2434 4169 2615 4215 autem
2658 4162 2918 4217 creationi
2956 4163 3217 4231 subsistit,
3248 4178 3367 4233 qua:
3406 4182 3529 4236 pro-

1946 4252 2190 4323 prietatis
2242 4250 2543 4306 differentia
2606 4268 2789 4307 rursus
2856 4253 3079 4308 aliarum
3138 4256 3529 4324 proprietatum

1948 4344 2388 4414 consequentiam
2416 4343 2658 4413 protulit.
2690 4341 2931 4399 Occurrit
2970 4346 3113 4399 enim
3141 4347 3348 4401 cunctis
3379 4346 3531 4401 indu-

1950 4435 2115 4489 bitata
2140 4434 2420 4505 professio.
2452 4436 2596 4504 quod
2625 4436 2862 4489 increata
2891 4444 3081 4489 natura
3116 4437 3167 4490 in
3179 4438 3530 4492 commutabi-

253 4548 374 4585 nam
396 4546 518 4587 esse
534 4533 912 4601 substantiam,
934 4533 1076 4588 inter
1096 4533 1327 4589 divinam
1350 4535 1553 4591 scilicet
1582 4536 1833 4606 incorpo-

1941 4527 2003 4582 lis
2032 4526 2102 4581 sit
2126 4532 2181 4581 et
2229 4539 2443 4595 semper
2469 4524 2660 4579 eodem
2702 4525 2863 4580 modo
2912 4536 3242 4595 permaneat,
3286 4536 3535 4583 creatura

248 4639 509 4693 reamque
528 4633 584 4680 et
613 4624 1035 4679 irrationabilem
1068 4626 1388 4697 brutamque
1414 4637 1679 4683 naturam.
1706 4628 1839 4683 Nam

250 4716 534 4783 utriusque
561 4714 639 4767 rei
680 4717 822 4769 ratio
860 4714 913 4769 in
957 4714 1189 4770 hominis
1238 4715 1664 4773 conformatione
1712 4734 1840 4773 con-

250 4805 479 4874 spicitur
507 4822 521 4857 :
550 4802 730 4858 divina
754 4804 991 4873 quidem,
1022 4805 1126 4859 hoc
1147 4806 1289 4874 quod
1314 4808 1590 4864 rationalis
1610 4814 1663 4863 et
1686 4809 1842 4863 intel-

251 4896 495 4951 lectualis
520 4905 621 4962 est,
652 4896 798 4966 quod
826 4897 987 4950 etiam
1012 4898 1235 4951 masculi
1262 4912 1326 4951 ac
1349 4898 1558 4953 femina:
1586 4897 1838 4954 differen-

250 4992 380 5042 liam
408 4988 630 5059 refugit;
663 4988 1139 5059 irrationaliskhoc
1177 4988 1322 5058 quod
1360 5005 1674 5059 corpoream
1706 5006 1839 5047 con-

248 5080 593 5134 stitutionem
624 5080 679 5133 in
706 5079 1003 5134 masculum
1034 5079 1257 5134 divisam
1287 5089 1460 5149 gestat
1509 5088 1563 5134 et
1591 5081 1841 5136 feminam

251 5172 335 5239 (in
382 5171 466 5226 his
511 5172 654 5225 enim
708 5170 949 5240 utrisque
1005 5180 1291 5225 versantur
1343 5172 1592 5227 universa
1650 5173 1842 5241 quibus

246 5262 559 5319 enminetur
605 5262 838 5317 humana
887 5261 1247 5330 substantia);
1276 5259 1369 5315 sed
1403 5260 1679 5331 prelatum
1724 5277 1843 5317 esse

246 5356 300 5407 ιιι
328 5355 470 5421 quod
502 5355 554 5408 in
577 5354 734 5409 nobis
763 5353 1128 5409 intellectuale
1152 5361 1236 5408 est
1265 5354 1314 5407 ei
1345 5354 1419 5408 rei
1442 5368 1563 5422 qua:
1598 5353 1843 5407 humanm

243 5444 627 5512 propagationi
654 5443 859 5499 servire
884 5443 1151 5511 videmus,
1183 5442 1370 5498 ordine
1413 5444 1527 5514 ipso
1574 5444 1844 5499 conditio-

246 5536 340 5589 uis
370 5545 698 5603 exsequente
730 5534 1035 5591 didicimus.
1069 5535 1149 5590 Ad
1179 5534 1426 5590 eﬂ'ectum
1452 5536 1650 5606 quippe
1677 5549 1843 5605 gene-

247 5624 485 5678 rationis
530 5626 771 5694 quzcdam
819 5635 903 5679 est
949 5626 1180 5681 hominis
1226 5641 1349 5681 cum
1392 5626 1843 5681 irrationabilibus

249 5713 442 5767 imata
469 5712 797 5782 conjunctio.
834 5714 1070 5769 Primum
1104 5714 1267 5785 igitur
1304 5716 1379 5769 ait
1402 5715 1525 5785 quia
1559 5717 1677 5781 fecit
1707 5714 1845 5770 Deus

248 5804 541 5875 hominem,
567 5806 632 5857 ad
681 5798 969 5877 imaginem
1005 5803 1093 5861 Dei
1125 5809 1246 5878 fecit
1284 5823 1437 5862 eum:
1486 5806 1719 5864 ostendit
1753 5824 1847 5877 per

1946 4634 2077 4673 vero
2108 4633 2215 4672 non
2246 4618 2417 4687 possit
2444 4618 2559 4673 sine
2586 4618 2885 4672 mutatione
2926 4619 3234 4687 persistere.
3277 4620 3395 4689 Ipse
3441 4621 3534 4675 de-

1946 4713 2107 4782 nique
2128 4727 2198 4767 ex
2225 4711 2393 4765 nihilo
2426 4711 2492 4764 ad
2519 4711 2861 4766 existentiam
2894 4713 3171 4779 transitus,
3212 4723 3388 4768 motus
3416 4714 3535 4783 qui-

1944 4803 2066 4857 dam
2126 4810 2243 4857 erat
2294 4812 2455 4872 atque
2503 4802 2809 4862 conversio.
2861 4818 2981 4858 cum
3031 4819 3137 4859 non
3186 4804 3421 4858 existens
3467 4804 3533 4859 ad

1945 4896 2233 4951 essentiam
2262 4894 2445 4950 divino
2466 4896 2695 4951 consilio
2720 4904 3127 4951 transmutatur.
3160 4895 3228 4949 Et
3270 4896 3407 4949 sicut
3437 4895 3533 4949 im-

1943 5003 2178 5059 pressam
2210 4991 2261 5042 in
2284 5003 2392 5043 aere
2417 4988 2638 5057 figuram
2666 4998 2909 5044 sanctum
2934 4988 3279 5056 Evangelium
3306 4986 3535 5041 Cresaris

1945 5078 2180 5149 appellat
2206 5079 2513 5146 imaginem,
2550 5095 2644 5148 per
2672 5079 2815 5149 quod
2844 5077 3166 5133 addiscimus
3207 5079 3351 5148 quod
3374 5079 3531 5149 juxta

1947 5172 2169 5239 figuram
2201 5171 2416 5240 quidem
2442 5172 2735 5229 similitudo
2770 5171 3014 5235 Caesaris,
3050 5170 3101 5225 in
3147 5171 3390 5240 subjecto
3435 5189 3534 5229 au-

1946 5270 2051 5315 tem
2082 5261 2385 5317 differentia
2414 5262 2531 5330 ejus
2560 5271 2835 5331 appareat,
2864 5262 2935 5315 ita
2966 5271 3022 5317 et
3057 5262 3109 5317 in
3134 5264 3405 5333 prmdictis
3450 5282 3536 5319 ra-

1948 5352 2095 5407 tione
2141 5368 2241 5421 pro
2285 5353 2465 5421 tlguris
2511 5358 2638 5407 sunt
2691 5366 2753 5406 ea
2805 5367 2925 5420 quae
2981 5355 3033 5408 in
3081 5356 3536 5426 contemplatione

1950 5444 2140 5498 divinae
2170 5452 2376 5497 natura:
2396 5444 2747 5513 humanaeque
2772 5454 3097 5512 cernuntur;
3123 5460 3311 5503 eorum
3340 5448 3536 5517 quibus

1952 5534 2141 5590 eadem
2170 5534 2463 5589 similitudo
2500 5540 2601 5601 est,
2653 5534 2705 5588 in
2748 5533 2992 5604 subjecto
3030 5552 3251 5608 prorsus
3285 5536 3537 5592 different-

1953 5624 2078 5677 tiam
2108 5624 2425 5691 reperimus,
2448 5638 2609 5691 quam
2634 5624 2829 5679 intuitu
2854 5626 3049 5681 mentis
3078 5627 3314 5681 increata
3346 5636 3535 5680 natura

1949 5726 2237 5781 creataque
2287 5714 2667 5783 conspicitiius.
2728 5714 2993 5781 Quoniam
3056 5717 3215 5785 igitur
3276 5716 3535 5769 Divinitas

1954 5809 2065 5877 ipsa
2106 5820 2319 5876 setnper
2366 5802 2473 5877 est,’
2501 5808 2665 5866 homo
2708 5823 2836 5865 vero
2868 5826 2961 5881 per
2990 5810 3315 5865 creationem
3366 5806 3535 5858 lactus
