3916 6202
370 342 471 396 Ώῦ

1652 345 2005 399 ΒΙΟΧΥξὲΙυὲ
2049 345 2364 404 iiXlGlj-CS.

3526 351 3630 406 575

368 476 430 510 κ
459 460 750 512 ιιιιιιεηῐιειιίι
779 462 1214 529 (ιωειῑιρχὶέιιιυ,
1246 461 1727 529 cognationemque
1753 476 1944 529 quam-
1975 462 2019 518 Λ
2049 462 2242 531 Opinor
2299 464 2689 520 absolutionem
2745 466 3054 535 quaestionis
3117 482 3235 536 quin
3298 465 3366 519 ah
3424 468 3633 525 minutis

367 551 486 601 nam
542 551 748 602 videtur
792 552 987 605 habere
1027 568 1148 606 cum
1198 561 1384 605 natura
1432 553 1703 605 vertibili:
1745 551 1944 604 idcirco

368 638 457 703 qui
486 640 631 691 nevit
668 641 844 692 omnia
873 649 1157 709 antequam
1188 640 1333 707 fiant,
1367 644 1502 695 sicut
1533 643 1790 710 propheta
1816 657 1943 701 prn-

368 732 603 794 tniserat,
650 732 934 799 providens
978 743 1139 801 atque
1181 735 1513 803 prospiciers
1563 735 1756 787 virtute
1805 748 1941 804 prie»

368 820 599 874 srienti.e
645 837 754 875 suae
803 824 853 876 in
898 839 1016 893 qua":
1071 825 1365 879 declinaret
1398 826 1549 894 juxta
1597 834 1943 894 spontaneum

368 910 694 967 voluntatem
720 915 935 969 humani
966 927 1141 971 motus
1172 919 1397 984 arbitrii,
1446 918 1499 972 id
1526 918 1669 987 quod
1710 918 1942 972 futurum

367 1010 483 1053 erat
517 1002 766 1071 inspexit,
799 1005 1038 1062 tribuens
1067 1009 1278 1075 imagini
1309 1007 1662 1062 differentiam
1699 1008 1860 1061 maris
1891 1017 1947 1060 et

369 1087 593 1151 tendum.
627 1109 744 1162 quae
766 1095 876 1162 jam
898 1113 1003 1150 non
1036 1098 1099 1151 ad
1121 1098 1355 1152 divinam
1403 1099 1627 1152 formam
1674 1099 1937 1168 priueipa-

368 1182 580 1249 lenique
612 1186 923 1253 respiceret,
962 1187 1079 1249 sed,
1113 1190 1186 1241 uti
1216 1190 1415 1243 dictum
1456 1198 1556 1249 est,
1595 1189 1943 1242 irrationabili

370 1279 569 1326 uatum
618 1277 979 1345 pr0pinquare
1027 1277 1312 1332 videretur.
1365 1278 1595 1331 Causam
1642 1294 1770 1331 vero
1812 1277 1945 1330 tanti

368 1358 523 1427 hujus
553 1364 770 1417 artificis
801 1366 899 1419 soli
930 1367 1142 1434 quidem
1176 1368 1248 1421 illi
1282 1368 1601 1435 intelligunt,
1631 1366 1721 1435 qui
1750 1367 1945 1420 verita-

369 1457 477 1504 tem
501 1453 728 1521 propriis
757 1456 925 1509 oculis
946 1458 1238 1518 intuentur,
1273 1467 1327 1511 ct
1357 1459 1502 1512 verbi
1532 1458 1755 1511 ministri
1779 1466 1899 1511 sunt
1930 1476 1943 1523 ;

368 1556 467 1597 nos
497 1554 695 1609 autem,
718 1546 854 1599 sicut
882 1555 964 1603 est
985 1549 1257 1616 possibile,
1283 1548 1604 1617 conjecturis
1629 1548 1942 1617 quibusdam

367 1643 529 1703 atque
562 1636 767 1693 indiciis
808 1641 1048 1695 veritatis
1088 1642 1305 1709 vrstigia
1355 1652 1759 1712 prosequentes,
1798 1642 1943 1710 quod

368 1724 547 1779 incidit
578 1730 779 1795 animo,
808 1746 912 1785 non
941 1733 1271 1787 enuntiativo
1300 1734 1456 1787 modo
1486 1731 1821 1802 proferimus,
1852 1734 1943 1787 sed

2047 556 2245 609 nostris
2276 555 2543 625 profertur
2572 556 2860 627 inquirere.
2895 558 3085 613 Dicunt
3113 558 3254 612 enim
3285 567 3409 613 ante
3435 573 3631 628 pecca-

2048 654 2157 698 tum
2182 661 2282 700 nec
2307 654 2516 715 partum
2549 645 2730 713 fuisse,
2772 662 2873 701 nec
2893 648 3171 713 gemitum,
3206 662 3304 703 nec
3335 650 3629 718 appetitum

2047 736 2137 803 qui
2165 736 2536 804 propagatioui
2580 738 2747 805 prolis
2776 739 3089 805 obsequitur
3124 758 3135 789 :
3165 740 3331 808 pulsis
3358 748 3536 793 autem
3563 740 3631 794 de

2048 828 2296 897 paradiso
2347 838 2468 898 post
2530 828 2811 895 delictum,
2869 840 2922 883 ct
2978 831 3199 897 muliere
3264 833 3635 901 parturitionis

2047 919 2297 972 damnata
2343 920 2625 989 supplicio,
2655 928 2780 974 tunc
2808 920 2974 973 Adam
3021 922 3337 976 convenisse
3382 932 3441 976 ut
3477 937 3631 976 suam

2049 1008 2329 1077 coniugem
2354 1010 2475 1078 jure
2498 1019 2868 1078 cognosceret,
2899 1018 2951 1064 et
2980 1011 3057 1065 sic
3084 1008 3329 1066 effectum
3361 1026 3477 1066 esse
3504 1028 3634 1082 pro-

2047 1101 2334 1155 creationis
2362 1100 2667 1157 exordium.
2699 1100 2752 1155 Si
2778 1115 2906 1169 ergo
2930 1103 3203 1171 nuptiarin
3235 1102 3481 1172 paradiso
3521 1120 3631 1158 non

2048 1198 2221 1256 erant,
2254 1203 2428 1257 neque
2456 1190 2685 1257 gemitus
2713 1189 2926 1252 ibidem,
2962 1205 3136 1259 neque
3167 1199 3370 1260 partus,
3408 1207 3633 1247 necesse

2048 1294 2167 1333 esse
2209 1279 2357 1333 aiunt
2397 1295 2464 1334 ex
2506 1280 2953 1347 consequentibus
2999 1281 3296 1345 aestimare,
3346 1281 3490 1349 quod
3535 1295 3632 1335 ne-

2047 1386 2313 1441 quaquam
2336 1371 2812 1441 multiplicarentur
2835 1371 3096 1439 homines,
3118 1372 3216 1425 nisi
3242 1371 3306 1425 ad
3329 1371 3630 1426 mortalita-

2050 1473 2155 1515 tem
2181 1463 2317 1515 hanc
2347 1461 2720 1515 immortalitas
2752 1460 3046 1526 recidisset,
3073 1471 3127 1516 et
3157 1469 3399 1515 naturam
3432 1463 3632 1532 nuptiis

2048 1567 2141 1606 sua
2185 1553 2543 1606 conventione
2589 1561 2887 1614 servarent,
2940 1567 3036 1621 pro
3084 1551 3347 1606 defunctis
3392 1567 3488 1607 eos
3537 1553 3629 1622 qui

2048 1652 2343 1696 nascuntur
2370 1658 2436 1697 ex
2466 1643 2545 1696 eis
2573 1643 2824 1696 continua
2853 1643 3193 1697 successione
3220 1644 3527 1709 restituens,
3553 1643 3629 1698 ita

2048 1742 2104 1786 ut
2136 1732 2375 1787 videatur
2402 1738 2676 1801 peccatum
2716 1731 2877 1785 modo
2905 1731 3135 1800 quodam
3168 1733 3441 1787 hominum
3481 1732 3629 1786 utili-

367 1817 611 1870 cxcrcitii
644 1818 761 1873 loco
808 1820 1015 1877 devotis
1061 1823 1390 1878 auditoribus
1432 1825 1755 1879 intituamus.
1806 1825 1942 1891 Quid
1981 1828 2020 1885 Β
2050 1832 2131 1875 ter
2172 1822 2552 1875 introductum.
2605 1820 2883 1875 Mansisset
2931 1829 3109 1874 autem
3162 1822 3213 1875 in
3272 1822 3375 1877 illis
3420 1823 3630 1877 duobus

367 1913 453 1960 est
481 1922 606 1973 ergo
637 1911 779 1976 quod
818 1911 883 1966 de
932 1912 1016 1967 his
1057 1915 1364 1982 excogitare
1408 1915 1712 1982 potuimus?
1761 1914 1950 1969 Dicens

368 1994 640 2063 Scriptura
668 1998 865 2066 divina,
892 2003 1015 2069 quia
1046 2002 1171 2057 fecit
1196 2003 1334 2058 Deus
1357 2004 1649 2067 hominem,
1676 2002 1947 2058 indefinita

367 2088 719 2155 significantia
778 2108 935 2146 omne
983 2094 1258 2146 hominum
1302 2108 1471 2161 genus
1526 2093 1780 2147 ostendit.
1831 2093 1948 2147 Non

369 2178 511 2231 enim
542 2195 681 2234 nunc
708 2181 879 2235 Adam
910 2182 961 2237 iu
990 2184 1298 2237 conditione
1334 2184 1639 2237 nominatus
1662 2191 1761 2245 est,
1812 2185 1950 2238 sicut

369 2278 424 2323 et
455 2270 505 2324 in
538 2276 990 2342 consequentibus
1019 2275 1257 2331 declarat
1307 2276 1527 2330 historia
1555 2295 1566 2327 :
1619 2275 1713 2329 sed
1754 2291 1948 2330 nomen

368 2362 576 2419 homini
624 2374 828 2428 creato,
881 2382 990 2421 non
1035 2367 1256 2422 cuilibet
1301 2367 1505 2422 homini
1554 2367 1806 2435 generale
1843 2376 1943 2421 est.

370 2451 509 2509 Hinc
532 2472 659 2524 ergo
690 2474 756 2511 ex
788 2458 888 2514 hac
917 2460 1154 2527 generali
1183 2467 1387 2514 naturae
1416 2460 1796 2530 appellatione,
1845 2460 1949 2514 tale

369 2545 499 2613 quid
552 2552 863 2617 excogitare
909 2552 1307 2624 compellimur,
1349 2553 1492 2621 quod
1540 2551 1721 2605 divina
1781 2552 1949 2607 virtus

369 2644 533 2705 atque
583 2641 918 2708 pmrscicntia
984 2657 1197 2697 omnem
1263 2642 1550 2697 humanam
1598 2652 1842 2697 naturam
1896 2644 1948 2697 in

368 2727 543 2799 prima
591 2732 897 2787 conditione
924 2734 1204 2804 complexa
1254 2749 1371 2787 esse
1418 2733 1678 2788 videatur.
1728 2734 2002 2823 Oportet“

370 2818 513 2872 enim
548 2819 653 2875 Deo
689 2823 816 2877 nihil
848 2823 1177 2881 indeﬁnitum
1211 2825 1261 2879 in
1291 2825 1373 2880 his
1410 2841 1527 2894 qua:
1560 2827 1626 2881 ab
1651 2843 1718 2881 co
1768 2838 1946 2883 creata

369 2916 495 2963 sunt
528 2913 814 2979 aestimare,
847 2915 941 2970 sed
994 2916 1218 2984 singulis
1261 2932 1449 2972 eorum
1496 2932 1615 2985 qua:
1658 2926 1785 2973 sunt
1831 2933 1948 2972 esse

370 3000 584 3055 modum
615 3004 967 3060 certissimum
999 3006 1272 3062 Creatoris
1298 3008 1558 3078 sapientia
1581 3008 1943 3065 terminatum.

371 3095 677 3151 Siculenitn
705 3100 931 3168 quilibet
956 3102 1043 3157 hic
1070 3103 1231 3157 homo
1246 3104 1543 3172 quantitate
1566 3104 1807 3175 corporis
1840 3114 1947 3157 ter-

2049 1928 2218 1983 gentis
2244 1914 2530 1967 humanum
2561 1912 2806 1982 primitus
2835 1912 3092 1977 formatis,
3120 1928 3238 1967 cum
3252 1913 3316 1965 ad
3340 1914 3630 1967 successio-

2053 2019 2171 2057 nem
2190 2004 2337 2057 nullo
2353 2004 2539 2057 mortis
2552 2011 2695 2056 metu
2715 2010 2901 2056 natura
2918 2012 3241 2057 moveretur.
3255 2002 3360 2057 Sed
3372 2004 3422 2056 in
3442 2003 3525 2057 his
3538 2004 3628 2057 ite-

2050 2112 2164 2149 rum
2179 2110 2301 2149 vera
2315 2094 2528 2162 quidem
2541 2094 2695 2159 ratio,
2710 2109 3037 2163 quaecunque
3051 2094 3137 2146 illa
3152 2101 3251 2155 est,
3266 2094 3393 2147 solis
3406 2102 3627 2149 estnota

2049 2185 2306 2255 quijuxta
2337 2182 2557 2237 Paulum
2588 2181 2759 2238 felicis
2794 2182 3025 2252 paradisi
3061 2184 3238 2237 verbis
3268 2183 3628 2264 ineffabilibus

2051 2276 2833 2348 prt.banturinstructi;noslra
2863 2291 2991 2329 vero
3009 2276 3128 2330 talis
3152 2291 3270 2330 esse
3300 2285 3626 2331 monstratur

2049 2371 2296 2423 assertio.
2314 2366 2982 2433 Resistentihusquondam
2997 2365 3301 2421 Sadducmis
3314 2368 3478 2421 verita
3488 2368 3523 2420 ti
3538 2381 3627 2423 re-

2049 2459 2472 2523 surrectionis,ct
2486 2458 2627 2511 illam
2642 2474 2689 2510 ιιι
2698 2458 2990 2511 ultinubam
3004 2459 3280 2513 mulierem
3294 2474 3409 2527 qum
3420 2468 3626 2530 septem

2050 2548 2242 2603 fratres
2281 2549 2484 2613 habuit,
2518 2548 2569 2601 in
2598 2548 2680 2601 sui
2703 2549 2851 2617 pravi
2873 2548 3138 2615 dogmatis
3164 2546 3627 2603 conﬁrmationem

2048 2638 2459 2709 proferentibus,
2489 2652 2551 2691 ac
2571 2637 2820 2705 dciuccps
2851 2637 3001 2704 cujus
3021 2652 3205 2691 eorum
3238 2647 3358 2707 post
3381 2654 3628 2694 resurre-

2057 2733 2283 2786 uionem
2313 2732 2450 2784 foret
2480 2744 2615 2783 uxor
2636 2729 3049 2794 sciscitantibus,
3076 2729 3331 2783 Dominus
3353 2732 3628 2802 respondit

2000 2802 2015 2842 ί
2051 2840 2157 2877 non
2174 2826 2346 2877 solum
2370 2802 2692 2875 Sadducmos
2714 2818 3025 2885 informans,
3049 2820 3140 2874 sed
3164 2821 3410 2875 omnibus
3439 2821 3629 2875 futura:

2053 2926 2173 2986 post
2218 2914 2666 2970 resurrectionem
2712 2912 2834 2967 vita:
2876 2922 3207 2967 sacramenta
3254 2914 3627 2983 patefaciens:

2054 3006 2118 3061 In
2151 3007 2539 3072 resurrectione,
2572 3005 2757 3072 inquit,
2802 3022 2961 3075 neque
2994 3005 3202 3072 nubent,
3246 3023 3405 3075 neque
3443 3008 3634 3065 ducent

2052 3118 2268 3166 uxores;
2294 3116 2452 3169 neque
2472 3099 2606 3150 enim
2635 3096 2769 3149 ultra
2798 3098 2927 3150 mori
2956 3105 3208 3167 poterunt,
3239 3099 3456 3164 mortales
3495 3101 3636 3152 enim

373 3184 622 3251 minatur,
682 3189 975 3259 modusque
1026 3194 1336 3248 substantiae
1380 3194 1496 3262 ejus
1564 3203 1649 3248 est
1693 3194 1945 3263 qualitas,
1979 3212 2020 3269 (ζ
2052 3194 2245 3263 ωερε-ἵει
2299 3199 2438 3251 sunt,
2488 3197 2535 3240 ct
2582 3196 2699 3241 sunt
2740 3188 2836 3256 ﬁlii
2864 3186 2981 3249 Dei,
3009 3204 3121 3243 cum
3162 3190 3263 3242 sint
3290 3190 3387 3259 ﬁlii
3415 3189 3510 3243 Dei
3553 3208 3635 3245 re-

373 3291 488 3345 qua:
525 3278 683 3333 simul
728 3296 848 3335 cum
890 3285 1169 3352 superﬁcie
1216 3285 1461 3355 corporis
1506 3286 1827 3354 explicatur,
1875 3286 1952 3339 sic

374 3365 604 3421 arbitror
632 3370 778 3422 velut
808 3372 858 3424 in
890 3388 996 3425 uno
1033 3374 1264 3442 quodam
1307 3390 1550 3445 corpore,
1584 3384 1750 3429 totam
1782 3375 1948 3445 pleni-

375 3455 612 3531 tudinem
660 3460 1006 3516 humanitatis
1036 3462 1102 3517 ab
1137 3465 1494 3519 universitatis
1543 3474 1765 3521 auctore
1812 3481 1949 3535 pra:-

373 3549 612 3604 scientia:
643 3552 835 3607 virtute
857 3556 1230 3624 complexam:
1266 3568 1321 3612 et
1345 3559 1450 3612 hoc
1497 3558 1827 3629 Scriptorum
1867 3561 1948 3614 in-

375 3640 609 3710 sinuare,
641 3659 761 3698 cmn
790 3645 955 3701 dicit:
992 3646 1059 3701 Et
1080 3651 1198 3719 fecit
1221 3650 1361 3705 Deus
1390 3652 1679 3715 hominem;
1710 3652 1779 3704 ad
1817 3654 1949 3705 ima-

375 3732 545 3800 ginem
575 3732 671 3788 Dei
696 3737 815 3805 {erit
839 3738 1001 3792 illum.
1036 3739 1149 3795 Non
1180 3742 1323 3796 enim
1363 3743 1537 3810 imago
1564 3744 1677 3797 lucc
1706 3744 1757 3796 in
1798 3754 1950 3813 parte

376 3831 581 3876 naturze
605 3834 704 3887 cst,
749 3842 845 3881 nec
893 3828 941 3879 in
973 3846 1080 3883 uno
1128 3830 1306 3899 aliquo
1346 3834 1437 3901 qui
1487 3834 1537 3886 in
1585 3834 1952 3899 singularitate

375 3914 592 3981 propria
620 3917 855 3970 cernitur
886 3919 985 3973 ista
1025 3909 1195 3987 gratia
1220 3924 1553 3989 terminatur,
1584 3924 1675 3978 sed
1708 3926 1758 3978 in
1791 3940 1951 3980 omne

376 4018 543 4081 genus
580 4007 855 4074 mqualitcr
885 4008 995 4066 huic
1027 4012 1228 4081 talistt
1259 4023 1406 4067 tanta
1454 4016 1695 4083 potentia
1741 4015 1951 4069 virtutis

376 4098 629 4149 excurrit.
682 4096 848 4166 llujns
889 4111 1066 4155 autem
1105 4103 1179 4156 rei
1229 4105 1437 4171 signum
1478 4114 1579 4172 est,
1624 4105 1770 4175 quod
1802 4121 1950 4161 mens

375 4185 653 4252 atqualitcr
678 4189 924 4243 omnibus
958 4191 1155 4245 inserta
1195 4202 1275 4245 est
1309 4212 1319 4245 :
1355 4196 1617 4250 universis
1649 4205 1827 4249 autem
1858 4211 1948 4250 co-

376 4279 572 4345 gitandi
606 4288 657 4333 ct
688 4282 1016 4347 recogitandi
1057 4293 1268 4337 constat
1307 4286 1479 4340 inesse
1529 4287 1812 4350 rationem,
1845 4302 1943 4340 ca)-

376 4380 489 4423 tera
520 4372 697 4424 omnia
719 4373 911 4439 quibus
939 4373 1129 4427 divina:
1158 4387 1358 4430 natura!
1388 4377 1682 4431 similitudo
1708 4376 1949 4431 declara-

377 4472 480 4523 tur,
513 4463 562 4513 iu
592 4476 656 4514 eo
686 4464 826 4531 quod
859 4466 922 4516 ad
957 4466 1241 4533 imaginem
1274 4468 1363 4522 Dei
1404 4468 1575 4524 factus
1615 4471 1941 4537 agnoscitur.

374 4550 499 4606 Sive
529 4553 668 4605 enim
701 4554 788 4608 ille
816 4556 904 4623 qui
929 4558 1098 4626 prima
1140 4559 1321 4617 mundi
1360 4572 1441 4616 est
1479 4561 1785 4619 conditione
1832 4564 1945 4617 for-

374 4650 569 4707 matus,
614 4644 725 4698 sive
780 4646 867 4699 hi:
913 4648 999 4716 qui
1044 4658 1164 4717 p031
1210 4654 1728 4707 consnnnnationem
1784 4655 1948 4707 totius

373 4736 553 4789 mundi
592 4736 799 4795 futurus
824 4749 923 4806 est,
954 4742 1233 4809 requaliter
1259 4743 1309 4795 in
1340 4759 1397 4796 se
1434 4743 1665 4798 divinam
1698 4744 1948 4813 pneferrc

373 4827 632 4899 probatur
672 4830 973 4899 imaginem.
1011 4832 1213 4889 Idcirco
1236 4851 1371 4889 unus
1416 4836 1578 4889 homo
1626 4838 1947 4891 universitas

373 4918 636 4985 appellata
662 4928 763 4986 est,
790 4922 912 4990 quia
943 4922 1130 4976 divin-.1:
1176 4927 1426 4993 potentia:
1472 4942 1572 4981 nec
1617 4928 1944 4995 prreteritum

372 5007 571 5076 aliquid
600 5024 696 5064 uec
725 5008 977 5073 futurum,
1005 5013 1097 5066 sed
1127 5023 1180 5070 et
1210 5017 1351 5087 quod
1388 5026 1747 5086 exspectatur,
1781 5018 1944 5073 veluti

371 5101 412 5152 si
448 5111 637 5169 prmsto
666 5102 753 5165 sit,
796 5104 989 5157 virtute
1038 5121 1139 5173 qua
1172 5108 1411 5160 continet
1461 5109 1719 5162 intuetur.
1761 5107 1947 5163 Omnis

373 5192 550 5258 itaque
598 5202 783 5246 natura
827 5210 856 5247 a
899 5196 1086 5263 primis
1114 5211 1283 5265 usque
1313 5197 1379 5250 ad
1422 5200 1739 5255 novissimos
1783 5208 1948 5254 trans-

372 5296 611 5342 rurreus,
646 5299 746 5335 una
786 5287 1025 5351 quaedam
1073 5295 1153 5338 est
1196 5287 1369 5353 imago
1410 5290 1755 5343 substantim:
1804 5288 1948 5342 diffe-

370 5374 541 5425 rentia
572 5388 699 5426 vero
731 5374 782 5426 in
814 5377 1050 5430 masculo
1091 5385 1144 5435 et
1176 5376 1366 5435 fetnina
1395 5377 1649 5447 deinceps
1678 5380 1746 5432 ob
1786 5379 1943 5443 hanc,

370 5471 427 5516 ut
457 5462 709 5529 arbitror,
739 5478 951 5518 causam
986 5467 1037 5521 in
1061 5466 1485 5523 conformatione
1524 5479 1738 5537 peracta
1770 5479 1869 5523 est.

946 5577 1171 5634 CAPUT
1210 5578 1391 5632 XVIII.

368 5667 508 5737 Urit!
537 5678 766 5728 oporteat
799 5670 1101 5737 respondere
1125 5673 1197 5723 eis
1220 5671 1303 5740 qui
1335 5670 1645 5738 tittibigcnlcs
1683 5672 1944 5739 inquirant!

640 5754 705 5789 an
735 5752 991 5807 pr't‘ralmtt
1023 5742 1306 5807 procreatio
1337 5741 1560 5807 ﬁliorum
1591 5742 1673 5793 sit.

440 5828 623 5889 Melius
670 5839 843 5896 ιιιιιριιι
907 5830 1208 5903 priusquam
1262 5831 1553 5905 propositio
1627 5831 1935 5891 \‘Cutilctttt',

2052 3282 2403 3339 surrcclionis.
2456 3277 2636 3333 Gratia
2678 3293 2803 3331 vero
2850 3279 3258 3334 resurrectionis
3304 3281 3429 3333 nihil
3478 3284 3635 3335 nobis

2052 3374 2194 3427 aliud
2244 3372 2525 3441 pollicetur
2564 3384 2720 3436 quam
2777 3375 2833 3421 ut
2880 3369 3156 3437 antiquum
3207 3369 3260 3422 in
3318 3378 3514 3425 statum
3565 3387 3632 3426 ex

2053 3466 2248 3521 nostris
2276 3463 2510 3532 lapsibus
2539 3463 2873 3517 inuovcmur.
2900 3458 3124 3526 Quidam
3167 3475 3396 3530 namque
3426 3477 3633 3529 regres-

2052 3574 2140 3613 sus
2172 3558 2236 3609 ad
2283 3555 2558 3625 pristinam
2607 3552 2787 3615 vitam,
2821 3552 2988 3619 gratia
3032 3566 3189 3619 quam
3242 3554 3637 3621 praestolamur,

2053 3650 2257 3715 existit,
2287 3662 2402 3715 qum
2430 3644 2639 3714 pulsum
2671 3642 2737 3697 de
2767 3642 3012 3712 paradiso
3043 3642 3312 3697 hominem
3360 3644 3484 3699 illuc
3529 3645 3635 3699 ite—

2054 3755 2170 3793 rum
2204 3738 2427 3792 feliciter
2457 3731 2765 3789 introducit.
2797 3733 2853 3787 Si
2884 3734 3044 3801 igitur
3081 3742 3453 3803 reparatorum
3498 3750 3633 3789 con-

2052 3830 2286 3884 versatio
2335 3827 2694 3880 familiaritatc
2725 3840 2790 3878 ac
2821 3839 3044 3878 numero
3083 3825 3383 3879 sociabitur
3415 3826 3631 3893 angelo-

2052 3935 2192 3986 rum,
2231 3919 2431 3972 clarum
2473 3925 2553 3971 est
2599 3914 2740 3983 quod
2788 3915 2951 3968 homo
2996 3922 3121 3968 ante
3168 3915 3375 3968 ruinam
3416 3914 3636 3983 quidam

2053 4014 2276 4082 angelus
2324 4012 2637 4065 habebatur.
2689 4008 2893 4062 Idcirco
2922 4016 2976 4061 ct
3005 4023 3125 4061 cum
3157 4007 3387 4077 priorem
3433 4016 3638 4066 statum

2054 4106 2157 4157 vita
2184 4110 2363 4156 nostra
2396 4100 2675 4169 receperit.
2702 4099 2903 4166 angelis
2928 4097 3289 4151 indubitanter
3315 4098 3639 4166 aequabitur.

2052 4194 2156 4247 Sed
2216 4192 2491 4262 quamvis,
2549 4200 2605 4241 ut
2653 4188 2851 4243 dictum
2898 4196 3014 4252 est,
3079 4188 3220 4241 inter
3274 4188 3392 4242 illos
3436 4190 3640 4258 nuptim

2052 4285 2208 4337 nullm
2230 4284 2356 4347 sint,
2390 4291 2566 4334 tamen
2597 4282 2645 4333 in
2677 4279 2893 4333 inﬁnitis
2916 4280 3147 4332 millibus
3176 4280 3444 4334 exercitus
3473 4296 3640 4350 ange-

2054 4374 2223 4427 loruzn
2253 4382 2395 4433 sunt,
2437 4372 2508 4424 ita
2540 4370 2757 4423 Daniele
2804 4370 3062 4439 propheta
3106 4371 3156 4423 iu
3188 4371 3301 4425 suis
3345 4371 3641 4426 visionibus

2053 4464 2349 4517 intimante.
2393 4461 2533 4528 Ergo
2574 4460 2725 4527 juxta
2775 4460 3019 4513 eumdem
3068 4459 3284 4513 modum
3335 4461 3380 4514 si
3429 4461 3640 4532 peccati

2052 4555 2226 4610 nullus
2251 4569 2500 4609 excessus
2522 4552 2588 4605 ab
2616 4552 2703 4604 illa
2735 4566 2831 4605 nos
2871 4551 3111 4617 augelica
3156 4550 3416 4618 dignitate
3445 4552 3641 4605 distra-

2052 4646 2220 4709 heret,
2255 4658 2354 4697 ncc
2384 4642 2537 4696 nobis
2565 4643 2745 4709 utique
2775 4639 2839 4693 ad
2887 4640 3379 4708 tnuitiplicationem
3423 4644 3641 4707 generis

2052 4737 2250 4805 nuptize
2279 4734 2592 4788 necessariae
2623 4734 2993 4801 probarentur.
3045 4730 3151 4785 Sed
3196 4732 3499 4801 quicunque
3547 4735 3643 4791 ille

2051 4837 2252 4883 natum
2284 4833 2459 4879 inotns
2485 4834 2586 4889 est,
2618 4840 2725 4893 quo
2757 4826 2927 4891 angeli
2968 4825 3407 4894 multiplicantur,
3452 4828 3639 4896 perte:

2050 4919 2317 4973 missimus
2347 4916 2581 4983 quidem,
2615 4914 2737 4968 licet
2767 4915 3091 4982 conjecturis
3118 4916 3369 4970 immanis
3412 4917 3643 4985 excogi—

2051 5012 2149 5066 tari
2196 5017 2443 5077 nequeat.
2478 5008 2857 5063 Verumtamen
2885 5007 2975 5075 qui
3016 5005 3259 5075 profecto
3299 5009 3493 5063 existat
3548 5010 3642 5064 hic

2051 5100 2263 5161 modus,
2291 5108 2345 5152 et
2374 5101 2425 5153 in
2452 5098 2534 5153 his
2558 5100 2648 5167 qui
2679 5099 2838 5168 paulo
2869 5100 3041 5153 minus
3068 5114 3227 5167 quam
3260 5100 3432 5167 angeli
3462 5099 3641 5154 hono-

2052 5195 2152 5247 rati
2184 5202 2324 5255 sunt,
2350 5191 2600 5246 effectum
2631 5206 2741 5246 sum
2766 5192 3095 5260 Operationis
3124 5190 3441 5251 ostenderit,
3466 5207 3644 5260 usque

2052 5286 2122 5339 ad
2148 5286 2580 5355 praedestinatum
2612 5299 2888 5338 numerum
2911 5297 3079 5351 genus
3100 5284 3386 5337 humanum
3418 5281 3643 5343 Creata.

2050 5380 2122 5432 ris
2152 5378 2425 5433 voluntate
2453 5376 2828 5445 multiplicans.
2858 5374 2915 5428 Si
2937 5391 3061 5429 vero
3083 5376 3346 5445 quispiam
3371 5392 3466 5429 nos
3495 5375 3643 5430 forte

2054 5476 2321 5531 coarctet,
2372 5466 2646 5534 inquirens
2698 5464 2914 5518 modum
2963 5464 3135 5532 ipsum
3182 5479 3290 5533 quo
3332 5466 3638 5533 potuissent

2054 5559 2242 5611 animm
2275 5557 2405 5616 lieri,
2431 5556 2475 5609 si
2504 5556 2663 5609 homo
2685 5555 2987 5622 nuptiarum
3016 5568 3175 5623 opera
3206 5570 3312 5607 non
3333 5556 3636 5622 quaesisset,

2053 5653 2440 5716 interrogemus
2468 5656 2523 5699 ct
2554 5662 2668 5711 nos,
2714 5648 2802 5713 qui
2834 5648 3025 5703 modus
3050 5650 3117 5701 sit
3154 5647 3497 5701 institutionis
3538 5666 3635 5702 an-

2051 5740 2252 5807 gelicae,
2286 5735 2554 5807 quomodo
2584 5739 2635 5792 in
2670 5738 2889 5793 inﬁnitis
2916 5739 3147 5791 millibus
3186 5748 3239 5791 et
3288 5739 3339 5792 in
3372 5754 3475 5790 una
3506 5742 3634 5790 subs

2052 5832 2239 5884 sistere
2282 5828 2570 5898 probentur
2616 5830 2874 5893 essentia,
2920 5828 2967 5885 in
3013 5830 3180 5885 multo
3232 5831 3480 5885 u'tnirutn
3534 5846 3632 5887 utt-
