3916 6202
211 292 293 346 577

961 293 1135 349 ιλιιδιιι
1167 294 1256 350 DE
1296 294 1684 382 (ΣΗΕᾼΤΙΟΧΕ
1722 292 1995 350 110111Ν18
2033 295 2600 352 [NTI‘ZRPRE'IATXQ

3336 292 3441 345 37-3

209 424 335 463 mero
357 406 647 463 con-.tituti.
683 406 796 462 lioc
825 408 1021 478 quippe
1048 409 1439 480 competentius
1463 407 1756 478 responde—
1791 407 1832 468 Α
1863 417 1962 468 est,
1995 407 2061 463 ad
2083 409 2312 466 hominis
2340 409 2590 464 translata
2622 409 3103 475 conservationem,
3135 420 3444 479 passionum

208 515 306 554 mus
329 497 372 551 ei
413 497 500 565 qui
551 497 820 566 proponit,
873 498 1141 566 quomodo
1185 500 1354 569 possit
1401 501 1516 555 sine
1561 500 1760 569 nuptiis

208 590 346 643 homo
371 589 678 658 persistere,
709 589 968 650 dicentes.
1003 606 1069 644 eo
1099 590 1261 646 modo
1291 608 1397 662 quo
1428 593 1600 662 angeli
1645 593 1760 646 sine

207 679 376 747 nuptiis
407 693 522 731 esse
570 687 887 733 noscuntur.
936 679 1069 734 Nam
1101 681 1242 751 quod
1290 684 1478 738 similis
1511 685 1590 739 eis
1636 692 1760 737 ante

210 775 654 840 transgressionem
689 773 845 827 fuerit
875 776 1056 840 homo,
1087 791 1272 830 rursus
1301 775 1539 843 ejusdem
1570 774 1759 830 siinili-

209 865 409 918 tudinem
441 865 752 920 neformatio
775 867 1106 924 manifestat.
1150 869 1243 923 His
1278 869 1439 937 igitur
1468 869 1569 924 hoc
1599 867 1760 921 modo

209 958 474 1026 patefactis,
508 957 574 1010 ad
605 959 935 1029 propositam
966 960 1318 1029 qumstionem
1357 969 1600 1016 recurrat
1639 975 1760 1013 ora-

208 1045 417 1121 tio,‘cum
448 1047 492 1100 si
521 1056 642 1116 post
683 1047 1046 1102 conditionem
1090 1049 1356 1118 imaginis,
1406 1048 1758 1103 differentiam

206 1135 337 1188 Inaris
373 1145 429 1189 et
475 1135 684 1190 feminae
731 1137 872 1191 Deus
916 1154 1014 1194 suo
1044 1138 1292 1207 dignatus
1343 1142 1413 1194 sit
1453 1141 1761 1208 excogitare

207 1221 532 1280 ﬁrmamento.
566 1227 644 1280 Ad
669 1228 772 1282 hoc
796 1228 938 1282 enim
963 1230 1146 1283 utilem
1177 1231 1350 1285 fateor
1368 1246 1486 1286 esse
1515 1231 1762 1300 superioa

208 1331 299 1369 rem
328 1317 462 1371 hanc
496 1319 885 1388 inspectionem
916 1335 1034 1388 qua:
1063 1336 1094 1392 av
1121 1321 1276 1375 nobis
1307 1329 1624 1391 exprompta
1658 1329 1759 1376 est.

202 1404 309 1459 Nam
337 1407 422 1474 qui
454 1417 648 1462 cuncta
683 1417 740 1462 ut
767 1418 946 1463 essent
977 1410 1246 1480 produxit,
1271 1419 1550 1482 totumque
1590 1412 1762 1466 homi-

200 1511 296 1550 nem
316 1515 403 1551 sua
437 1499 789 1568 dispositione
815 1501 880 1555 ad
903 1502 1136 1568 divinam
1177 1502 1429 1558 formavit
1453 1505 1758 1574 imaginem,

201 1603 508 1655 nequaquam
539 1590 718 1658 parvis
747 1606 810 1646 ac
841 1591 1065 1646 modicis
1109 1591 1503 1661 adjectionibus
1547 1597 1766 1665 pertulit

200 1680 472 1734 animarum
507 1697 789 1736 numerum
821 1683 871 1736 in
903 1699 994 1737 sua
1021 1684 1354 1753 plenitudine
1393 1687 1567 1741 minus
1593 1687 1763 1742 videri

1862 500 2010 554 initia
2033 499 2169 555 facta
2189 513 2332 556 sunt.
2358 502 2562 556 Furore
2585 516 2814 570 namque
2832 513 3218 557 conservantur
3235 503 3441 568 bestiae,

1861 605 1978 658 qua:
2009 607 2170 646 carne
2199 603 2486 647 vescuntur
2511 609 2524 657 ;
2552 608 2881 662 qnmcunque
2905 608 3031 648 vero
3061 593 3256 649 lasciva
3295 603 3442 663 sunt,

1861 696 2028 752 genus
2049 699 2202 737 suum
2234 685 2621 754 propagatione
2651 684 3006 754 multiplicant
3027 702 3039 736 :
3059 683 3177 751 fuga
3211 685 3446 741 custodit

1862 772 2170 839 invalidum,
2203 784 2258 828 et
2282 783 2454 828 metus
2479 791 2600 829 eum
2639 783 2820 830 tuetur
2847 776 2937 844 qui
2967 776 3172 831 facilius
3196 792 3226 829 a
3253 777 3444 834 fortio-

1860 867 2007 922 ribus
2035 869 2272 938 capitnr;
2301 869 2672 938 corpulentum
2698 886 2911 940 quoque
2961 879 3140 926 servat
3166 869 3441 939 edacitas;

1862 965 1915 1011 et
1944 958 1987 1013 si
2017 959 2304 1026 contigerit
2342 975 2448 1014 non
2479 961 2689 1029 assequi
2731 962 2872 1030 quod
2913 961 3159 1030 voluptas
3191 962 3429 1032 inquirit,

1863 1047 1922 1101 fit
1945 1048 2324 1104 irrationabilis
2347 1051 2592 1105 tnmroris
2623 1052 2858 1106 occasio.
2890 1050 3209 1105 "meantem
3241 1053 3442 1118 omnia,

1863 1147 1914 1192 et
1947 1138 1990 1191 si
2017 1153 2119 1208 qua
2150 1147 2274 1192 sunt
2298 1139 2443 1206 talia,
2477 1156 2539 1194 ex
2567 1141 2780 1194 animali
2820 1141 3081 1210 brutaqne
3113 1143 3448 1199 institutione

1863 1230 2194 1296 generationi
2224 1231 2499 1284 hominum
2527 1233 2814 1287 accessisse
2842 1249 2948 1286 non
2973 1233 3189 1288 dubium
3213 1243 3312 1289 est.
3341 1233 3448 1290 Sed

1865 1319 1993 1371 mihi
2019 1319 2346 1373 concedatur
2370 1329 2425 1373 ut
2448 1319 2599 1387 juxta
2626 1320 2907 1391 quamdam
2941 1320 3210 1376 fictionem
3240 1323 3317 1377 rei
3346 1323 3448 1378 mi-

1865 1408 2047 1462 rabilis
2080 1409 2371 1463 humanam
2405 1409 2630 1464 formam
2672 1427 2921 1465 sermone
2950 1412 3450 1475 describam._Sicut

1865 1499 2007 1553 enim
2038 1498 2281 1554 videmus
2318 1499 2385 1553 de
2423 1499 2582 1554 rebus
2615 1498 2750 1556 fictis
2778 1501 3046 1570 sculptilia
3090 1501 3203 1558 fieri
3232 1503 3450 1558 simula-

1867 1605 1957 1645 era
1998 1606 2116 1659 ([UIP.
2171 1591 2492 1645 intuentium
2521 1591 2729 1647 animos
2770 1592 2837 1646 ad
2889 1603 3164 1664 stuporem
3213 1601 3448 1661 vertunt,

1868 1681 1921 1734 hi
1970 1681 2060 1750 qui
2116 1682 2272 1750 hujus
2322 1696 2440 1736 esse
2485 1682 2784 1751 probantur
2835 1683 2968 1736 artis
3024 1683 3319 1754 exeulpunt
3375 1683 3446 1736 ita

199 1770 489 1838 perlectum.
533 1770 643 1825 Sed
683 1772 841 1826 simul
879 1775 1179 1828 universam
1229 1775 1615 1845 plenitudinem
1662 1778 1761 1832 hu-
1798 1780 1835 1836 Β
1869 1782 1927 1828 ut
1976 1773 2239 1827 interdum
2285 1789 2448 1827 unum
2486 1781 2648 1842 caput
2684 1773 2909 1828 biforme
2961 1775 3329 1841 constituant,
3374 1773 3453 1828 sic

199 1873 341 1913 mante
384 1871 595 1913 natura:
634 1860 828 1915 effectu
877 1861 1225 1932 pncscientia:
1278 1867 1544 1933 contulit,
1599 1882 1761 1936 quam

201 1954 334 2002 etiam
373 1951 766 2006 sublimissimo
807 1961 967 2020 atque
1014 1957 1324 2022 angelorum
1377 1973 1482 2012 non
1520 1959 1762 2013 dissimili

201 2038 284 2096 fine
305 2043 688 2111 condecorans,
717 2047 841 2114 quia
866 2048 1019 2101 scivit
1038 2052 1407 2119 omnipotente
1431 2051 1762 2121 providentia

197 2132 311 2196 quod
339 2150 447 2186 non
482 2143 630 2188 recte
673 2145 980 2190 moveretur
1005 2137 1254 2192 humanze
1282 2141 1575 2195 voluntatis
1617 2143 1762 2196 arbi-

201 2224 350 2286 trium,
379 2233 436 2278 et
470 2235 692 2295 propter
717 2226 820 2281 hoc
852 2227 918 2282 ab
947 2229 1032 2283 illa
1075 2231 1316 2301 angelica
1348 2234 1763 2288 conversatione

198 2314 474 2382 recederet,
504 2331 573 2368 ne
605 2332 697 2385 per
729 2319 832 2371 hoc
863 2318 1214 2373 humanarum
1246 2321 1526 2376 mulzitudo
1557 2324 1764 2379 minue-

201 2414 324 2455 retur
350 2407 684 2473 animarnm,
708 2407 905 2462 cadens
929 2409 994 2462 ab
1021 2425 1084 2464 eo
1112 2410 1269 2464 modo
1291 2427 1396 2482 quo
1425 2413 1763 2483 multiplicati

199 2505 296 2546 sunt
333 2497 532 2563 angeli,
588 2505 874 2566 propterea
906 2508 1108 2553 natura:
1153 2511 1348 2556 nostra:
1379 2518 1670 2572 congruam
1712 2513 1765 2560 et

201 2582 381 2649 dignam
419 2587 508 2641 his
557 2587 646 2655 qui
681 2588 729 2640 in
762 2597 985 2658 peccato
1017 2590 1323 2644 laberentur
1359 2594 1763 2662 multiplicatio-

197 2673 262 2725 nis
288 2675 680 2743 providentiam
727 2679 940 2744 format,
985 2695 1082 2749 pro
1131 2682 1366 2749 angelica
1417 2685 1763 2752 sublimitate,

198 2762 538 2831 iumentorum
605 2779 767 2839 atque
833 2771 1276 2826 irrationabilium
1344 2774 1596 2844 modum,
1661 2794 1766 2848 quo

197 2857 345 2912 exisse
383 2859 492 2912 sibi
529 2861 839 2925 succedunt,
868 2861 1108 2918 inserens
1151 2864 1395 2919 humana:
1433 2867 1764 2922 substantie.

198 2943 310 2999 llinc
337 2948 471 3002 mihi
505 2950 718 3004 videtur
747 2961 802 3005 et
839 2967 1062 3020 magnus
1106 2954 1194 3008 ille
1227 2953 1389 3010 David
1432 2959 1768 3028 compatiens

195 3035 417 3094 humanm
448 3043 681 3098 miseria:
705 3046 898 3099 talibus
927 3049 1103 3103 verbis
1129 3047 1242 3116 ejus
1271 3049 1468 3105 deflere
1495 3062 1764 3122 naturam,

1867 1866 2100 1920 hominis
2130 1865 2323 1936 duplex
2352 1881 2414 1921 ac
2445 1866 2713 1920 contraria
2754 1866 3044 1921 similitudo
3082 1867 3324 1935 qumdam
3372 1866 3452 1919 vi-

1867 1956 2024 2010 detur
2060 1956 2309 2020 existere,
2364 1964 2545 2010 mente
2597 1956 2811 2025 quidem
2840 1973 2944 2024 qua
2994 1957 3102 2011 Deo
3135 1958 3326 2026 dignus
3371 1964 3454 2010 est

1867 2048 1933 2098 ad
1979 2045 2213 2098 divinam
2263 2045 2523 2099 formatus
2563 2046 3048 2114 pulcln'itudinem,
3113 2047 3452 2118 passionibus

1867 2143 2044 2188 autem
2088 2149 2313 2204 quarum
2353 2135 2596 2203 pulsatur
2641 2135 2842 2204 impetu
2887 2135 2952 2188 ad
3002 2137 3156 2189 bruta
3199 2138 3449 2190 animalia

1866 2229 2094 2298 quadam
2143 2228 2470 2297 proprietate
2506 2226 2871 2295 ‘conjuncius:
2920 2228 3225 2297 frequenter
3272 2237 3450 2282 autent

1865 2328 2045 2374 motus
2072 2335 2208 2389 pene
2240 2320 2427 2374 brutus
2462 2318 2711 2383 efficitur,
2747 2320 2962 2388 quoties
2987 2319 3051 2373 ad
3098 2329 3274 2374 motus
3312 2320 3450 2375 irra-

1868 2407 2151 2461 tionabiles
2179 2408 2392 2476 penitus
2420 2407 2727 2474 inclinatur,
2760 2407 3054 2463 obscurans
3101 2409 3151 2462 id
3183 2409 3323 2479 quod
3369 2417 3452 2464 est

1868 2499 1920 2553 in
1951 2514 2011 2554 se
2032 2499 2242 2563 melius,
2273 2498 2555 2552 deterioris
2577 2497 2791 2554 affectu.
2826 2497 2946 2552 Mox
2978 2499 3120 2553 enim
3156 2507 3212 2553 ut
3237 2500 3356 2569 quis
3385 2501 3450 2555 ad

1867 2589 2133 2660 passionis
2159 2589 2334 2643 tabem
2382 2587 2676 2643 efficaciam
2716 2589 2912 2644 mentis
2959 2588 3244 2655 inflexerit,
3294 2591 3452 2660 eique

1868 2695 1962 2734 sua
1995 2680 2214 2734 consilia
2244 2679 2446 2734 servire
2475 2679 2814 2750 compulerit,
2848 2688 2973 2734 tunc
2996 2681 3236 2747 quaedam
3267 2679 3454 2750 depra-

1868 2771 2011 2824 vatio
2040 2771 2194 2825 bonm
2225 2769 2560 2825 formationis
2590 2772 2911 2835 ostenditur,
2941 2779 2994 2826 et
3026 2772 3099 2825 ita
3125 2780 3312 2826 natura
3343 2788 3453 2825 om-

1869 2863 1953 2918 nis
1983 2864 2032 2916 in
2081 2863 2338 2917 malitiam
2365 2871 2746 2926 commutatur,
2775 2880 2897 2919 cum
2922 2863 3033 2933 jam
3078 2865 3215 2918 ratio
3245 2864 3454 2935 penitus

1869 2955 2079 3009 excolat
2109 2955 2367 3024 principia
2404 2955 2732 3024 passionum,
2773 2962 2830 3009 et
2875 2955 2926 3008 in
2971 2965 3315 3022 augmentum
3357 2971 3453 3009 ne-

1870 3051 2050 3119 qniticc
2080 3050 2326 3103 vitiorum
2357 3063 2546 3104 causas
2568 3047 2709 3118 ipsas
2738 3047 3092 3116 cogitationes
3117 3047 3453 3118 multiplicet.

196 3133 314 3200 quod
344 3135 500 3186 Immo
550 3152 664 3188 eum
715 3138 768 3189 in
809 3137 1002 3192 honore
1030 3151 1178 3206 esset,
1213 3158 1315 3194 non
1361 3143 1631 3208 intellexit,
1665 3147 1765 3200 ho-
1797 3166 1842 3226 ρ
1876 3142 2326 3210 Cooperationem
2358 3155 2591 3208 namque
2618 3155 2768 3194 suam
2807 3155 2958 3194 mens
2987 3139 3322 3209 passionibus
3363 3155 3458 3193 ex-

197 3237 359 3278 norem
391 3226 583 3282 dicens
607 3228 750 3296 quod
778 3231 976 3284 sanctis
1005 3233 1207 3300 angelis
1254 3234 1544 3290 consimilis
1567 3234 1768 3307 fuerat;

195 3329 465 3386 propterea
523 3333 855 3389 comparatus
901 3333 977 3377 est
1019 3325 1270 3395 jnmentis
1318 3328 1674 3398 insipientibus
1724 3341 1774 3384 et

197 3411 359 3464 similis
393 3416 569 3482 factus
600 3424 676 3466 est
703 3415 828 3468 illis.
866 3415 1005 3471 Vere
1031 3433 1259 3486 namque
1303 3418 1546 3487 jumento
1585 3421 1773 3476 similis

197 3497 348 3554 factus
377 3511 484 3564 est,
513 3504 604 3573 qui
643 3504 786 3559 hanc
809 3505 1093 3561 animalem
1124 3510 1527 3576 generationem
1573 3511 1626 3564 in
1677 3526 1772 3566 sua

199 3601 369 3645 natura
411 3595 671 3663 suscepit,
719 3605 939 3666 propter
968 3600 1336 3656 conversionis
1379 3616 1560 3656 casum
1587 3603 1678 3673 qui
1723 3605 1772 3659 ei

199 3695 252 3734 ex
279 3683 709 3740 conformatione
739 3689 976 3742 matcrim
1004 3690 1248 3760 contigit.

782 3796 1010 3853 CAPUT
1047 3799 1184 3854 XIX.

202 3883 640 3966 Quod_pa_ssioues
677 3891 731 3942 in
781 3890 927 3966 nobis
955 3891 1340 3966 irrationabiles
1370 3909 1434 3946 ea:
1457 3897 1777 3966 cognatione

338 3960 503 4027 ipsius
532 3969 736 4012 naturus
763 3961 1040 4029 probentur
1069 3962 1254 4015 habere
1295 3960 1611 4019 occasiones.

261 4047 507 4104 Arbitror
535 4051 676 4104 enim
700 4067 765 4105 ex
797 4052 898 4106 hoc
929 4052 1099 4116 initio,
1147 4055 1309 4108 etiam
1353 4055 1481 4109 vitia
1531 4057 1778 4112 universa

200 4138 345 4191 veluti
377 4155 406 4192 e
438 4140 590 4195 fonte
617 4141 854 4210 quodam
885 4143 1156 4196 manantia
1200 4152 1406 4198 scatere
1451 4144 1502 4198 in
1545 4144 1779 4200 hominis

197 4233 600 4285 conversatione
622 4233 942 4286 miseranda.
966 4231 1076 4289 llac
1092 4243 1270 4288 autem
1298 4250 1529 4304 prmsens
1551 4238 1777 4291 assertio

199 4324 661 4387 argumentatimie
709 4321 968 4385 firmatur,
1003 4323 1144 4394 quod
1188 4326 1496 4394 passionum
1535 4328 1776 4394 quzedam

197 4414 440 4477 cognatio
472 4413 626 4467 nobis
656 4422 711 4468 et
751 4413 1206 4468 irrationabilibus
1233 4416 1454 4485 :cqnalis
1496 4425 1773 4486 appareat.

1881 3233 2091 3300 bibens,
2121 3231 2433 3284 tnuTtifidam
2465 3231 2794 3300 densamque
2822 3230 3085 3283 malorum
3108 3229 3318 3301 cupiam
3342 3245 3460 3299 pro-

1878 3323 2098 3376 creavit.
2150 3320 2240 3375 Sic
2276 3319 2439 3374 libido
2472 3319 2761 3390 voluptatis
2804 3317 3086 3373 exordium
3133 3315 3346 3386 quidem
3391 3315 3459 3372 de

1877 3415 2224 3468 similitudine
2254 3423 2455 3467 natura:
2482 3412 2863 3466 irrationabilis
2893 3411 3098 3474 habuit,
3134 3410 3226 3466 sed
3277 3411 3331 3465 in
3369 3425 3458 3464 ex-

1879 3507 2118 3562 cessibus
2146 3507 2422 3560 hominum
2457 3505 2808 3558 vehementer
2847 3503 3104 3570 accrevit,
3146 3509 3324 3556 tantas
3369 3498 3465 3555 dif-

1879 3596 2132 3653 ferentias
2160 3605 2562 3666 procreatorum
2585 3610 2704 3665 qua:
2723 3595 2944 3648 veniunt
2966 3609 3027 3647 ex
3054 3593 3164 3663 ipsa
3190 3593 3466 3647 voluntate

1879 3703 2264 3758 progenerans,
2287 3694 2516 3756 quantas
2543 3685 2592 3738 in
2617 3683 3069 3739 irrationabilibus
3098 3683 3336 3738 invenire
3358 3699 3464 3737 non

1879 3779 2071 3849 possis.
2117 3777 2207 3833 Sic
2249 3777 2542 3833 commotio
2589 3777 2785 3831 furoris
2823 3775 3203 3830 irrationabilis
3248 3773 3468 3845 quidem

1879 3870 1956 3924 rei
1997 3878 2224 3937 cognata
2266 3876 2370 3932 est,
2421 3868 2614 3922 crescit
2662 3883 2791 3922 vero
2834 3865 3176 3934 cogitationis
3223 3879 3463 3918 accessu.

1882 3960 2014 4015 Hinc
2037 3960 2177 4014 enim
2203 3959 2460 4013 memoria
2488 3957 2724 4019 malitire,
2749 3957 2875 4012 hinc
2905 3955 3137 4019 invidiae,
3171 3949 3295 4010 hinc
3318 3969 3469 4009 men.

1883 4049 2117 4115 dacium,
2174 4050 2376 4103 insidia:
2407 4063 2624 4118 quoque
2654 4063 2716 4102 ac
2763 4046 3132 4102 simulationes
3179 4046 3304 4100 hinc
3351 4060 3475 4102 esse

1882 4147 2268 4202 monstrantur.
2313 4138 2436 4193 "me
2479 4148 2658 4192 autem
2700 4137 2878 4193 omnia
2921 4152 2987 4190 ex
3037 4135 3230 4206 iniqua:
3277 4133 3474 4189 mentis

1884 4233 2090 4287 cultura
2125 4233 2470 4302 proveniunt.
2501 4230 2631 4283 Nam
2661 4230 2706 4285 si
2744 4227 3006 4298 passionis
3047 4227 3277 4296 impetus
3323 4223 3472 4279 nullo

1883 4324 2222 4392 cogitationis
2251 4323 2542 4377 extollatur
2571 4320 2910 4385 adminiculo,
2948 4319 3055 4374 cito
3086 4317 3347 4380 lassescit,
3399 4314 3475 4370 fu~

1884 4433 2081 4486 rorque
2127 4417 2417 4471 vehemens
2447 4413 2711 4468 invalidus
2756 4411 3107 4482 approbatur,
3146 4423 3382 4478 moxque
3411 4415 3471 4462 ut

197 4497 305 4554 Non
351 4504 502 4556 enim
544 4504 623 4558 fas
650 4514 737 4559 est
784 4505 1029 4560 humanm
1058 4515 1261 4560 natura:
1309 4507 1478 4578 (juxta
1509 4508 1613 4564 hoc
1637 4509 1779 4577 quod
1809 4530 1860 4591 ι)
1885 4507 2045 4562 fuerit
2070 4514 2290 4560 exortus
2318 4505 2694 4575 exstinguitur.
2729 4502 2818 4558 Sic
2846 4502 2998 4556 avida
3030 4516 3318 4572 porcorum
3349 4499 3476 4591 eda-

196 4592 258 4646 ad
286 4596 524 4651 divinam
554 4599 791 4667 speciem
824 4599 1048 4653 formata
1078 4600 1182 4669 est)
1217 4601 1366 4654 initia
1408 4601 1674 4670 passibilis
1703 4601 1784 4655 af-

194 4687 441 4745 fectionis
476 4691 669 4746 ascribi
705 4711 717 4744 :
755 4691 851 4746 sed
886 4692 1009 4760 quia
1052 4693 1495 4747 irrationabilium
1542 4695 1782 4748 animan~

197 4779 320 4833 tium
356 4781 413 4834 in
445 4782 586 4836 hunc
623 4781 879 4835 mundum
911 4786 1015 4835 vita
1047 4784 1337 4851 prtecessit,
1385 4790 1439 4837 et
1481 4783 1550 4838 ob
1591 4784 1784 4852 prmiti-

193 4879 304 4925 etas
333 4890 529 4928 causas
556 4874 719 4927 homo
750 4889 963 4944 quoque
994 4890 1059 4928 ex
1090 4875 1276 4928 eadem
1322 4874 1642 4930 formatione
1683 4876 1784 4930 ali-

191 4962 314 5030 quid
358 4963 552 5016 habuit
591 4963 742 5032 juxta
782 4963 1070 5032 generandi
1117 4965 1540 5030 decorationem,
1587 4966 1786 5021 idcirco

191 5058 472 5126 particeps
517 5059 677 5111 etiam
734 5057 1062 5126 reliquorum
1092 5073 1210 5126 qua:
1253 5059 1303 5112 in
1346 5068 1534 5112 natura
1573 5058 1790 5128 conspi-

191 5147 410 5199 ciuntur
437 5147 660 5202 effectus
689 5157 791 5202 est.
839 5147 947 5202 Nec
972 5150 1112 5202 enim
1153 5149 1305 5218 juxta
1354 5149 1588 5205 furorem
1630 5152 1792 5205 homo

191 5236 304 5289 Deo
353 5238 552 5292 similis
587 5247 688 5300 est,
742 5254 917 5306 neque
965 5254 1063 5307 per
1108 5240 1412 5309 passibilem
1461 5242 1792 5310 voluptatem

188 5327 606 5392 supereminens
633 5328 721 5382 illa
755 5326 1012 5394 figuratur
1039 5338 1262 5394 natura;
1295 5339 1468 5385 metus
1497 5347 1710 5402 quoque
1740 5341 1796 5387 ct

187 5417 426 5469 audacia
463 5457 478 5480 ,
539 5419 846 5488 appete-otia
913 5419 1144 5488 plurium
1199 5430 1361 5492 atque
1390 5422 1793 5478 ~ditninntionis

185 5508 403 5568 «lium,
443 5509 739 5580 horumque
768 5511 980 5576 similia,
1008 5513 1074 5565 ab
1103 5529 1164 5567 ea
1195 5514 1358 5581 figura
1390 5529 1493 5584 qna
1531 5513 1792 5568 Divinitas

183 5601 528 5668 exprimitur
555 5603 737 5672 procul
760 5603 1016 5658 existunt.
1059 5603 1182 5658 Ηίοιξ
1219 5607 1378 5673 igitur
1409 5607 1638 5660 humana
1668 5606 1792 5659 sub~

185 5689 402 5742 Stantia
451 5687 520 5742 de
562 5691 863 5746 rationabili
912 5702 1063 5761 parte
1110 5696 1398 5750 contraxit.
1448 5693 1518 5748 Ea
1565 5709 1795 5764 namque

184 5780 397 5852 quibus
433 5785 710 5839 brutorum
739 5785 847 5839 vita
872 5784 937 5839 ad
971 5789 1436 5844 conservationem
1469 5788 1548 5842 sui
1594 5789 1794 5844 munita

1889 4603 2022 4656 citas
2074 4601 2386 4655 occasiones
2439 4597 2677 4651 avarititc
2737 4596 3011 4666 pnestitit,
3069 4594 3146 4648 sic
3196 4590 3478 4646 assultatio

1891 4691 2013 4760 equi
2061 4689 2340 4744 exordium
2384 4687 2647 4757 superbim
2687 4685 2826 4739 facta
2880 4693 2994 4749 est,
3039 4691 3092 4737 et
3138 4682 3316 4737 omnia
3360 4691 3480 4749 qua!

1889 4791 2012 4837 sunt
2043 4780 2480 4836 irrationabilium
2505 4780 2853 4848 probamenta
2876 4790 3176 4838 causarum,
3208 4789 3305 4844 per
3325 4771 3479 4826 malm

1889 4875 2086 4927 mentis
2115 4887 2266 4926 usum
2291 4870 2688 4925 rationabilium
2721 4870 2869 4923 initia
2899 4875 3023 4921 sunt
3052 4866 3238 4921 effecta
3273 4872 3476 4917 morta-

1891 4966 2042 5021 lium.
2065 4966 2214 5022 Sicnt
2236 4966 2538 5020 econtrario
2567 4980 2686 5018 cum
2716 4964 2816 5017 hos
2852 4963 3076 5030 impetus
3105 4957 3358 5024 cogitatio
3386 4968 3478 5008 re-

1892 5057 2064 5112 frenat
2091 5066 2143 5111 et
2167 5057 2399 5121 cohibet,
2428 5057 2479 5109 in
2511 5055 2743 5126 speciem
2775 5052 2986 5106 virtutis
3023 5049 3265 5118 protinus
3305 5054 3480 5098 trans-

1895 5147 2154 5202 feruntur.
2190 5146 2319 5200 Nam
2352 5162 2414 5199 ex
2441 5146 2617 5198 furore
2645 5144 2858 5212 quidem
2891 5137 3146 5193 fortitudo
3177 5135 3476 5200 descendit,

1895 5255 1959 5295 ex
1991 5254 2190 5309 pavore
2219 5239 2426 5292 cautela
2450 5256 2462 5302 ;
2497 5245 2668 5289 metus
2694 5243 2869 5286 autem
2900 5227 3286 5295 subjectionem
3313 5240 3482 5295 gene-

1895 5341 1999 5396 rat,
2033 5342 2085 5385 et
2115 5332 2294 5385 odium
2324 5330 2655 5384 aversionem
2687 5323 3030 5392 malignitatis
3059 5319 3274 5387 instigat
3299 5335 3312 5384 ;
3346 5316 3484 5372 dile-

1895 5425 2090 5478 ctionis
2127 5423 2287 5476 etiam
2332 5421 2499 5473 virtus
2529 5417 2850 5474 desiderium
2899 5413 3008 5468 veri
3048 5411 3172 5466 boni
3200 5408 3482 5473 conciliat;

1897 5515 2152 5571 exaltatio
2183 5529 2396 5581 quoque
2427 5525 2601 5564 mures
2631 5525 2660 5561 a
2691 5505 3029 5577 passionibus
3057 5519 3196 5557 erui.
3251 5508 3303 5554 et
3346 5497 3484 5552 libe-

1899 5622 2011 5660 ram
2040 5604 2377 5674 prndi-ntiam
2419 5617 2446 5654 a
2487 5597 2831 5669 turpitudinis
2880 5595 3138 5651 servitute
3177 5594 3481 5644 conservat.

1899 5696 2182 5750 Collaudat
2210 5703 2389 5748 autem
2422 5692 2578 5758 hujus
2608 5689 2919 5746 subtilitatis
2947 5685 3180 5756 speciem
3213 5688 3268 5734 et
3295 5679 3488 5734 beatus

1903 5786 2214 5859 Apostolus,
2253 5802 2372 5839 t'ttm
2426 5796 2792 5856 saepenumero
2845 5780 2998 5836 nobis
3051 5777 3275 5844 imperat
3317 5776 3374 5823 ut
3422 5782 3488 5826 ea
