3916 6202
342 331 448 388 37.)
1630 330 1985 389 DIONYSIUS
2022 329 2178 384 EXIG
2191 328 2333 393 ι]υᾶ
2411 364 2415 369 -
3513 328 3618 384 58C

341 465 461 519 qua:
481 467 691 507 sursum
720 459 844 507 sunt
871 452 1162 522 sapiamus.
1189 451 1256 505 Et
1283 451 1354 505 ita
1383 452 1620 520 reperies
1646 448 1787 519 quod
1810 463 1928 502 om-
1962 458 1996 505 Α
2031 464 2190 518 neque
2228 449 2341 502 sitis
2390 465 2559 518 aqua,
2591 448 2681 502 sed
2717 449 2960 503 audiendi
2998 449 3200 504 verbum
3232 450 3329 506 Dei
3345 469 3362 517 ;
3407 453 3623 525 planta-

344 545 428 598 nis
456 555 631 599 tnotus
662 547 781 600 talis
810 546 899 615 qui
930 555 1168 601 mentem
1195 545 1249 600 in
1279 547 1387 599 alta
1418 543 1689 611 sustollat,
1722 541 1786 596 atl
1813 538 1925 609 pul-

342 635 700 690 chritudinem
737 637 928 691 divinae
958 635 1328 692 conformetur
1363 634 1626 704 imaginis.
1671 631 1776 689 Sed
1805 631 1929 700 quia

343 727 522 795 gravis
551 727 795 795 quzedam
825 736 907 782 est
935 735 990 783 et
1011 726 1263 783 deorsum
1293 741 1522 796 vergens
1561 726 1791 795 qualitas
1831 725 1930 778 de-

343 819 612 887 liq‘orum,
647 821 968 891 meliorique
997 829 1151 892 parte
1179 820 1344 885 valet,
1385 820 1555 887 magis
1588 825 1767 894 autem
1797 833 1934 886 pon-

343 907 470 963 dere
509 923 575 963 na
603 923 711 963 urte
769 910 1152 965 irrationabilTs
1191 910 1384 964 anima:
1425 907 1720 978 principale
1761 906 1934 976 depri-

343 999 527 1064 tnitur,
550 1001 802 1069 quoniam
829 1001 1110 1070 gravehoc
1132 1008 1292 1069 atque
1316 1009 1581 1054 terrenum
1609 997 1932 1052 sublimitate

341 1089 539 1144 mentis
569 1089 829 1157 elevatur,
859 1091 1057 1145 idcirco
1086 1091 1404 1162 plerumque
1428 1089 1688 1157 contingit
1723 1096 1780 1142 ut
1813 1105 1928 1141 mu-

340 1197 472 1238 nera
521 1183 700 1238 divina
759 1185 971 1254 ignoret
1020 1193 1201 1238 nostra
1255 1183 1503 1249 miseria,
1555 1181 1932 1251 pulcherrima:

343 1271 563 1341 imagini
593 1272 939 1329 foedissimam
972 1271 1160 1328 faciem
1184 1273 1447 1344 passionis
1469 1272 1760 1326 obducens.
1779 1270 1933 1324 Ideo-

340 1378 448 1432 que
470 1363 615 1432 digni
643 1373 766 1418 sunt
791 1364 882 1433 qui
908 1364 1009 1419 ista
1036 1375 1338 1428 cernentes,
1365 1378 1472 1417 non
1503 1361 1658 1417 facile
1697 1346 1931 1416 divinam

341 1455 569 1510 formam
603 1457 802 1512 talibus
826 1458 1000 1512 inesse
1040 1457 1404 1523 consentiunt,
1454 1455 1547 1511 sed
1592 1472 1688 1526 per
1715 1471 1811 1510 eos
1840 1456 1931 1524 qui

344 1558 505 1603 recta:
554 1549 677 1604 vitae
727 1550 1136 1604 conversatione
1187 1547 1549 1614 resplendent,
1583 1547 1815 1601 divinam
1879 1547 1929 1600 in

349 1639 658 1693 hominibus
686 1640 972 1710 imaginem
999 1639 1262 1694 contueri.
1291 1638 1425 1692 Nam
1455 1639 1498 1692 si
1538 1639 1761 1693 vitiosus
1787 1638 1934 1706 quis-

343 1746 448 1799 que
486 1731 572 1784 vel
629 1733 779 1785 carni
828 1731 1038 1788 deditus
1087 1747 1194 1786 non
1244 1731 1372 1785 sinit
1416 1730 1483 1786 de
1529 1730 1749 1784 homine
1790 1729 1933 1784 credi

2037 539 2199 592 tionis
2224 551 2354 606 ergo
2391 539 2533 592 illius
2561 553 2680 607 quae
2719 539 2770 593 in
2803 536 2970 593 Edam
3005 555 3033 593 a
3064 538 3174 595 Deo
3205 539 3340 596 facta
3372 551 3472 597 est.
3507 541 3618 598 Vo-

2035 631 2212 701 luptas
2267 639 2444 684 autem
2501 632 2694 700 (quam
2746 630 3128 700 interpretatur
3155 629 3365 702 Edoni)
3399 633 3616 702 dignum

2035 723 2318 792 quemdam
2361 720 2589 777 fructum
2621 738 2718 777 nos
2747 723 3057 789 excogitare
3086 718 3379 792 compellit,
3411 740 3477 779 ex
3509 740 3621 794 quo

2036 799 2398 866 indubitanter
2445 812 2690 865 alebatur
2737 808 2967 865 humana
2999 813 3318 876 substantia,
3351 830 3449 870 nec
3478 815 3620 870 hanc

2035 901 2280 973 profecto
2306 902 2633 971 voluptatem
2655 916 2773 970 qua:
2797 903 2986 957 transit
3009 918 3073 957 ac
3101 902 3285 958 defluit
3311 905 3362 958 in
3385 905 3619 975 paradisi

2037 996 2448 1050 conversatione
2498 994 2698 1048 sentire
2751 995 3023 1049 convenit.
3052 994 3129 1047 Ab
3157 997 3296 1050 omni
3345 997 3503 1069 ligno,
3534 997 3621 1051 in-

2035 1091 2170 1160 quit,
2200 1087 2336 1160 quod
2356 1097 2432 1141 est
2459 1088 2511 1140 in
2542 1086 2786 1156 paradiso
2809 1088 3060 1141 comedes.
3079 1086 3209 1154 Quis
3229 1088 3375 1142 dabit
3401 1090 3448 1142 ei
3469 1086 3620 1158 quod

2036 1181 2324 1238 salubriter
2353 1180 2521 1235 esurit
2551 1179 2751 1247 lignum
2784 1178 2912 1232 illud
2941 1178 3084 1247 quod
3127 1188 3207 1232 est
3247 1179 3298 1232 in
3343 1181 3616 1248 paradiso,

2035 1271 2181 1344 quod
2212 1287 2372 1326 omne
2401 1272 2599 1326 bonutn
2647 1285 2870 1341 prorsus
2901 1269 3269 1339 amplectitur,
3303 1272 3388 1324 cui
3420 1288 3618 1328 nomen

2037 1371 2120 1417 est
2145 1379 2306 1418 omne
2335 1361 2487 1431 cujus
2529 1361 2998 1431 participationem
3029 1359 3113 1415 lex
3143 1361 3344 1415 homini
3394 1361 3620 1418 tribuit?

2036 1454 2284 1510 Geuerali
2314 1441 2546 1524 namque
2573 1461 2628 1508 et
2647 1453 3066 1520 supereminenti
3090 1454 3255 1508 verbo
3295 1456 3472 1511 omnis
3502 1457 3619 1512 htnc

2036 1549 2298 1603 bonorum
2346 1545 2554 1616 species
2605 1544 2706 1599 sibi
2755 1543 2967 1614 cognita
3016 1551 3130 1606 est,
3190 1553 3467 1614 totumque
3515 1547 3620 1604 hoc

2038 1655 2200 1695 unum
2230 1646 2353 1700 est;
2385 1638 2506 1707 quis
2534 1645 2711 1692 autem
2745 1652 2830 1691 me
2860 1636 2926 1691 ab
2954 1636 3095 1692 illius
3136 1637 3262 1706 ligni
3309 1649 3464 1708 gustu
3497 1656 3620 1710 per-

2038 1731 2208 1794 mixti,
2235 1730 2278 1784 si
2325 1740 2486 1800 atque
2518 1729 2568 1782 in
2602 1739 2883 1798 utramque
2921 1739 3129 1798 partem
3158 1732 3428 1798 vergentis
3457 1749 3618 1788 amo-

341 1821 488 1891 quod
521 1822 589 1875 sit
613 1822 791 1877 divina
820 1822 1216 1888 pulchritudine
1245 1821 1560 1886 decoratus,
1597 1821 1691 1876 sed
1719 1821 1807 1875 ille
1837 1820 1926 1889 qui
1965 1827 2002 1884 Β
2032 1821 2266 1877 veatur?
2295 1821 2410 1874 Non
2443 1821 2585 1874 enim
2640 1835 2860 1888 prorsus
2907 1820 3134 1874 habetur
3184 1822 3445 1877 incertum
3477 1824 3622 1893 apud

343 1911 396 1966 in
429 1911 628 1967 virtute
656 1911 925 1982 perfectus
953 1921 1053 1979 est,
1097 1920 1154 1967 et
1189 1912 1255 1967 ab
1284 1912 1431 1967 omni
1470 1911 1792 1980 contagione
1830 1927 1924 1980 pu-

340 2004 607 2070 rissimus,
638 2019 758 2058 eam
811 2002 988 2058 firmet
1034 2003 1365 2072 opinionem,
1411 2017 1530 2072 qua:
1584 2001 1652 2056 de
1702 2000 1932 2056 hominis

340 2102 496 2164 parte
541 2094 767 2149 meliore
812 2094 1088 2159 subsistat,
1129 2100 1188 2150 ut
1237 2094 1451 2165 (melius
1480 2094 1624 2148 enim
1673 2093 1933 2162 probatur

344 2184 594 2255 exemplo
621 2185 764 2254 quod
793 2185 1006 2255 dicitur)
1035 2184 1549 2264 aliquemﬁecorem
1581 2193 1784 2239 natura:
1804 2200 1933 2238 con-

346 2288 493 2332 tactu
524 2279 872 2346 malignitatis
917 2277 1203 2343 imminuit,
1238 2277 1325 2332 ille
1365 2277 1449 2332 vel
1487 2278 1718 2332 maxime
1745 2277 1832 2346 qui
1879 2277 1932 2329 in

341 2369 580 2438 peccatis
608 2369 867 2437 probatur
897 2383 1016 2421 esse
1050 2368 1383 2432 notissimus,
1416 2375 1472 2419 ut
1501 2366 1599 2419 fuit
1626 2363 1928 2429 Jechonias,

341 2461 425 2515 vel
455 2462 720 2531 quispiam
752 2461 890 2515 alius
932 2461 1024 2528 qui
1067 2462 1118 2515 in
1166 2459 1404 2529 nequitia
1447 2459 1622 2513 clarus
1661 2472 1781 2512 esse
1820 2473 1934 2510 me-

347 2559 609 2605 moratur.
659 2548 766 2604 Sed
811 2551 862 2604 in
917 2549 1064 2606 Mose
1110 2549 1334 2618 ejusque
1380 2547 1642 2603 similibus
1685 2547 1932 2618 imaginis

343 2643 684 2708 I‘ufchritudu
733 2645 969 2713 perfecta
1013 2642 1364 2712 conspicitur.
1410 2639 1466 2694 In
1517 2640 1706 2710 quibus
1752 2641 1932 2711 itaque

341 2737 507 2790 decor
527 2735 670 2789 nulla
693 2733 1020 2789 obscuritate
1046 2730 1296 2795 fmdatur,
1324 2733 1376 2786 in
1399 2730 1480 2785 his
1504 2731 1721 2785 evidens
1741 2747 1928 2785 eorum

339 2841 460 2895 quae
484 2825 734 2879 dicuntur
767 2822 897 2878 fides
925 2823 1124 2889 elucet,
1154 2838 1220 2876 eo
1247 2821 1390 2893 quod
1423 2822 1586 2877 homo
1615 2817 1806 2875 divinae
1835 2821 1932 2875 bo-

338 2915 525 2970 nitatis
555 2915 790 2970 imitator
811 2917 1023 2971 existat.
1051 2913 1156 2968 Sed
1188 2912 1407 2968 forsitan
1438 2913 1630 2982 aliquis
1660 2914 1930 2969 erubescit

337 3007 482 3074 quod
514 3017 788 3060 sumentes
816 3007 993 3060 cibum
1036 3006 1416 3062 irrationabilis
1444 3007 1568 3060 vitae
1603 3020 1701 3060 nos
1738 3006 1927 3060 simili-

341 3096 470 3150 tudo
499 3097 919 3164 constringat,et
948 3096 1144 3152 idcirco
1170 3097 1442 3166 indignum
1462 3103 1613 3165 putat
1632 3096 1924 3160 hominem,

2036 1929 2129 1969 eos
2159 1928 2294 1982 quos
2342 1912 2515 1982 gratia
2570 1911 3038 1981 contemplationis
3087 1913 3338 1978 illustrat,
3369 1915 3496 1986 quid
3549 1918 3623 1972 sit

2035 2020 2195 2058 omne
2226 2004 2424 2071 lignum
2457 2002 2609 2072 cujus
2654 2002 2858 2057 fructus
2905 2005 3013 2056 vita
3044 2011 3156 2071 est,
3185 2013 3240 2059 et
3269 2007 3460 2060 iterum
3492 2008 3624 2077 quid

2034 2098 2104 2152 sit
2131 2097 2238 2152 hoc
2276 2096 2638 2166 promiscuum
2668 2103 2828 2166 atque
2857 2094 3136 2151 confusum
3186 2097 3338 2167 cujus
3369 2108 3650 2155 contactu

2035 2205 2180 2243 mors
2201 2188 2451 2256 gignitur.
2477 2184 2578 2252 Qui
2594 2187 2734 2241 enim
2765 2202 2979 2242 omnem
2995 2187 3382 2256 jttcunditatem
3397 2191 3620 2260 copiosa

2033 2279 2278 2348 largitate
2326 2278 2613 2341 concessit,
2645 2274 2889 2347 profecto
2941 2278 3170 2347 quadam
3219 2279 3427 2334 ratione
3456 2288 3625 2351 atque

2033 2367 2365 2438 providentia
2420 2367 2690 2421 hominem
2755 2383 2784 2420 a
2840 2369 3205 2422 communium
3271 2372 3623 2440 perceptione

2032 2460 2324 2530 prohibuit.
2353 2460 2431 2513 Ac
2453 2460 2582 2513 mihi
2607 2460 2817 2514 videtur
2843 2470 3096 2530 oportere
3127 2479 3232 2516 non
3266 2465 3620 2532 magnificen—

2036 2552 2301 2606 tissimum
2336 2550 2500 2604 David
2543 2560 2597 2606 et
2627 2553 3082 2621 sapientissimum
3113 2553 3455 2611 Salomonem
3486 2559 3621 2627 legis

2034 2642 2191 2710 hujus
2217 2643 2522 2697 desertores
2551 2659 2844 2698 assumere.
2881 2643 3104 2715 Utrique
3131 2647 3274 2702 enim
3322 2650 3480 2717 hujus
3512 2653 3620 2706 cibi

2033 2733 2205 2787 vivam
2235 2733 2460 2800 gratiam
2491 2733 2712 2803 professi
2742 2745 2884 2789 sunt.
2917 2736 2973 2789 id
2999 2738 3161 2801 enim,
3193 2740 3332 2808 quod
3363 2757 3486 2795 vere
3512 2753 3621 2807 est,

2032 2823 2251 2887 bonum,
2276 2839 2434 2877 omne
2463 2823 2642 2892 utique
2667 2825 2864 2878 bonum
2892 2835 2993 2880 est.
3030 2826 3192 2882 David
3216 2829 3429 2897 quidem
3452 2831 3615 2885 dicit:

2035 2913 2302 2968 Delectare
2330 2928 2425 2968 seu
2480 2912 2725 2967 deliciare
2773 2916 2826 2967 in
2879 2914 3123 2970 Domino.
3152 2918 3618 2975 Salomon'autem

2031 3004 2351 3074 sapientiam
2407 3003 2599 3072 ipsam,
2629 3019 2749 3074 qua:
2796 3014 2877 3060 est
2926 3006 3214 3072 Dominus,
3247 3009 3445 3076 lignum
3497 3013 3620 3068 vitzc

2032 3094 2397 3164 cognominat.
2447 3092 2589 3162 Ergo
2644 3094 2869 3164 idipsutn
2928 3104 3010 3150 est
3063 3097 3264 3164 lignum
3293 3100 3416 3154 vita:
3472 3103 3617 3172 quod

335 3185 428 3257 qui
468 3186 533 3240 ad
579 3187 863 3255 imaginem
896 3187 987 3242 Dei
1033 3187 1202 3242 factus
1230 3195 1312 3242 est
1352 3205 1363 3238 :
1403 3186 1499 3242 sed
1527 3187 1687 3257 hujus
1715 3201 1929 3256 quoque
1959 3197 1998 3250 (ἶ
2033 3196 2115 3242 est
2167 3187 2364 3254 lignum
2396 3201 2556 3239 omne
2597 3185 2749 3255 cujus
2771 3187 2949 3242 cibum
2979 3205 3193 3245 onmem
3224 3192 3272 3245 ei
3301 3193 3392 3261 qui
3421 3209 3613 3249 secun-

339 3276 628 3331 functionis
657 3285 904 3346 speretur
933 3278 1238 3332 immunitas
1268 3286 1473 3333 natura:
1511 3288 1710 3333 nostra:
1740 3278 1790 3332 in
1836 3277 1924 3332 illa

337 3366 446 3419 vita
485 3381 604 3436 qua:
636 3366 810 3421 futura
840 3377 941 3432 est,
974 3368 1300 3438 quandoque
1330 3369 1629 3423 tribuenda.
1683 3368 1799 3423 Non
1846 3379 1931 3424 est

334 3454 500 3514 enim,
555 3454 696 3509 sicut
731 3456 806 3509 ait
852 3456 1143 3525 Apostolus
1182 3473 1195 3508 :
1229 3454 1463 3528 Regnum
1485 3455 1581 3512 Dei
1611 3474 1728 3512 esca
1758 3467 1808 3512 et
1834 3477 1926 3528 po-

343 3555 447 3607 tus,
481 3559 584 3600 nec
613 3548 666 3599 in
694 3549 804 3600 solo
832 3565 966 3615 pane
988 3547 1244 3603 hominem
1275 3550 1436 3604 virere
1465 3557 1690 3605 testatus
1719 3559 1802 3604 est
1823 3550 1930 3603 Do-

335 3635 534 3700 minus,
571 3637 663 3690 sed
703 3639 755 3692 in
787 3639 927 3693 omni
958 3638 1105 3694 verba
1134 3641 1269 3712 quod
1308 3642 1539 3710 procedit
1577 3641 1640 3695 de
1674 3659 1764 3697 ore
1805 3640 1923 3706 Dei,

337 3741 547 3782 neotton
571 3738 625 3781 et
655 3730 1062 3786 resurrectionis
1086 3732 1329 3799 gloriam,
1351 3747 1472 3786 cum
1494 3733 1657 3787 vitam
1685 3740 1922 3790 nostram

336 3819 718 3887 coxquandam
751 3819 955 3890 angelis
986 3822 1266 3892 approbet.
1301 3822 1457 3893 Apud
1496 3824 1716 3892 angelos
1745 3833 1923 3880 autem

335 3910 490 3966 cibus
519 3926 624 3965 non
663 3919 762 3966 est.
798 3909 994 3967 Idonea
1025 3928 1248 3982 prorsus
1278 3911 1408 3967 fides
1437 3921 1518 3967 est
1548 3915 1685 3969 hanc
1722 3915 1924 3968 homini

334 4001 668 4058 functionem
698 4002 814 4059 fore
845 4004 1090 4074 liberam,
1113 4003 1206 4076 qui
1225 4003 1295 4060 ad
1323 4003 1726 4060 similitudinem
1756 4004 1926 4060 factus

337 4098 423 4147 est
453 4093 787 4161 angelorum.

927 4161 1157 4217 CAPUT
1199 4162 1298 4217 XX

335 4231 560 4304 Myatica
589 4234 943 4300 interpretatio
971 4235 1082 4302 ejus
1119 4234 1253 4304 quod
1283 4232 1345 4285 de
1374 4233 1512 4286 omni
1543 4234 1684 4304 ligno
1711 4231 1847 4301 quod
1869 4233 1922 4286 in

589 4251 943 4300 interpretatio
971 4251 1082 4302 ejus
1119 4251 1252 4301 quoa
1283 4251 1345 4285 ae
1374 4251 1512 4286 omm
1543 4251 1578 4286 tt
1619 4251 1684 4287 no
1711 4251 1745 4301 q-

539 4304 785 4373 paradiso
821 4311 932 4356 erat
966 4305 1116 4357 homo
1155 4303 1305 4356 edere
1337 4251 1745 4374 permittegatur.

406 4394 514 4450 Sed
541 4396 679 4450 forte
710 4411 818 4450 non
847 4396 900 4450 in
930 4396 1172 4452 eamdem
1198 4398 1391 4453 iterum
1423 4397 1542 4452 vita:
1563 4396 1799 4466 speciem
1828 4411 1920 4450 re-

336 4486 486 4555 gredi
515 4488 636 4556 quis
688 4487 959 4544 hominem
1009 4471 1226 4557 dixerit,
1273 4506 1397 4546 cum
1437 4490 1687 4561 primitus
1714 4489 1923 4545 edendo

339 4577 659 4632 viveremus.
692 4576 890 4632 Verum
911 4591 1013 4646 ego
1033 4589 1275 4636 sanctam
1311 4580 1644 4650 Seripturam
1675 4580 1918 4644 audiens,
1951 4564 2005 4624 Ῑ)

337 4681 446 4722 non
477 4667 651 4722 cibum
680 4682 997 4736 corporeum
1020 4670 1166 4734 novi,
1199 4685 1300 4724 nec
1320 4669 1492 4724 solum
1523 4684 1643 4739 qua:
1663 4684 1728 4724 ex
1761 4685 1924 4726 carne

337 4765 421 4811 est
441 4756 696 4811 laetitiam.
730 4757 839 4813 Sed
868 4767 924 4814 et
969 4759 1128 4814 aliam
1176 4775 1356 4815 escam
1400 4776 1621 4830 prorsus
1668 4775 1922 4830 agnosco,

337 4863 456 4919 qua:
484 4849 882 4904 similitudinem
903 4851 1188 4919 quamdam
1216 4853 1579 4922 proportionis
1598 4869 1735 4909 escae
1765 4854 1924 4923 hujus

335 4940 576 5008 corporis
603 4949 772 5008 gerat,
805 4941 958 5010 cujus
986 4943 1147 4996 etiam
1190 4944 1436 5014 voluptas
1485 4952 1647 5014 atque
1687 4947 1924 5002 suavitas

336 5029 404 5083 ad
431 5031 669 5085 animum
696 5031 1031 5086 solummodo
1071 5041 1330 5090 transeat.
1366 5033 1518 5090 Unde
1547 5044 1603 5091 et
1649 5036 1924 5107 Sapientia

337 5121 637 5176 esurientes
658 5123 973 5177 cohortatur
993 5132 1048 5177 et
1074 5123 1202 5180 dicit
1222 5142 1235 5176 :
1255 5123 1412 5178 Edite
1440 5127 1502 5179 de
1525 5127 1650 5180 meis
1671 5125 1923 5195 panibus:

336 5216 392 5261 et
414 5208 602 5267 beatos
628 5213 818 5266 asserit
842 5211 1098 5267 Dominus
1125 5229 1218 5267 eos
1247 5215 1336 5283 qui
1383 5214 1752 5283 hujuscemodi
1775 5215 1926 5271 cibos

337 5301 596 5356 csuriunt.
628 5302 698 5358 Et
727 5307 774 5359 si
818 5308 954 5378 quis,
985 5309 1076 5372 ait,
1109 5309 1234 5373 sitit,
1269 5311 1436 5363 ceniat
1464 5310 1532 5362 ad
1562 5327 1660 5373 me,
1689 5319 1738 5364 et
1764 5310 1922 5364 bibat.

338 5387 560 5458 Magnus
580 5405 792 5462 quoque
819 5393 980 5452 Isaias
1013 5415 1025 5449 :
1064 5396 1248 5463 Bibite,
1273 5399 1462 5468 inquit,
1497 5399 1754 5464 lwtitiam,
1785 5397 1950 5468 pra:-'

338 5480 542 5549 t-ipiens
571 5481 652 5536 his
680 5483 772 5550 qui
801 5484 915 5552 ejus
941 5487 1127 5542 audire
1175 5489 1628 5557 magnificentiam
1680 5497 1917 5560 possent.

340 5572 434 5628 Est
460 5584 639 5629 autem
667 5583 910 5644 quaedam
953 5581 1115 5634 etiam
1154 5582 1467 5651 prophetica
1496 5582 1844 5638 comminatio
1869 5582 1921 5636 in

338 5679 432 5717 eos
475 5665 564 5735 qui
596 5665 686 5720 tali
724 5668 930 5722 ultione
984 5670 1126 5738 digni
1180 5681 1335 5740 sunt,
1367 5681 1424 5726 ut
1471 5682 1723 5742 tanquam
1781 5673 1921 5728 fame

341 5760 650 5828 puniantur.
679 5761 869 5816 Fames
901 5771 1078 5818 autem
1111 5783 1214 5820 non
1331 5767 1620 5835 indigentia
1645 5768 1798 5838 panis
1829 5777 1922 5822 aut

336 5865 506 5924 aquae,
529 5853 620 5909 scd
641 5853 784 5910 \crbi
809 5853 1047 5912 defectus
1067 5865 1165 5913 est.
1193 5855 1312 5912 Non
1337 5859 1518 5929 futues,
1543 5858 1731 5930 inquit,
1749 5859 1924 5930 panis,

2028 3276 2156 3332 dum
2186 3276 2351 3332 Deum
2381 3285 2593 3331 creatus
2623 3286 2706 3332 est
2747 3277 2833 3332 lex
2873 3279 3049 3333 divina
3103 3285 3386 3337 concessit.
3433 3282 3611 3340 Econ-

2029 3367 2193 3421 trario
2228 3383 2357 3420 vero
2411 3367 2478 3419 ab
2531 3367 2634 3421 hoc
2674 3367 2817 3435 ligno
2856 3368 3062 3439 lignum
3119 3373 3420 3427 secernitur
3449 3375 3614 3441 aliud,

2029 3457 2181 3524 cujus
2209 3471 2332 3512 esca
2374 3457 2610 3511 scientia:
2654 3457 2780 3512 boni
2811 3467 2866 3512 et
2893 3458 3016 3512 mali
3057 3455 3160 3527 es't,
3192 3477 3298 3516 non
3328 3471 3622 3534 utrumque

2028 3565 2270 3604 seorsqu
2296 3548 2449 3617 juxta
2487 3548 2896 3615 significantiam
2945 3553 3345 3609 contrarietatis
3371 3555 3422 3608 in
3456 3570 3617 3624 parte

2028 3638 2377 3703 fructificans,
2410 3638 2505 3694 sed
2556 3639 2840 3710 quemdam
2869 3639 3149 3695 confusum
3202 3640 3436 3698 fructum
3489 3661 3618 3715 per-

2028 3734 2360 3802 mixtumque
2390 3730 2664 3800 proferens
2695 3731 2917 3786 adversa
2946 3733 3206 3802 qualitate
3250 3735 3350 3789 sibi
3390 3748 3620 3792 concre-

2029 3833 2159 3890 tum,
2193 3840 2222 3878 a
2252 3823 2404 3892 cujus
2464 3822 2812 3892 perceptione
2858 3833 3046 3877 auctor
3099 3823 3314 3893 quidem
3363 3825 3622 3881 vitantes

2028 3915 2294 3986 prohibet.
2328 3913 2622 3968 Persuadet
2642 3922 2820 3968 autem
2851 3927 3073 3984 serpens
3110 3922 3168 3969 ut
3197 3914 3406 3984 edatur,
3439 3925 3498 3972 ut
3519 3934 3618 3987 per

2028 4010 2131 4064 huc
2154 4007 2342 4062 mortis
2365 4006 2698 4062 machinetur
2720 4007 3013 4075 ingressum
3036 4024 3050 4070 ;
3081 4021 3201 4062 cum
3225 4009 3478 4064 suasione
3505 4011 3620 4080 ipsa

2027 4102 2324 4173 praevaluit,
2356 4099 2554 4156 lethale
2577 4099 2858 4155 consilium
2891 4100 3152 4167 tribuens,
3179 4111 3236 4157 et
3265 4103 3452 4159 colore
3479 4120 3620 4174 quo-

2027 4194 2148 4247 dam
2171 4191 2345 4247 fallaci
2375 4189 2622 4246 eumdem
2652 4187 2881 4245 fructum
2911 4191 3246 4264 voluptatum
3275 4208 3618 4265 respergens,

2029 4285 2102 4339 ita
2137 4293 2193 4338 ut
2220 4283 2569 4338 suavissimus
2618 4291 2906 4353 appareret
2936 4290 2989 4338 et
3035 4287 3330 4355 appetitum
3372 4298 3622 4358 gustatus

2027 4375 2365 4430 accenderet.

2614 4443 2842 4498 CAPUT
2882 4443 3023 4499 XXI.

2029 4513 2159 4582 ρυω
2188 4519 2342 4588 fuerit
2366 4519 2421 4571 in
2449 4515 2698 4592 paradiso
2727 4519 2864 4592 vita,
2895 4525 2944 4569 et
2965 4517 3116 4585 quale
3167 4519 3234 4572 sit
3260 4519 3392 4573 illud
3419 4522 3619 4592 lignum

2024 4627 2036 4639 .
2189 4586 2196 4588 “
2450 4586 2457 4588 ἡ
2511 4586 2647 4659 quod
2675 4586 3003 4640 interdictae:
3030 4596 3126 4641 est.

2098 4675 2236 4743 Quid
2265 4677 2426 4744 igitur
2453 4677 2582 4732 illud
2609 4684 2692 4731 est
2735 4675 2879 4745 quod
2912 4677 3036 4731 boni
3069 4679 3302 4749 malique
3332 4681 3617 4736 scientiam

2026 4767 2289 4830 continet,
2314 4774 2475 4834 atque
2500 4781 2594 4834 per
2620 4766 2952 4834 voluptatem
2981 4781 3232 4821 sensuum
3265 4769 3473 4824 videtur
3496 4786 3620 4828 esse

2023 4856 2419 4926 gratissimum?
2451 4867 2674 4926 putaSne
2704 4856 3032 4924 conjecturis
3059 4859 3237 4912 studio
3266 4876 3375 4914 non
3425 4863 3621 4929 procul

2024 4963 2054 5000 a
2085 4948 2312 5001 veritate
2356 4945 2622 5011 descisco,
2664 4947 2902 5002 scientia:
2951 4949 3178 5004 abutens
3235 4950 3616 5022 intelligentia,

2027 5051 2124 5106 per
2166 5036 2323 5102 hujus
2374 5037 2844 5106 contemplationis
2889 5039 3192 5096 obtentum.
3240 5038 3445 5112 Opinor
3470 5047 3619 5102 enim

2027 5143 2135 5182 non
2163 5126 2499 5196 disciplinam
2548 5128 2600 5182 in
2647 5130 2896 5198 praisenti
2949 5131 3088 5186 hanc
3131 5133 3407 5188 scientiam
3456 5152 3622 5205 posse

2021 5221 2208 5277 sentiri
2239 5235 2428 5276 eorum
2455 5223 2548 5291 qui
2581 5224 2909 5278 exercitatos
2937 5225 3139 5281 habent
3165 5243 3355 5282 sensus
3373 5271 3388 5296 ,
3422 5246 3621 5299 quam—

2027 5313 2151 5368 dam
2192 5328 2323 5368 vero
2366 5312 2721 5369 differentiam
2748 5315 3146 5385 Scripturarum
3169 5320 3621 5376 consuetudinem

2031 5404 2331 5458 divinarum
2363 5404 2602 5459 scientiae
2631 5417 2793 5475 atque
2821 5407 3163 5464 discretionis
3192 5411 3428 5465 invenio.
3480 5413 3620 5469 Nam

2023 5495 2174 5564 juxta
2206 5495 2542 5565 disciplinam
2582 5497 2781 5552 bonum
2812 5513 2842 5552 a
2871 5500 3014 5555 malo
3046 5499 3374 5564 discernere,
3429 5506 3622 5573 perfe-

2028 5585 2217 5651 ctioris
2245 5601 2367 5640 esse
2396 5586 2611 5642 habitus
2635 5587 3082 5658 dicitt'tpostolus,
3112 5606 3302 5646 eorum
3332 5594 3422 5661 qui
3455 5608 3622 5649 exer—

2025 5679 2217 5731 citatos
2245 5676 2445 5731 habent
2472 5692 2684 5733 sensus.
2717 5677 2923 5736 idcirco
2952 5682 3116 5736 etiam
3162 5691 3219 5737 ut
3261 5685 3438 5740 omnia
3485 5701 3620 5755 pro-

2025 5768 2210 5821 bemus
2240 5767 2476 5831 edocuit,
2502 5777 2558 5824 el
2583 5769 2876 5839 spiritualis
2898 5772 2993 5826 viri
3017 5776 3289 5842 proprium
3313 5791 3434 5831 esse
3456 5778 3615 5846 dixit,

2025 5857 2166 5928 quod
2191 5858 2359 5929 possit
2381 5859 2560 5916 omnia
2579 5859 2822 5931 judicare
2845 5871 3006 5935 atque
3030 5865 3355 5924 discernere.
3375 5850 3646 5938 Scientia

3851 5207 3878 5246 τ.
