3916 6202
264 309 361 370 581

1086 306 1262 360 LIBRI
1296 306 1380 360 DE
1419 303 1807 363 ειιΕΑτιοΝε
1849 309 2125 366 ιιοιιιΝιδ
2167 310 2743 372 INTEIII’RLTATIO.

3431 325 3541 382 582

262 445 393 486 vero
424 443 535 484 non
568 426 765 497 ubique
802 424 1138 495 disciplinam
1169 432 1333 495 atque
1375 424 1622 478 notitiam
1662 439 1853 479 secun-
1882 431 1928 485 Α
1959 427 2083 485 boni
2115 439 2171 486 et
2201 431 2327 486 mali
2356 432 2579 488 scientia
2630 434 2832 502 lignum
2863 433 3001 491 illud
3049 442 3375 508 appellatum
3423 456 3545 498 esse

261 522 386 579 dum
446 518 858 590 signiﬁcantium
912 532 1065 571 suam
1112 531 1327 586 semper
1376 516 1633 580 insinuat,
1663 515 1756 569 sed
1800 515 1851 567 in

260 616 461 671 bonam
492 620 695 683 partem
736 610 886 679 juxta
917 610 1164 663 etfectum
1209 608 1393 676 gratim
1441 606 1657 670 dicitur,
1687 614 1745 658 ut
1773 614 1856 660 cst

263 708 392 763 illud
424 725 435 759 :
476 703 633 759 Norit
656 702 912 757 Dominus
939 703 1024 765 qui
1050 710 1169 754 sunt
1198 700 1331 770 ejus.
1364 697 1430 751 Et
1460 698 1524 752 ad
1565 696 1747 752 Mosen
1780 699 1855 751 ait

263 801 404 855 Deus
436 818 448 852 :
480 796 615 853 Novi
644 808 692 851 te
714 813 823 867 pra:
850 794 1104 855 omnibus,
1139 802 1193 847 et
1223 794 1305 847 his
1351 808 1468 861 qua:
1494 792 1777 861 culpantur
1801 792 1851 845 in

263 893 433 955 malis,
472 890 563 959 qui
596 888 745 944 novit
774 887 954 959 omnia
1005 893 1232 939 testatur
1276 890 1329 938 et
1357 884 1488 938 dicit
1522 901 1533 936 :
1571 881 1853 955 Nunquam

262 986 374 1037 novi
408 958 528 1047 ros;
583 996 712 1051 ειεο
746 958 945 1047 lignum
976 976 1105 1031 illud
1136 976 1279 1046 quod
1310 976 1588 1031 scientiam
1619 975 1855 1044 permix-

264 1086 369 1130 tam
404 1075 797 1143 conl’usamqne
828 1069 1117 1123 fructiﬁcat
1165 1084 1231 1123 ex
1264 1068 1344 1123 his
1395 1077 1479 1123 cst
1528 1084 1644 1138 qua:
1701 1067 1865 1121 nobis

258 1173 657 1228 interdicuutur
685 1187 711 1222 a
745 1167 991 1222 Domino.
1024 1165 1325 1220 Contrariis
1367 1180 1596 1234 namque
1620 1164 1852 1232 qualita—

259 1266 400 1319 tibus
430 1263 638 1317 fructus
668 1261 755 1314 ille
786 1259 996 1313 videtur
1036 1272 1157 1311 esse
1185 1255 1523 1325 conjunctus,
1556 1255 1644 1325 qui
1688 1255 1850 1309 etiarn

255 1368 589 1413 assertorem
634 1354 896 1425 probatur
935 1351 1134 1405 habere
1176 1356 1523 1419 serpentem:
1555 1348 1850 1402 secundum

254 1451 393 1504 hanc
426 1451 661 1502 fortasse
690 1446 958 1500 rationem
988 1442 1133 1512 quod
1165 1442 1364 1495 malum
1397 1456 1503 1495 non
1533 1441 1853 1511 proponitur

254 1541 459 1595 nudum
492 1548 655 1605 atque
684 1537 964 1603 intectum,
994 1543 1053 1589 ut
1103 1536 1274 1602 ipsum
1306 1548 1402 1603 per
1429 1548 1550 1587 sese
1573 1534 1725 1607 juxta
1758 1548 1853 1585 na-

253 1642 430 1686 turam
456 1645 607 1683 suam
632 1627 869 1697 conSpici
893 1635 1087 1697 queat;
1111 1626 1349 1694 alioquin
1372 1622 1618 1677 ineﬁirax
1650 1623 1849 1677 malitia

249 1725 363 1793 ipsa
396 1722 685 1775 mansisset
708 1719 851 1774 nullo
873 1718 996 1771 boni
1025 1717 1264 1770 colorata
1294 1715 1569 1784 ﬁgmento,
1589 1729 1683 1785 per
1704 1714 1850 1786 quod

250 1815 294 1868 is
332 1814 427 1883 qui
458 1813 726 1881 decipitur
779 1811 830 1863 in
878 1808 995 1878 ejus
1036 1807 1235 1861 attrahi
1281 1806 1604 1891 desiderium
1655 1809 1845 1877 possit.
1886 1812 1925 1866 Β

250 1904 404 1959 Nunc
432 1913 613 1957 autem
644 1903 910 1972 permixta
940 1899 1339 1970 quodammodo
1365 1899 1491 1952 mali
1522 1908 1711 1953 natura
1743 1907 1846 1966 est,

248 1996 297 2051 in
327 1997 443 2050 alto
473 1996 689 2065 quidem
732 1995 1024 2064 perniciem
1059 1992 1364 2055 continens,
1396 1991 1561 2045 veluti
1589 1990 1845 2060 quasdam

246 2090 438 2146 locans
467 2098 680 2158 apertas
728 2086 962 2141 insidias.
999 2085 1054 2139 In
1101 2100 1161 2139 ea
1194 2099 1322 2138 vero
1368 2084 1679 2139 seductione
1727 2099 1847 2151 quae

246 2197 359 2236 non
392 2189 560 2250 patet,
594 2179 715 2233 boni
744 2177 1027 2247 quamdam
1061 2176 1345 2243 imaginem
1372 2190 1482 2244 pne
1510 2189 1568 2228 se
1599 2173 1719 2239 fert,
1750 2174 1848 2228 bo-

244 2292 382 2332 num
412 2289 645 2343 namque
673 2272 887 2327 videtur
916 2270 1091 2324 avaris
1137 2278 1193 2325 et
1242 2269 1452 2337 cupidis
1483 2268 1720 2322 materia:
1746 2306 1759 2330 ,
1795 2267 1843 2320 i.l

240 2378 351 2431 est,
386 2366 506 2421 auri
535 2366 703 2429 color,
735 2363 827 2418 sed
863 2363 1019 2416 radix
1048 2362 1277 2415 omnium
1314 2361 1570 2414 malorum
1613 2370 1687 2413 est
1717 2377 1847 2413 arav-

241 2465 395 2514 n‘n‘a.
428 2458 559 2526 Quis
588 2468 765 2512 autem
798 2460 849 2511 in
880 2472 1094 2512 cmnum
1133 2456 1422 2509 teterrimm
1445 2470 1507 2509 ac
1538 2454 1843 2509 fmdissimaz

241 2554 739 2617 libidinis-rueret,
790 2550 891 2605 nisi
936 2550 1271 2619 voluptatem
1327 2544 1535 2602 bonum
1586 2547 1838 2617 quiddam

238 2656 641 2715 acceptumque
695 2650 991 2713 reputaret,
1025 2640 1091 2695 ad
1120 2640 1385 2710 passionis
1433 2639 1679 2693 morbum
1710 2654 1845 2708 qua-

237 2738 358 2792 dam
408 2737 680 2807 pellectus
707 2735 1001 2790 illecebra?
1058 2732 1148 2787 Sic
1185 2742 1241 2787 et
1269 2742 1463 2786 rmtera
1497 2740 1839 2802 peccatorum

236 2832 572 2901 permixtam
612 2844 831 2899 prorsus
876 2827 1076 2882 habent
1116 2825 1501 2885 diﬁ‘erentiam.
1535 2842 1657 2897 qua:
1688 2842 1843 2881 acce-

233 2922 494 2992 ptissima
524 2920 693 2989 primo
722 2928 977 2989 putantur
1001 2927 1242 2988 aspectu,
1272 2926 1326 2972 et
1357 2918 1690 2973 seductionis
1720 2917 1841 2973 fuco

234 3030 333 3085 pro
377 3012 547 3068 bonis
572 3012 639 3067 ab
670 3010 1084 3066 inconsideratis
1126 3018 1181 3063 et
1210 3009 1642 3079 imprudentibus
1671 3024 1837 3079 appe-

233 3112 453 3161 tuntur.
491 3103 623 3169 Quia
652 3116 781 3171 ergo
810 3101 1053 3171 plerique
1081 3100 1134 3155 id
1157 3116 1277 3155 esse
1306 3101 1507 3155 bonum
1538 3100 1683 3171 quod
1712 3118 1839 3157 sen-

229 3214 322 3254 sus
354 3196 601 3253 laetiﬁcat
644 3197 1003 3260 arbitrantur,
1047 3203 1102 3250 et
1152 3194 1397 3265 quaedam
1452 3204 1535 3250 est
1581 3197 1837 3265 cognatio
1863 3193 1908 3251 Β

230 3290 503 3354 nominis,
535 3305 625 3343 seu
657 3289 923 3344 veraciter
948 3287 1228 3342 existentis
1249 3286 1399 3354 boni,
1428 3303 1527 3343 seu
1564 3286 1709 3355 quod
1732 3288 1835 3343 bo-

230 3399 360 3438 num
394 3390 642 3452 putatur,
674 3389 726 3435 et
758 3396 864 3435 non
892 3387 993 3445 est,
1026 3379 1126 3434 hac
1156 3379 1223 3435 de
1253 3394 1412 3435 causa
1443 3382 1832 3451 concupiscen-

233 3476 366 3529 tiam
415 3472 566 3528 illam
590 3488 707 3541 qua:
730 3471 798 3527 ad
830 3472 1029 3526 malum
1056 3471 1205 3527 velut
1233 3472 1299 3527 ad
1326 3473 1524 3528 bonum
1549 3474 1833 3543 pertrahit,

227 3567 356 3621 mali
401 3572 464 3621 et
498 3564 620 3619 boni
649 3564 929 3625 scientiam
966 3562 1244 3633 Scriptura
1284 3572 1468 3619 sancta
1497 3580 1834 3621 commemo-

228 3669 311 3713 rat
344 3676 360 3713 τ
390 3659 530 3713 dum
555 3657 775 3712 scientia
804 3657 902 3711 ista
927 3655 1216 3725 quemdam
1261 3655 1502 3711 declaret
1556 3657 1830 3721 allectum,

229 3767 331 3805 nec
362 3749 617 3804 absolute
647 3749 867 3810 malum,
898 3748 1023 3818 quia
1068 3747 1195 3802 boni
1221 3747 1505 3817 superﬁcie
1532 3748 1833 3803 coloratum

226 3852 329 3907 est,
362 3857 482 3896 nec
507 3841 860 3896 sincerissime
890 3840 1109 3905 bonum,
1141 3840 1266 3909 quia
1294 3839 1419 3893 mali
1450 3839 1503 3894 in
1535 3856 1601 3895 eo
1633 3838 1821 3897 delite-

225 3938 331 3993 scit
363 3934 617 3999 exitium,
672 3932 769 3990 sed
822 3931 1205 4003 promiscuum,
1261 3931 1313 3987 id
1363 3940 1465 3997 est,
1495 3947 1561 3987 ex
1604 3941 1834 4002 utroque

230 4032 584 4101 perplexum,
638 4028 909 4083 interdicti
966 4026 1093 4094 ligni
1138 4024 1368 4080 fructum
1418 4039 1538 4081 esse
1582 4033 1826 4089 testatur,

227 4124 391 4191 cujus
418 4128 638 4191 gustum
668 4118 807 4173 dixit
833 4118 899 4172 ad
948 4125 1176 4173 mortem
1209 4124 1495 4184 tangentes
1530 4115 1827 4171 attrahere.

231 4212 384 4269 Pcne
415 4215 525 4267 hoc
552 4211 784 4267 evidenti
811 4219 867 4264 et
910 4209 1161 4277 dogmate
1212 4216 1267 4263 et
1294 4222 1427 4263 voce
1468 4209 1829 4279 proclamans,

230 4308 365 4376 quia
406 4302 557 4374 quod
606 4318 731 4358 vere
757 4314 840 4358 est
864 4302 1089 4368 bontun,
1118 4300 1347 4370 simplex
1397 4309 1452 4355 et
1482 4302 1699 4357 unicum
1726 4311 1827 4367 est,

230 4414 264 4451 ι
294 4407 498 4453 natura
545 4393 783 4449 omnium
820 4392 1082 4457 alienum;
1116 4392 1316 4446 malum
1344 4408 1474 4447 vero
1512 4394 1720 4447 varium
1748 4402 1832 4448 at-

225 4506 338 4559 que
372 4488 615 4542 fucatum
646 4494 747 4547 est,
779 4484 925 4555 quod
973 4483 1117 4537 aliud
1165 4483 1381 4553 quidem
1424 4492 1641 4553 putetur
1687 4500 1825 4550 esse,

1960 520 2225 580 videatur.
2252 523 2401 579 Sicut
2431 541 2701 581 venenum
2748 528 2911 584 melle
2936 529 3321 596 circumlitum,
3349 547 3545 588 secun-

1956 615 2080 671 dum
2108 618 2164 671 id
2193 620 2335 690 quod
2365 636 2554 676 sensus
2583 622 2787 676 mulcet
2812 623 3058 693 inspersa
3084 623 3311 679 dulcedo
3340 624 3541 678 bonum

1956 724 2077 765 esse
2117 712 2372 777 creditur,
2404 714 2698 768 secundum
2744 714 2797 769 id
2837 724 3019 770 autem
3078 716 3224 787 quod
3270 724 3543 772 sumentes

1957 804 2225 873 intercipit
2257 814 2418 875 atque
2450 809 2770 879 corrumpit,
2813 808 3043 864 efﬁcitur
3088 810 3232 864 omni
3278 811 3424 864 malo
3450 811 3545 866 de-

1957 896 2138 950 terius.
2174 896 2242 951 Ut
2270 913 2396 967 ergo
2420 900 2814 969 prazvaluerunt
2836 901 3089 957 adversus
3116 902 3349 957 hominis
3378 902 3541 956 vitam

1958 1005 2162 1044 venena
2188 991 2484 1057 mortifera,
2519 1002 2645 1048 tunc
2676 994 2859 1060 homo,
2893 1008 3085 1062 magna
3117 1009 3225 1057 res,
3259 1008 3541 1061 magnum-

1955 1096 2060 1148 que
2086 1082 2427 1147 vocabulum,
2445 1084 2745 1152 divinaeque
2777 1084 3023 1154 ﬁguratio
3045 1093 3270 1151 naturae,
3293 1086 3542 1151 vanitati,

1954 1171 2093 1224 sicut
2122 1172 2251 1225 dicit
2279 1164 2560 1244 propheta,
2593 1175 2777 1229 similis
2819 1178 2985 1247 factus
3034 1186 3129 1229 est.
3172 1175 3339 1242 Igitur
3366 1174 3543 1242 imago

1958 1260 2049 1314 Dei
2082 1260 2133 1314 in
2164 1261 2245 1315 his
2274 1277 2392 1331 quae
2420 1265 2623 1334 optima
2653 1266 2705 1318 in
2737 1266 2895 1320 nobis
2926 1266 3299 1333 intelliguntur
3325 1266 3544 1335 proprie

1954 1355 2223 1423 cernitur;
2245 1371 2580 1427 qutecunque
2610 1374 2741 1413 vero
2789 1359 2840 1413 in
2872 1360 2981 1413 vita
3020 1368 3204 1414 nostra
3236 1358 3541 1414 miseranda

1954 1444 2206 1499 videntur
2251 1458 2305 1500 et
2340 1450 2531 1515 tristia,
2583 1450 2762 1505 divina
2795 1466 3014 1519 prorsus
3037 1450 3385 1505 similitudine
3412 1465 3542 1520 pro-

1954 1536 2150 1591 bantttr
2170 1539 2365 1595 aliena.

2530 1612 2758 1669 CAPUT
2796 1615 2958 1669 XXII.

1957 1674 2109 1741 Quod
2120 1684 2436 1755 resurrectio
2466 1700 2570 1737 non
2612 1695 2809 1738 tantum
2840 1703 2906 1739 ea:
2930 1686 3318 1755 Script'rrurum
3349 1685 3545 1751 ιιι-(δάϊ-

2025 1752 2521 1833 εαιὶειιεηᾳιιαηιιιηι
2568 1771 2632 1809 ex
2664 1758 2776 1826 ipsa
2824 1774 2996 1809 rerum
3036 1752 3337 1810 necessitate
3366 1755 3546 1808 debeat

2024 1830 2287 1875 sustineri.

2004 1911 2126 1966 Sed
2150 1929 2258 1967 non
2289 1915 2473 1971 estita
2497 1916 2718 1970 robusta
2746 1917 2970 1982 malitia,
3005 1927 3063 1972 ut
3093 1918 3384 1987 praevaleat
3410 1917 3546 1972 divi-

1950 2020 2031 2057 nae
2054 2006 2325 2075 potentiae,
2356 2021 2529 2075 neque
2551 2008 2744 2061 melior
2767 2016 2859 2061 aut
2886 2010 3321 2077 perseverantior
3341 2018 3545 2064 natura:

1950 2104 2153 2151 nostne
2194 2097 2556 2153 inconstantia
2589 2116 2750 2169 quam
2802 2102 3069 2170 sapientia
3100 2101 3217 2157 Dei.
3250 2102 3366 2157 Non
3398 2103 3540 2157 enim

1947 2188 2206 2259 possibile
2244 2198 2329 2244 est
2372 2198 2432 2244 ut
2474 2191 2732 2245 mutabile
2763 2170 2867 2247 hoc
2896 2200 2953 2247 et
2997 2193 3354 2248 convertibile
3384 2202 3535 2247 tena-

1947 2279 2063 2332 cius
2111 2279 2312 2333 existat
2346 2290 2399 2335 et
2431 2280 2637 2337 ﬁrmius
2664 2298 2826 2351 quam
2858 2283 2924 2337 ad
2972 2284 3144 2355 ipsum
3175 2285 3316 2354 quod
3339 2285 3541 2354 jugitcr

1946 2378 2245 2439 permanet,
2277 2379 2334 2425 et
2362 2372 2414 2426 in
2446 2372 2591 2427 bono
2621 2374 2737 2427 sine
2768 2374 2873 2427 ulla
2902 2376 3325 2429 commutatione
3347 2374 3543 2444 perdu-

1946 2470 2049 2516 rat.
2076 2462 2322 2517 Divinum
2355 2464 2517 2530 igitur
2544 2465 2826 2520 consilium
2852 2480 3072 2535 prorsus
3102 2466 3541 2520 incommutabile

1944 2570 2159 2624 semper
2180 2564 2288 2622 est,
2314 2557 2643 2611 mutabilitas
2672 2566 2849 2610 autem
2884 2568 3081 2613 nostra!
3104 2558 3413 2613 substantiis
3446 2575 3543 2614 nec

1947 2644 1999 2697 in
2029 2645 2171 2699 malo
2198 2646 2398 2700 retinet
2426 2645 2757 2701 ﬁrmitatem.
2791 2648 2945 2715 Quod
2985 2650 3129 2703 enim
3183 2665 3399 2720 semper
3426 2665 3540 2705 mo-

1944 2743 2121 2802 vetur,
2154 2737 2418 2805 siquidem
2442 2739 2517 2809 ad
2548 2740 2747 2794 bonum
2778 2741 2951 2795 tendit
2980 2740 3097 2810 ejus
3135 2756 3386 2796 accessus
3416 2758 3543 2812 pro-

1946 2835 2067 2897 pter
2096 2826 2361 2883 inﬁnitam
2406 2846 2519 2884 rem
2573 2846 2735 2899 quam
2787 2831 3119 2901 proﬁciendo
3165 2835 3537 2904 consequitur,

1945 2935 2217 2989 nunquam
2250 2922 2628 2978 terminabitur
2654 2923 2796 2979 illius
2826 2924 2881 2978 in
2902 2926 3177 2979 anteriora
3207 2928 3536 2996 progressio.

1943 3012 2066 3081 quia
2093 3029 2198 3068 non
2223 3016 2424 3084 poterit
2450 3016 2609 3085 hujus
2635 3031 2797 3086 quem
2827 3017 3021 3087 qumrit
3051 3018 3217 3072 ullum
3251 3021 3538 3074 terminum

1942 3107 2202 3175 reperire,
2234 3122 2342 3176 quo
2365 3111 2764 3178 comprehenso
2793 3117 2975 3165 motus
2998 3126 3128 3166 suns
3150 3111 3345 3166 debeat
3366 3127 3539 3180 quan-

1940 3200 2120 3269 doque
2149 3202 2470 3258 consistere.
2502 3202 2560 3257 Si
2612 3218 2742 3259 vero
2797 3202 2895 3258 ad‘
2915 3205 3243 3260 contrarium
3284 3202 3540 3259 deﬂectat

1940 3289 2057 3358 ejus
2086 3290 2335 3357 intentio,
2370 3292 2459 3347 ubi
2489 3295 2742 3363 nequitia:
2768 3296 3041 3366 peregerit
3091 3310 3332 3361 cursum,
3388 3303 3442 3349 et
3470 3294 3539 3349 ad

1938 3397 2207 3436 summum
2252 3382 2521 3451 fastigium
2576 3386 2702 3439 mali
2755 3388 3087 3456 pervenerit,
3120 3394 3249 3451 tunc
3294 3384 3438 3454 jugis
3478 3399 3543 3439 se

1939 3476 2207 3531 moventis
2236 3476 2471 3547 impetus
2498 3478 2703 3533 nullum
2726 3487 2925 3551 statum
2949 3480 3016 3534 de
3036 3495 3132 3533 sua
3166 3488 3357 3534 natura
3379 3493 3541 3548 repe-

1938 3569 2102 3634 ricns,
2130 3569 2219 3624 ubi
2250 3570 2473 3625 malitia:
2498 3572 2676 3641 spatia
2708 3571 3067 3627 determinata
3097 3571 3415 3635 cucurrerit,
3442 3586 3543 3625 ιιες

1937 3662 2177 3717 cessurio
2233 3670 2440 3717 motum
2485 3662 2597 3731 jam
2639 3664 2705 3717 ad
2735 3665 2938 3734 Optima
2962 3679 3190 3733 quaeque
3231 3673 3537 3719 convertet.

1938 3750 2073 3807 Cum
2102 3753 2246 3808 enim
2278 3754 2480 3808 malitia
2511 3755 2819 3809 nullatenus
2860 3755 3276 3809 indeterminate
3314 3769 3541 3823 promot

1936 3851 2146 3909 veatur,
2169 3844 2264 3899 sed
2284 3846 2606 3908 necessariis
2628 3842 2824 3900 ﬁnibus
2844 3844 3169 3906 includatur,
3196 3859 3542 3911 consequens

1935 3942 2021 3988 ter
2049 3934 2175 3988 mali
2207 3934 2467 3989 terminus
2519 3936 2623 3989 erit
2647 3934 2776 3989 boni
2803 3935 3099 4001 successio,
3153 3941 3208 3988 et
3260 3933 3355 3997 ita,
3391 3934 3536 3988 sicut

1935 4024 2137 4078 dictum
2164 4032 2268 4088 est,
2305 4033 2497 4079 natura
2528 4032 2732 4087 nostra,
2777 4040 2894 4094 quae
2923 4038 3137 4096 semper
3178 4024 3398 4078 immota
3426 4006 3537 4086 est.

1934 4116 2166 4186 quadam
2197 4116 2540 4185 regressione
2569 4116 2695 4171 boni
2724 4116 2978 4186 deinceps
3006 4116 3107 4179 iter
3128 4116 3383 4181 excurrit,
3417 4131 3540 4171 πιε-

1936 4209 2109 4263 moria
2135 4209 2398 4264 malorum
2421 4210 2617 4280 quibus
2642 4208 2833 4265 aﬁecta
2856 4217 2958 4275 est,
2988 4225 3054 4265 ne
3084 4226 3266 4266 rursus
3285 4210 3349 4263 ad
3378 4210 3535 4264 simia

1935 4299 2006 4353 lia
2035 4301 2255 4356 recedat
2301 4301 2530 4355 erudita.
2565 4300 2766 4356 Iterum
2818 4315 2949 4371 ergo
2994 4318 3184 4357 cursus
3214 4310 3402 4355 noster
3427 4302 3537 4359 erit

1935 4391 1989 4446 in
2037 4378 2213 4454 bonis,
2243 4400 2466 4461 propter
2489 4394 2631 4461 quod
2684 4393 3028 4457 necessariis,
3063 4401 3121 4447 ut
3166 4391 3299 4459 dixi,
3334 4390 3537 4447 ﬁnibus

1936 4491 2126 4537 natura
2179 4484 2395 4538 malitia:
2444 4485 2703 4555 probetur
2729 4500 2848 4540 esse
2895 4486 3244 4557 pnescripta;
3279 4492 3334 4539 et
3385 4485 3528 4540 sicut

227 4579 384 4634 aliud
445 4593 576 4631 vero
631 4577 746 4646 ipsa
814 4574 1147 4644 experientia
1204 4574 1589 4644 comprobetur
1611 4616 1627 4642 ,
1680 4576 1834 4645 cujus
1863 4575 1915 4635 D
1938 4576 2090 4630 aiunt
2117 4576 2170 4630 bi
2200 4577 2289 4645 qui
2319 4576 2387 4630 de
2416 4577 2577 4631 rebus
2604 4577 2923 4633 sublimibus
2950 4577 3245 4647 disputant,
3285 4577 3533 4646 superio«

224 4671 494 4735 scientia,
535 4667 588 4723 id
630 4676 716 4723 est
741 4665 1070 4737 operationis
1093 4663 1318 4719 eﬁ'ectus
1338 4681 1499 4720 causa
1526 4674 1610 4721 est
1642 4668 1832 4721 mortis

226 4772 287 4819 et
336 4758 707 4829 corruptionis
767 4755 1073 4812 exordium.
1119 4754 1355 4825 Ideoque
1410 4764 1834 4825 prtemonstrans

224 4868 470 4923 serpens
494 4850 722 4906 fructum
748 4849 957 4919 peccati
983 4848 1390 4918 nequissimum,
1418 4864 1523 4903 non
1544 4848 1685 4903 sicut
1710 4863 1830 4903 sese

225 4948 409 5003 habet
436 4954 639 4999 natura:
669 4943 869 4997 malum
900 4941 1181 4996 evidenter
1205 4940 1438 4995 ostendit
1468 4942 1826 5010 (nequaquam

222 5039 445 5109 quippe
460 5037 616 5090 homo
638 5034 989 5089 seduceretur
1014 5041 1201 5100 aperta
1224 5032 1472 5101 malitia),
1488 5031 1580 5085 sed
1596 5031 1826 5102 quadam

222 5129 425 5198 specie
454 5123 593 5195 quod
622 5122 917 5193 apparebat
946 5121 1239 5184 illustraus,
1274 5120 1712 5191 voluptatemque
1734 5136 1832 5191 per

221 5233 437 5275 sensus
464 5219 741 5273 insinuans
769 5224 931 5285 atque
957 5214 1193 5269 inferens
1215 5215 1411 5283 gustui,
1446 5214 1829 5280 transgressio-

219 5327 360 5369 nem
408 5310 614 5366 mulieri
661 5310 958 5379 persuasit,
1011 5308 1153 5362 sicut
1198 5306 1471 5377 Scriptura
1533 5306 1699 5361 dicit:
1762 5305 1830 5360 Et

216 5406 360 5463 sidit
388 5405 569 5458 mulier
613 5401 751 5473 quod
799 5401 986 5455 bonum
1014 5409 1145 5453 esset
1174 5399 1369 5469 lignum
1395 5398 1462 5451 ad
1506 5399 1828 5465 vescendum,
1856 5412 1861 5416 ‘

212 5505 540 5570 gratumque
600 5494 767 5549 oculis
806 5494 875 5545 ad
904 5492 1207 5557 ridatdunt,
1238 5500 1288 5544 et
1312 5490 1580 5558 pulchrum
1607 5491 1677 5542 ad
1704 5507 1826 5545 con-

210 5586 598 5650 ιισι-ειαιιάιιηις
626 5595 676 5639 ει
705 5586 923 5655 sumpsit
952 5584 1014 5637 de
1063 5586 1231 5654 fructu
1269 5584 1380 5653 ejus
1407 5592 1559 5654 atque
1586 5585 1824 5638 comedit.

206 5680 361 5736 E-ca
397 5688 579 5733 autem
612 5678 699 5732 illa
737 5688 910 5732 muter
953 5678 1143 5732 mortis
1181 5676 1489 5731 hominibus
1530 5675 1669 5731 facta
1721 5678 1822 5732 est.

210 5773 333 5827 Nec
364 5771 633 5838 estigitur
672 5770 934 5839 permixta
965 5768 1328 5824 fructiﬁcatio.
1365 5766 1642 5822 Manifeste
1673 5784 1826 5823 nam-

206 5882 327 5935 qm-
364 5878 555 5917 sermo
595 5859 850 5934 patefecit
905 5860 1338 5932 intelligentiam,
1369 5858 1823 5929 quetttadntodum

1939 4668 2088 4723 ribus
2116 4666 2298 4721 mundi
2326 4669 2568 4737 partibus
2597 4668 2908 4724 universum
2955 4668 3212 4722 mundum
3240 4668 3357 4723 luce
3377 4682 3527 4722 com-

1937 4758 2093 4829 pleri,
2127 4759 2380 4813 tenebras
2426 4767 2605 4813 autem
2646 4775 2711 4814 ex
2760 4760 2945 4814 umbra
2978 4760 3177 4812 terreni
3199 4757 3446 4825 corporis
3474 4763 3529 4808 et

1937 4850 2265 4920 uppilatione
2294 4851 2572 4919 generari;
2620 4851 2697 4921 (et
2725 4851 2830 4905 hoc
2857 4851 3074 4919 quidem
3117 4850 3268 4919 juxta
3304 4848 3527 4917 ﬁguram

1937 4942 2189 5011 corporis
2210 4940 2265 4995 in
2316 4941 2535 4996 modum
2565 4942 2788 5012 spbaamz
2818 4942 3054 5003 collecti,
3084 4949 3139 4996 et
3168 4948 3287 5009 post
3318 4946 3529 5005 tergum

1934 5035 2065 5088 solis
2093 5033 2274 5089 radios
2301 5034 2423 5089 coni
2457 5034 2626 5088 instar
2648 5034 2995 5089 excludentes
3012 5030 3291 5098 accedere)
3315 5047 3326 5089 ;
3354 5028 3526 5083 solem

1938 5140 2067 5178 vero
2116 5125 2289 5180 multo
2334 5140 2496 5195 quam
2545 5133 2689 5179 terra
2740 5133 2824 5179 est
2872 5122 3090 5190 majoris
3144 5120 3530 5189 magnitudinis

1936 5216 2277 5281 existentem,
2310 5216 2543 5284 undique
2584 5230 2703 5268 eam
2734 5216 2843 5269 suis
2873 5214 2924 5268 in
2956 5214 3183 5269 circuitu
3214 5214 3376 5269 radiis
3406 5228 3526 5269 ant-

1938 5307 2053 5363 bire
2103 5307 2253 5377 juxta
2284 5308 2406 5362 coni
2438 5307 2726 5361 terminum
2762 5306 3081 5361 emissiones
3129 5303 3345 5361 lum‘uis
3374 5321 3526 5360 amo-

1939 5410 2175 5463 ventem,
2210 5402 2279 5454 ita
2304 5408 2357 5454 ut
2382 5400 2425 5453 si
2473 5399 2799 5453 concedatur
2826 5398 2983 5452 alicui
3020 5399 3249 5469 quadan.
3307 5399 3521 5464 rirtute,

1933 5508 2237 5548 mensuram
2268 5493 2415 5545 illam
2448 5492 2499 5545 in
2530 5506 2692 5559 quam
2721 5490 3028 5545 extenditur
3053 5492 3239 5545 umbra
3272 5492 3523 5553 transire,

1929 5586 2032 5637 erit
2056 5582 2299 5656 profecto
2328 5598 2543 5651 semper
2571 5583 2621 5637 in
2654 5582 2853 5637 lumine
2872 5624 2884 5647 ,
2921 5582 3081 5637 nullis
3109 5581 3523 5637 occurrentibus

1932 5677 2201 5739 tenebris;
2234 5678 2313 5731 sic
2342 5677 2578 5731 arbitror
2606 5684 2660 5731 ct
2685 5676 2753 5730 dc
2782 5677 2939 5731 nobis
2968 5675 3263 5743 excogitari
3293 5674 3519 5735 debere,

1929 5768 2073 5834 quod
2115 5768 2314 5836 egressi
2366 5769 2496 5822 lines
2547 5768 2781 5833 malitia‘,
2816 5778 2872 5822 ut
2915 5768 2966 5823 in
3010 5766 3234 5822 summis
3264 5764 3521 5818 fuerimus

1937 5853 2274 5941 ret-ominum
2328 5865 2562 5923 tenebris
2610 5858 2881 5927 collocati,
2942 5874 3122 5914 rursus
3162 5866 3434 5910 versemur
3466 5854 3516 5905 iu
