3916 6202
267 332 371 389 585

1465 401 1471 406 ἱ
1559 322 1925 379 moxmth
1955 318 2277 375 EXIGUUS.

3459 315 3563 370 583

273 446 478 500 lumine
506 453 627 516 post
649 437 842 500 secula
869 443 1026 497 nullis
1043 440 1434 510 comprehensa
1462 437 1724 500 terminis,
1757 435 1868 490 vel-
1901 438 1947 496 Λ
1977 435 2180 488 tionem
2231 441 2428 486 nostra‘
2475 431 2836 500 generationis
2887 430 3188 484 instituens.
3235 429 3390 500 (Non
3422 434 3562 485 enim

269 539 349 592 uti
398 551 702 590 mensulam
753 520 954 588 umbrze
1024 532 1287 585 bonorum
1343 528 1862 599 supercxcellentem

270 625 645 682 substantiam.
698 625 905 677 Rursus
958 637 1088 689 ergo
1127 621 1424 690 para-lisus,
1471 633 1660 673 rursus
1707 631 1867 671 omne

273 721 401 776 illud
435 721 658 788 lignum,
683 717 824 786 quod
850 726 902 770 et
929 717 1132 769 bonum
1153 715 1258 767 vita
1283 721 1385 780 est,
1412 729 1594 766 rursus
1621 708 1868 778 imaginis

275 811 446 877 gratia
479 818 532 862 et
558 807 788 876 dignitas
821 807 1168 875 principatus.
1205 804 1313 858 Nec
1353 804 1480 856 mihi
1523 803 1734 856 videtur
1763 801 1866 855 ho-

277 916 394 954 rum
427 916 546 968 quae
575 916 716 954 nunc
739 900 802 952 ad
834 901 957 952 vita:
983 897 1316 952 necessarios
1347 913 1474 950 usus
1493 911 1521 948 a
1547 895 1656 948 Deo
1688 894 1862 948 homi-

283 992 440 1045 nibus
467 992 591 1044 data
621 1001 766 1056 sunt,
799 989 893 1044 sed
919 989 1148 1058 quodam
1177 989 1251 1042 rei
1281 988 1502 1041 alterius
1523 1002 1646 1054 spes
1679 1002 1868 1052 repro—

282 1086 548 1148 mittatur,
579 1083 730 1151 cujus
747 1085 887 1137 ratio
909 1079 1194 1135 inetl'abilis
1219 1081 1565 1150 approbetnr.
1600 1075 1710 1131 Sed
1738 1091 1872 1130 con—

281 1175 561 1243 sequentia
593 1189 781 1228 eorum
804 1189 923 1241 qua:
945 1172 1258 1226 discutimus
1290 1185 1699 1240 prosequamur.

857 1281 1085 1338 CAPUT
1116 1281 1297 1336 XXIII.

281 1375 538 1429 Adversus
567 1393 650 1430 eos
671 1393 755 1446 qua
779 1378 986 1430 dicunt:
1005 1377 1065 1429 Si
1088 1376 1220 1429 bona
1242 1384 1289 1429 et
1314 1377 1504 1445 optima
1524 1386 1600 1428 est
1617 1393 1872 1446 resurrec—

354 1449 424 1499 tio
454 1445 793 1509 mortuorum,
836 1464 928 1500 cur
967 1464 1068 1499 non
1101 1449 1222 1500 olim
1265 1450 1404 1517 facta
1433 1457 1526 1510 est,
1553 1446 1644 1499 sed
1669 1445 1882 1516 quibus-

354 1518 475 1569 dam
501 1528 786 1587 temporum
815 1518 1202 1570 circuitionibas
1228 1519 1524 1570 sustinetur.

357 1627 623 1681 Fortassis
645 1627 788 1681 enim
818 1628 938 1698 quis
961 1627 1026 1681 ad
1059 1627 1398 1682 dulcedinem
1441 1635 1603 1681 tanta:
1638 1630 1752 1697 spei
1785 1644 1881 1682 co-

289 1719 550 1788 gitatione
579 1735 889 1783 succensus,
943 1733 1106 1788 grave
1134 1735 1270 1774 onus
1319 1734 1681 1787 nmgnumque
1729 1726 1885 1786 putat

1973 529 2187 597 quando
2221 527 2287 582 ad
2312 528 2598 596 imaginem
2630 526 2722 582 Dei
2748 525 2898 594 fecit)
2937 537 3065 582 tunc
3086 541 3333 582 crescere
3353 536 3408 581 et
3429 527 3564 582 nmi-

1972 617 2201 685 tiplicari
2233 615 2482 670 homines
2515 615 2831 684 imperavit,
2865 615 2960 669 sed
2995 616 3216 686 quando
3263 616 3389 671 fecit
3420 632 3564 671 mas-

1973 706 2079 761 culi
2117 714 2169 759 et
2191 703 2398 759 feminm
2419 704 2798 769 diﬂcrentiam,
2830 713 2954 761 tunc
2977 707 3052 761 ait
3078 725 3089 760 :
3115 705 3338 762 Crescite
3361 718 3410 762 et
3431 707 3566 762 mut-

1973 801 2303 870 tiplicamini,
2349 809 2398 852 et
2445 800 2650 870 implete
2683 809 2894 868 terram,
2921 802 3066 871 quod
3108 820 3214 857 non
3252 811 3334 858 est
3368 803 3564 858 divina:

1977 900 2181 946 natura:
2201 933 2216 958 ,
2247 891 2340 946 sed
2371 892 2755 946 irrationabilis
2796 894 3071 964 proprium
3095 939 3110 963 ,
3160 897 3295 951 sicut
3326 896 3566 951 historia:

1976 989 2156 1038 textus
2185 983 2441 1044 ostendit,
2467 999 2586 1054 quae
2625 985 2878 1054 primitus
2910 985 2995 1040 hic
3017 985 3083 1039 de
3106 987 3504 1041 irrationalibus
3527 1002 3562 1039 ‘a

1977 1073 2090 1128 Deo
2119 1074 2327 1144 prolata
2359 1073 2520 1129 luisse
2568 1073 2852 1143 significat.
2886 1075 3040 1143 Quod
3069 1078 3111 1131 si
3146 1079 3293 1148 prius
3313 1078 3568 1132 ditl'eren-

1978 1170 2106 1222 tiam
2139 1167 2361 1222 masculi
2393 1166 2607 1223 fecisset
2631 1168 2681 1222 in
2712 1168 2865 1222 nobis
2895 1177 2947 1222 et
2971 1169 3202 1234 feminm,
3226 1178 3281 1225 et
3303 1186 3398 1240 per
3424 1169 3567 1224 hanc

1977 1271 2168 1311 vocem
2199 1272 2303 1326 qua
2327 1256 2526 1312 dictum
2555 1266 2638 1311 cst
2668 1273 2678 1307 :
2704 1257 2949 1324 Crescite,
2978 1259 3084 1312 vim
3107 1258 3568 1328 multiplicationis

1979 1347 2184 1402 homini
2232 1347 2568 1412 contulisset,
2602 1363 2941 1417 nequaquam
2995 1350 3364 1416 generationis
3408 1347 3571 1419 hujus

1980 1437 2344 1507 indigeremus
2369 1439 2568 1508 specie,
2600 1454 2698 1509 per
2719 1453 2880 1508 quam
2916 1441 3301 1496 irrationabilia
3324 1451 3570 1496 contem-

1981 1529 2218 1600 piantur.
2252 1528 2385 1596 Quia
2442 1528 2602 1597 igitur
2652 1540 2777 1586 ante
2825 1531 3223 1600 contemplatus
3261 1540 3343 1586 est
3370 1531 3572 1587 virtute

1985 1621 2336 1690 priescientia:
2363 1635 2472 1675 sua:
2528 1619 2666 1675 Dens
2716 1621 3102 1691 plenitudinem
3147 1623 3428 1677 hominum
3473 1638 3574 1694 per

1987 1711 2272 1765 animalem
2322 1712 2756 1781 procreationem
2809 1711 2876 1766 ad
2926 1714 3089 1766 vitam
3119 1729 3239 1768 esse
3268 1722 3572 1778 venturam.

288 1811 789 1881 esse-dispendium,
814 1813 957 1882 quod
989 1829 1094 1866 non
1127 1813 1275 1867 ocius
1301 1813 1364 1865 ad
1400 1813 1486 1866 illa
1513 1813 1654 1866 bona
1686 1828 1878 1882 perve-
1914 1806 1958 1865 Β
1985 1802 2075 1868 qui
2107 1810 2298 1856 cuncta
2331 1801 2518 1855 ordine
2542 1809 2595 1856 et
2627 1802 2837 1856 ratione
2880 1801 3172 1872 dispensat,
3205 1802 3340 1858 hanc
3369 1805 3573 1858 homini

290 1902 422 1966 niat,
455 1917 573 1971 qua:
602 1903 895 1956 lunnanmn
923 1918 1139 1956 sensum
1181 1901 1569 1971 scientiamque
1601 1911 1882 1958 transcen-

287 1993 440 2058 dunt,
483 1995 709 2048 moleste
760 1993 936 2049 ferens
967 1995 1422 2063 intercapedinem
1455 1995 1730 2064 temporis,
1764 2011 1882 2065 quae

292 2085 549 2140 dilatione
579 2085 659 2138 sui
686 2085 986 2139 desiderata
1024 2084 1300 2139 distendit.
1345 2085 1543 2139 Verum
1578 2102 1683 2140 non
1715 2101 1885 2154 augu-

292 2185 463 2231 stctur
491 2177 634 2232 sicut
665 2178 938 2246 parvulus,
984 2155 1249 2232 modicam
1281 2177 1575 2247 voluptatis
1619 2180 1883 2234 morulam

293 2267 636 2336 impatienter
665 2283 844 2336 exSpei
867 2277 1005 2323 tans.
1038 2268 1168 2322 Nam
1192 2270 1317 2338 quia
1349 2271 1560 2326 ratione
1591 2279 1646 2324 et
1669 2271 1883 2340 sapien-

293 2358 366 2410 tia
419 2358 795 2426 dispensantur
839 2359 1125 2423 universa,
1156 2376 1380 2414 necesse
1427 2369 1509 2415 est
1553 2375 1888 2429 quaecunque

263 2507 266 2511 _
297 2448 430 2502 ﬁunt
479 2466 582 2502 non
616 2450 732 2503 sine
773 2451 984 2504 ratione
1033 2460 1089 2504 et
1135 2453 1396 2520 sapientia
1427 2454 1712 2508 contineri.
1748 2454 1888 2508 Dicis

296 2541 478 2607 itaque
508 2540 634 2594 mibi
665 2559 676 2593 :
703 2539 832 2606 Quae
857 2550 939 2595 cst
967 2542 1069 2594 ista
1095 2543 1258 2606 ratio,
1285 2561 1380 2612 per
1405 2560 1565 2613 quam
1593 2560 1699 2598 non
1731 2545 1890 2598 datur

296 2632 476 2684 statim
503 2632 550 2684 id
575 2631 640 2683 ad
665 2631 806 2701 quod
829 2633 1167 2686 desideratur
1180 2634 1247 2686 ab
1271 2634 1370 2688 hac
1393 2635 1498 2688 vita
1517 2636 1888 2704 molestissima

299 2723 600 2792 pervenire,
627 2723 720 2777 scd
747 2724 906 2778 certis
933 2724 1192 2792 pnnlinita
1217 2726 1546 2795 temporibus
1577 2727 1752 2794 gravis
1774 2727 1890 2780 hmo

305 2826 360 2869 ct
415 2817 726 2886 temporalis
793 2819 1135 2872 conversatio
1196 2820 1362 2875 totius
1411 2820 1892 2873 consummationis

302 2908 588 2962 terminum
629 2909 878 2973 sustinet,
913 2917 971 2962 ut
1001 2917 1126 2964 tunc
1153 2909 1387 2964 humana
1419 2911 1552 2979 vita,
1579 2911 1745 2965 veluti
1773 2912 1892 2980 qui-

302 2999 526 3052 busdam
569 2997 812 3052 absoluta
843 2999 1132 3068 repagulis,
1182 2999 1363 3068 quieta
1391 3016 1602 3054 rursum
1633 3015 1696 3055 ac
1724 3001 1890 3055 libera

304 3105 332 3142 a
357 3089 366 3141 l
392 3089 603 3142 beatum
634 3099 684 3142 et
716 3089 1096 3159 impassibilcm
1119 3098 1316 3144 statum
1340 3088 1531 3144 futura:
1555 3091 1892 3161 contempla-

1985 1891 2354 1959 gcnerationis
2403 1890 2638 1960 speciem
2670 1893 3028 1947 necessariam
3078 1892 3335 1957 condidit,
3359 1907 3479 1962 qua:
3509 1893 3578 1948 ad

1983 1980 2347 2034 humilitatem
2400 1988 2606 2034 natura:
2655 1989 2853 2034 nostra:
2882 1981 3172 2051 proclivior
3218 1981 3377 2048 foret,
3411 1998 3577 2052 quam

1987 2073 2117 2126 vidit
2146 2082 2436 2142 antequam
2471 2071 2640 2137 ﬁeret,
2674 2074 2764 2142 qui
2809 2071 2982 2126 futura
3014 2082 3262 2142 tanquam
3293 2076 3580 2145 priesentia

1989 2174 2299 2222 contuetur.
2331 2163 2532 2219 idcirco
2577 2165 2643 2218 ad
2684 2164 3015 2220 creationem
3057 2166 3331 2220 hominum
3361 2183 3583 2224 mensu-

1989 2274 2102 2313 ram
2133 2271 2348 2326 quoque
2379 2256 2638 2326 temporis
2687 2265 2812 2310 ante
2839 2257 3121 2327 disposuit,
3155 2265 3213 2312 ut
3247 2259 3399 2327 juxta
3430 2273 3587 2314 com-

1991 2349 2349 2404 morationem
2379 2347 2885 2416 pncdestinatarum
2917 2348 2969 2402 in
2997 2349 3101 2403 hoc
3128 2348 3330 2403 mundo
3373 2350 3576 2403 anima-

1993 2459 2108 2499 rum
2137 2441 2293 2497 simul
2322 2450 2377 2495 et
2417 2456 2566 2494 mora
2599 2441 2859 2510 temporis
2895 2441 3223 2506 tenderetur,
3270 2450 3326 2496 et
3347 2449 3474 2496 tunc
3501 2442 3584 2512 ip-

1991 2538 2100 2592 sius
2133 2534 2387 2605 temporis
2408 2533 2583 2589 ﬂuens
2603 2543 2786 2588 motus
2813 2535 3028 2589 tandem
3063 2535 3353 2604 aliquando
3373 2535 3588 2590 consis-

1993 2638 2152 2694 teret,
2185 2644 2306 2683 cum
2335 2626 2445 2696 jam
2470 2627 2521 2680 in
2554 2643 2619 2680 eo
2637 2627 2926 2680 humanum
2958 2641 3128 2694 genus
3156 2628 3283 2681 oriri
3316 2644 3422 2682 non
3453 2644 3587 2700 pos-

1993 2727 2094 2772 set.
2127 2717 2507 2772 Consummata
2537 2731 2666 2786 ergo
2700 2718 3054 2785 generatione
3094 2717 3394 2786 hominum,
3420 2719 3584 2774 simul

1993 2825 2208 2878 quoque
2236 2815 2450 2877 tempus
2470 2807 2702 2874 deliciet,
2728 2817 2782 2863 et
2802 2809 2880 2863 sic
2903 2811 3172 2866 restitutio
3197 2809 3286 2864 lict
3317 2812 3584 2879 omnium,

1996 2900 2046 2953 in
2079 2913 2184 2968 qua
2230 2897 2518 2952 universali
2549 2897 3022 2953 transformatione
3043 2901 3462 2956 commutabitur
3489 2915 3586 2970 ge-

1995 3006 2096 3045 nus
2126 2990 2434 3053 humanum,
2459 3004 2488 3042 a
2519 2989 2856 3059 corruptibili
2880 2998 2934 3044 et
2965 2999 3182 3046 terreno
3209 3001 3350 3047 statu
3378 2992 3443 3046 ad
3479 2994 3590 3048 im-

1996 3081 2302 3152 passibilem
2329 3081 2594 3135 transiens
2614 3089 2962 3146 etteternum,
2986 3081 3129 3150 quod
3151 3083 3279 3138 mihi
3296 3083 3509 3139 videtur
3523 3093 3584 3139 et

305 3179 468 3234 tionis
507 3181 797 3234 occurrat?
827 3179 931 3235 Sed
960 3182 1025 3234 ad
1067 3181 1201 3244 haec,
1232 3189 1410 3234 utrum
1439 3181 1650 3235 veritati
1674 3182 1894 3251 propin-
1919 3181 1965 3243 C
1995 3181 2212 3230 sanctus
2226 3171 3598 3242 ApostolusadCorinthiosstationemsubitamtcm-

305 3279 435 3339 quet
465 3271 630 3338 ratio,
657 3271 722 3325 de
769 3271 850 3326 his
880 3287 998 3341 igua:
1045 3273 1430 3341 perquiruntur
1476 3273 1589 3342 ipsa
1615 3272 1895 3327 evidenter

309 3363 506 3416 veritas
535 3363 773 3422 noverit;
795 3363 940 3432 quod
963 3372 1142 3418 autem
1167 3371 1405 3418 nostram
1426 3363 1570 3418 subit
1591 3364 1895 3432 intelligen-

311 3452 438 3510 tiam
489 3453 593 3507 talc
621 3463 723 3507 est.
759 3453 888 3508 Dico
943 3453 1142 3508 etenim
1169 3469 1476 3509 sermonem
1508 3454 1741 3525 primum
1770 3470 1898 3508 rur-

309 3561 426 3601 sum
458 3559 736 3598 assumens
758 3560 866 3614 quo
895 3546 1090 3600 dixerit
1112 3545 1250 3600 Deus
1281 3564 1294 3598 :
1327 3545 1606 3602 Faciamus
1629 3548 1892 3601 hominem

312 3635 382 3687 ad
401 3636 677 3704 imaginem
705 3645 754 3690 et
781 3636 1171 3691 similitudinem
1195 3647 1427 3693 nostram
1453 3655 1470 3692 :
1497 3639 1674 3707 imago
1699 3639 1900 3708 quippe

314 3727 409 3780 Dei
440 3726 676 3796 perfecta
705 3727 757 3782 in
789 3729 933 3783 omni
973 3729 1206 3784 humana
1252 3740 1443 3785 natura
1472 3730 1688 3785 modum
1718 3729 1900 3800 perfe-

314 3817 509 3876 ctionis
539 3827 620 3871 est
660 3828 972 3874 consecuta.
1017 3820 1185 3875 Adam
1217 3837 1346 3876 vero
1380 3821 1610 3878 necdum
1641 3822 1902 3878 formatus

313 3914 415 3972 est,
437 3915 648 3961 terrena
667 3923 794 3962 vero
816 3909 1056 3964 conditio
1072 3910 1222 3978 juxta
1251 3911 1535 3980 quamdam
1553 3913 1638 3967 sui
1673 3914 1904 3968 nominis

314 4001 716 4070 expressionem
744 4001 940 4057 dicitur
966 4002 1156 4071 Adam,
1188 4011 1248 4058 ut
1268 4013 1518 4060 asserunt.
1545 4004 1640 4073 qui
1665 4003 1903 4058 Hebrzeae

316 4090 510 4159 lingua:
534 4092 686 4159 periti
717 4102 862 4146 sunt.
895 4093 1103 4148 Idcirco
1147 4103 1203 4148 et
1232 4093 1523 4163 Apostolus
1552 4096 1726 4164 patria
1748 4111 1901 4160 voce,

319 4182 368 4241 id
399 4194 498 4247 est,
528 4182 891 4238 l-sraelitarum
925 4183 1255 4238 suﬂicienter
1283 4186 1594 4252 instructus,
1631 4187 1904 4240 hominem

316 4273 384 4330 de
412 4282 550 4330 terra
577 4281 849 4326 terrenum
882 4271 1145 4336 nominat,
1175 4273 1320 4327 velut
1347 4273 1397 4327 in
1437 4273 1684 4328 Grtecum
1713 4290 1906 4329 sonum

322 4361 447 4418 Ada:
478 4361 796 4416 vocabulum
849 4361 1195 4418 transferens.
1251 4363 1447 4419 Factus
1499 4373 1583 4420 est
1631 4365 1792 4434 igitur
1837 4365 1907 4420 ad

320 4452 606 4518 imaginem
633 4452 793 4506 homo
820 4453 1157 4518 universalis,
1187 4456 1230 4509 si
1255 4465 1446 4511 natura
1472 4457 1582 4512 Deo
1612 4458 1904 4525 simillima,

1998 3265 2166 3338 poris,
2203 3271 2260 3320 et
2306 3265 2610 3319 econtrario
2656 3263 3039 3320 resolutionem
3070 3281 3248 3321 rerum
3278 3268 3596 3337 prmdixisse

1998 3355 2352 3420 mobilium,in
2365 3355 2556 3423 quibus
2572 3354 2806 3409 ait:Ecce
2816 3357 3112 3426 mysterium
3124 3356 3262 3411 vobis
3273 3359 3599 3415 dicommneo

1998 3448 2201 3520 quidem
2213 3463 2553 3517 resurgemus,
2574 3447 2662 3500 sed
2675 3462 2778 3501 non
2798 3461 2973 3500 omnes
2990 3446 3390 3514 immutubimur,
3405 3451 3458 3503 in
3483 3467 3601 3506 mo-

2001 3549 2193 3606 mento,
2212 3540 2264 3592 in
2289 3539 2388 3592 ictu
2408 3539 2562 3604 oculi,
2576 3541 2628 3592 in
2656 3540 2931 3594 novissima
2954 3542 3092 3594 tuba.
3111 3539 3244 3595 Cum
3261 3543 3402 3597 enim
3419 3543 3603 3614 pleni-

2004 3634 2152 3698 tudo,
2181 3640 2240 3686 ut
2269 3632 2520 3695 arbitror,
2551 3633 2796 3687 humanae
2824 3642 3028 3687 natura:
3053 3634 3204 3701 juxta
3236 3637 3540 3703 pnescitmn
3568 3653 3602 3691 a

1989 3725 2118 3780 'Deo
2147 3724 2363 3778 modum
2395 3722 2462 3777 ad
2487 3739 2612 3777 suos
2641 3725 2848 3778 venerit
2870 3724 3147 3784 terminos.
3192 3725 3385 3793 quibus
3408 3726 3474 3778 ad
3509 3727 3599 3780 in-

2005 3826 2339 3870 crementum
2371 3814 2580 3868 numeri
2606 3815 2906 3869 animarum
2948 3815 3080 3869 nihil
3105 3816 3327 3873 ulterius
3350 3818 3510 3880 desit,
3545 3818 3602 3874 in

2007 3915 2281 3960 momento
2311 3907 2572 3974 temporis
2596 3920 2783 3959 eorum
2813 3921 2932 3975 qua:
2963 3915 3086 3960 sunt
3112 3908 3602 3962 commutationem

2009 3995 2122 4050 ﬁeri
2145 3996 2351 4063 docuit,
2374 4002 2706 4049 momentum
2724 3995 3006 4050 nominans
3028 4005 3083 4050 et
3103 3997 3267 4050 ictum
3293 3996 3433 4052 oculi
3455 3996 3607 4054 illius

2011 4090 2271 4159 temporis
2301 4089 2628 4143 individuum
2645 4097 2699 4142 et
2729 4090 2844 4146 sine
2873 4088 2979 4143 ulla
3005 4089 3256 4144 distantia
3289 4090 3605 4160 terminum,

2012 4180 2084 4234 ita
2117 4188 2174 4234 ut
2201 4196 2540 4250 nequaquam
2569 4180 2825 4250 po:sibile
2854 4181 2922 4235 sit
2959 4180 3112 4250 juxta
3163 4181 3514 4237 novissimum
3545 4190 3606 4238 et

2011 4288 2319 4343 supremum
2360 4273 2650 4342 quidquam
2683 4273 2802 4344 plus
2830 4274 3120 4329 celeritatis
3165 4274 3446 4340 accedere,
3476 4289 3609 4345 pro-

2013 4374 2135 4436 pter
2161 4365 2304 4434 quod
2336 4365 2500 4418 multa
2529 4380 2654 4434 pars
2691 4367 3026 4421 cxtrcmitati
3075 4367 3422 4436 relinquetur,
3483 4381 3610 4438 qua:

2014 4456 2151 4509 hanc
2198 4453 2579 4509 circumactam
2626 4456 3102 4511 commutationem
3129 4456 3183 4510 in
3213 4465 3388 4512 morte
3426 4456 3612 4526 possi-

319 4553 376 4600 et
421 4543 592 4598 tactus
619 4553 701 4598 cst
749 4543 817 4598 ab
847 4547 1204 4616 omnipotenti
1234 4549 1500 4617 sapientia
1533 4565 1640 4605 non
1672 4567 1795 4620 pars
1823 4561 1906 4605 ιο-
1939 4564 1986 4622 υ
2013 4545 2161 4611 deat,
2192 4545 2284 4600 sed
2306 4561 2432 4601 mox
2461 4554 2522 4600 ut
2547 4548 2959 4602 resurrectionis
2985 4548 3285 4603 insonuerit
3315 4548 3460 4611 tuba,
3487 4562 3615 4616 qua:

320 4635 446 4698 tius,
479 4635 571 4689 sed
601 4637 776 4696 omnis
807 4646 1010 4692 naturze
1030 4638 1185 4691 simul
1216 4638 1514 4708 plenitudo.
1556 4641 1699 4695 Vidit
1728 4652 1910 4697 autem

320 4726 444 4800 quia
469 4743 656 4782 omnes
685 4726 817 4781 lines
841 4728 1102 4796 continet,
1123 4728 1260 4784 sicut
1281 4727 1558 4800 Scriptura
1583 4744 1912 4786 commemo-

321 4830 424 4887 rat,
457 4823 577 4893 quia
625 4823 679 4877 in
725 4839 880 4874 manu
909 4822 1020 4890 ejus
1060 4839 1234 4877 omnes
1262 4824 1392 4892 ﬁnes
1425 4834 1606 4888 terrce;
1639 4823 1771 4879 vidit
1818 4825 1911 4893 qui

322 4913 468 4968 novit
500 4913 678 4967 omnia
725 4923 1010 4982 antequam
1061 4913 1208 4978 ﬁant,
1238 4911 1419 4968 divina
1458 4915 1683 4969 scientia
1714 4926 1910 4970 cuncta

239 4983 244 4992 ’
322 5003 704 5072 complectens,
739 5012 936 5073 quanta
964 5005 1118 5071 juxta
1151 5019 1432 5057 numerum
1467 5005 1517 5057 in
1547 5004 1786 5072 singulos
1825 5005 1910 5060 l'u-

323 5102 442 5146 tura
471 5103 613 5148 esset
643 5093 970 5148 humanitas.
1018 5092 1080 5150 Et
1110 5095 1234 5162 quia
1284 5095 1488 5163 pariter
1533 5109 1751 5166 quoque
1779 5097 1914 5152 vidit

327 5181 636 5249 ﬁgmentum
661 5184 726 5236 ad
754 5184 948 5238 malum
975 5184 1122 5239 nisus
1145 5185 1342 5240 habere
1367 5187 1668 5256 proniores,
1694 5197 1749 5242 et
1770 5189 1912 5257 quod

325 5271 393 5324 ab
426 5273 663 5339 angelica
712 5273 970 5339 dignitate
997 5283 1189 5343 sponte
1218 5273 1478 5340 deﬂuens,
1513 5279 1787 5333 communi
1816 5295 1914 5332 na--

327 5370 459 5415 tunc
486 5363 778 5416 humillime
822 5373 1144 5429 necteretur,
1175 5366 1374 5420 idcirco
1403 5367 1655 5435 quiddam
1685 5369 1753 5424 de
1782 5370 1917 5424 irra-

328 5451 619 5505 tionalibus
649 5452 864 5518 imagini
910 5470 1018 5508 sua:
1049 5457 1384 5524 permiscuit.
1419 5457 1536 5512 Non
1585 5460 1728 5514 enim
1757 5469 1842 5515 est
1864 5463 1917 5516 in

331 5541 416 5594 illa
442 5541 618 5595 divina
647 5551 702 5596 et
734 5542 1040 5599 beatissima
1075 5556 1262 5602 natura
1313 5549 1615 5605 ditl'et'entia
1665 5553 1827 5608 maris
1865 5563 1921 5609 et

330 5632 678 5696 linuinm,scd
723 5636 1010 5702 quamdam
1051 5639 1438 5708 prOprictatem
1471 5642 1814 5709 irrationalis,
1863 5653 1921 5699 ut

331 5723 462 5788 dixi,
494 5720 832 5781 formationis
853 5726 917 5780 ad
950 5728 1219 5782 hominem
1254 5731 1544 5792 transtulit,
1579 5747 1919 5800 nequaquam

332 5809 480 5869 iuxta
535 5816 863 5872 creationem
917 5815 1061 5872 illam
1112 5817 1550 5876 sublimissimam
1599 5821 1920 5895 multiplica-

2016 4648 2145 4692 tunc
2199 4639 2500 4692 excitatura
2551 4647 2635 4692 est
2683 4647 2952 4703 mortuos,
2986 4647 3041 4694 et
3067 4640 3153 4695 his
3179 4640 3270 4709 qui
3301 4639 3352 4693 in
3385 4639 3490 4693 vita
3523 4654 3617 4694 re-
3697 4671 3710 4682 -

2017 4727 2154 4797 perti
2227 4727 2426 4782 fuerint
2476 4727 2628 4796 juxta
2711 4729 3108 4784 similitudinem
3161 4745 3347 4785 eorum
3401 4731 3493 4798 qui
3544 4729 3618 4786 de

2015 4820 2243 4874 mortuis
2265 4820 2665 4874 resurrexerint
2699 4821 3026 4885 immutatis,
3057 4821 3124 4875 ad
3152 4822 3620 4892 incorruptionem

2015 4911 2219 4980 pariter
2245 4910 2482 4978 venient,
2506 4920 2566 4964 ut
2583 4911 2693 4979 jam
2727 4928 3064 4982 nequaquam
3087 4912 3336 4967 deorsum
3359 4929 3621 4983 preman-

2019 5011 2106 5055 tur
2132 5016 2400 5071 corporeo
2438 5003 2678 5072 pondere
2701 5047 2713 5064 .
2748 5019 2848 5059 nec
2888 5020 2982 5058 eos
3024 5004 3196 5059 moles
3225 5014 3438 5060 terrena
3470 5004 3621 5059 dcti-

2021 5102 2165 5157 neat,
2199 5093 2294 5148 sed
2341 5094 2642 5148 sublimiter
2672 5081 2724 5148 in
2755 5109 2881 5150 acra
2912 5097 3276 5164 perferantur.
3330 5095 3626 5167 Rapicmnr

2020 5185 2175 5248 enim,
2232 5184 2405 5254 inquit
2464 5184 2752 5254 Apostolus
2773 5226 2787 5250 ,
2839 5187 2891 5240 in
2921 5186 3137 5242 nubibus
3167 5185 3366 5242 obvium
3396 5187 3626 5242 Domina

2021 5278 2074 5328 in
2123 5294 2266 5330 aera.
2301 5275 2368 5330 Et
2417 5277 2493 5330 ita
2537 5295 2737 5348 semper
2777 5295 2893 5332 cum
2943 5278 3169 5334 Domino
3213 5282 3422 5334 erimus.
3454 5278 3629 5349 Igitur

2024 5378 2403 5437 exspectamus
2459 5377 2672 5439 tempus
2727 5370 2878 5433 illud,
2926 5371 3070 5440 quod
3121 5388 3260 5427 nunc
3314 5386 3630 5427 necessario

2025 5461 2270 5514 humanis
2319 5461 2669 5516 incrementis
2697 5463 3032 5517 extenditur.
3061 5462 3192 5517 Nam
3233 5471 3288 5517 et
3327 5463 3626 5534 Abraham,

2025 5559 2081 5605 ct
2118 5552 2210 5620 qui
2253 5567 2374 5605 cum
2422 5567 2490 5605 eo
2534 5553 2868 5621 patriarclne
2901 5562 3032 5608 sunt
3078 5553 3376 5606 habuerunt
3406 5553 3625 5621 quidem

2024 5642 2352 5696 desiderium
2401 5643 2587 5698 videre
2615 5645 2758 5698 bona
2787 5644 3036 5709 Domini,
3068 5659 3166 5698 nec
3203 5644 3490 5715 quiverunt
3518 5659 3630 5700 cm-

2026 5733 2214 5787 lcstem
2246 5733 2482 5802 patriam
2541 5735 2877 5803 perquirere,
2909 5735 3050 5790 sicut
3076 5735 3213 5790 idem
3245 5735 3373 5789 dicit
3403 5746 3628 5805 aposto-

2027 5824 2108 5882 lus
2145 5826 2275 5882 :scd
2312 5835 2422 5882 tum
2453 5826 2626 5885 adhuc
2669 5828 2840 5898 gratia
2869 5829 2982 5899 spei
3031 5837 3152 5883 sunt
3185 5830 3481 5897 constituti,
3524 5827 3629 5886 Du
