  <div class='ocr_page' id='page_1' title='image "/cluster/home/n/w/nwhite01/storage/ocr_20150623/67/hvd.32044073505273/200.png"; bbox 0 0 3938 6196; ppageno 0'>
   <div class='ocr_carea' id='block_1_1' title="bbox 414 285 518 341">
    <p class='ocr_par' dir='ltr' id='par_1_1' title="bbox 414 285 518 341">
     <span class='ocr_line' id='line_1_1' title="bbox 414 285 518 341; baseline 0 -1"><span class='ocrx_word' id='word_1_1' title='bbox 414 285 518 341; x_wconf 75' lang='lat'><strong>$85</strong></span> 
     </span>
    </p>
   </div>
   <div class='ocr_carea' id='block_1_2' title="bbox 1119 284 2838 345">
    <p class='ocr_par' dir='ltr' id='par_1_2' title="bbox 1119 284 2838 345">
     <span class='ocr_line' id='line_1_2' title="bbox 1119 284 2838 345; baseline 0.001 -4"><span class='ocrx_word' id='word_1_2' title='bbox 1119 339 1122 342; x_wconf 77' lang='lat'><strong>.</strong></span> <span class='ocrx_word' id='word_1_3' title='bbox 1172 284 1348 340; x_wconf 74' lang='lat' dir='ltr'><strong>LIBRI</strong></span> <span class='ocrx_word' id='word_1_4' title='bbox 1390 286 1476 340; x_wconf 73' lang='lat' dir='ltr'><strong>DE</strong></span> <span class='ocrx_word' id='word_1_5' title='bbox 1515 285 1904 342; x_wconf 70' lang='lat' dir='ltr'><strong>CREATIONE</strong></span> <span class='ocrx_word' id='word_1_6' title='bbox 1942 285 2222 341; x_wconf 64' lang='lat' dir='ltr'><strong>llOlllNlS</strong></span> <span class='ocrx_word' id='word_1_7' title='bbox 2263 286 2838 345; x_wconf 71' lang='lat' dir='ltr'><strong>INTERPRETATIO.</strong></span> 
     </span>
    </p>
   </div>
   <div class='ocr_carea' id='block_1_3' title="bbox 3579 289 3682 342">
    <p class='ocr_par' dir='ltr' id='par_1_3' title="bbox 3579 289 3682 342">
     <span class='ocr_line' id='line_1_3' title="bbox 3579 289 3682 342; baseline 0.029 -3"><span class='ocrx_word' id='word_1_8' title='bbox 3579 289 3682 342; x_wconf 60' lang='grc' dir='ltr'><strong>λεδ</strong></span> 
     </span>
    </p>
   </div>
   <div class='ocr_carea' id='block_1_4' title="bbox 414 402 3683 476">
    <p class='ocr_par' dir='ltr' id='par_1_4' title="bbox 414 402 3683 476">
     <span class='ocr_line' id='line_1_4' title="bbox 414 402 3683 476; baseline -0.001 -16"><span class='ocrx_word' id='word_1_9' title='bbox 414 423 510 476; x_wconf 75' lang='lat' dir='ltr'><strong>pro</strong></span> <span class='ocrx_word' id='word_1_10' title='bbox 552 403 701 460; x_wconf 73' lang='lat' dir='ltr'><strong>nobis</strong></span> <span class='ocrx_word' id='word_1_11' title='bbox 755 407 936 460; x_wconf 73' lang='lat' dir='ltr'><strong>melius</strong></span> <span class='ocrx_word' id='word_1_12' title='bbox 984 405 1283 474; x_wconf 76' lang='lat' dir='ltr'><strong>prandente</strong></span> <span class='ocrx_word' id='word_1_13' title='bbox 1307 446 1322 468; x_wconf 94' lang='lat'><strong>,</strong></span> <span class='ocrx_word' id='word_1_14' title='bbox 1371 405 1522 474; x_wconf 79' lang='lat' dir='ltr'><strong>juxta</strong></span> <span class='ocrx_word' id='word_1_15' title='bbox 1572 404 1809 473; x_wconf 81' lang='lat' dir='ltr'><strong>ejusdem</strong></span> <span class='ocrx_word' id='word_1_16' title='bbox 1857 405 1999 459; x_wconf 90' lang='lat' dir='ltr'><strong>beati</strong></span> <span class='ocrx_word' id='word_1_17' title='bbox 2033 409 2071 462; x_wconf 76' lang='grc' dir='ltr'><strong>Α</strong></span> <span class='ocrx_word' id='word_1_18' title='bbox 2107 402 2265 456; x_wconf 89' lang='lat' dir='ltr'><strong>linem</strong></span> <span class='ocrx_word' id='word_1_19' title='bbox 2285 419 2389 456; x_wconf 90' lang='lat' dir='ltr'><strong>non</strong></span> <span class='ocrx_word' id='word_1_20' title='bbox 2409 403 2992 474; x_wconf 85' lang='lat' dir='ltr'><strong>recipit,constateum</strong></span> <span class='ocrx_word' id='word_1_21' title='bbox 3023 419 3121 459; x_wconf 88' lang='lat' dir='ltr'><strong>nec</strong></span> <span class='ocrx_word' id='word_1_22' title='bbox 3149 403 3358 460; x_wconf 90' lang='lat' dir='ltr'><strong>initium</strong></span> <span class='ocrx_word' id='word_1_23' title='bbox 3391 405 3683 474; x_wconf 68' lang='lat' dir='ltr'><strong>accepissv.</strong></span> 
     </span>
    </p>
   </div>
   <div class='ocr_carea' id='block_1_5' title="bbox 417 494 2001 564">
    <p class='ocr_par' dir='ltr' id='par_1_5' title="bbox 417 494 2001 564">
     <span class='ocr_line' id='line_1_5' title="bbox 417 494 2001 564; baseline 0 -14"><span class='ocrx_word' id='word_1_24' title='bbox 417 494 564 550; x_wconf 80' lang='lat' dir='ltr'><strong>Pauli</strong></span> <span class='ocrx_word' id='word_1_25' title='bbox 620 511 806 550; x_wconf 78' lang='lat' dir='ltr'><strong>vocem</strong></span> <span class='ocrx_word' id='word_1_26' title='bbox 837 538 854 563; x_wconf 90' lang='lat'><strong>,</strong></span> <span class='ocrx_word' id='word_1_27' title='bbox 904 513 969 550; x_wconf 86' lang='lat' dir='ltr'><strong>ne</strong></span> <span class='ocrx_word' id='word_1_28' title='bbox 1017 498 1130 548; x_wconf 83' lang='lat' dir='ltr'><strong>sine</strong></span> <span class='ocrx_word' id='word_1_29' title='bbox 1183 496 1331 550; x_wconf 81' lang='lat' dir='ltr'><strong>nobis</strong></span> <span class='ocrx_word' id='word_1_30' title='bbox 1387 506 1894 564; x_wconf 62' lang='lat' dir='ltr'><strong>consumerentur.</strong></span> <span class='ocrx_word' id='word_1_31' title='bbox 1944 496 2001 550; x_wconf 89' lang='lat' dir='ltr'><strong>Si</strong></span> 
     </span>
    </p>
   </div>
   <div class='ocr_carea' id='block_1_6' title="bbox 418 585 2000 654">
    <p class='ocr_par' dir='ltr' id='par_1_6' title="bbox 418 585 2000 654">
     <span class='ocr_line' id='line_1_6' title="bbox 418 585 2000 654; baseline -0.001 -15"><span class='ocrx_word' id='word_1_32' title='bbox 418 587 579 653; x_wconf 74' lang='lat' dir='ltr'><strong>igitur</strong></span> <span class='ocrx_word' id='word_1_33' title='bbox 620 587 694 639; x_wconf 86' lang='lat' dir='ltr'><strong>illi</strong></span> <span class='ocrx_word' id='word_1_34' title='bbox 723 587 1039 640; x_wconf 79' lang='lat' dir='ltr'><strong>dilationem</strong></span> <span class='ocrx_word' id='word_1_35' title='bbox 1071 586 1210 639; x_wconf 85' lang='lat' dir='ltr'><strong>hanc</strong></span> <span class='ocrx_word' id='word_1_36' title='bbox 1236 585 1613 654; x_wconf 84' lang='lat' dir='ltr'><strong>a-quauimitcr</strong></span> <span class='ocrx_word' id='word_1_37' title='bbox 1641 586 2000 654; x_wconf 88' lang='lat' dir='ltr'><strong>pertulerunt,</strong></span> 
     </span>
    </p>
   </div>
   <div class='ocr_carea' id='block_1_7' title="bbox 417 675 2002 746">
    <p class='ocr_par' dir='ltr' id='par_1_7' title="bbox 417 675 2002 746">
     <span class='ocr_line' id='line_1_7' title="bbox 417 675 2002 746; baseline -0.001 -18"><span class='ocrx_word' id='word_1_38' title='bbox 417 679 507 746; x_wconf 87' lang='lat' dir='ltr'><strong>qui</strong></span> <span class='ocrx_word' id='word_1_39' title='bbox 529 679 597 732; x_wconf 89' lang='lat' dir='ltr'><strong>de</strong></span> <span class='ocrx_word' id='word_1_40' title='bbox 621 679 780 743; x_wconf 78' lang='lat' dir='ltr'><strong>longe</strong></span> <span class='ocrx_word' id='word_1_41' title='bbox 803 693 899 746; x_wconf 90' lang='lat' dir='ltr'><strong>spe</strong></span> <span class='ocrx_word' id='word_1_42' title='bbox 927 677 1044 731; x_wconf 88' lang='lat' dir='ltr'><strong>sola</strong></span> <span class='ocrx_word' id='word_1_43' title='bbox 1093 685 1253 744; x_wconf 90' lang='lat' dir='ltr'><strong>atque</strong></span> <span class='ocrx_word' id='word_1_44' title='bbox 1285 675 1386 728; x_wconf 85' lang='lat' dir='ltr'><strong>ﬁde</strong></span> <span class='ocrx_word' id='word_1_45' title='bbox 1411 684 1697 734; x_wconf 87' lang='lat' dir='ltr'><strong>cernentes</strong></span> <span class='ocrx_word' id='word_1_46' title='bbox 1726 675 1862 728; x_wconf 85' lang='lat' dir='ltr'><strong>bo&#39;na</strong></span> <span class='ocrx_word' id='word_1_47' title='bbox 1891 675 2002 727; x_wconf 83' lang='lat' dir='ltr'><strong>Do-</strong></span> 
     </span>
    </p>
   </div>
   <div class='ocr_carea' id='block_1_8' title="bbox 419 768 2002 836">
    <p class='ocr_par' dir='ltr' id='par_1_8' title="bbox 419 768 2002 836">
     <span class='ocr_line' id='line_1_8' title="bbox 419 768 2002 836; baseline -0.002 -14"><span class='ocrx_word' id='word_1_48' title='bbox 419 769 546 822; x_wconf 86' lang='lat' dir='ltr'><strong>mini</strong></span> <span class='ocrx_word' id='word_1_49' title='bbox 576 779 630 822; x_wconf 90' lang='lat' dir='ltr'><strong>et</strong></span> <span class='ocrx_word' id='word_1_50' title='bbox 675 769 975 822; x_wconf 78' lang='lat' dir='ltr'><strong>salutantes</strong></span> <span class='ocrx_word' id='word_1_51' title='bbox 1000 783 1085 832; x_wconf 88' lang='lat' dir='ltr'><strong>ea,</strong></span> <span class='ocrx_word' id='word_1_52' title='bbox 1133 769 1270 823; x_wconf 80' lang='lat' dir='ltr'><strong>sicut</strong></span> <span class='ocrx_word' id='word_1_53' title='bbox 1295 776 1520 821; x_wconf 85' lang='lat' dir='ltr'><strong>testatur</strong></span> <span class='ocrx_word' id='word_1_54' title='bbox 1550 768 1859 836; x_wconf 84' lang='lat' dir='ltr'><strong>Apostolus,</strong></span> <span class='ocrx_word' id='word_1_55' title='bbox 1888 781 2002 821; x_wconf 85' lang='lat' dir='ltr'><strong>cer-</strong></span> 
     </span>
    </p>
   </div>
   <div class='ocr_carea' id='block_1_9' title="bbox 422 858 2004 928">
    <p class='ocr_par' dir='ltr' id='par_1_9' title="bbox 422 858 2004 928">
     <span class='ocr_line' id='line_1_9' title="bbox 422 858 2004 928; baseline -0.003 -14"><span class='ocrx_word' id='word_1_56' title='bbox 422 869 526 914; x_wconf 85' lang='lat' dir='ltr'><strong>tam</strong></span> <span class='ocrx_word' id='word_1_57' title='bbox 557 861 944 928; x_wconf 87' lang='lat' dir='ltr'><strong>sperandarum</strong></span> <span class='ocrx_word' id='word_1_58' title='bbox 973 875 1154 915; x_wconf 90' lang='lat' dir='ltr'><strong>rerum</strong></span> <span class='ocrx_word' id='word_1_59' title='bbox 1179 858 1569 927; x_wconf 89' lang='lat' dir='ltr'><strong>jucunditatem</strong></span> <span class='ocrx_word' id='word_1_60' title='bbox 1596 859 1648 910; x_wconf 93' lang='lat' dir='ltr'><strong>in</strong></span> <span class='ocrx_word' id='word_1_61' title='bbox 1679 874 1745 912; x_wconf 90' lang='lat' dir='ltr'><strong>eo</strong></span> <span class='ocrx_word' id='word_1_62' title='bbox 1771 866 2004 911; x_wconf 87' lang='lat' dir='ltr'><strong>tantum-</strong></span> 
     </span>
    </p>
   </div>
   <div class='ocr_carea' id='block_1_10' title="bbox 419 949 2006 1018">
    <p class='ocr_par' dir='ltr' id='par_1_10' title="bbox 419 949 2006 1018">
     <span class='ocr_line' id='line_1_10' title="bbox 419 949 2006 1018; baseline -0.001 -16"><span class='ocrx_word' id='word_1_63' title='bbox 419 949 583 1003; x_wconf 85' lang='lat' dir='ltr'><strong>modo</strong></span> <span class='ocrx_word' id='word_1_64' title='bbox 631 949 984 1012; x_wconf 89' lang='lat' dir='ltr'><strong>collocarunt,</strong></span> <span class='ocrx_word' id='word_1_65' title='bbox 1019 950 1164 1018; x_wconf 90' lang='lat' dir='ltr'><strong>quod</strong></span> <span class='ocrx_word' id='word_1_66' title='bbox 1195 951 1403 1003; x_wconf 90' lang='lat' dir='ltr'><strong>lidelem</strong></span> <span class='ocrx_word' id='word_1_67' title='bbox 1435 949 1816 1018; x_wconf 85' lang='lat' dir='ltr'><strong>promissorem</strong></span> <span class='ocrx_word' id='word_1_68' title='bbox 1867 963 2006 1002; x_wconf 85' lang='lat' dir='ltr'><strong>con-</strong></span> 
     </span>
    </p>
   </div>
   <div class='ocr_carea' id='block_1_11' title="bbox 421 1038 2006 1111">
    <p class='ocr_par' dir='ltr' id='par_1_11' title="bbox 421 1038 2006 1111">
     <span class='ocr_line' id='line_1_11' title="bbox 421 1038 2006 1111; baseline -0.001 -17"><span class='ocrx_word' id='word_1_69' title='bbox 421 1039 500 1094; x_wconf 80' lang='lat' dir='ltr'><strong>ﬁsi</strong></span> <span class='ocrx_word' id='word_1_70' title='bbox 529 1047 671 1104; x_wconf 87' lang='lat' dir='ltr'><strong>sunt,</strong></span> <span class='ocrx_word' id='word_1_71' title='bbox 697 1039 826 1108; x_wconf 92' lang='lat' dir='ltr'><strong>quid</strong></span> <span class='ocrx_word' id='word_1_72' title='bbox 860 1055 957 1094; x_wconf 84' lang='lat' dir='ltr'><strong>uos</strong></span> <span class='ocrx_word' id='word_1_73' title='bbox 988 1041 1173 1111; x_wconf 85' lang='lat' dir='ltr'><strong>plures</strong></span> <span class='ocrx_word' id='word_1_74' title='bbox 1203 1040 1455 1094; x_wconf 81' lang='lat' dir='ltr'><strong>convenit</strong></span> <span class='ocrx_word' id='word_1_75' title='bbox 1483 1039 1782 1105; x_wconf 73' lang='lat' dir='ltr'><strong>testimare,</strong></span> <span class='ocrx_word' id='word_1_76' title='bbox 1809 1038 2006 1106; x_wconf 82' lang='lat' dir='ltr'><strong>quibus</strong></span> 
     </span>
    </p>
   </div>
   <div class='ocr_carea' id='block_1_12' title="bbox 421 1127 2004 1199">
    <p class='ocr_par' dir='ltr' id='par_1_12' title="bbox 421 1127 2004 1199">
     <span class='ocr_line' id='line_1_12' title="bbox 421 1127 2004 1199; baseline -0.003 -15"><span class='ocrx_word' id='word_1_77' title='bbox 421 1131 646 1184; x_wconf 77' lang='lat' dir='ltr'><strong>forsitan</strong></span> <span class='ocrx_word' id='word_1_78' title='bbox 677 1145 781 1185; x_wconf 89' lang='lat' dir='ltr'><strong>nec</strong></span> <span class='ocrx_word' id='word_1_79' title='bbox 807 1134 876 1184; x_wconf 80' lang='lat' dir='ltr'><strong>ad</strong></span> <span class='ocrx_word' id='word_1_80' title='bbox 905 1132 1181 1185; x_wconf 89' lang='lat' dir='ltr'><strong>meliorem</strong></span> <span class='ocrx_word' id='word_1_81' title='bbox 1220 1145 1344 1199; x_wconf 84' lang='lat' dir='ltr'><strong>spes</strong></span> <span class='ocrx_word' id='word_1_82' title='bbox 1371 1145 1438 1183; x_wconf 82' lang='lat' dir='ltr'><strong>ex</strong></span> <span class='ocrx_word' id='word_1_83' title='bbox 1471 1131 1595 1182; x_wconf 69' lang='lat' dir='ltr'><strong>vine</strong></span> <span class='ocrx_word' id='word_1_84' title='bbox 1625 1136 1802 1198; x_wconf 86' lang='lat' dir='ltr'><strong>potest</strong></span> <span class='ocrx_word' id='word_1_85' title='bbox 1829 1127 2004 1195; x_wconf 90' lang='lat' dir='ltr'><strong>quali-</strong></span> 
     </span>
    </p>
   </div>
   <div class='ocr_carea' id='block_1_13' title="bbox 421 1219 2004 1292">
    <p class='ocr_par' dir='ltr' id='par_1_13' title="bbox 421 1219 2004 1292">
     <span class='ocr_line' id='line_1_13' title="bbox 421 1219 2004 1292; baseline -0.004 -14"><span class='ocrx_word' id='word_1_86' title='bbox 421 1231 531 1278; x_wconf 82' lang='lat' dir='ltr'><strong>tate</strong></span> <span class='ocrx_word' id='word_1_87' title='bbox 559 1225 882 1292; x_wconf 83' lang='lat' dir='ltr'><strong>suppetere?</strong></span> <span class='ocrx_word' id='word_1_88' title='bbox 932 1221 1137 1276; x_wconf 77' lang='lat' dir='ltr'><strong>Deiecit</strong></span> <span class='ocrx_word' id='word_1_89' title='bbox 1183 1229 1239 1276; x_wconf 85' lang='lat' dir='ltr'><strong>et</strong></span> <span class='ocrx_word' id='word_1_90' title='bbox 1282 1236 1390 1290; x_wconf 74' lang='lat' dir='ltr'><strong>pra:</strong></span> <span class='ocrx_word' id='word_1_91' title='bbox 1417 1219 1682 1276; x_wconf 88' lang='lat' dir='ltr'><strong>desiderio</strong></span> <span class='ocrx_word' id='word_1_92' title='bbox 1731 1219 2004 1288; x_wconf 75' lang='lat' dir='ltr'><strong>propheta:</strong></span> 
     </span>
    </p>
   </div>
   <div class='ocr_carea' id='block_1_14' title="bbox 421 1309 2003 1383">
    <p class='ocr_par' dir='ltr' id='par_1_14' title="bbox 421 1309 2003 1383">
     <span class='ocr_line' id='line_1_14' title="bbox 421 1309 2003 1383; baseline -0.004 -15"><span class='ocrx_word' id='word_1_93' title='bbox 421 1315 623 1380; x_wconf 83' lang='lat' dir='ltr'><strong>anima,</strong></span> <span class='ocrx_word' id='word_1_94' title='bbox 651 1315 740 1383; x_wconf 93' lang='lat' dir='ltr'><strong>qui</strong></span> <span class='ocrx_word' id='word_1_95' title='bbox 771 1329 868 1383; x_wconf 90' lang='lat' dir='ltr'><strong>per</strong></span> <span class='ocrx_word' id='word_1_96' title='bbox 889 1313 1239 1381; x_wconf 81' lang='lat' dir='ltr'><strong>psalmodiam</strong></span> <span class='ocrx_word' id='word_1_97' title='bbox 1265 1311 1462 1365; x_wconf 88' lang='lat' dir='ltr'><strong>amoris</strong></span> <span class='ocrx_word' id='word_1_98' title='bbox 1485 1311 1564 1370; x_wconf 74' lang='lat' dir='ltr'><strong>sui</strong></span> <span class='ocrx_word' id='word_1_99' title='bbox 1585 1309 2003 1378; x_wconf 77' lang='lat' dir='ltr'><strong>magnitudinem</strong></span> 
     </span>
    </p>
   </div>
   <div class='ocr_carea' id='block_1_15' title="bbox 421 1400 2005 1472">
    <p class='ocr_par' dir='ltr' id='par_1_15' title="bbox 421 1400 2005 1472">
     <span class='ocr_line' id='line_1_15' title="bbox 421 1400 2005 1472; baseline -0.006 -12"><span class='ocrx_word' id='word_1_100' title='bbox 421 1406 713 1460; x_wconf 87' lang='lat' dir='ltr'><strong>conﬁtetur</strong></span> <span class='ocrx_word' id='word_1_101' title='bbox 743 1415 798 1456; x_wconf 89' lang='lat' dir='ltr'><strong>et</strong></span> <span class='ocrx_word' id='word_1_102' title='bbox 825 1404 954 1457; x_wconf 84' lang='lat' dir='ltr'><strong>dicit</strong></span> <span class='ocrx_word' id='word_1_103' title='bbox 980 1421 992 1454; x_wconf 90' lang='lat'>:</span> <span class='ocrx_word' id='word_1_104' title='bbox 1017 1401 1346 1472; x_wconf 81' lang='lat' dir='ltr'><strong>Concupiscit</strong></span> <span class='ocrx_word' id='word_1_105' title='bbox 1389 1410 1436 1455; x_wconf 89' lang='lat' dir='ltr'><strong>et</strong></span> <span class='ocrx_word' id='word_1_106' title='bbox 1465 1400 1640 1470; x_wconf 75' lang='lat' dir='ltr'><strong>deﬁcit</strong></span> <span class='ocrx_word' id='word_1_107' title='bbox 1687 1401 1861 1452; x_wconf 86' lang='lat' dir='ltr'><strong>anima</strong></span> <span class='ocrx_word' id='word_1_108' title='bbox 1892 1415 2005 1451; x_wconf 86' lang='lat' dir='ltr'><strong>mea</strong></span> 
     </span>
    </p>
   </div>
   <div class='ocr_carea' id='block_1_16' title="bbox 417 1489 2007 1560">
    <p class='ocr_par' dir='ltr' id='par_1_16' title="bbox 417 1489 2007 1560">
     <span class='ocr_line' id='line_1_16' title="bbox 417 1489 2007 1560; baseline -0.004 -11"><span class='ocrx_word' id='word_1_109' title='bbox 417 1497 474 1549; x_wconf 75' lang='lat' dir='ltr'><strong>in</strong></span> <span class='ocrx_word' id='word_1_110' title='bbox 536 1500 673 1548; x_wconf 84' lang='lat' dir='ltr'><strong>atria</strong></span> <span class='ocrx_word' id='word_1_111' title='bbox 703 1494 934 1555; x_wconf 88' lang='lat' dir='ltr'><strong>Domini,</strong></span> <span class='ocrx_word' id='word_1_112' title='bbox 967 1503 1021 1549; x_wconf 80' lang='lat' dir='ltr'><strong>et</strong></span> <span class='ocrx_word' id='word_1_113' title='bbox 1048 1494 1093 1550; x_wconf 91' lang='lat' dir='ltr'><strong>si</strong></span> <span class='ocrx_word' id='word_1_114' title='bbox 1141 1509 1262 1548; x_wconf 88' lang='lat' dir='ltr'><strong>eum</strong></span> <span class='ocrx_word' id='word_1_115' title='bbox 1295 1494 1348 1548; x_wconf 91' lang='lat' dir='ltr'><strong>in</strong></span> <span class='ocrx_word' id='word_1_116' title='bbox 1372 1493 1628 1548; x_wconf 83' lang='lat' dir='ltr'><strong>extremis</strong></span> <span class='ocrx_word' id='word_1_117' title='bbox 1659 1489 1844 1560; x_wconf 89' lang='lat' dir='ltr'><strong>projici</strong></span> <span class='ocrx_word' id='word_1_118' title='bbox 1874 1505 2007 1543; x_wconf 87' lang='lat' dir='ltr'><strong>con-</strong></span> 
     </span>
    </p>
   </div>
   <div class='ocr_carea' id='block_1_17' title="bbox 418 1582 2007 1655">
    <p class='ocr_par' dir='ltr' id='par_1_17' title="bbox 418 1582 2007 1655">
     <span class='ocr_line' id='line_1_17' title="bbox 418 1582 2007 1655; baseline -0.004 -15"><span class='ocrx_word' id='word_1_119' title='bbox 418 1588 610 1654; x_wconf 82' lang='lat' dir='ltr'><strong>tingat,</strong></span> <span class='ocrx_word' id='word_1_120' title='bbox 645 1586 696 1639; x_wconf 90' lang='lat' dir='ltr'><strong>id</strong></span> <span class='ocrx_word' id='word_1_121' title='bbox 731 1586 984 1655; x_wconf 90' lang='lat' dir='ltr'><strong>postulat,</strong></span> <span class='ocrx_word' id='word_1_122' title='bbox 1018 1594 1272 1651; x_wconf 86' lang='lat' dir='ltr'><strong>tanquam</strong></span> <span class='ocrx_word' id='word_1_123' title='bbox 1293 1582 1465 1651; x_wconf 85' lang='lat' dir='ltr'><strong>majus</strong></span> <span class='ocrx_word' id='word_1_124' title='bbox 1485 1582 1728 1649; x_wconf 89' lang='lat' dir='ltr'><strong>sitatque</strong></span> <span class='ocrx_word' id='word_1_125' title='bbox 1755 1588 2007 1648; x_wconf 74' lang='lat' dir='ltr'><strong>pnestau-</strong></span> 
     </span>
    </p>
   </div>
   <div class='ocr_carea' id='block_1_18' title="bbox 420 1670 2004 1741">
    <p class='ocr_par' dir='ltr' id='par_1_18' title="bbox 420 1670 2004 1741">
     <span class='ocr_line' id='line_1_18' title="bbox 420 1670 2004 1741; baseline -0.004 -12"><span class='ocrx_word' id='word_1_126' title='bbox 420 1678 544 1741; x_wconf 86' lang='lat' dir='ltr'><strong>tius,</strong></span> <span class='ocrx_word' id='word_1_127' title='bbox 577 1677 630 1730; x_wconf 92' lang='lat' dir='ltr'><strong>in</strong></span> <span class='ocrx_word' id='word_1_128' title='bbox 677 1676 780 1730; x_wconf 88' lang='lat' dir='ltr'><strong>illis</strong></span> <span class='ocrx_word' id='word_1_129' title='bbox 829 1691 948 1730; x_wconf 86' lang='lat' dir='ltr'><strong>esse</strong></span> <span class='ocrx_word' id='word_1_130' title='bbox 978 1675 1347 1738; x_wconf 85' lang='lat' dir='ltr'><strong>novissimum,</strong></span> <span class='ocrx_word' id='word_1_131' title='bbox 1391 1687 1551 1741; x_wconf 91' lang='lat' dir='ltr'><strong>quam</strong></span> <span class='ocrx_word' id='word_1_132' title='bbox 1580 1671 1810 1740; x_wconf 87' lang='lat' dir='ltr'><strong>primum</strong></span> <span class='ocrx_word' id='word_1_133' title='bbox 1841 1670 1892 1723; x_wconf 92' lang='lat' dir='ltr'><strong>in</strong></span> <span class='ocrx_word' id='word_1_134' title='bbox 1925 1677 2004 1722; x_wconf 89' lang='lat' dir='ltr'><strong>ta-</strong></span> 
     </span>
    </p>
   </div>
   <div class='ocr_carea' id='block_1_19' title="bbox 2105 491 3690 565">
    <p class='ocr_par' dir='ltr' id='par_1_19' title="bbox 2105 491 3690 565">
     <span class='ocr_line' id='line_1_19' title="bbox 2105 491 3690 565; baseline 0 -20"><span class='ocrx_word' id='word_1_135' title='bbox 2105 491 2213 546; x_wconf 90' lang='lat' dir='ltr'><strong>Sed</strong></span> <span class='ocrx_word' id='word_1_136' title='bbox 2243 492 2379 546; x_wconf 86' lang='lat' dir='ltr'><strong>sicut</strong></span> <span class='ocrx_word' id='word_1_137' title='bbox 2411 494 2512 547; x_wconf 78' lang='lat' dir='ltr'><strong>ﬁde</strong></span> <span class='ocrx_word' id='word_1_138' title='bbox 2553 503 2731 562; x_wconf 88' lang='lat' dir='ltr'><strong>aptata</strong></span> <span class='ocrx_word' id='word_1_139' title='bbox 2763 510 2882 548; x_wconf 86' lang='lat' dir='ltr'><strong>esse</strong></span> <span class='ocrx_word' id='word_1_140' title='bbox 2909 494 3103 549; x_wconf 75' lang='lat' dir='ltr'><strong>saecula</strong></span> <span class='ocrx_word' id='word_1_141' title='bbox 3135 495 3480 565; x_wconf 80' lang='lat' dir='ltr'><strong>intelligimus</strong></span> <span class='ocrx_word' id='word_1_142' title='bbox 3509 493 3690 552; x_wconf 76' lang='lat' dir='ltr'><strong>Verbo</strong></span> 
     </span>
    </p>
   </div>
   <div class='ocr_carea' id='block_1_20' title="bbox 2109 581 3690 653">
    <p class='ocr_par' dir='ltr' id='par_1_20' title="bbox 2109 581 3690 653">
     <span class='ocr_line' id='line_1_20' title="bbox 2109 581 3690 653; baseline 0.001 -18"><span class='ocrx_word' id='word_1_143' title='bbox 2109 582 2224 648; x_wconf 88' lang='lat' dir='ltr'><strong>Dei,</strong></span> <span class='ocrx_word' id='word_1_144' title='bbox 2255 581 2395 637; x_wconf 87' lang='lat' dir='ltr'><strong>sicut</strong></span> <span class='ocrx_word' id='word_1_145' title='bbox 2425 583 2716 653; x_wconf 80' lang='lat' dir='ltr'><strong>Apostolus</strong></span> <span class='ocrx_word' id='word_1_146' title='bbox 2744 584 2844 646; x_wconf 85' lang='lat' dir='ltr'><strong>ait,</strong></span> <span class='ocrx_word' id='word_1_147' title='bbox 2878 592 2936 637; x_wconf 92' lang='lat' dir='ltr'><strong>ut</strong></span> <span class='ocrx_word' id='word_1_148' title='bbox 2967 599 3043 636; x_wconf 78' lang='lat' dir='ltr'><strong>ex</strong></span> <span class='ocrx_word' id='word_1_149' title='bbox 3076 584 3429 638; x_wconf 81' lang='lat' dir='ltr'><strong>invisibilibus</strong></span> <span class='ocrx_word' id='word_1_150' title='bbox 3457 584 3610 638; x_wconf 88' lang='lat' dir='ltr'><strong>visihi</strong></span> <span class='ocrx_word' id='word_1_151' title='bbox 3637 582 3690 638; x_wconf 84' lang='lat' dir='ltr'><strong>ia</strong></span> 
     </span>
    </p>
   </div>
   <div class='ocr_carea' id='block_1_21' title="bbox 2107 673 3688 745">
    <p class='ocr_par' dir='ltr' id='par_1_21' title="bbox 2107 673 3688 745">
     <span class='ocr_line' id='line_1_21' title="bbox 2107 673 3688 745; baseline 0.003 -20"><span class='ocrx_word' id='word_1_152' title='bbox 2107 673 2317 731; x_wconf 83' lang='lat' dir='ltr'><strong>ﬁerent.</strong></span> <span class='ocrx_word' id='word_1_153' title='bbox 2344 674 2532 728; x_wconf 86' lang='lat' dir='ltr'><strong>eadem</strong></span> <span class='ocrx_word' id='word_1_154' title='bbox 2564 675 2664 728; x_wconf 87' lang='lat' dir='ltr'><strong>ﬁde</strong></span> <span class='ocrx_word' id='word_1_155' title='bbox 2714 686 2922 730; x_wconf 86' lang='lat' dir='ltr'><strong>utemur</strong></span> <span class='ocrx_word' id='word_1_156' title='bbox 2942 675 3006 729; x_wconf 91' lang='lat' dir='ltr'><strong>de</strong></span> <span class='ocrx_word' id='word_1_157' title='bbox 3030 675 3206 730; x_wconf 85' lang='lat' dir='ltr'><strong>Verbo</strong></span> <span class='ocrx_word' id='word_1_158' title='bbox 3240 676 3353 741; x_wconf 88' lang='lat' dir='ltr'><strong>Dei,</strong></span> <span class='ocrx_word' id='word_1_159' title='bbox 3379 677 3469 745; x_wconf 92' lang='lat' dir='ltr'><strong>qui</strong></span> <span class='ocrx_word' id='word_1_160' title='bbox 3496 691 3688 730; x_wconf 78' lang='lat' dir='ltr'><strong>neces-</strong></span> 
     </span>
    </p>
   </div>
   <div class='ocr_carea' id='block_1_22' title="bbox 2105 765 3683 836">
    <p class='ocr_par' dir='ltr' id='par_1_22' title="bbox 2105 765 3683 836">
     <span class='ocr_line' id='line_1_22' title="bbox 2105 765 3683 836; baseline 0.001 -18"><span class='ocrx_word' id='word_1_161' title='bbox 2105 765 2302 818; x_wconf 83' lang='lat' dir='ltr'><strong>sariam</strong></span> <span class='ocrx_word' id='word_1_162' title='bbox 2330 780 2515 818; x_wconf 91' lang='lat' dir='ltr'><strong>eorum</strong></span> <span class='ocrx_word' id='word_1_163' title='bbox 2545 780 2662 832; x_wconf 78' lang='lat' dir='ltr'><strong>qua:</strong></span> <span class='ocrx_word' id='word_1_164' title='bbox 2692 775 2817 820; x_wconf 86' lang='lat' dir='ltr'><strong>sunt</strong></span> <span class='ocrx_word' id='word_1_165' title='bbox 2848 766 3248 821; x_wconf 81' lang='lat' dir='ltr'><strong>translationem</strong></span> <span class='ocrx_word' id='word_1_166' title='bbox 3282 766 3394 820; x_wconf 80' lang='lat' dir='ltr'><strong>fore</strong></span> <span class='ocrx_word' id='word_1_167' title='bbox 3423 767 3683 836; x_wconf 68' lang='lat' dir='ltr'><strong>praedixit.</strong></span> 
     </span>
    </p>
   </div>
   <div class='ocr_carea' id='block_1_23' title="bbox 2107 854 3685 929">
    <p class='ocr_par' dir='ltr' id='par_1_23' title="bbox 2107 854 3685 929">
     <span class='ocr_line' id='line_1_23' title="bbox 2107 854 3685 929; baseline 0.002 -21"><span class='ocrx_word' id='word_1_168' title='bbox 2107 854 2226 920; x_wconf 84' lang='lat' dir='ltr'><strong>Quo</strong></span> <span class='ocrx_word' id='word_1_169' title='bbox 2270 863 2448 908; x_wconf 89' lang='lat' dir='ltr'><strong>autem</strong></span> <span class='ocrx_word' id='word_1_170' title='bbox 2479 856 2529 909; x_wconf 88' lang='lat' dir='ltr'><strong>id</strong></span> <span class='ocrx_word' id='word_1_171' title='bbox 2563 857 2652 909; x_wconf 87' lang='lat' dir='ltr'><strong>liat</strong></span> <span class='ocrx_word' id='word_1_172' title='bbox 2697 859 2875 920; x_wconf 90' lang='lat' dir='ltr'><strong>modo,</strong></span> <span class='ocrx_word' id='word_1_173' title='bbox 2907 859 3099 912; x_wconf 85' lang='lat' dir='ltr'><strong>curiosi</strong></span> <span class='ocrx_word' id='word_1_174' title='bbox 3132 867 3216 912; x_wconf 85' lang='lat' dir='ltr'><strong>est</strong></span> <span class='ocrx_word' id='word_1_175' title='bbox 3245 874 3503 929; x_wconf 70' lang='lat' dir='ltr'><strong>qumrere.</strong></span> <span class='ocrx_word' id='word_1_176' title='bbox 3555 858 3685 912; x_wconf 88' lang='lat' dir='ltr'><strong>Nam</strong></span> 
     </span>
    </p>
   </div>
   <div class='ocr_carea' id='block_1_24' title="bbox 2107 943 3688 1014">
    <p class='ocr_par' dir='ltr' id='par_1_24' title="bbox 2107 943 3688 1014">
     <span class='ocr_line' id='line_1_24' title="bbox 2107 943 3688 1014; baseline 0.003 -17"><span class='ocrx_word' id='word_1_177' title='bbox 2107 953 2161 997; x_wconf 90' lang='lat' dir='ltr'><strong>et</strong></span> <span class='ocrx_word' id='word_1_178' title='bbox 2191 943 2263 998; x_wconf 90' lang='lat' dir='ltr'><strong>ibi</strong></span> <span class='ocrx_word' id='word_1_179' title='bbox 2294 944 2528 1012; x_wconf 83' lang='lat' dir='ltr'><strong>perlecta</strong></span> <span class='ocrx_word' id='word_1_180' title='bbox 2555 961 2673 999; x_wconf 90' lang='lat' dir='ltr'><strong>esse</strong></span> <span class='ocrx_word' id='word_1_181' title='bbox 2698 962 2815 1014; x_wconf 76' lang='lat' dir='ltr'><strong>qua:</strong></span> <span class='ocrx_word' id='word_1_182' title='bbox 2838 947 3105 1014; x_wconf 85' lang='lat' dir='ltr'><strong>videntur,</strong></span> <span class='ocrx_word' id='word_1_183' title='bbox 3132 964 3198 1002; x_wconf 79' lang='lat' dir='ltr'><strong>ex</strong></span> <span class='ocrx_word' id='word_1_184' title='bbox 3223 949 3560 1003; x_wconf 87' lang='lat' dir='ltr'><strong>invisibilium</strong></span> <span class='ocrx_word' id='word_1_185' title='bbox 3586 947 3688 1002; x_wconf 88' lang='lat' dir='ltr'><strong>lide</strong></span> 
     </span>
    </p>
   </div>
   <div class='ocr_carea' id='block_1_25' title="bbox 2106 1037 3689 1107">
    <p class='ocr_par' dir='ltr' id='par_1_25' title="bbox 2106 1037 3689 1107">
     <span class='ocr_line' id='line_1_25' title="bbox 2106 1037 3689 1107; baseline 0.002 -18"><span class='ocrx_word' id='word_1_186' title='bbox 2106 1037 2452 1104; x_wconf 62' lang='lat' dir='ltr'><strong>percipimus,</strong></span> <span class='ocrx_word' id='word_1_187' title='bbox 2474 1037 2868 1104; x_wconf 70' lang='lat' dir='ltr'><strong>inquisitionem</strong></span> <span class='ocrx_word' id='word_1_188' title='bbox 2888 1038 3499 1107; x_wconf 84' lang='lat' dir='ltr'><strong>incomprehensibilium</strong></span> <span class='ocrx_word' id='word_1_189' title='bbox 3517 1048 3689 1092; x_wconf 84' lang='lat' dir='ltr'><strong>trans-</strong></span> 
     </span>
    </p>
   </div>
   <div class='ocr_carea' id='block_1_26' title="bbox 2106 1125 3688 1193">
    <p class='ocr_par' dir='ltr' id='par_1_26' title="bbox 2106 1125 3688 1193">
     <span class='ocr_line' id='line_1_26' title="bbox 2106 1125 3688 1193; baseline 0.001 -16"><span class='ocrx_word' id='word_1_190' title='bbox 2106 1134 2298 1178; x_wconf 87' lang='lat' dir='ltr'><strong>euntes</strong></span> <span class='ocrx_word' id='word_1_191' title='bbox 2331 1143 2342 1175; x_wconf 91' lang='lat'>:</span> <span class='ocrx_word' id='word_1_192' title='bbox 2369 1125 2608 1193; x_wconf 89' lang='lat' dir='ltr'><strong>quiuimo</strong></span> <span class='ocrx_word' id='word_1_193' title='bbox 2641 1139 2760 1179; x_wconf 89' lang='lat' dir='ltr'><strong>cum</strong></span> <span class='ocrx_word' id='word_1_194' title='bbox 2792 1125 2856 1178; x_wconf 87' lang='lat' dir='ltr'><strong>de</strong></span> <span class='ocrx_word' id='word_1_195' title='bbox 2884 1127 3066 1179; x_wconf 90' lang='lat' dir='ltr'><strong>multis</strong></span> <span class='ocrx_word' id='word_1_196' title='bbox 3097 1126 3346 1193; x_wconf 86' lang='lat' dir='ltr'><strong>ignorare</strong></span> <span class='ocrx_word' id='word_1_197' title='bbox 3378 1144 3474 1181; x_wconf 89' lang='lat' dir='ltr'><strong>nos</strong></span> <span class='ocrx_word' id='word_1_198' title='bbox 3510 1145 3688 1182; x_wconf 86' lang='lat' dir='ltr'><strong>sermo</strong></span> 
     </span>
    </p>
   </div>
   <div class='ocr_carea' id='block_1_27' title="bbox 2106 1218 3688 1286">
    <p class='ocr_par' dir='ltr' id='par_1_27' title="bbox 2106 1218 3688 1286">
     <span class='ocr_line' id='line_1_27' title="bbox 2106 1218 3688 1286; baseline 0.004 -18"><span class='ocrx_word' id='word_1_199' title='bbox 2106 1225 2482 1280; x_wconf 84' lang='lat' dir='ltr'><strong>commoneat,</strong></span> <span class='ocrx_word' id='word_1_200' title='bbox 2536 1232 2642 1269; x_wconf 90' lang='lat' dir='ltr'><strong>non</strong></span> <span class='ocrx_word' id='word_1_201' title='bbox 2695 1232 2914 1286; x_wconf 89' lang='lat' dir='ltr'><strong>parvam</strong></span> <span class='ocrx_word' id='word_1_202' title='bbox 2964 1218 3481 1274; x_wconf 81' lang='lat' dir='ltr'><strong>satislactionemde</strong></span> <span class='ocrx_word' id='word_1_203' title='bbox 3512 1237 3688 1276; x_wconf 87' lang='lat' dir='ltr'><strong>rerum</strong></span> 
     </span>
    </p>
   </div>
   <div class='ocr_carea' id='block_1_28' title="bbox 2106 1306 3690 1374">
    <p class='ocr_par' dir='ltr' id='par_1_28' title="bbox 2106 1306 3690 1374">
     <span class='ocr_line' id='line_1_28' title="bbox 2106 1306 3690 1374; baseline 0.003 -14"><span class='ocrx_word' id='word_1_204' title='bbox 2106 1306 2492 1360; x_wconf 87' lang='lat' dir='ltr'><strong>credendarum</strong></span> <span class='ocrx_word' id='word_1_205' title='bbox 2544 1306 2893 1374; x_wconf 79' lang='lat' dir='ltr'><strong>ambiguitate</strong></span> <span class='ocrx_word' id='word_1_206' title='bbox 2940 1308 3224 1362; x_wconf 83' lang='lat' dir='ltr'><strong>conoessit.</strong></span> <span class='ocrx_word' id='word_1_207' title='bbox 3287 1307 3499 1363; x_wconf 87' lang='lat' dir='ltr'><strong>Liceret</strong></span> <span class='ocrx_word' id='word_1_208' title='bbox 3547 1310 3690 1365; x_wconf 86' lang='lat' dir='ltr'><strong>enim</strong></span> 
     </span>
    </p>
   </div>
   <div class='ocr_carea' id='block_1_29' title="bbox 2106 1399 3693 1470">
    <p class='ocr_par' dir='ltr' id='par_1_29' title="bbox 2106 1399 3693 1470">
     <span class='ocr_line' id='line_1_29' title="bbox 2106 1399 3693 1470; baseline 0.003 -16"><span class='ocrx_word' id='word_1_209' title='bbox 2106 1400 2463 1455; x_wconf 85' lang='lat' dir='ltr'><strong>contentiosis</strong></span> <span class='ocrx_word' id='word_1_210' title='bbox 2495 1408 2550 1452; x_wconf 91' lang='lat' dir='ltr'><strong>et</strong></span> <span class='ocrx_word' id='word_1_211' title='bbox 2577 1399 2770 1454; x_wconf 90' lang='lat' dir='ltr'><strong>ibidem</strong></span> <span class='ocrx_word' id='word_1_212' title='bbox 2801 1400 3117 1470; x_wconf 77' lang='lat' dir='ltr'><strong>quibusdam</strong></span> <span class='ocrx_word' id='word_1_213' title='bbox 3140 1404 3693 1469; x_wconf 84' lang='lat' dir='ltr'><strong>argumentationibus</strong></span> 
     </span>
    </p>
   </div>
   <div class='ocr_carea' id='block_1_30' title="bbox 2110 1488 3691 1556">
    <p class='ocr_par' dir='ltr' id='par_1_30' title="bbox 2110 1488 3691 1556">
     <span class='ocr_line' id='line_1_30' title="bbox 2110 1488 3691 1556; baseline 0.008 -17"><span class='ocrx_word' id='word_1_214' title='bbox 2110 1488 2271 1542; x_wconf 88' lang='lat' dir='ltr'><strong>ﬁdem</strong></span> <span class='ocrx_word' id='word_1_215' title='bbox 2299 1496 2697 1556; x_wconf 82' lang='lat' dir='ltr'><strong>consequenter</strong></span> <span class='ocrx_word' id='word_1_216' title='bbox 2724 1496 2969 1544; x_wconf 86' lang='lat' dir='ltr'><strong>evertere</strong></span> <span class='ocrx_word' id='word_1_217' title='bbox 2988 1529 3004 1554; x_wconf 88' lang='lat'><strong>,</strong></span> <span class='ocrx_word' id='word_1_218' title='bbox 3054 1507 3121 1546; x_wconf 89' lang='lat' dir='ltr'><strong>ne</strong></span> <span class='ocrx_word' id='word_1_219' title='bbox 3168 1492 3236 1546; x_wconf 91' lang='lat' dir='ltr'><strong>de</strong></span> <span class='ocrx_word' id='word_1_220' title='bbox 3266 1495 3530 1548; x_wconf 84' lang='lat' dir='ltr'><strong>materiali</strong></span> <span class='ocrx_word' id='word_1_221' title='bbox 3558 1511 3691 1550; x_wconf 78' lang='lat' dir='ltr'><strong>con-</strong></span> 
     </span>
    </p>
   </div>
   <div class='ocr_carea' id='block_1_31' title="bbox 2107 1581 3693 1653">
    <p class='ocr_par' dir='ltr' id='par_1_31' title="bbox 2107 1581 3693 1653">
     <span class='ocr_line' id='line_1_31' title="bbox 2107 1581 3693 1653; baseline 0.004 -18"><span class='ocrx_word' id='word_1_222' title='bbox 2107 1581 2312 1636; x_wconf 87' lang='lat' dir='ltr'><strong>ditione</strong></span> <span class='ocrx_word' id='word_1_223' title='bbox 2349 1596 2472 1635; x_wconf 86' lang='lat' dir='ltr'><strong>vera</strong></span> <span class='ocrx_word' id='word_1_224' title='bbox 2503 1596 2621 1635; x_wconf 88' lang='lat' dir='ltr'><strong>esse</strong></span> <span class='ocrx_word' id='word_1_225' title='bbox 2651 1590 2867 1650; x_wconf 75' lang='lat' dir='ltr'><strong>putetur</strong></span> <span class='ocrx_word' id='word_1_226' title='bbox 2906 1583 3080 1636; x_wconf 88' lang='lat' dir='ltr'><strong>oratio</strong></span> <span class='ocrx_word' id='word_1_227' title='bbox 3122 1599 3281 1653; x_wconf 90' lang='lat' dir='ltr'><strong>quam</strong></span> <span class='ocrx_word' id='word_1_228' title='bbox 3323 1593 3506 1640; x_wconf 89' lang='lat' dir='ltr'><strong>sancta</strong></span> <span class='ocrx_word' id='word_1_229' title='bbox 3547 1587 3693 1641; x_wconf 79' lang='lat' dir='ltr'><strong>Scri-</strong></span> 
     </span>
    </p>
   </div>
   <div class='ocr_carea' id='block_1_32' title="bbox 2108 1673 3693 1743">
    <p class='ocr_par' dir='ltr' id='par_1_32' title="bbox 2108 1673 3693 1743">
     <span class='ocr_line' id='line_1_32' title="bbox 2108 1673 3693 1743; baseline 0.003 -17"><span class='ocrx_word' id='word_1_230' title='bbox 2108 1682 2263 1743; x_wconf 87' lang='lat' dir='ltr'><strong>ptura</strong></span> <span class='ocrx_word' id='word_1_231' title='bbox 2295 1673 2627 1742; x_wconf 90' lang='lat' dir='ltr'><strong>pronuntiat,</strong></span> <span class='ocrx_word' id='word_1_232' title='bbox 2659 1673 2837 1725; x_wconf 87' lang='lat' dir='ltr'><strong>omnia</strong></span> <span class='ocrx_word' id='word_1_233' title='bbox 2868 1687 2985 1740; x_wconf 64' lang='lat' dir='ltr'><strong>qua!</strong></span> <span class='ocrx_word' id='word_1_234' title='bbox 3014 1681 3167 1738; x_wconf 88' lang='lat' dir='ltr'><strong>sunt,</strong></span> <span class='ocrx_word' id='word_1_235' title='bbox 3191 1688 3261 1728; x_wconf 82' lang='lat' dir='ltr'><strong>ex</strong></span> <span class='ocrx_word' id='word_1_236' title='bbox 3288 1673 3396 1728; x_wconf 90' lang='lat' dir='ltr'><strong>Deo</strong></span> <span class='ocrx_word' id='word_1_237' title='bbox 3425 1689 3541 1730; x_wconf 76' lang='lat' dir='ltr'><strong>esse</strong></span> <span class='ocrx_word' id='word_1_238' title='bbox 3563 1693 3693 1731; x_wconf 87' lang='lat' dir='ltr'><strong>con-</strong></span> 
     </span>
    </p>
   </div>
   <div class='ocr_carea' id='block_1_33' title="bbox 416 1762 3691 1836">
    <p class='ocr_par' dir='ltr' id='par_1_33' title="bbox 416 1762 3691 1836">
     <span class='ocr_line' id='line_1_33' title="bbox 416 1762 3691 1836; baseline -0.001 -14"><span class='ocrx_word' id='word_1_239' title='bbox 416 1768 720 1823; x_wconf 87' lang='lat' dir='ltr'><strong>bernaculis</strong></span> <span class='ocrx_word' id='word_1_240' title='bbox 750 1775 1114 1836; x_wconf 87' lang='lat' dir='ltr'><strong>peccatorum.</strong></span> <span class='ocrx_word' id='word_1_241' title='bbox 1146 1765 1529 1820; x_wconf 84' lang='lat' dir='ltr'><strong>Verumtamen</strong></span> <span class='ocrx_word' id='word_1_242' title='bbox 1565 1762 1840 1816; x_wconf 80' lang='lat' dir='ltr'><strong>dilationis</strong></span> <span class='ocrx_word' id='word_1_243' title='bbox 1885 1771 2004 1814; x_wconf 89' lang='lat' dir='ltr'><strong>erat</strong></span> <span class='ocrx_word' id='word_1_244' title='bbox 2035 1776 2081 1835; x_wconf 72' lang='lat'><strong>3</strong></span> <span class='ocrx_word' id='word_1_245' title='bbox 2110 1763 2345 1816; x_wconf 88' lang='lat' dir='ltr'><strong>ﬁrmans.</strong></span> <span class='ocrx_word' id='word_1_246' title='bbox 2362 1763 2459 1829; x_wconf 85' lang='lat' dir='ltr'><strong>Qui</strong></span> <span class='ocrx_word' id='word_1_247' title='bbox 2493 1778 2620 1817; x_wconf 88' lang='lat' dir='ltr'><strong>vero</strong></span> <span class='ocrx_word' id='word_1_248' title='bbox 2655 1764 2921 1818; x_wconf 85' lang='lat' dir='ltr'><strong>contraria</strong></span> <span class='ocrx_word' id='word_1_249' title='bbox 2952 1765 3161 1817; x_wconf 90' lang='lat' dir='ltr'><strong>ratione</strong></span> <span class='ocrx_word' id='word_1_250' title='bbox 3183 1765 3441 1828; x_wconf 88' lang='lat' dir='ltr'><strong>nituntur,</strong></span> <span class='ocrx_word' id='word_1_251' title='bbox 3465 1773 3691 1821; x_wconf 71' lang='lat' dir='ltr'><strong>comter-</strong></span> 
     </span>
    </p>
   </div>
   <div class='ocr_carea' id='block_1_34' title="bbox 419 1853 2003 1931">
    <p class='ocr_par' dir='ltr' id='par_1_34' title="bbox 419 1853 2003 1931">
     <span class='ocr_line' id='line_1_34' title="bbox 419 1853 2003 1931; baseline -0.006 -18"><span class='ocrx_word' id='word_1_252' title='bbox 419 1860 865 1931; x_wconf 88' lang='lat' dir='ltr'><strong>patientissimus,</strong></span> <span class='ocrx_word' id='word_1_253' title='bbox 915 1858 1228 1912; x_wconf 86' lang='lat' dir='ltr'><strong>beatilicans</strong></span> <span class='ocrx_word' id='word_1_254' title='bbox 1285 1856 1502 1924; x_wconf 87' lang='lat' dir='ltr'><strong>quidem</strong></span> <span class='ocrx_word' id='word_1_255' title='bbox 1544 1853 1688 1906; x_wconf 87' lang='lat' dir='ltr'><strong>illam</strong></span> <span class='ocrx_word' id='word_1_256' title='bbox 1717 1865 2003 1907; x_wconf 76' lang='lat' dir='ltr'><strong>conversa-</strong></span> 
     </span>
    </p>
   </div>
   <div class='ocr_carea' id='block_1_35' title="bbox 419 1941 2004 2016">
    <p class='ocr_par' dir='ltr' id='par_1_35' title="bbox 419 1941 2004 2016">
     <span class='ocr_line' id='line_1_35' title="bbox 419 1941 2004 2016; baseline -0.008 -10"><span class='ocrx_word' id='word_1_257' title='bbox 419 1952 622 2006; x_wconf 82' lang='lat' dir='ltr'><strong>tionem</strong></span> <span class='ocrx_word' id='word_1_258' title='bbox 684 1950 1014 2016; x_wconf 78' lang='lat' dir='ltr'><strong>brevemque</strong></span> <span class='ocrx_word' id='word_1_259' title='bbox 1070 1946 1534 2016; x_wconf 82' lang='lat' dir='ltr'><strong>participationem</strong></span> <span class='ocrx_word' id='word_1_260' title='bbox 1590 1942 1708 2011; x_wconf 87' lang='lat' dir='ltr'><strong>ejus</strong></span> <span class='ocrx_word' id='word_1_261' title='bbox 1771 1941 2004 1995; x_wconf 88' lang='lat' dir='ltr'><strong>millibus</strong></span> 
     </span>
    </p>
   </div>
   <div class='ocr_carea' id='block_1_36' title="bbox 419 2033 2007 2113">
    <p class='ocr_par' dir='ltr' id='par_1_36' title="bbox 419 2033 2007 2113">
     <span class='ocr_line' id='line_1_36' title="bbox 419 2033 2007 2113; baseline -0.008 -17"><span class='ocrx_word' id='word_1_262' title='bbox 419 2043 698 2113; x_wconf 71' lang='lat' dir='ltr'><strong>przesentis</strong></span> <span class='ocrx_word' id='word_1_263' title='bbox 722 2042 981 2108; x_wconf 88' lang='lat' dir='ltr'><strong>temporis</strong></span> <span class='ocrx_word' id='word_1_264' title='bbox 1011 2048 1369 2108; x_wconf 76' lang='lat' dir='ltr'><strong>anteponens.</strong></span> <span class='ocrx_word' id='word_1_265' title='bbox 1401 2034 1591 2089; x_wconf 78' lang='lat' dir='ltr'><strong>Melior</strong></span> <span class='ocrx_word' id='word_1_266' title='bbox 1620 2034 1756 2086; x_wconf 88' lang='lat' dir='ltr'><strong>enim</strong></span> <span class='ocrx_word' id='word_1_267' title='bbox 1781 2040 1880 2096; x_wconf 83' lang='lat' dir='ltr'><strong>est,</strong></span> <span class='ocrx_word' id='word_1_268' title='bbox 1931 2033 2007 2085; x_wconf 85' lang='lat' dir='ltr'><strong>in-</strong></span> 
     </span>
    </p>
   </div>
   <div class='ocr_carea' id='block_1_37' title="bbox 415 2115 2003 2202">
    <p class='ocr_par' dir='ltr' id='par_1_37' title="bbox 415 2115 2003 2202">
     <span class='ocr_line' id='line_1_37' title="bbox 415 2115 2003 2202; baseline -0.009 -15"><span class='ocrx_word' id='word_1_269' title='bbox 415 2135 552 2202; x_wconf 85' lang='lat' dir='ltr'><strong>quit,</strong></span> <span class='ocrx_word' id='word_1_270' title='bbox 583 2133 694 2186; x_wconf 80' lang='lat' dir='ltr'><strong>dies</strong></span> <span class='ocrx_word' id='word_1_271' title='bbox 738 2150 842 2186; x_wconf 87' lang='lat' dir='ltr'><strong>una</strong></span> <span class='ocrx_word' id='word_1_272' title='bbox 885 2134 936 2185; x_wconf 90' lang='lat' dir='ltr'><strong>in</strong></span> <span class='ocrx_word' id='word_1_273' title='bbox 985 2133 1133 2183; x_wconf 84' lang='lat' dir='ltr'><strong>atriis</strong></span> <span class='ocrx_word' id='word_1_274' title='bbox 1164 2140 1214 2182; x_wconf 88' lang='lat' dir='ltr'><strong>tu</strong></span> <span class='ocrx_word' id='word_1_275' title='bbox 1236 2145 1261 2181; x_wconf 85' lang='lat' dir='ltr'><strong>s</strong></span> <span class='ocrx_word' id='word_1_276' title='bbox 1301 2115 1453 2191; x_wconf 79' lang='lat' dir='ltr'><strong>super</strong></span> <span class='ocrx_word' id='word_1_277' title='bbox 1479 2127 1656 2180; x_wconf 83' lang='lat' dir='ltr'><strong>millia.</strong></span> <span class='ocrx_word' id='word_1_278' title='bbox 1691 2124 1795 2178; x_wconf 88' lang='lat' dir='ltr'><strong>Sed</strong></span> <span class='ocrx_word' id='word_1_279' title='bbox 1827 2131 2003 2176; x_wconf 86' lang='lat' dir='ltr'><strong>tamen</strong></span> 
     </span>
    </p>
   </div>
   <div class='ocr_carea' id='block_1_38' title="bbox 416 2218 2006 2287">
    <p class='ocr_par' dir='ltr' id='par_1_38' title="bbox 416 2218 2006 2287">
     <span class='ocr_line' id='line_1_38' title="bbox 416 2218 2006 2287; baseline -0.008 -8"><span class='ocrx_word' id='word_1_280' title='bbox 416 2223 778 2279; x_wconf 54' lang='lat' dir='ltr'><strong>necessariam</strong></span> <span class='ocrx_word' id='word_1_281' title='bbox 830 2218 1287 2287; x_wconf 84' lang='lat' dir='ltr'><strong>dispensationem</strong></span> <span class='ocrx_word' id='word_1_282' title='bbox 1339 2230 1523 2280; x_wconf 79' lang='lat' dir='ltr'><strong>eorum</strong></span> <span class='ocrx_word' id='word_1_283' title='bbox 1574 2227 1693 2280; x_wconf 73' lang='lat' dir='ltr'><strong>qua:</strong></span> <span class='ocrx_word' id='word_1_284' title='bbox 1745 2221 2006 2280; x_wconf 88' lang='lat' dir='ltr'><strong>geruntur</strong></span> 
     </span>
    </p>
   </div>
   <div class='ocr_carea' id='block_1_39' title="bbox 413 2303 2000 2378">
    <p class='ocr_par' dir='ltr' id='par_1_39' title="bbox 413 2303 2000 2378">
     <span class='ocr_line' id='line_1_39' title="bbox 413 2303 2000 2378; baseline -0.006 -12"><span class='ocrx_word' id='word_1_285' title='bbox 413 2327 526 2367; x_wconf 89' lang='lat' dir='ltr'><strong>non</strong></span> <span class='ocrx_word' id='word_1_286' title='bbox 555 2311 832 2378; x_wconf 67' lang='lat' dir='ltr'><strong>aegerrime</strong></span> <span class='ocrx_word' id='word_1_287' title='bbox 864 2308 1086 2363; x_wconf 81' lang='lat' dir='ltr'><strong>ferebat.</strong></span> <span class='ocrx_word' id='word_1_288' title='bbox 1127 2307 1319 2362; x_wconf 89' lang='lat' dir='ltr'><strong>Idonea</strong></span> <span class='ocrx_word' id='word_1_289' title='bbox 1361 2321 1490 2360; x_wconf 89' lang='lat' dir='ltr'><strong>vero</strong></span> <span class='ocrx_word' id='word_1_290' title='bbox 1537 2320 1626 2359; x_wconf 88' lang='lat' dir='ltr'><strong>res</strong></span> <span class='ocrx_word' id='word_1_291' title='bbox 1656 2303 1721 2357; x_wconf 88' lang='lat' dir='ltr'><strong>ad</strong></span> <span class='ocrx_word' id='word_1_292' title='bbox 1775 2304 2000 2357; x_wconf 84' lang='lat' dir='ltr'><strong>beatitu-</strong></span> 
     </span>
    </p>
   </div>
   <div class='ocr_carea' id='block_1_40' title="bbox 416 2396 2000 2465">
    <p class='ocr_par' dir='ltr' id='par_1_40' title="bbox 416 2396 2000 2465">
     <span class='ocr_line' id='line_1_40' title="bbox 416 2396 2000 2465; baseline -0.008 -7"><span class='ocrx_word' id='word_1_293' title='bbox 416 2403 594 2459; x_wconf 85' lang='lat' dir='ltr'><strong>dinem</strong></span> <span class='ocrx_word' id='word_1_294' title='bbox 623 2409 837 2455; x_wconf 87' lang='lat' dir='ltr'><strong>constat</strong></span> <span class='ocrx_word' id='word_1_295' title='bbox 893 2399 1215 2462; x_wconf 88' lang='lat' dir='ltr'><strong>hominibus,</strong></span> <span class='ocrx_word' id='word_1_296' title='bbox 1268 2396 1408 2465; x_wconf 89' lang='lat' dir='ltr'><strong>quod</strong></span> <span class='ocrx_word' id='word_1_297' title='bbox 1460 2396 1598 2450; x_wconf 90' lang='lat' dir='ltr'><strong>bona</strong></span> <span class='ocrx_word' id='word_1_298' title='bbox 1648 2409 1864 2463; x_wconf 89' lang='lat' dir='ltr'><strong>sperare</strong></span> <span class='ocrx_word' id='word_1_299' title='bbox 1895 2408 2000 2446; x_wconf 90' lang='lat' dir='ltr'><strong>non</strong></span> 
     </span>
    </p>
   </div>
   <div class='ocr_carea' id='block_1_41' title="bbox 416 2485 2000 2556">
    <p class='ocr_par' dir='ltr' id='par_1_41' title="bbox 416 2485 2000 2556">
     <span class='ocr_line' id='line_1_41' title="bbox 416 2485 2000 2556; baseline -0.007 -9"><span class='ocrx_word' id='word_1_300' title='bbox 416 2493 696 2556; x_wconf 86' lang='lat' dir='ltr'><strong>desinant;</strong></span> <span class='ocrx_word' id='word_1_301' title='bbox 727 2490 924 2544; x_wconf 76' lang='lat' dir='ltr'><strong>idcirco</strong></span> <span class='ocrx_word' id='word_1_302' title='bbox 953 2491 1091 2543; x_wconf 85' lang='lat' dir='ltr'><strong>idem</strong></span> <span class='ocrx_word' id='word_1_303' title='bbox 1125 2489 1384 2556; x_wconf 85' lang='lat' dir='ltr'><strong>propheta</strong></span> <span class='ocrx_word' id='word_1_304' title='bbox 1409 2487 1460 2539; x_wconf 93' lang='lat' dir='ltr'><strong>in</strong></span> <span class='ocrx_word' id='word_1_305' title='bbox 1493 2486 1594 2538; x_wconf 89' lang='lat' dir='ltr'><strong>line</strong></span> <span class='ocrx_word' id='word_1_306' title='bbox 1624 2486 1788 2554; x_wconf 83' lang='lat' dir='ltr'><strong>ipsius</strong></span> <span class='ocrx_word' id='word_1_307' title='bbox 1809 2485 2000 2554; x_wconf 78' lang='lat' dir='ltr'><strong>psalmi</strong></span> 
     </span>
    </p>
   </div>
   <div class='ocr_carea' id='block_1_42' title="bbox 417 2572 2000 2650">
    <p class='ocr_par' dir='ltr' id='par_1_42' title="bbox 417 2572 2000 2650">
     <span class='ocr_line' id='line_1_42' title="bbox 417 2572 2000 2650; baseline -0.008 -14"><span class='ocrx_word' id='word_1_308' title='bbox 417 2583 567 2650; x_wconf 86' lang='lat' dir='ltr'><strong>ponit</strong></span> <span class='ocrx_word' id='word_1_309' title='bbox 596 2590 650 2634; x_wconf 89' lang='lat' dir='ltr'><strong>et</strong></span> <span class='ocrx_word' id='word_1_310' title='bbox 690 2581 854 2634; x_wconf 79' lang='lat' dir='ltr'><strong>dicit:</strong></span> <span class='ocrx_word' id='word_1_311' title='bbox 888 2579 1103 2631; x_wconf 83' lang='lat' dir='ltr'><strong>Domine</strong></span> <span class='ocrx_word' id='word_1_312' title='bbox 1138 2576 1276 2628; x_wconf 82' lang='lat' dir='ltr'><strong>Deus</strong></span> <span class='ocrx_word' id='word_1_313' title='bbox 1315 2577 1552 2635; x_wconf 73' lang='lat' dir='ltr'><strong>virtutum</strong></span> <span class='ocrx_word' id='word_1_314' title='bbox 1575 2613 1588 2638; x_wconf 96' lang='lat'><strong>,</strong></span> <span class='ocrx_word' id='word_1_315' title='bbox 1622 2572 1795 2626; x_wconf 84' lang='lat' dir='ltr'><strong>beatus</strong></span> <span class='ocrx_word' id='word_1_316' title='bbox 1850 2573 2000 2625; x_wconf 78' lang='lat' dir='ltr'><strong>liOlllO</strong></span> 
     </span>
    </p>
   </div>
   <div class='ocr_carea' id='block_1_43' title="bbox 414 2665 1997 2742">
    <p class='ocr_par' dir='ltr' id='par_1_43' title="bbox 414 2665 1997 2742">
     <span class='ocr_line' id='line_1_43' title="bbox 414 2665 1997 2742; baseline -0.006 -18"><span class='ocrx_word' id='word_1_317' title='bbox 414 2672 499 2742; x_wconf 86' lang='lat' dir='ltr'><strong>qui</strong></span> <span class='ocrx_word' id='word_1_318' title='bbox 522 2679 698 2740; x_wconf 84' lang='lat' dir='ltr'><strong>sperat</strong></span> <span class='ocrx_word' id='word_1_319' title='bbox 729 2671 780 2722; x_wconf 91' lang='lat' dir='ltr'><strong>in</strong></span> <span class='ocrx_word' id='word_1_320' title='bbox 814 2680 877 2720; x_wconf 87' lang='lat' dir='ltr'><strong>te.</strong></span> <span class='ocrx_word' id='word_1_321' title='bbox 913 2668 1028 2720; x_wconf 78' lang='lat' dir='ltr'><strong>Non</strong></span> <span class='ocrx_word' id='word_1_322' title='bbox 1061 2668 1240 2735; x_wconf 88' lang='lat' dir='ltr'><strong>itaque</strong></span> <span class='ocrx_word' id='word_1_323' title='bbox 1268 2665 1523 2719; x_wconf 85' lang='lat' dir='ltr'><strong>convenit</strong></span> <span class='ocrx_word' id='word_1_324' title='bbox 1559 2678 1778 2732; x_wconf 80' lang='lat' dir='ltr'><strong>parvam</strong></span> <span class='ocrx_word' id='word_1_325' title='bbox 1811 2678 1997 2716; x_wconf 85' lang='lat' dir='ltr'><strong>curam</strong></span> 
     </span>
    </p>
   </div>
   <div class='ocr_carea' id='block_1_44' title="bbox 415 2754 1994 2828">
    <p class='ocr_par' dir='ltr' id='par_1_44' title="bbox 415 2754 1994 2828">
     <span class='ocr_line' id='line_1_44' title="bbox 415 2754 1994 2828; baseline -0.006 -13"><span class='ocrx_word' id='word_1_326' title='bbox 415 2776 600 2815; x_wconf 87' lang='lat' dir='ltr'><strong>eorum</strong></span> <span class='ocrx_word' id='word_1_327' title='bbox 631 2775 749 2828; x_wconf 58' lang='lat' dir='ltr'><strong>qua‘</strong></span> <span class='ocrx_word' id='word_1_328' title='bbox 778 2769 997 2813; x_wconf 86' lang='lat' dir='ltr'><strong>ventura</strong></span> <span class='ocrx_word' id='word_1_329' title='bbox 1033 2767 1156 2810; x_wconf 86' lang='lat' dir='ltr'><strong>sunt</strong></span> <span class='ocrx_word' id='word_1_330' title='bbox 1208 2765 1434 2822; x_wconf 80' lang='lat' dir='ltr'><strong>angusto</strong></span> <span class='ocrx_word' id='word_1_331' title='bbox 1483 2762 1702 2823; x_wconf 80' lang='lat' dir='ltr'><strong>pectore</strong></span> <span class='ocrx_word' id='word_1_332' title='bbox 1743 2754 1994 2806; x_wconf 85' lang='lat' dir='ltr'><strong>retinere.</strong></span> 
     </span>
    </p>
   </div>
   <div class='ocr_carea' id='block_1_45' title="bbox 413 2844 1999 2919">
    <p class='ocr_par' dir='ltr' id='par_1_45' title="bbox 413 2844 1999 2919">
     <span class='ocr_line' id='line_1_45' title="bbox 413 2844 1999 2919; baseline -0.005 -15"><span class='ocrx_word' id='word_1_333' title='bbox 413 2847 519 2904; x_wconf 88' lang='lat' dir='ltr'><strong>Sed</strong></span> <span class='ocrx_word' id='word_1_334' title='bbox 547 2867 615 2903; x_wconf 91' lang='lat' dir='ltr'><strong>ne</strong></span> <span class='ocrx_word' id='word_1_335' title='bbox 662 2850 842 2919; x_wconf 86' lang='lat' dir='ltr'><strong>potius</strong></span> <span class='ocrx_word' id='word_1_336' title='bbox 871 2865 898 2901; x_wconf 91' lang='lat' dir='ltr'><strong>a</strong></span> <span class='ocrx_word' id='word_1_337' title='bbox 941 2848 1216 2916; x_wconf 72' lang='lat' dir='ltr'><strong>promissis</strong></span> <span class='ocrx_word' id='word_1_338' title='bbox 1263 2845 1592 2907; x_wconf 74' lang='lat' dir='ltr'><strong>excid-mus,</strong></span> <span class='ocrx_word' id='word_1_339' title='bbox 1619 2844 1850 2897; x_wconf 90' lang='lat' dir='ltr'><strong>studium</strong></span> <span class='ocrx_word' id='word_1_340' title='bbox 1900 2858 1999 2897; x_wconf 92' lang='lat' dir='ltr'><strong>nos</strong></span> 
     </span>
    </p>
   </div>
   <div class='ocr_carea' id='block_1_46' title="bbox 414 2935 1996 3012">
    <p class='ocr_par' dir='ltr' id='par_1_46' title="bbox 414 2935 1996 3012">
     <span class='ocr_line' id='line_1_46' title="bbox 414 2935 1996 3012; baseline -0.006 -15"><span class='ocrx_word' id='word_1_341' title='bbox 414 2952 631 3012; x_wconf 88' lang='lat' dir='ltr'><strong>Oportet</strong></span> <span class='ocrx_word' id='word_1_342' title='bbox 657 2943 986 3010; x_wconf 78' lang='lat' dir='ltr'><strong>impendere.</strong></span> <span class='ocrx_word' id='word_1_343' title='bbox 1015 2937 1473 3006; x_wconf 73' lang='lat' dir='ltr'><strong>Quemadmodum</strong></span> <span class='ocrx_word' id='word_1_344' title='bbox 1505 2937 1648 2990; x_wconf 90' lang='lat' dir='ltr'><strong>enim</strong></span> <span class='ocrx_word' id='word_1_345' title='bbox 1679 2936 1722 2990; x_wconf 89' lang='lat' dir='ltr'><strong>si</strong></span> <span class='ocrx_word' id='word_1_346' title='bbox 1757 2935 1875 3002; x_wconf 83' lang='lat' dir='ltr'><strong>quis</strong></span> <span class='ocrx_word' id='word_1_347' title='bbox 1911 2949 1996 2988; x_wconf 91' lang='lat' dir='ltr'><strong>me</strong></span> 
     </span>
    </p>
   </div>
   <div class='ocr_carea' id='block_1_47' title="bbox 413 3026 1996 3100">
    <p class='ocr_par' dir='ltr' id='par_1_47' title="bbox 413 3026 1996 3100">
     <span class='ocr_line' id='line_1_47' title="bbox 413 3026 1996 3100; baseline -0.006 -13"><span class='ocrx_word' id='word_1_348' title='bbox 413 3033 753 3100; x_wconf 73' lang='lat' dir='ltr'><strong>inexpertum</strong></span> <span class='ocrx_word' id='word_1_349' title='bbox 786 3032 1081 3098; x_wconf 79' lang='lat' dir='ltr'><strong>rudemque</strong></span> <span class='ocrx_word' id='word_1_350' title='bbox 1108 3037 1454 3098; x_wconf 70' lang='lat' dir='ltr'><strong>pnnmoneat,</strong></span> <span class='ocrx_word' id='word_1_351' title='bbox 1479 3026 1620 3095; x_wconf 89' lang='lat' dir='ltr'><strong>quod</strong></span> <span class='ocrx_word' id='word_1_352' title='bbox 1634 3026 1836 3080; x_wconf 66' lang='lat' dir='ltr'><strong>aestatis</strong></span> <span class='ocrx_word' id='word_1_353' title='bbox 1866 3033 1996 3080; x_wconf 88' lang='lat' dir='ltr'><strong>tem-</strong></span> 
     </span>
    </p>
   </div>
   <div class='ocr_carea' id='block_1_48' title="bbox 2109 1854 3692 1924">
    <p class='ocr_par' dir='ltr' id='par_1_48' title="bbox 2109 1854 3692 1924">
     <span class='ocr_line' id='line_1_48' title="bbox 2109 1854 3692 1924; baseline 0.002 -16"><span class='ocrx_word' id='word_1_354' title='bbox 2109 1870 2230 1908; x_wconf 88' lang='lat' dir='ltr'><strong>nam</strong></span> <span class='ocrx_word' id='word_1_355' title='bbox 2263 1854 2373 1908; x_wconf 86' lang='lat' dir='ltr'><strong>Deo</strong></span> <span class='ocrx_word' id='word_1_356' title='bbox 2400 1854 2585 1907; x_wconf 89' lang='lat' dir='ltr'><strong>dicunt</strong></span> <span class='ocrx_word' id='word_1_357' title='bbox 2615 1868 2736 1907; x_wconf 89' lang='lat' dir='ltr'><strong>esse</strong></span> <span class='ocrx_word' id='word_1_358' title='bbox 2768 1855 3045 1908; x_wconf 88' lang='lat' dir='ltr'><strong>materiam</strong></span> <span class='ocrx_word' id='word_1_359' title='bbox 3065 1895 3080 1918; x_wconf 92' lang='lat'><strong>,</strong></span> <span class='ocrx_word' id='word_1_360' title='bbox 3129 1855 3322 1910; x_wconf 90' lang='lat' dir='ltr'><strong>talibus</strong></span> <span class='ocrx_word' id='word_1_361' title='bbox 3367 1860 3692 1924; x_wconf 77' lang='lat' dir='ltr'><strong>argumentis</strong></span> 
     </span>
    </p>
   </div>
   <div class='ocr_carea' id='block_1_49' title="bbox 2106 1942 3698 2014">
    <p class='ocr_par' dir='ltr' id='par_1_49' title="bbox 2106 1942 3698 2014">
     <span class='ocr_line' id='line_1_49' title="bbox 2106 1942 3698 2014; baseline 0.003 -15"><span class='ocrx_word' id='word_1_362' title='bbox 2106 1959 2261 1999; x_wconf 86' lang='lat' dir='ltr'><strong>suum</strong></span> <span class='ocrx_word' id='word_1_363' title='bbox 2288 1944 2480 2012; x_wconf 88' lang='lat' dir='ltr'><strong>dogma</strong></span> <span class='ocrx_word' id='word_1_364' title='bbox 2507 1943 2765 2010; x_wconf 88' lang='lat' dir='ltr'><strong>ﬁngentes</strong></span> <span class='ocrx_word' id='word_1_365' title='bbox 2799 1962 2810 1995; x_wconf 93' lang='lat'>:</span> <span class='ocrx_word' id='word_1_366' title='bbox 2842 1942 2902 1997; x_wconf 91' lang='lat' dir='ltr'><strong>Si</strong></span> <span class='ocrx_word' id='word_1_367' title='bbox 2932 1945 3178 2014; x_wconf 85' lang='lat' dir='ltr'><strong>simplicis</strong></span> <span class='ocrx_word' id='word_1_368' title='bbox 3204 1943 3341 1998; x_wconf 85' lang='lat' dir='ltr'><strong>Deus</strong></span> <span class='ocrx_word' id='word_1_369' title='bbox 3373 1955 3574 2001; x_wconf 74' lang='lat' dir='ltr'><strong>natura:</strong></span> <span class='ocrx_word' id='word_1_370' title='bbox 3595 1960 3698 2012; x_wconf 64' lang='lat' dir='ltr'><strong>PH,</strong></span> 
     </span>
    </p>
   </div>
   <div class='ocr_carea' id='block_1_50' title="bbox 2105 2033 3690 2104">
    <p class='ocr_par' dir='ltr' id='par_1_50' title="bbox 2105 2033 3690 2104">
     <span class='ocr_line' id='line_1_50' title="bbox 2105 2033 3690 2104; baseline 0.003 -18"><span class='ocrx_word' id='word_1_371' title='bbox 2105 2035 2218 2086; x_wconf 84' lang='lat' dir='ltr'><strong>sine</strong></span> <span class='ocrx_word' id='word_1_372' title='bbox 2246 2033 2462 2086; x_wconf 84' lang='lat' dir='ltr'><strong>materia</strong></span> <span class='ocrx_word' id='word_1_373' title='bbox 2491 2034 2664 2103; x_wconf 84' lang='lat' dir='ltr'><strong>utique</strong></span> <span class='ocrx_word' id='word_1_374' title='bbox 2692 2041 2740 2085; x_wconf 86' lang='lat' dir='ltr'><strong>et</strong></span> <span class='ocrx_word' id='word_1_375' title='bbox 2769 2034 2880 2085; x_wconf 88' lang='lat' dir='ltr'><strong>sine</strong></span> <span class='ocrx_word' id='word_1_376' title='bbox 2907 2035 3215 2104; x_wconf 75' lang='lat' dir='ltr'><strong>quantitate,</strong></span> <span class='ocrx_word' id='word_1_377' title='bbox 3238 2043 3287 2087; x_wconf 88' lang='lat' dir='ltr'><strong>et</strong></span> <span class='ocrx_word' id='word_1_378' title='bbox 3309 2037 3421 2088; x_wconf 83' lang='lat' dir='ltr'><strong>sine</strong></span> <span class='ocrx_word' id='word_1_379' title='bbox 3451 2037 3603 2101; x_wconf 85' lang='lat' dir='ltr'><strong>mole,</strong></span> <span class='ocrx_word' id='word_1_380' title='bbox 3642 2049 3690 2090; x_wconf 79' lang='lat' dir='ltr'><strong>ct</strong></span> 
     </span>
    </p>
   </div>
   <div class='ocr_carea' id='block_1_51' title="bbox 2105 2122 3690 2196">
    <p class='ocr_par' dir='ltr' id='par_1_51' title="bbox 2105 2122 3690 2196">
     <span class='ocr_line' id='line_1_51' title="bbox 2105 2122 3690 2196; baseline 0.002 -21"><span class='ocrx_word' id='word_1_381' title='bbox 2105 2125 2216 2175; x_wconf 86' lang='lat' dir='ltr'><strong>sine</strong></span> <span class='ocrx_word' id='word_1_382' title='bbox 2246 2123 2614 2192; x_wconf 80' lang='lat' dir='ltr'><strong>compositione</strong></span> <span class='ocrx_word' id='word_1_383' title='bbox 2636 2131 2742 2184; x_wconf 84' lang='lat' dir='ltr'><strong>est,</strong></span> <span class='ocrx_word' id='word_1_384' title='bbox 2775 2122 3044 2192; x_wconf 79' lang='lat' dir='ltr'><strong>cujuslibet</strong></span> <span class='ocrx_word' id='word_1_385' title='bbox 3072 2123 3256 2193; x_wconf 76' lang='lat' dir='ltr'><strong>ﬁgura:</strong></span> <span class='ocrx_word' id='word_1_386' title='bbox 3286 2128 3690 2196; x_wconf 72' lang='lat' dir='ltr'><strong>pra’scriplionis</strong></span> 
     </span>
    </p>
   </div>
   <div class='ocr_carea' id='block_1_52' title="bbox 2107 2200 3688 2287">
    <p class='ocr_par' dir='ltr' id='par_1_52' title="bbox 2107 2200 3688 2287">
     <span class='ocr_line' id='line_1_52' title="bbox 2107 2200 3688 2287; baseline 0.006 -23"><span class='ocrx_word' id='word_1_387' title='bbox 2107 2213 2304 2264; x_wconf 82' lang='lat' dir='ltr'><strong>alienus</strong></span> <span class='ocrx_word' id='word_1_388' title='bbox 2334 2214 2580 2264; x_wconf 72' lang='lat' dir='ltr'><strong>existens.</strong></span> <span class='ocrx_word' id='word_1_389' title='bbox 2630 2211 2812 2266; x_wconf 82' lang='lat' dir='ltr'><strong>Omnis</strong></span> <span class='ocrx_word' id='word_1_390' title='bbox 2841 2223 3009 2266; x_wconf 88' lang='lat' dir='ltr'><strong>autem</strong></span> <span class='ocrx_word' id='word_1_391' title='bbox 3051 2200 3267 2268; x_wconf 75' lang='lat' dir='ltr'><strong>materia</strong></span> <span class='ocrx_word' id='word_1_392' title='bbox 3311 2216 3364 2268; x_wconf 88' lang='lat' dir='ltr'><strong>in</strong></span> <span class='ocrx_word' id='word_1_393' title='bbox 3406 2220 3688 2287; x_wconf 82' lang='lat' dir='ltr'><strong>spatiorum</strong></span> 
     </span>
    </p>
   </div>
   <div class='ocr_carea' id='block_1_53' title="bbox 2105 2302 3686 2375">
    <p class='ocr_par' dir='ltr' id='par_1_53' title="bbox 2105 2302 3686 2375">
     <span class='ocr_line' id='line_1_53' title="bbox 2105 2302 3686 2375; baseline 0.005 -20"><span class='ocrx_word' id='word_1_394' title='bbox 2105 2302 2414 2356; x_wconf 83' lang='lat' dir='ltr'><strong>distentione</strong></span> <span class='ocrx_word' id='word_1_395' title='bbox 2446 2303 2773 2373; x_wconf 81' lang='lat' dir='ltr'><strong>perspicitur,</strong></span> <span class='ocrx_word' id='word_1_396' title='bbox 2806 2305 3308 2375; x_wconf 75' lang='lat' dir='ltr'><strong>comprehensionem</strong></span> <span class='ocrx_word' id='word_1_397' title='bbox 3329 2324 3566 2362; x_wconf 86' lang='lat' dir='ltr'><strong>sensuum</strong></span> <span class='ocrx_word' id='word_1_398' title='bbox 3598 2327 3686 2362; x_wconf 85' lang='lat' dir='ltr'><strong>nc-</strong></span> 
     </span>
    </p>
   </div>
   <div class='ocr_carea' id='block_1_54' title="bbox 2103 2393 3686 2470">
    <p class='ocr_par' dir='ltr' id='par_1_54' title="bbox 2103 2393 3686 2470">
     <span class='ocr_line' id='line_1_54' title="bbox 2103 2393 3686 2470; baseline 0.005 -26"><span class='ocrx_word' id='word_1_399' title='bbox 2103 2410 2356 2464; x_wconf 81' lang='lat' dir='ltr'><strong>quaquam</strong></span> <span class='ocrx_word' id='word_1_400' title='bbox 2401 2411 2613 2462; x_wconf 86' lang='lat' dir='ltr'><strong>prorsus</strong></span> <span class='ocrx_word' id='word_1_401' title='bbox 2641 2393 2923 2466; x_wconf 75' lang='lat' dir='ltr'><strong>e/fugicns,</strong></span> <span class='ocrx_word' id='word_1_402' title='bbox 2966 2413 3079 2466; x_wconf 76' lang='lat' dir='ltr'><strong>qua:</strong></span> <span class='ocrx_word' id='word_1_403' title='bbox 3109 2398 3160 2449; x_wconf 84' lang='lat' dir='ltr'><strong>in</strong></span> <span class='ocrx_word' id='word_1_404' title='bbox 3191 2398 3360 2451; x_wconf 85' lang='lat' dir='ltr'><strong>colore</strong></span> <span class='ocrx_word' id='word_1_405' title='bbox 3388 2415 3450 2450; x_wconf 87' lang='lat' dir='ltr'><strong>ac</strong></span> <span class='ocrx_word' id='word_1_406' title='bbox 3492 2399 3686 2470; x_wconf 82' lang='lat' dir='ltr'><strong>ﬁgura,</strong></span> 
     </span>
    </p>
   </div>
   <div class='ocr_carea' id='block_1_55' title="bbox 2103 2485 3682 2557">
    <p class='ocr_par' dir='ltr' id='par_1_55' title="bbox 2103 2485 3682 2557">
     <span class='ocr_line' id='line_1_55' title="bbox 2103 2485 3682 2557; baseline 0.005 -22"><span class='ocrx_word' id='word_1_407' title='bbox 2103 2485 2235 2538; x_wconf 87' lang='lat' dir='ltr'><strong>mole</strong></span> <span class='ocrx_word' id='word_1_408' title='bbox 2281 2502 2476 2556; x_wconf 86' lang='lat' dir='ltr'><strong>quoque</strong></span> <span class='ocrx_word' id='word_1_409' title='bbox 2519 2494 2568 2538; x_wconf 86' lang='lat' dir='ltr'><strong>et</strong></span> <span class='ocrx_word' id='word_1_410' title='bbox 2614 2488 2863 2557; x_wconf 81' lang='lat' dir='ltr'><strong>qualitate</strong></span> <span class='ocrx_word' id='word_1_411' title='bbox 2917 2496 2965 2540; x_wconf 86' lang='lat' dir='ltr'><strong>et</strong></span> <span class='ocrx_word' id='word_1_412' title='bbox 3011 2489 3351 2555; x_wconf 82' lang='lat' dir='ltr'><strong>impressione</strong></span> <span class='ocrx_word' id='word_1_413' title='bbox 3405 2489 3480 2542; x_wconf 70' lang='lat' dir='ltr'><strong>vel</strong></span> <span class='ocrx_word' id='word_1_414' title='bbox 3536 2490 3682 2543; x_wconf 74' lang='lat' dir='ltr'><strong>duri-</strong></span> 
     </span>
    </p>
   </div>
   <div class='ocr_carea' id='block_1_56' title="bbox 2103 2575 3684 2650">
    <p class='ocr_par' dir='ltr' id='par_1_56' title="bbox 2103 2575 3684 2650">
     <span class='ocr_line' id='line_1_56' title="bbox 2103 2575 3684 2650; baseline 0.004 -24"><span class='ocrx_word' id='word_1_415' title='bbox 2103 2576 2194 2640; x_wconf 83' lang='lat' dir='ltr'><strong>tia,</strong></span> <span class='ocrx_word' id='word_1_416' title='bbox 2254 2592 2315 2627; x_wconf 89' lang='lat' dir='ltr'><strong>ac</strong></span> <span class='ocrx_word' id='word_1_417' title='bbox 2369 2577 2576 2646; x_wconf 82' lang='lat' dir='ltr'><strong>reliquis</strong></span> <span class='ocrx_word' id='word_1_418' title='bbox 2623 2577 2876 2631; x_wconf 82' lang='lat' dir='ltr'><strong>similibus</strong></span> <span class='ocrx_word' id='word_1_419' title='bbox 2925 2575 3076 2629; x_wconf 83' lang='lat' dir='ltr'><strong>rebus</strong></span> <span class='ocrx_word' id='word_1_420' title='bbox 3133 2579 3429 2648; x_wconf 79' lang='lat' dir='ltr'><strong>agnoscitur</strong></span> <span class='ocrx_word' id='word_1_421' title='bbox 3480 2596 3497 2632; x_wconf 90' lang='lat'><strong><em>:</em></strong></span> <span class='ocrx_word' id='word_1_422' title='bbox 3556 2597 3684 2650; x_wconf 86' lang='lat' dir='ltr'><strong>quo-</strong></span> 
     </span>
    </p>
   </div>
   <div class='ocr_carea' id='block_1_57' title="bbox 2101 2666 3681 2738">
    <p class='ocr_par' dir='ltr' id='par_1_57' title="bbox 2101 2666 3681 2738">
     <span class='ocr_line' id='line_1_57' title="bbox 2101 2666 3681 2738; baseline 0.004 -20"><span class='ocrx_word' id='word_1_423' title='bbox 2101 2683 2214 2718; x_wconf 86' lang='lat' dir='ltr'><strong>rum</strong></span> <span class='ocrx_word' id='word_1_424' title='bbox 2261 2666 2392 2719; x_wconf 78' lang='lat' dir='ltr'><strong>nihil</strong></span> <span class='ocrx_word' id='word_1_425' title='bbox 2441 2667 2495 2720; x_wconf 89' lang='lat' dir='ltr'><strong>in</strong></span> <span class='ocrx_word' id='word_1_426' title='bbox 2549 2677 2740 2720; x_wconf 85' lang='lat' dir='ltr'><strong>natura</strong></span> <span class='ocrx_word' id='word_1_427' title='bbox 2781 2667 2957 2720; x_wconf 78' lang='lat' dir='ltr'><strong>divina</strong></span> <span class='ocrx_word' id='word_1_428' title='bbox 3006 2677 3172 2735; x_wconf 85' lang='lat' dir='ltr'><strong>potest</strong></span> <span class='ocrx_word' id='word_1_429' title='bbox 3213 2671 3415 2738; x_wconf 86' lang='lat' dir='ltr'><strong>penitus</strong></span> <span class='ocrx_word' id='word_1_430' title='bbox 3444 2671 3681 2726; x_wconf 82' lang='lat' dir='ltr'><strong>inveniri.</strong></span> 
     </span>
    </p>
   </div>
   <div class='ocr_carea' id='block_1_58' title="bbox 2102 2756 3683 2831">
    <p class='ocr_par' dir='ltr' id='par_1_58' title="bbox 2102 2756 3683 2831">
     <span class='ocr_line' id='line_1_58' title="bbox 2102 2756 3683 2831; baseline 0.006 -21"><span class='ocrx_word' id='word_1_431' title='bbox 2102 2756 2256 2822; x_wconf 88' lang='lat' dir='ltr'><strong>Quod</strong></span> <span class='ocrx_word' id='word_1_432' title='bbox 2310 2772 2438 2826; x_wconf 88' lang='lat' dir='ltr'><strong>ergo</strong></span> <span class='ocrx_word' id='word_1_433' title='bbox 2489 2758 2979 2813; x_wconf 88' lang='lat' dir='ltr'><strong>machinamentum</strong></span> <span class='ocrx_word' id='word_1_434' title='bbox 3028 2769 3147 2825; x_wconf 80' lang='lat' dir='ltr'><strong>est,</strong></span> <span class='ocrx_word' id='word_1_435' title='bbox 3201 2769 3258 2812; x_wconf 89' lang='lat' dir='ltr'><strong>ut</strong></span> <span class='ocrx_word' id='word_1_436' title='bbox 3304 2776 3368 2814; x_wconf 79' lang='lat' dir='ltr'><strong>cx</strong></span> <span class='ocrx_word' id='word_1_437' title='bbox 3425 2777 3491 2815; x_wconf 91' lang='lat' dir='ltr'><strong>eo</strong></span> <span class='ocrx_word' id='word_1_438' title='bbox 3539 2767 3683 2831; x_wconf 84' lang='lat' dir='ltr'><strong>quod</strong></span> 
     </span>
    </p>
   </div>
   <div class='ocr_carea' id='block_1_59' title="bbox 2102 2849 3682 2922">
    <p class='ocr_par' dir='ltr' id='par_1_59' title="bbox 2102 2849 3682 2922">
     <span class='ocr_line' id='line_1_59' title="bbox 2102 2849 3682 2922; baseline 0.003 -20"><span class='ocrx_word' id='word_1_439' title='bbox 2102 2849 2243 2902; x_wconf 89' lang='lat' dir='ltr'><strong>nulla</strong></span> <span class='ocrx_word' id='word_1_440' title='bbox 2274 2849 2525 2903; x_wconf 88' lang='lat' dir='ltr'><strong>distantia</strong></span> <span class='ocrx_word' id='word_1_441' title='bbox 2556 2851 2952 2919; x_wconf 79' lang='lat' dir='ltr'><strong>praescribitur,</strong></span> <span class='ocrx_word' id='word_1_442' title='bbox 3004 2860 3190 2904; x_wconf 83' lang='lat' dir='ltr'><strong>natura</strong></span> <span class='ocrx_word' id='word_1_443' title='bbox 3224 2852 3514 2922; x_wconf 88' lang='lat' dir='ltr'><strong>procedat,</strong></span> <span class='ocrx_word' id='word_1_444' title='bbox 3565 2869 3682 2922; x_wconf 77' lang='lat' dir='ltr'><strong>qua:</strong></span> 
     </span>
    </p>
   </div>
   <div class='ocr_carea' id='block_1_60' title="bbox 2101 2937 3682 2997">
    <p class='ocr_par' dir='ltr' id='par_1_60' title="bbox 2101 2937 3682 2997">
     <span class='ocr_line' id='line_1_60' title="bbox 2101 2937 3682 2997; baseline 0.003 -5"><span class='ocrx_word' id='word_1_445' title='bbox 2101 2937 2371 2993; x_wconf 90' lang='lat' dir='ltr'><strong>distantiis</strong></span> <span class='ocrx_word' id='word_1_446' title='bbox 2401 2941 2742 2994; x_wconf 86' lang='lat' dir='ltr'><strong>continetur?</strong></span> <span class='ocrx_word' id='word_1_447' title='bbox 2793 2940 2849 2995; x_wconf 91' lang='lat' dir='ltr'><strong>Si</strong></span> <span class='ocrx_word' id='word_1_448' title='bbox 2881 2942 3020 2995; x_wconf 92' lang='lat' dir='ltr'><strong>enim</strong></span> <span class='ocrx_word' id='word_1_449' title='bbox 3067 2942 3179 2996; x_wconf 77' lang='lat' dir='ltr'><strong>lucc</strong></span> <span class='ocrx_word' id='word_1_450' title='bbox 3219 2942 3410 2997; x_wconf 79' lang='lat' dir='ltr'><strong>exinde</strong></span> <span class='ocrx_word' id='word_1_451' title='bbox 3453 2945 3682 2997; x_wconf 86' lang='lat' dir='ltr'><strong>credun-</strong></span> 
     </span>
    </p>
   </div>
   <div class='ocr_carea' id='block_1_61' title="bbox 2099 3030 3680 3102">
    <p class='ocr_par' dir='ltr' id='par_1_61' title="bbox 2099 3030 3680 3102">
     <span class='ocr_line' id='line_1_61' title="bbox 2099 3030 3680 3102; baseline 0.006 -20"><span class='ocrx_word' id='word_1_452' title='bbox 2099 3038 2184 3083; x_wconf 89' lang='lat' dir='ltr'><strong>tur</strong></span> <span class='ocrx_word' id='word_1_453' title='bbox 2236 3030 2506 3096; x_wconf 79' lang='lat' dir='ltr'><strong>existere,</strong></span> <span class='ocrx_word' id='word_1_454' title='bbox 2564 3039 2765 3085; x_wconf 78' lang='lat' dir='ltr'><strong>ceitum</strong></span> <span class='ocrx_word' id='word_1_455' title='bbox 2824 3041 2906 3087; x_wconf 88' lang='lat' dir='ltr'><strong>est</strong></span> <span class='ocrx_word' id='word_1_456' title='bbox 2959 3033 3102 3102; x_wconf 89' lang='lat' dir='ltr'><strong>quod</strong></span> <span class='ocrx_word' id='word_1_457' title='bbox 3161 3031 3422 3088; x_wconf 70' lang='lat' dir='ltr'><strong>inhmrere</strong></span> <span class='ocrx_word' id='word_1_458' title='bbox 3455 3035 3569 3100; x_wconf 91' lang='lat' dir='ltr'><strong>illi,</strong></span> <span class='ocrx_word' id='word_1_459' title='bbox 3628 3050 3680 3091; x_wconf 85' lang='lat' dir='ltr'><strong>ct</strong></span> 
     </span>
    </p>
   </div>
   <div class='ocr_carea' id='block_1_62' title="bbox 415 3117 3680 3195">
    <p class='ocr_par' dir='ltr' id='par_1_62' title="bbox 415 3117 3680 3195">
     <span class='ocr_line' id='line_1_62' title="bbox 415 3117 3680 3195; baseline -0.001 -17"><span class='ocrx_word' id='word_1_460' title='bbox 415 3139 546 3195; x_wconf 90' lang='lat' dir='ltr'><strong>pore</strong></span> <span class='ocrx_word' id='word_1_461' title='bbox 579 3125 842 3177; x_wconf 77' lang='lat' dir='ltr'><strong>fructuum</strong></span> <span class='ocrx_word' id='word_1_462' title='bbox 873 3123 962 3175; x_wconf 81' lang='lat' dir='ltr'><strong>ﬁat</strong></span> <span class='ocrx_word' id='word_1_463' title='bbox 986 3123 1236 3190; x_wconf 76' lang='lat' dir='ltr'><strong>opulenta</strong></span> <span class='ocrx_word' id='word_1_464' title='bbox 1268 3119 1540 3181; x_wconf 87' lang='lat' dir='ltr'><strong>collectio,</strong></span> <span class='ocrx_word' id='word_1_465' title='bbox 1567 3124 1622 3170; x_wconf 86' lang='lat' dir='ltr'><strong>et</strong></span> <span class='ocrx_word' id='word_1_466' title='bbox 1647 3117 1994 3185; x_wconf 80' lang='lat' dir='ltr'><strong>replebantur</strong></span> <span class='ocrx_word' id='word_1_467' title='bbox 2021 3129 2064 3190; x_wconf 75' lang='grc' dir='ltr'>ρ</span> <span class='ocrx_word' id='word_1_468' title='bbox 2095 3119 2250 3188; x_wconf 82' lang='lat' dir='ltr'><strong>juxta</strong></span> <span class='ocrx_word' id='word_1_469' title='bbox 2283 3119 2608 3174; x_wconf 81' lang='lat' dir='ltr'><strong>inell&#39;ahilem</strong></span> <span class='ocrx_word' id='word_1_470' title='bbox 2641 3121 2933 3184; x_wconf 86' lang='lat' dir='ltr'><strong>rationem,</strong></span> <span class='ocrx_word' id='word_1_471' title='bbox 2963 3121 3039 3174; x_wconf 90' lang='lat' dir='ltr'><strong>sic</strong></span> <span class='ocrx_word' id='word_1_472' title='bbox 3071 3122 3119 3174; x_wconf 92' lang='lat' dir='ltr'><strong>in</strong></span> <span class='ocrx_word' id='word_1_473' title='bbox 3151 3122 3508 3189; x_wconf 81' lang='lat' dir='ltr'><strong>generationis</strong></span> <span class='ocrx_word' id='word_1_474' title='bbox 3536 3125 3680 3176; x_wconf 84' lang='lat' dir='ltr'><strong>ordi-</strong></span> 
     </span>
    </p>
   </div>
   <div class='ocr_carea' id='block_1_63' title="bbox 413 3208 1992 3288">
    <p class='ocr_par' dir='ltr' id='par_1_63' title="bbox 413 3208 1992 3288">
     <span class='ocr_line' id='line_1_63' title="bbox 413 3208 1992 3288; baseline -0.004 -18"><span class='ocrx_word' id='word_1_475' title='bbox 413 3219 626 3288; x_wconf 89' lang='lat' dir='ltr'><strong>quidem</strong></span> <span class='ocrx_word' id='word_1_476' title='bbox 678 3219 865 3270; x_wconf 87' lang='lat' dir='ltr'><strong>horrea</strong></span> <span class='ocrx_word' id='word_1_477' title='bbox 917 3215 1172 3282; x_wconf 74' lang='lat' dir='ltr'><strong>frugibus,</strong></span> <span class='ocrx_word' id='word_1_478' title='bbox 1228 3229 1409 3265; x_wconf 89' lang='lat' dir='ltr'><strong>mensa</strong></span> <span class='ocrx_word' id='word_1_479' title='bbox 1455 3227 1582 3264; x_wconf 85' lang='lat' dir='ltr'><strong>vero</strong></span> <span class='ocrx_word' id='word_1_480' title='bbox 1621 3210 1774 3278; x_wconf 88' lang='lat' dir='ltr'><strong>copia</strong></span> <span class='ocrx_word' id='word_1_481' title='bbox 1825 3208 1992 3278; x_wconf 88' lang='lat' dir='ltr'><strong>ipsius</strong></span> 
     </span>
    </p>
   </div>
   <div class='ocr_carea' id='block_1_64' title="bbox 414 3302 1990 3372">
    <p class='ocr_par' dir='ltr' id='par_1_64' title="bbox 414 3302 1990 3372">
     <span class='ocr_line' id='line_1_64' title="bbox 414 3302 1990 3372; baseline -0.004 -10"><span class='ocrx_word' id='word_1_482' title='bbox 414 3309 676 3362; x_wconf 79' lang='lat' dir='ltr'><strong>ubertatis</strong></span> <span class='ocrx_word' id='word_1_483' title='bbox 725 3309 856 3361; x_wconf 86' lang='lat' dir='ltr'><strong>cibis</strong></span> <span class='ocrx_word' id='word_1_484' title='bbox 913 3308 1014 3359; x_wconf 84' lang='lat' dir='ltr'><strong>erit</strong></span> <span class='ocrx_word' id='word_1_485' title='bbox 1070 3304 1261 3358; x_wconf 82' lang='lat' dir='ltr'><strong>referta</strong></span> <span class='ocrx_word' id='word_1_486' title='bbox 1317 3302 1752 3372; x_wconf 87' lang='lat' dir='ltr'><strong>quamplurimis,</strong></span> <span class='ocrx_word' id='word_1_487' title='bbox 1823 3317 1990 3355; x_wconf 88' lang='lat' dir='ltr'><strong>vanus</strong></span> 
     </span>
    </p>
   </div>
   <div class='ocr_carea' id='block_1_65' title="bbox 414 3393 1990 3467">
    <p class='ocr_par' dir='ltr' id='par_1_65' title="bbox 414 3393 1990 3467">
     <span class='ocr_line' id='line_1_65' title="bbox 414 3393 1990 3467; baseline -0.001 -17"><span class='ocrx_word' id='word_1_488' title='bbox 414 3401 654 3467; x_wconf 75' lang='lat' dir='ltr'><strong>proiecto</strong></span> <span class='ocrx_word' id='word_1_489' title='bbox 689 3398 968 3458; x_wconf 84' lang='lat' dir='ltr'><strong>videbitur,</strong></span> <span class='ocrx_word' id='word_1_490' title='bbox 1004 3397 1047 3449; x_wconf 90' lang='lat' dir='ltr'><strong>si</strong></span> <span class='ocrx_word' id='word_1_491' title='bbox 1080 3397 1367 3448; x_wconf 84' lang='lat' dir='ltr'><strong>adventum</strong></span> <span class='ocrx_word' id='word_1_492' title='bbox 1404 3395 1661 3461; x_wconf 51' lang='lat' dir='ltr'><strong>temporis</strong></span> <span class='ocrx_word' id='word_1_493' title='bbox 1692 3393 1990 3462; x_wconf 83' lang='lat' dir='ltr'><strong>anticipare</strong></span> 
     </span>
    </p>
   </div>
   <div class='ocr_carea' id='block_1_66' title="bbox 411 3486 1986 3556">
    <p class='ocr_par' dir='ltr' id='par_1_66' title="bbox 411 3486 1986 3556">
     <span class='ocr_line' id='line_1_66' title="bbox 411 3486 1986 3556; baseline -0.003 -14"><span class='ocrx_word' id='word_1_494' title='bbox 411 3486 646 3546; x_wconf 52' lang='lat' dir='ltr'><strong>festinet.</strong></span> <span class='ocrx_word' id='word_1_495' title='bbox 681 3489 770 3556; x_wconf 90' lang='lat' dir='ltr'><strong>qui</strong></span> <span class='ocrx_word' id='word_1_496' title='bbox 817 3487 979 3539; x_wconf 76' lang='lat' dir='ltr'><strong>debet</strong></span> <span class='ocrx_word' id='word_1_497' title='bbox 1009 3487 1190 3555; x_wconf 88' lang='lat' dir='ltr'><strong>utique</strong></span> <span class='ocrx_word' id='word_1_498' title='bbox 1219 3486 1446 3553; x_wconf 87' lang='lat' dir='ltr'><strong>primum</strong></span> <span class='ocrx_word' id='word_1_499' title='bbox 1478 3487 1681 3537; x_wconf 87' lang='lat' dir='ltr'><strong>semina</strong></span> <span class='ocrx_word' id='word_1_500' title='bbox 1712 3497 1986 3553; x_wconf 76' lang='lat' dir='ltr'><strong>spargere,</strong></span> 
     </span>
    </p>
   </div>
   <div class='ocr_carea' id='block_1_67' title="bbox 410 3564 1986 3644">
    <p class='ocr_par' dir='ltr' id='par_1_67' title="bbox 410 3564 1986 3644">
     <span class='ocr_line' id='line_1_67' title="bbox 410 3564 1986 3644; baseline -0.001 -14"><span class='ocrx_word' id='word_1_501' title='bbox 410 3576 719 3644; x_wconf 76' lang='lat' dir='ltr'><strong>fruetusque</strong></span> <span class='ocrx_word' id='word_1_502' title='bbox 749 3578 847 3630; x_wconf 86' lang='lat' dir='ltr'><strong>sibi</strong></span> <span class='ocrx_word' id='word_1_503' title='bbox 890 3564 1161 3641; x_wconf 76' lang='lat' dir='ltr'><strong>diligentia</strong></span> <span class='ocrx_word' id='word_1_504' title='bbox 1189 3576 1299 3644; x_wconf 80' lang='lat' dir='ltr'><strong>ipsa</strong></span> <span class='ocrx_word' id='word_1_505' title='bbox 1326 3590 1646 3644; x_wconf 69' lang='lat' dir='ltr'><strong>praeparare,</strong></span> <span class='ocrx_word' id='word_1_506' title='bbox 1676 3575 1803 3628; x_wconf 88' lang='lat' dir='ltr'><strong>velit</strong></span> <span class='ocrx_word' id='word_1_507' title='bbox 1833 3575 1986 3630; x_wconf 87' lang='lat' dir='ltr'><strong>nolit.</strong></span> 
     </span>
    </p>
   </div>
   <div class='ocr_carea' id='block_1_68' title="bbox 411 3664 1987 3737">
    <p class='ocr_par' dir='ltr' id='par_1_68' title="bbox 411 3664 1987 3737">
     <span class='ocr_line' id='line_1_68' title="bbox 411 3664 1987 3737; baseline -0.001 -15"><span class='ocrx_word' id='word_1_508' title='bbox 411 3667 646 3737; x_wconf 80' lang='lat' dir='ltr'><strong>Tempus</strong></span> <span class='ocrx_word' id='word_1_509' title='bbox 671 3669 812 3721; x_wconf 87' lang='lat' dir='ltr'><strong>enim</strong></span> <span class='ocrx_word' id='word_1_510' title='bbox 845 3670 982 3721; x_wconf 87' lang='lat' dir='ltr'><strong>sicut</strong></span> <span class='ocrx_word' id='word_1_511' title='bbox 1012 3667 1288 3736; x_wconf 71' lang='lat' dir='ltr'><strong>prmlixum</strong></span> <span class='ocrx_word' id='word_1_512' title='bbox 1321 3672 1402 3718; x_wconf 74' lang='lat' dir='ltr'><strong>est</strong></span> <span class='ocrx_word' id='word_1_513' title='bbox 1458 3664 1660 3730; x_wconf 82' lang='lat' dir='ltr'><strong>veniet,</strong></span> <span class='ocrx_word' id='word_1_514' title='bbox 1708 3667 1850 3734; x_wconf 86' lang='lat' dir='ltr'><strong>quod</strong></span> <span class='ocrx_word' id='word_1_515' title='bbox 1881 3681 1987 3720; x_wconf 90' lang='lat' dir='ltr'><strong>non</strong></span> 
     </span>
    </p>
   </div>
   <div class='ocr_carea' id='block_1_69' title="bbox 407 3758 1984 3829">
    <p class='ocr_par' dir='ltr' id='par_1_69' title="bbox 407 3758 1984 3829">
     <span class='ocr_line' id='line_1_69' title="bbox 407 3758 1984 3829; baseline -0.002 -13"><span class='ocrx_word' id='word_1_516' title='bbox 407 3763 654 3816; x_wconf 72' lang='lat' dir='ltr'><strong>similiter</strong></span> <span class='ocrx_word' id='word_1_517' title='bbox 677 3761 945 3829; x_wconf 65' lang='lat' dir='ltr'><strong>excipient</strong></span> <span class='ocrx_word' id='word_1_518' title='bbox 977 3763 1026 3814; x_wconf 90' lang='lat' dir='ltr'><strong>hi</strong></span> <span class='ocrx_word' id='word_1_519' title='bbox 1059 3761 1148 3829; x_wconf 88' lang='lat' dir='ltr'><strong>qui</strong></span> <span class='ocrx_word' id='word_1_520' title='bbox 1179 3759 1278 3813; x_wconf 92' lang='lat' dir='ltr'><strong>sibi</strong></span> <span class='ocrx_word' id='word_1_521' title='bbox 1297 3758 1580 3828; x_wconf 87' lang='lat' dir='ltr'><strong>provident</strong></span> <span class='ocrx_word' id='word_1_522' title='bbox 1603 3759 1984 3813; x_wconf 87' lang='lat' dir='ltr'><strong>abundantiam</strong></span> 
     </span>
    </p>
   </div>
   <div class='ocr_carea' id='block_1_70' title="bbox 407 3849 1986 3921">
    <p class='ocr_par' dir='ltr' id='par_1_70' title="bbox 407 3849 1986 3921">
     <span class='ocr_line' id='line_1_70' title="bbox 407 3849 1986 3921; baseline 0 -17"><span class='ocrx_word' id='word_1_523' title='bbox 407 3851 637 3920; x_wconf 75' lang='lat' dir='ltr'><strong>frugum,</strong></span> <span class='ocrx_word' id='word_1_524' title='bbox 671 3862 726 3906; x_wconf 92' lang='lat' dir='ltr'><strong>et</strong></span> <span class='ocrx_word' id='word_1_525' title='bbox 755 3852 844 3919; x_wconf 91' lang='lat' dir='ltr'><strong>qui</strong></span> <span class='ocrx_word' id='word_1_526' title='bbox 872 3852 1014 3904; x_wconf 80' lang='lat' dir='ltr'><strong>omni</strong></span> <span class='ocrx_word' id='word_1_527' title='bbox 1046 3859 1305 3921; x_wconf 77' lang='lat' dir='ltr'><strong>apparatu</strong></span> <span class='ocrx_word' id='word_1_528' title='bbox 1348 3849 1500 3902; x_wconf 85' lang='lat' dir='ltr'><strong>vacui</strong></span> <span class='ocrx_word' id='word_1_529' title='bbox 1535 3850 1666 3902; x_wconf 89' lang='lat' dir='ltr'><strong>hora</strong></span> <span class='ocrx_word' id='word_1_530' title='bbox 1717 3849 1827 3917; x_wconf 83' lang='lat' dir='ltr'><strong>ipsa</strong></span> <span class='ocrx_word' id='word_1_531' title='bbox 1870 3851 1986 3904; x_wconf 83' lang='lat' dir='ltr'><strong>fue-</strong></span> 
     </span>
    </p>
   </div>
   <div class='ocr_carea' id='block_1_71' title="bbox 406 3938 1984 4009">
    <p class='ocr_par' dir='ltr' id='par_1_71' title="bbox 406 3938 1984 4009">
     <span class='ocr_line' id='line_1_71' title="bbox 406 3938 1984 4009; baseline -0.001 -15"><span class='ocrx_word' id='word_1_532' title='bbox 406 3943 514 3995; x_wconf 90' lang='lat' dir='ltr'><strong>rint</strong></span> <span class='ocrx_word' id='word_1_533' title='bbox 533 3941 905 4009; x_wconf 77' lang='lat' dir='ltr'><strong>comprehensi</strong></span> <span class='ocrx_word' id='word_1_534' title='bbox 929 3959 940 3992; x_wconf 88' lang='lat'><strong>:</strong></span> <span class='ocrx_word' id='word_1_535' title='bbox 970 3941 1046 3994; x_wconf 85' lang='lat' dir='ltr'><strong>sic</strong></span> <span class='ocrx_word' id='word_1_536' title='bbox 1063 3951 1115 3993; x_wconf 92' lang='lat' dir='ltr'><strong>et</strong></span> <span class='ocrx_word' id='word_1_537' title='bbox 1141 3939 1293 3994; x_wconf 89' lang='lat' dir='ltr'><strong>nobis</strong></span> <span class='ocrx_word' id='word_1_538' title='bbox 1312 3939 1544 3992; x_wconf 88' lang='lat' dir='ltr'><strong>arbitror</strong></span> <span class='ocrx_word' id='word_1_539' title='bbox 1565 3938 1836 4007; x_wconf 81' lang='lat' dir='ltr'><strong>expedire,</strong></span> <span class='ocrx_word' id='word_1_540' title='bbox 1864 3955 1984 3992; x_wconf 88' lang='lat' dir='ltr'><strong>cum</strong></span> 
     </span>
    </p>
   </div>
   <div class='ocr_carea' id='block_1_72' title="bbox 406 4031 1984 4102">
    <p class='ocr_par' dir='ltr' id='par_1_72' title="bbox 406 4031 1984 4102">
     <span class='ocr_line' id='line_1_72' title="bbox 406 4031 1984 4102; baseline -0.001 -16"><span class='ocrx_word' id='word_1_541' title='bbox 406 4032 478 4086; x_wconf 89' lang='lat' dir='ltr'><strong>sit</strong></span> <span class='ocrx_word' id='word_1_542' title='bbox 529 4034 777 4086; x_wconf 89' lang='lat' dir='ltr'><strong>onmibus</strong></span> <span class='ocrx_word' id='word_1_543' title='bbox 833 4031 1154 4098; x_wconf 68' lang='lat' dir='ltr'><strong>patefactum</strong></span> <span class='ocrx_word' id='word_1_544' title='bbox 1210 4032 1589 4101; x_wconf 67' lang='lat' dir='ltr'><strong>prtedicatione</strong></span> <span class='ocrx_word' id='word_1_545' title='bbox 1638 4031 1815 4084; x_wconf 77' lang='lat' dir='ltr'><strong>divina</strong></span> <span class='ocrx_word' id='word_1_546' title='bbox 1867 4047 1984 4102; x_wconf 67' lang='lat' dir='ltr'><strong>quin</strong></span> 
     </span>
    </p>
   </div>
   <div class='ocr_carea' id='block_1_73' title="bbox 408 4120 1985 4192">
    <p class='ocr_par' dir='ltr' id='par_1_73' title="bbox 408 4120 1985 4192">
     <span class='ocr_line' id='line_1_73' title="bbox 408 4120 1985 4192; baseline 0.001 -17"><span class='ocrx_word' id='word_1_547' title='bbox 408 4138 549 4176; x_wconf 89' lang='lat' dir='ltr'><strong>nunc</strong></span> <span class='ocrx_word' id='word_1_548' title='bbox 573 4123 791 4189; x_wconf 82' lang='lat' dir='ltr'><strong>geritur,</strong></span> <span class='ocrx_word' id='word_1_549' title='bbox 824 4120 1056 4174; x_wconf 80' lang='lat' dir='ltr'><strong>futurum</strong></span> <span class='ocrx_word' id='word_1_550' title='bbox 1083 4131 1292 4192; x_wconf 85' lang='lat' dir='ltr'><strong>tempus</strong></span> <span class='ocrx_word' id='word_1_551' title='bbox 1323 4133 1518 4176; x_wconf 69' lang='lat' dir='ltr'><strong>nostra:</strong></span> <span class='ocrx_word' id='word_1_552' title='bbox 1547 4122 1985 4178; x_wconf 87' lang='lat' dir='ltr'><strong>commutationis</strong></span> 
     </span>
    </p>
   </div>
   <div class='ocr_carea' id='block_1_74' title="bbox 403 4212 1978 4283">
    <p class='ocr_par' dir='ltr' id='par_1_74' title="bbox 403 4212 1978 4283">
     <span class='ocr_line' id='line_1_74' title="bbox 403 4212 1978 4283; baseline 0 -17"><span class='ocrx_word' id='word_1_553' title='bbox 403 4212 670 4277; x_wconf 85' lang='lat' dir='ltr'><strong>insistere,</strong></span> <span class='ocrx_word' id='word_1_554' title='bbox 705 4230 808 4266; x_wconf 91' lang='lat' dir='ltr'><strong>non</strong></span> <span class='ocrx_word' id='word_1_555' title='bbox 844 4224 1081 4282; x_wconf 84' lang='lat' dir='ltr'><strong>tempora</strong></span> <span class='ocrx_word' id='word_1_556' title='bbox 1113 4215 1382 4268; x_wconf 89' lang='lat' dir='ltr'><strong>discutere</strong></span> <span class='ocrx_word' id='word_1_557' title='bbox 1429 4229 1548 4283; x_wconf 69' lang='lat' dir='ltr'><strong>qua:</strong></span> <span class='ocrx_word' id='word_1_558' title='bbox 1581 4222 1806 4268; x_wconf 77' lang='lat' dir='ltr'><strong>ventura</strong></span> <span class='ocrx_word' id='word_1_559' title='bbox 1834 4222 1978 4276; x_wconf 88' lang='lat' dir='ltr'><strong>sunt,</strong></span> 
     </span>
    </p>
   </div>
   <div class='ocr_carea' id='block_1_75' title="bbox 403 4303 1984 4374">
    <p class='ocr_par' dir='ltr' id='par_1_75' title="bbox 403 4303 1984 4374">
     <span class='ocr_line' id='line_1_75' title="bbox 403 4303 1984 4374; baseline 0.002 -19"><span class='ocrx_word' id='word_1_560' title='bbox 403 4305 528 4372; x_wconf 89' lang='lat' dir='ltr'><strong>quia</strong></span> <span class='ocrx_word' id='word_1_561' title='bbox 557 4320 662 4358; x_wconf 89' lang='lat' dir='ltr'><strong>non</strong></span> <span class='ocrx_word' id='word_1_562' title='bbox 688 4319 808 4358; x_wconf 77' lang='lat' dir='ltr'><strong>esse</strong></span> <span class='ocrx_word' id='word_1_563' title='bbox 839 4313 1080 4358; x_wconf 87' lang='lat' dir='ltr'><strong>nostrum</strong></span> <span class='ocrx_word' id='word_1_564' title='bbox 1125 4303 1196 4357; x_wconf 90' lang='lat' dir='ltr'><strong>ait</strong></span> <span class='ocrx_word' id='word_1_565' title='bbox 1228 4304 1504 4374; x_wconf 87' lang='lat' dir='ltr'><strong>Scriptura</strong></span> <span class='ocrx_word' id='word_1_566' title='bbox 1546 4319 1703 4359; x_wconf 89' lang='lat' dir='ltr'><strong>nosse</strong></span> <span class='ocrx_word' id='word_1_567' title='bbox 1742 4312 1984 4374; x_wconf 89' lang='lat' dir='ltr'><strong>tempora</strong></span> 
     </span>
    </p>
   </div>
   <div class='ocr_carea' id='block_1_76' title="bbox 402 4392 1978 4464">
    <p class='ocr_par' dir='ltr' id='par_1_76' title="bbox 402 4392 1978 4464">
     <span class='ocr_line' id='line_1_76' title="bbox 402 4392 1978 4464; baseline 0.003 -18"><span class='ocrx_word' id='word_1_568' title='bbox 402 4392 487 4446; x_wconf 83' lang='lat' dir='ltr'><strong>vel</strong></span> <span class='ocrx_word' id='word_1_569' title='bbox 523 4404 816 4462; x_wconf 85' lang='lat' dir='ltr'><strong>momenta,</strong></span> <span class='ocrx_word' id='word_1_570' title='bbox 848 4411 1020 4463; x_wconf 82' lang='lat' dir='ltr'><strong>neque</strong></span> <span class='ocrx_word' id='word_1_571' title='bbox 1051 4395 1408 4462; x_wconf 72' lang='lat' dir='ltr'><strong>Cogitatioaes</strong></span> <span class='ocrx_word' id='word_1_572' title='bbox 1437 4397 1643 4464; x_wconf 87' lang='lat' dir='ltr'><strong>aliquas</strong></span> <span class='ocrx_word' id='word_1_573' title='bbox 1673 4396 1978 4464; x_wconf 85' lang='lat' dir='ltr'><strong>exquirere,</strong></span> 
     </span>
    </p>
   </div>
   <div class='ocr_carea' id='block_1_77' title="bbox 2096 3209 3679 3282">
    <p class='ocr_par' dir='ltr' id='par_1_77' title="bbox 2096 3209 3679 3282">
     <span class='ocr_line' id='line_1_77' title="bbox 2096 3209 3679 3282; baseline 0.003 -20"><span class='ocrx_word' id='word_1_574' title='bbox 2096 3226 2217 3263; x_wconf 90' lang='lat' dir='ltr'><strong>nem</strong></span> <span class='ocrx_word' id='word_1_575' title='bbox 2250 3210 2557 3282; x_wconf 73' lang='lat' dir='ltr'><strong>pervenisse</strong></span> <span class='ocrx_word' id='word_1_576' title='bbox 2587 3211 2819 3279; x_wconf 86' lang='lat' dir='ltr'><strong>putanda</strong></span> <span class='ocrx_word' id='word_1_577' title='bbox 2843 3220 2986 3264; x_wconf 90' lang='lat' dir='ltr'><strong>sunt.</strong></span> <span class='ocrx_word' id='word_1_578' title='bbox 3018 3209 3071 3264; x_wconf 92' lang='lat' dir='ltr'><strong>Si</strong></span> <span class='ocrx_word' id='word_1_579' title='bbox 3097 3221 3276 3264; x_wconf 90' lang='lat' dir='ltr'><strong>autem</strong></span> <span class='ocrx_word' id='word_1_580' title='bbox 3303 3211 3354 3265; x_wconf 91' lang='lat' dir='ltr'><strong>in</strong></span> <span class='ocrx_word' id='word_1_581' title='bbox 3387 3227 3453 3266; x_wconf 89' lang='lat' dir='ltr'><strong>eo</strong></span> <span class='ocrx_word' id='word_1_582' title='bbox 3484 3216 3567 3266; x_wconf 78' lang='lat' dir='ltr'><strong>re&#39;s</strong></span> <span class='ocrx_word' id='word_1_583' title='bbox 3597 3226 3679 3267; x_wconf 78' lang='lat' dir='ltr'><strong>est</strong></span> 
     </span>
    </p>
   </div>
   <div class='ocr_carea' id='block_1_78' title="bbox 2095 3301 3675 3372">
    <p class='ocr_par' dir='ltr' id='par_1_78' title="bbox 2095 3301 3675 3372">
     <span class='ocr_line' id='line_1_78' title="bbox 2095 3301 3675 3372; baseline 0.002 -18"><span class='ocrx_word' id='word_1_584' title='bbox 2095 3303 2421 3367; x_wconf 84' lang='lat' dir='ltr'><strong>materialis,</strong></span> <span class='ocrx_word' id='word_1_585' title='bbox 2455 3302 2725 3371; x_wconf 86' lang='lat' dir='ltr'><strong>quomodo</strong></span> <span class='ocrx_word' id='word_1_586' title='bbox 2754 3301 3046 3358; x_wconf 85' lang='lat' dir='ltr'><strong>materialis</strong></span> <span class='ocrx_word' id='word_1_587' title='bbox 3077 3302 3192 3371; x_wconf 89' lang='lat' dir='ltr'><strong>ipse</strong></span> <span class='ocrx_word' id='word_1_588' title='bbox 3222 3317 3327 3356; x_wconf 90' lang='lat' dir='ltr'><strong>non</strong></span> <span class='ocrx_word' id='word_1_589' title='bbox 3357 3311 3467 3366; x_wconf 89' lang='lat' dir='ltr'><strong>est,</strong></span> <span class='ocrx_word' id='word_1_590' title='bbox 3501 3306 3590 3372; x_wconf 91' lang='lat' dir='ltr'><strong>qui</strong></span> <span class='ocrx_word' id='word_1_591' title='bbox 3625 3306 3675 3357; x_wconf 90' lang='lat' dir='ltr'><strong>in</strong></span> 
     </span>
    </p>
   </div>
   <div class='ocr_carea' id='block_1_79' title="bbox 2094 3391 3675 3462">
    <p class='ocr_par' dir='ltr' id='par_1_79' title="bbox 2094 3391 3675 3462">
     <span class='ocr_line' id='line_1_79' title="bbox 2094 3391 3675 3462; baseline 0.002 -17"><span class='ocrx_word' id='word_1_592' title='bbox 2094 3407 2152 3446; x_wconf 88' lang='lat' dir='ltr'><strong>se</strong></span> <span class='ocrx_word' id='word_1_593' title='bbox 2197 3391 2478 3446; x_wconf 88' lang='lat' dir='ltr'><strong>materiam</strong></span> <span class='ocrx_word' id='word_1_594' title='bbox 2510 3393 2796 3446; x_wconf 89' lang='lat' dir='ltr'><strong>continet?</strong></span> <span class='ocrx_word' id='word_1_595' title='bbox 2845 3392 3101 3447; x_wconf 87' lang='lat' dir='ltr'><strong>Similiter</strong></span> <span class='ocrx_word' id='word_1_596' title='bbox 3131 3402 3346 3462; x_wconf 85' lang='lat' dir='ltr'><strong>autem,</strong></span> <span class='ocrx_word' id='word_1_597' title='bbox 3398 3403 3452 3448; x_wconf 89' lang='lat' dir='ltr'><strong>et</strong></span> <span class='ocrx_word' id='word_1_598' title='bbox 3496 3398 3675 3449; x_wconf 85' lang='lat' dir='ltr'><strong>omnia</strong></span> 
     </span>
    </p>
   </div>
   <div class='ocr_carea' id='block_1_80' title="bbox 2092 3481 3675 3555">
    <p class='ocr_par' dir='ltr' id='par_1_80' title="bbox 2092 3481 3675 3555">
     <span class='ocr_line' id='line_1_80' title="bbox 2092 3481 3675 3555; baseline 0.001 -21"><span class='ocrx_word' id='word_1_599' title='bbox 2092 3481 2285 3552; x_wconf 88' lang='lat' dir='ltr'><strong>quibus</strong></span> <span class='ocrx_word' id='word_1_600' title='bbox 2314 3483 2607 3538; x_wconf 88' lang='lat' dir='ltr'><strong>materialis</strong></span> <span class='ocrx_word' id='word_1_601' title='bbox 2636 3490 2822 3536; x_wconf 86' lang='lat' dir='ltr'><strong>natura</strong></span> <span class='ocrx_word' id='word_1_602' title='bbox 2855 3481 3112 3550; x_wconf 87' lang='lat' dir='ltr'><strong>ﬁguratur</strong></span> <span class='ocrx_word' id='word_1_603' title='bbox 3144 3504 3154 3536; x_wconf 92' lang='lat'><strong>:</strong></span> <span class='ocrx_word' id='word_1_604' title='bbox 3179 3484 3224 3539; x_wconf 90' lang='lat' dir='ltr'><strong>si</strong></span> <span class='ocrx_word' id='word_1_605' title='bbox 3254 3485 3374 3540; x_wconf 89' lang='lat' dir='ltr'><strong>ideo</strong></span> <span class='ocrx_word' id='word_1_606' title='bbox 3402 3500 3529 3555; x_wconf 86' lang='lat' dir='ltr'><strong>ergo</strong></span> <span class='ocrx_word' id='word_1_607' title='bbox 3553 3501 3675 3540; x_wconf 77' lang='lat' dir='ltr'><strong>cro.-</strong></span> 
     </span>
    </p>
   </div>
   <div class='ocr_carea' id='block_1_81' title="bbox 2091 3574 3678 3645">
    <p class='ocr_par' dir='ltr' id='par_1_81' title="bbox 2091 3574 3678 3645">
     <span class='ocr_line' id='line_1_81' title="bbox 2091 3574 3678 3645; baseline 0.002 -17"><span class='ocrx_word' id='word_1_608' title='bbox 2091 3574 2236 3628; x_wconf 90' lang='lat' dir='ltr'><strong>ditur</strong></span> <span class='ocrx_word' id='word_1_609' title='bbox 2275 3589 2396 3629; x_wconf 90' lang='lat' dir='ltr'><strong>esse</strong></span> <span class='ocrx_word' id='word_1_610' title='bbox 2434 3575 2702 3642; x_wconf 87' lang='lat' dir='ltr'><strong>quantitas</strong></span> <span class='ocrx_word' id='word_1_611' title='bbox 2726 3613 2740 3637; x_wconf 88' lang='lat'><strong>,</strong></span> <span class='ocrx_word' id='word_1_612' title='bbox 2792 3575 3064 3644; x_wconf 86' lang='lat' dir='ltr'><strong>quomodo</strong></span> <span class='ocrx_word' id='word_1_613' title='bbox 3109 3576 3225 3631; x_wconf 85' lang='lat' dir='ltr'><strong>sine</strong></span> <span class='ocrx_word' id='word_1_614' title='bbox 3268 3575 3566 3645; x_wconf 79' lang='lat' dir='ltr'><strong>quantitate</strong></span> <span class='ocrx_word' id='word_1_615' title='bbox 3595 3589 3678 3631; x_wconf 76' lang='lat' dir='ltr'><strong>est</strong></span> 
     </span>
    </p>
   </div>
   <div class='ocr_carea' id='block_1_82' title="bbox 2091 3666 3676 3740">
    <p class='ocr_par' dir='ltr' id='par_1_82' title="bbox 2091 3666 3676 3740">
     <span class='ocr_line' id='line_1_82' title="bbox 2091 3666 3676 3740; baseline 0.001 -16"><span class='ocrx_word' id='word_1_616' title='bbox 2091 3668 2268 3724; x_wconf 88' lang='lat' dir='ltr'><strong>Deus?</strong></span> <span class='ocrx_word' id='word_1_617' title='bbox 2297 3666 2352 3722; x_wconf 92' lang='lat' dir='ltr'><strong>Si</strong></span> <span class='ocrx_word' id='word_1_618' title='bbox 2380 3668 2433 3720; x_wconf 92' lang='lat' dir='ltr'><strong>in</strong></span> <span class='ocrx_word' id='word_1_619' title='bbox 2461 3682 2527 3721; x_wconf 92' lang='lat' dir='ltr'><strong>eo</strong></span> <span class='ocrx_word' id='word_1_620' title='bbox 2554 3667 2697 3737; x_wconf 89' lang='lat' dir='ltr'><strong>quod</strong></span> <span class='ocrx_word' id='word_1_621' title='bbox 2741 3668 3097 3736; x_wconf 85' lang='lat' dir='ltr'><strong>compositum</strong></span> <span class='ocrx_word' id='word_1_622' title='bbox 3126 3677 3227 3731; x_wconf 89' lang='lat' dir='ltr'><strong>est,</strong></span> <span class='ocrx_word' id='word_1_623' title='bbox 3259 3669 3532 3737; x_wconf 90' lang='lat' dir='ltr'><strong>quomodo</strong></span> <span class='ocrx_word' id='word_1_624' title='bbox 3563 3671 3676 3740; x_wconf 56' lang='lat' dir='ltr'><strong>ipse</strong></span> 
     </span>
    </p>
   </div>
   <div class='ocr_carea' id='block_1_83' title="bbox 2090 3755 3675 3830">
    <p class='ocr_par' dir='ltr' id='par_1_83' title="bbox 2090 3755 3675 3830">
     <span class='ocr_line' id='line_1_83' title="bbox 2090 3755 3675 3830; baseline -0.001 -16"><span class='ocrx_word' id='word_1_625' title='bbox 2090 3760 2317 3830; x_wconf 78' lang='lat' dir='ltr'><strong>simplex</strong></span> <span class='ocrx_word' id='word_1_626' title='bbox 2364 3766 2419 3812; x_wconf 89' lang='lat' dir='ltr'><strong>et</strong></span> <span class='ocrx_word' id='word_1_627' title='bbox 2465 3759 2582 3812; x_wconf 89' lang='lat' dir='ltr'><strong>sine</strong></span> <span class='ocrx_word' id='word_1_628' title='bbox 2618 3757 3011 3827; x_wconf 88' lang='lat' dir='ltr'><strong>compositione</strong></span> <span class='ocrx_word' id='word_1_629' title='bbox 3039 3760 3164 3813; x_wconf 89' lang='lat' dir='ltr'><strong>est?</strong></span> <span class='ocrx_word' id='word_1_630' title='bbox 3221 3755 3372 3812; x_wconf 87' lang='lat' dir='ltr'><strong>Unde</strong></span> <span class='ocrx_word' id='word_1_631' title='bbox 3417 3774 3540 3813; x_wconf 92' lang='lat' dir='ltr'><strong>eum</strong></span> <span class='ocrx_word' id='word_1_632' title='bbox 3583 3772 3675 3814; x_wconf 89' lang='lat' dir='ltr'><strong>aut</strong></span> 
     </span>
    </p>
   </div>
   <div class='ocr_carea' id='block_1_84' title="bbox 2090 3848 3674 3918">
    <p class='ocr_par' dir='ltr' id='par_1_84' title="bbox 2090 3848 3674 3918">
     <span class='ocr_line' id='line_1_84' title="bbox 2090 3848 3674 3918; baseline -0.001 -13"><span class='ocrx_word' id='word_1_633' title='bbox 2090 3849 2424 3905; x_wconf 87' lang='lat' dir='ltr'><strong>materialem</strong></span> <span class='ocrx_word' id='word_1_634' title='bbox 2454 3863 2574 3902; x_wconf 89' lang='lat' dir='ltr'><strong>esse</strong></span> <span class='ocrx_word' id='word_1_635' title='bbox 2607 3863 2824 3901; x_wconf 86' lang='lat' dir='ltr'><strong>necesse</strong></span> <span class='ocrx_word' id='word_1_636' title='bbox 2853 3855 2965 3912; x_wconf 90' lang='lat' dir='ltr'><strong>est,</strong></span> <span class='ocrx_word' id='word_1_637' title='bbox 2999 3848 3124 3916; x_wconf 89' lang='lat' dir='ltr'><strong>quia</strong></span> <span class='ocrx_word' id='word_1_638' title='bbox 3153 3864 3217 3903; x_wconf 79' lang='lat' dir='ltr'><strong>ex</strong></span> <span class='ocrx_word' id='word_1_639' title='bbox 3249 3849 3364 3918; x_wconf 91' lang='lat' dir='ltr'><strong>ipso</strong></span> <span class='ocrx_word' id='word_1_640' title='bbox 3388 3848 3674 3903; x_wconf 75' lang='lat' dir='ltr'><strong>subsistere</strong></span> 
     </span>
    </p>
   </div>
   <div class='ocr_carea' id='block_1_85' title="bbox 2088 3937 3710 4018">
    <p class='ocr_par' dir='ltr' id='par_1_85' title="bbox 2088 3937 3710 4018">
     <span class='ocr_line' id='line_1_85' title="bbox 2088 3937 3710 4018; baseline -0.001 -25"><span class='ocrx_word' id='word_1_641' title='bbox 2088 3939 2368 3993; x_wconf 87' lang='lat' dir='ltr'><strong>materiam</strong></span> <span class='ocrx_word' id='word_1_642' title='bbox 2395 3937 2732 3991; x_wconf 89' lang='lat' dir='ltr'><strong>ratiocinatio</strong></span> <span class='ocrx_word' id='word_1_643' title='bbox 2751 3938 2864 4007; x_wconf 84' lang='lat' dir='ltr'><strong>ipsa</strong></span> <span class='ocrx_word' id='word_1_644' title='bbox 2879 3939 3174 4006; x_wconf 89' lang='lat' dir='ltr'><strong>compellit.</strong></span> <span class='ocrx_word' id='word_1_645' title='bbox 3200 3939 3306 3992; x_wconf 87' lang='lat' dir='ltr'><strong>Aut</strong></span> <span class='ocrx_word' id='word_1_646' title='bbox 3333 3939 3376 3996; x_wconf 90' lang='lat' dir='ltr'><strong>si</strong></span> <span class='ocrx_word' id='word_1_647' title='bbox 3391 3940 3710 4018; x_wconf 43' lang='lat' dir='ltr'><strong>quisquam‘</strong></span> 
     </span>
    </p>
   </div>
   <div class='ocr_carea' id='block_1_86' title="bbox 2087 4027 3668 4096">
    <p class='ocr_par' dir='ltr' id='par_1_86' title="bbox 2087 4027 3668 4096">
     <span class='ocr_line' id='line_1_86' title="bbox 2087 4027 3668 4096; baseline -0.001 -12"><span class='ocrx_word' id='word_1_648' title='bbox 2087 4030 2191 4085; x_wconf 87' lang='lat' dir='ltr'><strong>hoc</strong></span> <span class='ocrx_word' id='word_1_649' title='bbox 2221 4028 2446 4096; x_wconf 81' lang='lat' dir='ltr'><strong>refugit,</strong></span> <span class='ocrx_word' id='word_1_650' title='bbox 2479 4028 2814 4082; x_wconf 78' lang='lat' dir='ltr'><strong>extrinsecus</strong></span> <span class='ocrx_word' id='word_1_651' title='bbox 2845 4027 3204 4082; x_wconf 86' lang='lat' dir='ltr'><strong>introductam</strong></span> <span class='ocrx_word' id='word_1_652' title='bbox 3237 4043 3356 4083; x_wconf 84' lang='lat' dir='ltr'><strong>esse</strong></span> <span class='ocrx_word' id='word_1_653' title='bbox 3387 4030 3668 4083; x_wconf 83' lang='lat' dir='ltr'><strong>materiam</strong></span> 
     </span>
    </p>
   </div>
   <div class='ocr_carea' id='block_1_87' title="bbox 2087 4118 3669 4174">
    <p class='ocr_par' dir='ltr' id='par_1_87' title="bbox 2087 4118 3669 4174">
     <span class='ocr_line' id='line_1_87' title="bbox 2087 4118 3669 4174; baseline -0.002 0"><span class='ocrx_word' id='word_1_654' title='bbox 2087 4120 2152 4174; x_wconf 85' lang='lat' dir='ltr'><strong>ad</strong></span> <span class='ocrx_word' id='word_1_655' title='bbox 2181 4119 2622 4174; x_wconf 89' lang='lat' dir='ltr'><strong>constitutionem</strong></span> <span class='ocrx_word' id='word_1_656' title='bbox 2659 4118 3029 4172; x_wconf 89' lang='lat' dir='ltr'><strong>universorum</strong></span> <span class='ocrx_word' id='word_1_657' title='bbox 3074 4119 3416 4173; x_wconf 87' lang='lat' dir='ltr'><strong>nihilominus</strong></span> <span class='ocrx_word' id='word_1_658' title='bbox 3435 4122 3669 4174; x_wconf 75' lang='lat' dir='ltr'><strong>:estima-</strong></span> 
     </span>
    </p>
   </div>
   <div class='ocr_carea' id='block_1_88' title="bbox 2087 4210 3666 4282">
    <p class='ocr_par' dir='ltr' id='par_1_88' title="bbox 2087 4210 3666 4282">
     <span class='ocr_line' id='line_1_88' title="bbox 2087 4210 3666 4282; baseline 0.001 -16"><span class='ocrx_word' id='word_1_659' title='bbox 2087 4210 2186 4266; x_wconf 88' lang='lat' dir='ltr'><strong>bit.</strong></span> <span class='ocrx_word' id='word_1_660' title='bbox 2211 4211 2266 4266; x_wconf 93' lang='lat' dir='ltr'><strong>Si</strong></span> <span class='ocrx_word' id='word_1_661' title='bbox 2299 4211 2458 4280; x_wconf 82' lang='lat' dir='ltr'><strong>igitur</strong></span> <span class='ocrx_word' id='word_1_662' title='bbox 2487 4219 2802 4265; x_wconf 81' lang='lat' dir='ltr'><strong>extraneum</strong></span> <span class='ocrx_word' id='word_1_663' title='bbox 2829 4219 2963 4276; x_wconf 87' lang='lat' dir='ltr'><strong>erat,</strong></span> <span class='ocrx_word' id='word_1_664' title='bbox 2994 4210 3136 4265; x_wconf 88' lang='lat' dir='ltr'><strong>aliud</strong></span> <span class='ocrx_word' id='word_1_665' title='bbox 3165 4223 3359 4282; x_wconf 66' lang='lat' dir='ltr'><strong>praeter</strong></span> <span class='ocrx_word' id='word_1_666' title='bbox 3382 4211 3666 4267; x_wconf 87' lang='lat' dir='ltr'><strong>Dominum</strong></span> 
     </span>
    </p>
   </div>
   <div class='ocr_carea' id='block_1_89' title="bbox 2087 4303 3668 4374">
    <p class='ocr_par' dir='ltr' id='par_1_89' title="bbox 2087 4303 3668 4374">
     <span class='ocr_line' id='line_1_89' title="bbox 2087 4303 3668 4374; baseline 0.002 -19"><span class='ocrx_word' id='word_1_667' title='bbox 2087 4303 2246 4358; x_wconf 80' lang='lat' dir='ltr'><strong>fuisse</strong></span> <span class='ocrx_word' id='word_1_668' title='bbox 2273 4303 2562 4367; x_wconf 77' lang='lat' dir='ltr'><strong>constabit,</strong></span> <span class='ocrx_word' id='word_1_669' title='bbox 2597 4303 2686 4374; x_wconf 92' lang='lat' dir='ltr'><strong>qui</strong></span> <span class='ocrx_word' id='word_1_670' title='bbox 2718 4303 2876 4356; x_wconf 91' lang='lat' dir='ltr'><strong>simul</strong></span> <span class='ocrx_word' id='word_1_671' title='bbox 2908 4303 3238 4373; x_wconf 86' lang='lat' dir='ltr'><strong>intelligatur</strong></span> <span class='ocrx_word' id='word_1_672' title='bbox 3265 4304 3558 4359; x_wconf 88' lang='lat' dir='ltr'><strong>secundum</strong></span> <span class='ocrx_word' id='word_1_673' title='bbox 3583 4321 3668 4359; x_wconf 83' lang='lat' dir='ltr'><strong>ra-</strong></span> 
     </span>
    </p>
   </div>
   <div class='ocr_carea' id='block_1_90' title="bbox 2087 4396 3668 4466">
    <p class='ocr_par' dir='ltr' id='par_1_90' title="bbox 2087 4396 3668 4466">
     <span class='ocr_line' id='line_1_90' title="bbox 2087 4396 3668 4466; baseline 0.001 -16"><span class='ocrx_word' id='word_1_674' title='bbox 2087 4398 2287 4451; x_wconf 89' lang='lat' dir='ltr'><strong>tionem</strong></span> <span class='ocrx_word' id='word_1_675' title='bbox 2318 4396 2670 4466; x_wconf 86' lang='lat' dir='ltr'><strong>perennitatis</strong></span> <span class='ocrx_word' id='word_1_676' title='bbox 2699 4409 2819 4450; x_wconf 93' lang='lat' dir='ltr'><strong>cum</strong></span> <span class='ocrx_word' id='word_1_677' title='bbox 2851 4397 3088 4464; x_wconf 86' lang='lat' dir='ltr'><strong>ingenito</strong></span> <span class='ocrx_word' id='word_1_678' title='bbox 3130 4396 3453 4462; x_wconf 88' lang='lat' dir='ltr'><strong>substitisse,</strong></span> <span class='ocrx_word' id='word_1_679' title='bbox 3488 4397 3562 4451; x_wconf 88' lang='lat' dir='ltr'><strong>ita</strong></span> <span class='ocrx_word' id='word_1_680' title='bbox 3609 4407 3668 4451; x_wconf 85' lang='lat' dir='ltr'><strong>ut</strong></span> 
     </span>
    </p>
   </div>
   <div class='ocr_carea' id='block_1_91' title="bbox 401 4484 3661 4563">
    <p class='ocr_par' dir='ltr' id='par_1_91' title="bbox 401 4484 3661 4563">
     <span class='ocr_line' id='line_1_91' title="bbox 401 4484 3661 4563; baseline 0.001 -26"><span class='ocrx_word' id='word_1_681' title='bbox 401 4484 594 4553; x_wconf 82' lang='lat' dir='ltr'><strong>quibus</strong></span> <span class='ocrx_word' id='word_1_682' title='bbox 617 4499 646 4540; x_wconf 91' lang='lat' dir='ltr'><strong>a</strong></span> <span class='ocrx_word' id='word_1_683' title='bbox 677 4501 773 4553; x_wconf 81' lang='lat' dir='ltr'><strong>Spe</strong></span> <span class='ocrx_word' id='word_1_684' title='bbox 814 4487 1223 4539; x_wconf 84' lang='lat' dir='ltr'><strong>resurrectionis</strong></span> <span class='ocrx_word' id='word_1_685' title='bbox 1263 4487 1440 4539; x_wconf 89' lang='lat' dir='ltr'><strong>anima</strong></span> <span class='ocrx_word' id='word_1_686' title='bbox 1473 4486 1748 4540; x_wconf 78' lang='lat' dir='ltr'><strong>debilitata</strong></span> <span class='ocrx_word' id='word_1_687' title='bbox 1782 4486 1980 4541; x_wconf 65' lang='lat' dir='ltr'><strong>lasses-</strong></span> <span class='ocrx_word' id='word_1_688' title='bbox 2015 4504 2060 4563; x_wconf 77' lang='grc' dir='ltr'><strong>ι)</strong></span> <span class='ocrx_word' id='word_1_689' title='bbox 2085 4487 2192 4541; x_wconf 90' lang='lat' dir='ltr'><strong>duo</strong></span> <span class='ocrx_word' id='word_1_690' title='bbox 2234 4486 2496 4557; x_wconf 83' lang='lat' dir='ltr'><strong>principia</strong></span> <span class='ocrx_word' id='word_1_691' title='bbox 2524 4487 2726 4556; x_wconf 88' lang='lat' dir='ltr'><strong>pariter</strong></span> <span class='ocrx_word' id='word_1_692' title='bbox 2753 4487 2987 4558; x_wconf 85' lang='lat' dir='ltr'><strong>ingenita</strong></span> <span class='ocrx_word' id='word_1_693' title='bbox 3028 4487 3371 4543; x_wconf 79' lang='lat' dir='ltr'><strong>ratiocinatio</strong></span> <span class='ocrx_word' id='word_1_694' title='bbox 3423 4489 3661 4558; x_wconf 87' lang='lat' dir='ltr'><strong>colligat,</strong></span> 
     </span>
    </p>
   </div>
   <div class='ocr_carea' id='block_1_92' title="bbox 397 4574 1981 4647">
    <p class='ocr_par' dir='ltr' id='par_1_92' title="bbox 397 4574 1981 4647">
     <span class='ocr_line' id='line_1_92' title="bbox 397 4574 1981 4647; baseline -0.001 -16"><span class='ocrx_word' id='word_1_695' title='bbox 397 4584 507 4631; x_wconf 87' lang='lat' dir='ltr'><strong>cat.</strong></span> <span class='ocrx_word' id='word_1_696' title='bbox 537 4574 646 4630; x_wconf 78' lang='lat' dir='ltr'><strong>Sed</strong></span> <span class='ocrx_word' id='word_1_697' title='bbox 694 4578 738 4631; x_wconf 93' lang='lat' dir='ltr'><strong>si</strong></span> <span class='ocrx_word' id='word_1_698' title='bbox 767 4594 868 4645; x_wconf 85' lang='lat' dir='ltr'><strong>qua</strong></span> <span class='ocrx_word' id='word_1_699' title='bbox 896 4579 1182 4632; x_wconf 90' lang='lat' dir='ltr'><strong>credulitas</strong></span> <span class='ocrx_word' id='word_1_700' title='bbox 1214 4593 1399 4631; x_wconf 90' lang='lat' dir='ltr'><strong>eorum</strong></span> <span class='ocrx_word' id='word_1_701' title='bbox 1428 4593 1546 4646; x_wconf 77' lang='lat' dir='ltr'><strong>quae</strong></span> <span class='ocrx_word' id='word_1_702' title='bbox 1592 4575 1981 4647; x_wconf 86' lang='lat' dir='ltr'><strong>promittuntur</strong></span> 
     </span>
    </p>
   </div>
   <div class='ocr_carea' id='block_1_93' title="bbox 400 4663 1980 4736">
    <p class='ocr_par' dir='ltr' id='par_1_93' title="bbox 400 4663 1980 4736">
     <span class='ocr_line' id='line_1_93' title="bbox 400 4663 1980 4736; baseline 0.001 -18"><span class='ocrx_word' id='word_1_703' title='bbox 400 4663 456 4718; x_wconf 88' lang='lat' dir='ltr'><strong>in</strong></span> <span class='ocrx_word' id='word_1_704' title='bbox 486 4665 639 4720; x_wconf 89' lang='lat' dir='ltr'><strong>nobis</strong></span> <span class='ocrx_word' id='word_1_705' title='bbox 679 4675 782 4732; x_wconf 89' lang='lat' dir='ltr'><strong>est,</strong></span> <span class='ocrx_word' id='word_1_706' title='bbox 813 4667 1088 4733; x_wconf 87' lang='lat' dir='ltr'><strong>debemus,</strong></span> <span class='ocrx_word' id='word_1_707' title='bbox 1141 4669 1568 4723; x_wconf 82' lang='lat' dir='ltr'><strong>conversationis</strong></span> <span class='ocrx_word' id='word_1_708' title='bbox 1615 4669 1828 4736; x_wconf 74' lang='lat' dir='ltr'><strong>optima:</strong></span> <span class='ocrx_word' id='word_1_709' title='bbox 1867 4675 1980 4721; x_wconf 82' lang='lat' dir='ltr'><strong>stu-</strong></span> 
     </span>
    </p>
   </div>
   <div class='ocr_carea' id='block_1_94' title="bbox 397 4754 1978 4830">
    <p class='ocr_par' dir='ltr' id='par_1_94' title="bbox 397 4754 1978 4830">
     <span class='ocr_line' id='line_1_94' title="bbox 397 4754 1978 4830; baseline 0.002 -21"><span class='ocrx_word' id='word_1_710' title='bbox 397 4754 501 4810; x_wconf 87' lang='lat' dir='ltr'><strong>diis</strong></span> <span class='ocrx_word' id='word_1_711' title='bbox 531 4757 872 4822; x_wconf 65' lang='lat' dir='ltr'><strong>inhaerentes,</strong></span> <span class='ocrx_word' id='word_1_712' title='bbox 899 4759 1130 4812; x_wconf 81' lang='lat' dir='ltr'><strong>futuram</strong></span> <span class='ocrx_word' id='word_1_713' title='bbox 1156 4759 1343 4829; x_wconf 69' lang='lat' dir='ltr'><strong>gratia:</strong></span> <span class='ocrx_word' id='word_1_714' title='bbox 1384 4759 1759 4827; x_wconf 90' lang='lat' dir='ltr'><strong>antiquitatem</strong></span> <span class='ocrx_word' id='word_1_715' title='bbox 1810 4759 1978 4830; x_wconf 86' lang='lat' dir='ltr'><strong>ipsam</strong></span> 
     </span>
    </p>
   </div>
   <div class='ocr_carea' id='block_1_95' title="bbox 393 4849 1445 4918">
    <p class='ocr_par' dir='ltr' id='par_1_95' title="bbox 393 4849 1445 4918">
     <span class='ocr_line' id='line_1_95' title="bbox 393 4849 1445 4918; baseline 0.002 -16"><span class='ocrx_word' id='word_1_716' title='bbox 393 4849 758 4903; x_wconf 75' lang='lat' dir='ltr'><strong>venerabilem</strong></span> <span class='ocrx_word' id='word_1_717' title='bbox 787 4850 1160 4918; x_wconf 68' lang='lat' dir='ltr'><strong>mquanimiter</strong></span> <span class='ocrx_word' id='word_1_718' title='bbox 1189 4849 1445 4918; x_wconf 83' lang='lat' dir='ltr'><strong>opperiri.</strong></span> 
     </span>
    </p>
   </div>
   <div class='ocr_carea' id='block_1_96' title="bbox 959 4959 1408 5015">
    <p class='ocr_par' dir='ltr' id='par_1_96' title="bbox 959 4959 1408 5015">
     <span class='ocr_line' id='line_1_96' title="bbox 959 4959 1408 5015; baseline 0.002 -1"><span class='ocrx_word' id='word_1_719' title='bbox 959 4959 1188 5015; x_wconf 80' lang='lat' dir='ltr'><strong>CAPUT</strong></span> <span class='ocrx_word' id='word_1_720' title='bbox 1219 4959 1408 5015; x_wconf 78' lang='lat' dir='ltr'><strong>XXIV.</strong></span> 
     </span>
    </p>
   </div>
   <div class='ocr_carea' id='block_1_97' title="bbox 397 5047 1978 5119">
    <p class='ocr_par' dir='ltr' id='par_1_97' title="bbox 397 5047 1978 5119">
     <span class='ocr_line' id='line_1_97' title="bbox 397 5047 1978 5119; baseline 0.002 -18"><span class='ocrx_word' id='word_1_721' title='bbox 397 5047 545 5111; x_wconf 71' lang='lat' dir='ltr'><strong>Quod</strong></span> <span class='ocrx_word' id='word_1_722' title='bbox 569 5056 656 5119; x_wconf 72' lang='lat' dir='ltr'><strong>qui</strong></span> <span class='ocrx_word' id='word_1_723' title='bbox 696 5050 968 5104; x_wconf 72' lang='lat' dir='ltr'><strong>exordium</strong></span> <span class='ocrx_word' id='word_1_724' title='bbox 997 5052 1160 5103; x_wconf 80' lang='lat' dir='ltr'><strong>consti</strong></span> <span class='ocrx_word' id='word_1_725' title='bbox 1185 5051 1376 5104; x_wconf 83' lang='lat' dir='ltr'><strong>utionis</strong></span> <span class='ocrx_word' id='word_1_726' title='bbox 1406 5051 1588 5102; x_wconf 80' lang='lat' dir='ltr'><strong>mundi</strong></span> <span class='ocrx_word' id='word_1_727' title='bbox 1617 5051 1840 5118; x_wconf 74' lang='lat' dir='ltr'><strong>fatetur,</strong></span> <span class='ocrx_word' id='word_1_728' title='bbox 1893 5066 1978 5104; x_wconf 85' lang='lat' dir='ltr'><strong>ne-</strong></span> 
     </span>
    </p>
   </div>
   <div class='ocr_carea' id='block_1_98' title="bbox 656 5120 1710 5190">
    <p class='ocr_par' dir='ltr' id='par_1_98' title="bbox 656 5120 1710 5190">
     <span class='ocr_line' id='line_1_98' title="bbox 656 5120 1710 5190; baseline -0.001 -18"><span class='ocrx_word' id='word_1_729' title='bbox 656 5123 880 5174; x_wconf 82' lang='lat' dir='ltr'><strong>cessario</strong></span> <span class='ocrx_word' id='word_1_730' title='bbox 909 5121 1020 5190; x_wconf 89' lang='lat' dir='ltr'><strong>ejus</strong></span> <span class='ocrx_word' id='word_1_731' title='bbox 1049 5121 1205 5172; x_wconf 84' lang='lat' dir='ltr'><strong>etiam</strong></span> <span class='ocrx_word' id='word_1_732' title='bbox 1230 5121 1292 5172; x_wconf 83' lang='lat' dir='ltr'><strong>de</strong></span> <span class='ocrx_word' id='word_1_733' title='bbox 1313 5120 1419 5190; x_wconf 79' lang='lat' dir='ltr'><strong>ﬁne</strong></span> <span class='ocrx_word' id='word_1_734' title='bbox 1445 5127 1710 5172; x_wconf 82' lang='lat' dir='ltr'><strong>concedat.</strong></span> 
     </span>
    </p>
   </div>
   <div class='ocr_carea' id='block_1_99' title="bbox 466 5209 1973 5280">
    <p class='ocr_par' dir='ltr' id='par_1_99' title="bbox 466 5209 1973 5280">
     <span class='ocr_line' id='line_1_99' title="bbox 466 5209 1973 5280; baseline -0.001 -12"><span class='ocrx_word' id='word_1_735' title='bbox 466 5209 520 5268; x_wconf 84' lang='lat' dir='ltr'><strong>Si</strong></span> <span class='ocrx_word' id='word_1_736' title='bbox 542 5212 662 5279; x_wconf 88' lang='lat' dir='ltr'><strong>quis</strong></span> <span class='ocrx_word' id='word_1_737' title='bbox 688 5221 866 5278; x_wconf 86' lang='lat' dir='ltr'><strong>autem</strong></span> <span class='ocrx_word' id='word_1_738' title='bbox 900 5212 1079 5266; x_wconf 88' lang='lat' dir='ltr'><strong>mundi</strong></span> <span class='ocrx_word' id='word_1_739' title='bbox 1109 5227 1319 5266; x_wconf 88' lang='lat' dir='ltr'><strong>cursum</strong></span> <span class='ocrx_word' id='word_1_740' title='bbox 1352 5211 1442 5280; x_wconf 91' lang='lat' dir='ltr'><strong>qui</strong></span> <span class='ocrx_word' id='word_1_741' title='bbox 1469 5227 1610 5265; x_wconf 89' lang='lat' dir='ltr'><strong>nunc</strong></span> <span class='ocrx_word' id='word_1_742' title='bbox 1641 5219 1721 5265; x_wconf 90' lang='lat' dir='ltr'><strong>est</strong></span> <span class='ocrx_word' id='word_1_743' title='bbox 1742 5211 1973 5279; x_wconf 90' lang='lat' dir='ltr'><strong>quadam</strong></span> 
     </span>
    </p>
   </div>
   <div class='ocr_carea' id='block_1_100' title="bbox 389 5302 1971 5372">
    <p class='ocr_par' dir='ltr' id='par_1_100' title="bbox 389 5302 1971 5372">
     <span class='ocr_line' id='line_1_100' title="bbox 389 5302 1971 5372; baseline 0.001 -17"><span class='ocrx_word' id='word_1_744' title='bbox 389 5317 510 5356; x_wconf 84' lang='lat' dir='ltr'><strong>sese</strong></span> <span class='ocrx_word' id='word_1_745' title='bbox 541 5303 654 5370; x_wconf 85' lang='lat' dir='ltr'><strong>lege</strong></span> <span class='ocrx_word' id='word_1_746' title='bbox 683 5315 988 5357; x_wconf 86' lang='lat' dir='ltr'><strong>moventem</strong></span> <span class='ocrx_word' id='word_1_747' title='bbox 1017 5303 1392 5372; x_wconf 79' lang='lat' dir='ltr'><strong>conSpiciens,</strong></span> <span class='ocrx_word' id='word_1_748' title='bbox 1422 5318 1520 5370; x_wconf 89' lang='lat' dir='ltr'><strong>per</strong></span> <span class='ocrx_word' id='word_1_749' title='bbox 1549 5316 1708 5369; x_wconf 88' lang='lat' dir='ltr'><strong>quam</strong></span> <span class='ocrx_word' id='word_1_750' title='bbox 1739 5302 1971 5370; x_wconf 89' lang='lat' dir='ltr'><strong>spatium</strong></span> 
     </span>
    </p>
   </div>
   <div class='ocr_carea' id='block_1_101' title="bbox 390 5390 1974 5462">
    <p class='ocr_par' dir='ltr' id='par_1_101' title="bbox 390 5390 1974 5462">
     <span class='ocr_line' id='line_1_101' title="bbox 390 5390 1974 5462; baseline -0.001 -17"><span class='ocrx_word' id='word_1_751' title='bbox 390 5391 587 5445; x_wconf 87' lang='lat' dir='ltr'><strong>labitur</strong></span> <span class='ocrx_word' id='word_1_752' title='bbox 623 5393 938 5462; x_wconf 82' lang='lat' dir='ltr'><strong>temporale,</strong></span> <span class='ocrx_word' id='word_1_753' title='bbox 994 5408 1332 5462; x_wconf 90' lang='lat' dir='ltr'><strong>nequaquam</strong></span> <span class='ocrx_word' id='word_1_754' title='bbox 1357 5392 1510 5460; x_wconf 83' lang='lat' dir='ltr'><strong>_dicat</strong></span> <span class='ocrx_word' id='word_1_755' title='bbox 1541 5390 1815 5444; x_wconf 89' lang='lat' dir='ltr'><strong>mobilium</strong></span> <span class='ocrx_word' id='word_1_756' title='bbox 1857 5405 1974 5444; x_wconf 85' lang='lat' dir='ltr'><strong>ces-</strong></span> 
     </span>
    </p>
   </div>
   <div class='ocr_carea' id='block_1_102' title="bbox 385 5481 1976 5555">
    <p class='ocr_par' dir='ltr' id='par_1_102' title="bbox 385 5481 1976 5555">
     <span class='ocr_line' id='line_1_102' title="bbox 385 5481 1976 5555; baseline -0.003 -17"><span class='ocrx_word' id='word_1_757' title='bbox 385 5485 651 5539; x_wconf 79' lang='lat' dir='ltr'><strong>sationem</strong></span> <span class='ocrx_word' id='word_1_758' title='bbox 680 5499 800 5553; x_wconf 77' lang='lat' dir='ltr'><strong>quze</strong></span> <span class='ocrx_word' id='word_1_759' title='bbox 831 5484 1089 5554; x_wconf 76' lang='lat' dir='ltr'><strong>pnedicta</strong></span> <span class='ocrx_word' id='word_1_760' title='bbox 1120 5493 1202 5538; x_wconf 86' lang='lat' dir='ltr'><strong>est</strong></span> <span class='ocrx_word' id='word_1_761' title='bbox 1231 5499 1390 5555; x_wconf 74' lang='lat' dir='ltr'><strong>posse</strong></span> <span class='ocrx_word' id='word_1_762' title='bbox 1418 5483 1748 5550; x_wconf 85' lang='lat' dir='ltr'><strong>contingere,</strong></span> <span class='ocrx_word' id='word_1_763' title='bbox 1803 5481 1976 5535; x_wconf 86' lang='lat' dir='ltr'><strong>mani-</strong></span> 
     </span>
    </p>
   </div>
   <div class='ocr_carea' id='block_1_103' title="bbox 386 5572 1971 5650">
    <p class='ocr_par' dir='ltr' id='par_1_103' title="bbox 386 5572 1971 5650">
     <span class='ocr_line' id='line_1_103' title="bbox 386 5572 1971 5650; baseline -0.001 -21"><span class='ocrx_word' id='word_1_764' title='bbox 386 5574 582 5630; x_wconf 78' lang='lat' dir='ltr'><strong>festum</strong></span> <span class='ocrx_word' id='word_1_765' title='bbox 621 5585 705 5632; x_wconf 85' lang='lat' dir='ltr'><strong>est</strong></span> <span class='ocrx_word' id='word_1_766' title='bbox 751 5577 837 5632; x_wconf 92' lang='lat' dir='ltr'><strong>hic</strong></span> <span class='ocrx_word' id='word_1_767' title='bbox 880 5576 1023 5648; x_wconf 90' lang='lat' dir='ltr'><strong>quod</strong></span> <span class='ocrx_word' id='word_1_768' title='bbox 1055 5591 1152 5630; x_wconf 90' lang='lat' dir='ltr'><strong>nec</strong></span> <span class='ocrx_word' id='word_1_769' title='bbox 1183 5575 1524 5644; x_wconf 76' lang='lat' dir='ltr'><strong>imprincipio</strong></span> <span class='ocrx_word' id='word_1_770' title='bbox 1557 5573 1750 5650; x_wconf 81' lang='lat' dir='ltr'><strong>factum</strong></span> <span class='ocrx_word' id='word_1_771' title='bbox 1783 5588 1812 5626; x_wconf 90' lang='lat' dir='ltr'><strong>a</strong></span> <span class='ocrx_word' id='word_1_772' title='bbox 1859 5572 1971 5629; x_wconf 91' lang='lat' dir='ltr'><strong>Deo</strong></span> 
     </span>
    </p>
   </div>
   <div class='ocr_carea' id='block_1_104' title="bbox 383 5665 1969 5737">
    <p class='ocr_par' dir='ltr' id='par_1_104' title="bbox 383 5665 1969 5737">
     <span class='ocr_line' id='line_1_104' title="bbox 383 5665 1969 5737; baseline 0.001 -19"><span class='ocrx_word' id='word_1_773' title='bbox 383 5666 581 5721; x_wconf 68' lang='lat' dir='ltr'><strong>malum</strong></span> <span class='ocrx_word' id='word_1_774' title='bbox 599 5676 904 5737; x_wconf 88' lang='lat' dir='ltr'><strong>terramque</strong></span> <span class='ocrx_word' id='word_1_775' title='bbox 931 5666 1178 5721; x_wconf 81' lang='lat' dir='ltr'><strong>fateatur.</strong></span> <span class='ocrx_word' id='word_1_776' title='bbox 1206 5665 1307 5732; x_wconf 89' lang='lat' dir='ltr'><strong>Qui</strong></span> <span class='ocrx_word' id='word_1_777' title='bbox 1333 5667 1474 5720; x_wconf 89' lang='lat' dir='ltr'><strong>enim</strong></span> <span class='ocrx_word' id='word_1_778' title='bbox 1500 5665 1820 5736; x_wconf 81' lang='lat' dir='ltr'><strong>principium</strong></span> <span class='ocrx_word' id='word_1_779' title='bbox 1853 5682 1969 5720; x_wconf 85' lang='lat' dir='ltr'><strong>mo-</strong></span> 
     </span>
    </p>
   </div>
   <div class='ocr_carea' id='block_1_105' title="bbox 382 5755 1967 5824">
    <p class='ocr_par' dir='ltr' id='par_1_105' title="bbox 382 5755 1967 5824">
     <span class='ocr_line' id='line_1_105' title="bbox 382 5755 1967 5824; baseline 0.001 -14"><span class='ocrx_word' id='word_1_780' title='bbox 382 5763 470 5812; x_wconf 86' lang='lat' dir='ltr'><strong>tus</strong></span> <span class='ocrx_word' id='word_1_781' title='bbox 517 5756 692 5814; x_wconf 82' lang='lat' dir='ltr'><strong>credit</strong></span> <span class='ocrx_word' id='word_1_782' title='bbox 712 5793 727 5821; x_wconf 88' lang='lat'><strong>,</strong></span> <span class='ocrx_word' id='word_1_783' title='bbox 785 5756 852 5812; x_wconf 77' lang='lat' dir='ltr'><strong>de</strong></span> <span class='ocrx_word' id='word_1_784' title='bbox 899 5756 1004 5812; x_wconf 88' lang='lat' dir='ltr'><strong>line</strong></span> <span class='ocrx_word' id='word_1_785' title='bbox 1035 5758 1254 5812; x_wconf 88' lang='lat' dir='ltr'><strong>omnino</strong></span> <span class='ocrx_word' id='word_1_786' title='bbox 1286 5773 1393 5813; x_wconf 85' lang='lat' dir='ltr'><strong>non</strong></span> <span class='ocrx_word' id='word_1_787' title='bbox 1424 5755 1639 5824; x_wconf 83' lang='lat' dir='ltr'><strong>ambigit</strong></span> <span class='ocrx_word' id='word_1_788' title='bbox 1675 5774 1685 5808; x_wconf 89' lang='lat'><strong>:</strong></span> <span class='ocrx_word' id='word_1_789' title='bbox 1716 5757 1806 5824; x_wconf 91' lang='lat' dir='ltr'><strong>qui</strong></span> <span class='ocrx_word' id='word_1_790' title='bbox 1840 5772 1967 5812; x_wconf 86' lang='lat' dir='ltr'><strong>vero</strong></span> 
     </span>
    </p>
   </div>
   <div class='ocr_carea' id='block_1_106' title="bbox 2084 4575 3664 4647">
    <p class='ocr_par' dir='ltr' id='par_1_106' title="bbox 2084 4575 3664 4647">
     <span class='ocr_line' id='line_1_106' title="bbox 2084 4575 3664 4647; baseline 0.002 -17"><span class='ocrx_word' id='word_1_791' title='bbox 2084 4575 2196 4644; x_wconf 88' lang='lat' dir='ltr'><strong>ejus</strong></span> <span class='ocrx_word' id='word_1_792' title='bbox 2208 4576 2411 4630; x_wconf 90' lang='lat' dir='ltr'><strong>scilicet</strong></span> <span class='ocrx_word' id='word_1_793' title='bbox 2427 4576 2515 4644; x_wconf 91' lang='lat' dir='ltr'><strong>qui</strong></span> <span class='ocrx_word' id='word_1_794' title='bbox 2531 4575 2870 4631; x_wconf 89' lang='lat' dir='ltr'><strong>artiﬁciosius</strong></span> <span class='ocrx_word' id='word_1_795' title='bbox 2887 4587 3162 4646; x_wconf 88' lang='lat' dir='ltr'><strong>operatur,</strong></span> <span class='ocrx_word' id='word_1_796' title='bbox 3176 4587 3231 4632; x_wconf 92' lang='lat' dir='ltr'><strong>et</strong></span> <span class='ocrx_word' id='word_1_797' title='bbox 3245 4579 3335 4647; x_wconf 90' lang='lat' dir='ltr'><strong>qui</strong></span> <span class='ocrx_word' id='word_1_798' title='bbox 3352 4579 3486 4634; x_wconf 89' lang='lat' dir='ltr'><strong>hanc</strong></span> <span class='ocrx_word' id='word_1_799' title='bbox 3498 4578 3664 4634; x_wconf 80' lang='lat' dir='ltr'><strong>disci-</strong></span> 
     </span>
    </p>
   </div>
   <div class='ocr_carea' id='block_1_107' title="bbox 2084 4667 3662 4740">
    <p class='ocr_par' dir='ltr' id='par_1_107' title="bbox 2084 4667 3662 4740">
     <span class='ocr_line' id='line_1_107' title="bbox 2084 4667 3662 4740; baseline 0.001 -18"><span class='ocrx_word' id='word_1_800' title='bbox 2084 4668 2391 4739; x_wconf 89' lang='lat' dir='ltr'><strong>plinabilem</strong></span> <span class='ocrx_word' id='word_1_801' title='bbox 2420 4667 2645 4722; x_wconf 79' lang='lat' dir='ltr'><strong>formam</strong></span> <span class='ocrx_word' id='word_1_802' title='bbox 2669 4668 2825 4736; x_wconf 90' lang='lat' dir='ltr'><strong>hujus</strong></span> <span class='ocrx_word' id='word_1_803' title='bbox 2847 4668 3175 4738; x_wconf 90' lang='lat' dir='ltr'><strong>operationis</strong></span> <span class='ocrx_word' id='word_1_804' title='bbox 3196 4669 3447 4738; x_wconf 79' lang='lat' dir='ltr'><strong>excipiet.</strong></span> <span class='ocrx_word' id='word_1_805' title='bbox 3465 4667 3522 4724; x_wconf 92' lang='lat' dir='ltr'><strong>Si</strong></span> <span class='ocrx_word' id='word_1_806' title='bbox 3539 4671 3662 4740; x_wconf 85' lang='lat' dir='ltr'><strong>quis</strong></span> 
     </span>
    </p>
   </div>
   <div class='ocr_carea' id='block_1_108' title="bbox 2082 4758 3662 4830">
    <p class='ocr_par' dir='ltr' id='par_1_108' title="bbox 2082 4758 3662 4830">
     <span class='ocr_line' id='line_1_108' title="bbox 2082 4758 3662 4830; baseline 0.003 -20"><span class='ocrx_word' id='word_1_807' title='bbox 2082 4766 2259 4811; x_wconf 90' lang='lat' dir='ltr'><strong>autem</strong></span> <span class='ocrx_word' id='word_1_808' title='bbox 2283 4758 2445 4812; x_wconf 83' lang='lat' dir='ltr'><strong>veluti</strong></span> <span class='ocrx_word' id='word_1_809' title='bbox 2472 4758 2789 4813; x_wconf 87' lang='lat' dir='ltr'><strong>necessitate</strong></span> <span class='ocrx_word' id='word_1_810' title='bbox 2818 4759 3148 4828; x_wconf 82' lang='lat' dir='ltr'><strong>compulsus,</strong></span> <span class='ocrx_word' id='word_1_811' title='bbox 3168 4766 3437 4828; x_wconf 87' lang='lat' dir='ltr'><strong>supponat</strong></span> <span class='ocrx_word' id='word_1_812' title='bbox 3463 4761 3662 4830; x_wconf 83' lang='lat' dir='ltr'><strong>sempi-</strong></span> 
     </span>
    </p>
   </div>
   <div class='ocr_carea' id='block_1_109' title="bbox 2081 4848 3662 4918">
    <p class='ocr_par' dir='ltr' id='par_1_109' title="bbox 2081 4848 3662 4918">
     <span class='ocr_line' id='line_1_109' title="bbox 2081 4848 3662 4918; baseline 0.002 -18"><span class='ocrx_word' id='word_1_813' title='bbox 2081 4859 2286 4901; x_wconf 88' lang='lat' dir='ltr'><strong>ternam</strong></span> <span class='ocrx_word' id='word_1_814' title='bbox 2333 4848 2571 4902; x_wconf 91' lang='lat' dir='ltr'><strong>omnium</strong></span> <span class='ocrx_word' id='word_1_815' title='bbox 2622 4848 2960 4902; x_wconf 87' lang='lat' dir='ltr'><strong>conditorum</strong></span> <span class='ocrx_word' id='word_1_816' title='bbox 3010 4849 3312 4911; x_wconf 90' lang='lat' dir='ltr'><strong>materiam,</strong></span> <span class='ocrx_word' id='word_1_817' title='bbox 3346 4863 3503 4918; x_wconf 90' lang='lat' dir='ltr'><strong>quam</strong></span> <span class='ocrx_word' id='word_1_818' title='bbox 3536 4857 3662 4904; x_wconf 89' lang='lat' dir='ltr'><strong>tunc</strong></span> 
     </span>
    </p>
   </div>
   <div class='ocr_carea' id='block_1_110' title="bbox 2081 4935 3660 5006">
    <p class='ocr_par' dir='ltr' id='par_1_110' title="bbox 2081 4935 3660 5006">
     <span class='ocr_line' id='line_1_110' title="bbox 2081 4935 3660 5006; baseline 0.002 -17"><span class='ocrx_word' id='word_1_819' title='bbox 2081 4935 2406 4990; x_wconf 61' lang='lat' dir='ltr'><strong>Manichacus</strong></span> <span class='ocrx_word' id='word_1_820' title='bbox 2427 4951 2644 4991; x_wconf 89' lang='lat' dir='ltr'><strong>suorum</strong></span> <span class='ocrx_word' id='word_1_821' title='bbox 2667 4937 2974 5006; x_wconf 84' lang='lat' dir='ltr'><strong>dogmatum</strong></span> <span class='ocrx_word' id='word_1_822' title='bbox 2999 4937 3236 4993; x_wconf 78' lang='lat' dir='ltr'><strong>favorem</strong></span> <span class='ocrx_word' id='word_1_823' title='bbox 3265 4937 3660 4993; x_wconf 75' lang='lat' dir='ltr'><strong>defensionem-</strong></span> 
     </span>
    </p>
   </div>
   <div class='ocr_carea' id='block_1_111' title="bbox 2081 5027 3694 5097">
    <p class='ocr_par' dir='ltr' id='par_1_111' title="bbox 2081 5027 3694 5097">
     <span class='ocr_line' id='line_1_111' title="bbox 2081 5027 3694 5097; baseline 0.002 -18"><span class='ocrx_word' id='word_1_824' title='bbox 2081 5043 2184 5097; x_wconf 87' lang='lat' dir='ltr'><strong>que</strong></span> <span class='ocrx_word' id='word_1_825' title='bbox 2216 5028 2481 5097; x_wconf 89' lang='lat' dir='ltr'><strong>reperiet,</strong></span> <span class='ocrx_word' id='word_1_826' title='bbox 2526 5028 2617 5097; x_wconf 91' lang='lat' dir='ltr'><strong>qui</strong></span> <span class='ocrx_word' id='word_1_827' title='bbox 2641 5029 2972 5082; x_wconf 83' lang='lat' dir='ltr'><strong>materialem</strong></span> <span class='ocrx_word' id='word_1_828' title='bbox 3002 5043 3216 5083; x_wconf 88' lang='lat' dir='ltr'><strong>causam</strong></span> <span class='ocrx_word' id='word_1_829' title='bbox 3239 5028 3393 5097; x_wconf 79' lang='lat' dir='ltr'><strong>juxta</strong></span> <span class='ocrx_word' id='word_1_830' title='bbox 3436 5027 3658 5096; x_wconf 86' lang='lat' dir='ltr'><strong>ingeniti</strong></span> <span class='ocrx_word' id='word_1_831' title='bbox 3692 5057 3694 5060; x_wconf 55' lang='grc' dir='ltr'>ν</span> 
     </span>
    </p>
   </div>
   <div class='ocr_carea' id='block_1_112' title="bbox 2079 5116 3657 5188">
    <p class='ocr_par' dir='ltr' id='par_1_112' title="bbox 2079 5116 3657 5188">
     <span class='ocr_line' id='line_1_112' title="bbox 2079 5116 3657 5188; baseline 0.002 -18"><span class='ocrx_word' id='word_1_832' title='bbox 2079 5116 2538 5188; x_wconf 89' lang='lat' dir='ltr'><strong>iugenerationem</strong></span> <span class='ocrx_word' id='word_1_833' title='bbox 2587 5120 2742 5173; x_wconf 77' lang='lat' dir='ltr'><strong>bona:</strong></span> <span class='ocrx_word' id='word_1_834' title='bbox 2773 5127 2975 5174; x_wconf 73' lang='lat' dir='ltr'><strong>natura:</strong></span> <span class='ocrx_word' id='word_1_835' title='bbox 3001 5133 3284 5187; x_wconf 75' lang='lat' dir='ltr'><strong>comquare</strong></span> <span class='ocrx_word' id='word_1_836' title='bbox 3330 5118 3608 5174; x_wconf 89' lang='lat' dir='ltr'><strong>contendit</strong></span> <span class='ocrx_word' id='word_1_837' title='bbox 3638 5121 3657 5173; x_wconf 85' lang='lat' dir='ltr'><strong>l</strong></span> 
     </span>
    </p>
   </div>
   <div class='ocr_carea' id='block_1_113' title="bbox 2077 5208 3658 5282">
    <p class='ocr_par' dir='ltr' id='par_1_113' title="bbox 2077 5208 3658 5282">
     <span class='ocr_line' id='line_1_113' title="bbox 2077 5208 3658 5282; baseline 0.003 -20"><span class='ocrx_word' id='word_1_838' title='bbox 2077 5208 2182 5263; x_wconf 87' lang='lat' dir='ltr'><strong>Sed</strong></span> <span class='ocrx_word' id='word_1_839' title='bbox 2216 5225 2313 5264; x_wconf 91' lang='lat' dir='ltr'><strong>nos</strong></span> <span class='ocrx_word' id='word_1_840' title='bbox 2342 5210 2625 5264; x_wconf 89' lang='lat' dir='ltr'><strong>audientes</strong></span> <span class='ocrx_word' id='word_1_841' title='bbox 2649 5224 2715 5264; x_wconf 79' lang='lat' dir='ltr'><strong>ex</strong></span> <span class='ocrx_word' id='word_1_842' title='bbox 2745 5208 2857 5264; x_wconf 89' lang='lat' dir='ltr'><strong>Deo</strong></span> <span class='ocrx_word' id='word_1_843' title='bbox 2887 5225 3007 5264; x_wconf 91' lang='lat' dir='ltr'><strong>esse</strong></span> <span class='ocrx_word' id='word_1_844' title='bbox 3033 5211 3242 5275; x_wconf 88' lang='lat' dir='ltr'><strong>omnia,</strong></span> <span class='ocrx_word' id='word_1_845' title='bbox 3263 5210 3540 5282; x_wconf 88' lang='lat' dir='ltr'><strong>Scriptura</strong></span> <span class='ocrx_word' id='word_1_846' title='bbox 3569 5213 3658 5266; x_wconf 84' lang='lat' dir='ltr'><strong>di-</strong></span> 
     </span>
    </p>
   </div>
   <div class='ocr_carea' id='block_1_114' title="bbox 2078 5299 3657 5373">
    <p class='ocr_par' dir='ltr' id='par_1_114' title="bbox 2078 5299 3657 5373">
     <span class='ocr_line' id='line_1_114' title="bbox 2078 5299 3657 5373; baseline 0.005 -23"><span class='ocrx_word' id='word_1_847' title='bbox 2078 5307 2234 5352; x_wconf 88' lang='lat' dir='ltr'><strong>cente</strong></span> <span class='ocrx_word' id='word_1_848' title='bbox 2264 5299 2577 5363; x_wconf 83' lang='lat' dir='ltr'><strong>retinemus,</strong></span> <span class='ocrx_word' id='word_1_849' title='bbox 2609 5307 2664 5354; x_wconf 91' lang='lat' dir='ltr'><strong>et</strong></span> <span class='ocrx_word' id='word_1_850' title='bbox 2693 5299 2926 5368; x_wconf 89' lang='lat' dir='ltr'><strong>qualiter</strong></span> <span class='ocrx_word' id='word_1_851' title='bbox 2953 5315 3021 5354; x_wconf 79' lang='lat' dir='ltr'><strong>ex</strong></span> <span class='ocrx_word' id='word_1_852' title='bbox 3051 5299 3162 5354; x_wconf 90' lang='lat' dir='ltr'><strong>Deo</strong></span> <span class='ocrx_word' id='word_1_853' title='bbox 3187 5301 3316 5370; x_wconf 93' lang='lat' dir='ltr'><strong>sint,</strong></span> <span class='ocrx_word' id='word_1_854' title='bbox 3344 5301 3468 5372; x_wconf 91' lang='lat' dir='ltr'><strong>quia</strong></span> <span class='ocrx_word' id='word_1_855' title='bbox 3495 5318 3657 5373; x_wconf 80' lang='lat' dir='ltr'><strong>super</strong></span> 
     </span>
    </p>
   </div>
   <div class='ocr_carea' id='block_1_115' title="bbox 2079 5388 3657 5466">
    <p class='ocr_par' dir='ltr' id='par_1_115' title="bbox 2079 5388 3657 5466">
     <span class='ocr_line' id='line_1_115' title="bbox 2079 5388 3657 5466; baseline 0.008 -26"><span class='ocrx_word' id='word_1_856' title='bbox 2079 5388 2406 5444; x_wconf 85' lang='lat' dir='ltr'><strong>intellectum</strong></span> <span class='ocrx_word' id='word_1_857' title='bbox 2441 5398 2682 5445; x_wconf 91' lang='lat' dir='ltr'><strong>nostrum</strong></span> <span class='ocrx_word' id='word_1_858' title='bbox 2707 5400 2808 5457; x_wconf 90' lang='lat' dir='ltr'><strong>est,</strong></span> <span class='ocrx_word' id='word_1_859' title='bbox 2842 5406 3177 5462; x_wconf 87' lang='lat' dir='ltr'><strong>nequaquam</strong></span> <span class='ocrx_word' id='word_1_860' title='bbox 3205 5395 3414 5450; x_wconf 88' lang='lat' dir='ltr'><strong>curiose</strong></span> <span class='ocrx_word' id='word_1_861' title='bbox 3437 5397 3657 5466; x_wconf 81' lang='lat' dir='ltr'><strong>perqui-</strong></span> 
     </span>
    </p>
   </div>
   <div class='ocr_carea' id='block_1_116' title="bbox 2075 5480 3655 5548">
    <p class='ocr_par' dir='ltr' id='par_1_116' title="bbox 2075 5480 3655 5548">
     <span class='ocr_line' id='line_1_116' title="bbox 2075 5480 3655 5548; baseline 0.006 -14"><span class='ocrx_word' id='word_1_862' title='bbox 2075 5480 2240 5534; x_wconf 89' lang='lat' dir='ltr'><strong>rimus</strong></span> <span class='ocrx_word' id='word_1_863' title='bbox 2259 5523 2274 5548; x_wconf 87' lang='lat'><strong>,</strong></span> <span class='ocrx_word' id='word_1_864' title='bbox 2321 5480 2555 5536; x_wconf 88' lang='lat' dir='ltr'><strong>divinam</strong></span> <span class='ocrx_word' id='word_1_865' title='bbox 2585 5491 2828 5538; x_wconf 89' lang='lat' dir='ltr'><strong>naturam</strong></span> <span class='ocrx_word' id='word_1_866' title='bbox 2873 5485 3190 5541; x_wconf 85' lang='lat' dir='ltr'><strong>creatricem</strong></span> <span class='ocrx_word' id='word_1_867' title='bbox 3219 5487 3504 5542; x_wconf 88' lang='lat' dir='ltr'><strong>credentes</strong></span> <span class='ocrx_word' id='word_1_868' title='bbox 3530 5503 3655 5543; x_wconf 81' lang='lat' dir='ltr'><strong>esse</strong></span> 
     </span>
    </p>
   </div>
   <div class='ocr_carea' id='block_1_117' title="bbox 2073 5568 3656 5646">
    <p class='ocr_par' dir='ltr' id='par_1_117' title="bbox 2073 5568 3656 5646">
     <span class='ocr_line' id='line_1_117' title="bbox 2073 5568 3656 5646; baseline 0.007 -24"><span class='ocrx_word' id='word_1_869' title='bbox 2073 5578 2408 5635; x_wconf 87' lang='lat' dir='ltr'><strong>cunctorum,</strong></span> <span class='ocrx_word' id='word_1_870' title='bbox 2435 5587 2556 5627; x_wconf 90' lang='lat' dir='ltr'><strong>cum</strong></span> <span class='ocrx_word' id='word_1_871' title='bbox 2580 5583 2635 5628; x_wconf 90' lang='lat' dir='ltr'><strong>et</strong></span> <span class='ocrx_word' id='word_1_872' title='bbox 2661 5574 2802 5643; x_wconf 87' lang='lat' dir='ltr'><strong>quod</strong></span> <span class='ocrx_word' id='word_1_873' title='bbox 2827 5577 2963 5630; x_wconf 90' lang='lat' dir='ltr'><strong>ratio</strong></span> <span class='ocrx_word' id='word_1_874' title='bbox 2992 5568 3423 5646; x_wconf 71' lang='lat' dir='ltr'><strong>eratcons&#39;tituit,</strong></span> <span class='ocrx_word' id='word_1_875' title='bbox 3445 5586 3499 5633; x_wconf 89' lang='lat' dir='ltr'><strong>et</strong></span> <span class='ocrx_word' id='word_1_876' title='bbox 3526 5595 3656 5632; x_wconf 75' lang='lat' dir='ltr'><strong>coii-</strong></span> 
     </span>
    </p>
   </div>
   <div class='ocr_carea' id='block_1_118' title="bbox 2070 5664 3653 5740">
    <p class='ocr_par' dir='ltr' id='par_1_118' title="bbox 2070 5664 3653 5740">
     <span class='ocr_line' id='line_1_118' title="bbox 2070 5664 3653 5740; baseline 0.004 -22"><span class='ocrx_word' id='word_1_877' title='bbox 2070 5664 2311 5718; x_wconf 90' lang='lat' dir='ltr'><strong>stitutum</strong></span> <span class='ocrx_word' id='word_1_878' title='bbox 2350 5664 2459 5732; x_wconf 89' lang='lat' dir='ltr'><strong>jam</strong></span> <span class='ocrx_word' id='word_1_879' title='bbox 2506 5666 2558 5720; x_wconf 89' lang='lat' dir='ltr'><strong>iu</strong></span> <span class='ocrx_word' id='word_1_880' title='bbox 2608 5682 2768 5736; x_wconf 89' lang='lat' dir='ltr'><strong>quam</strong></span> <span class='ocrx_word' id='word_1_881' title='bbox 2827 5669 3057 5724; x_wconf 90' lang='lat' dir='ltr'><strong>voluerit</strong></span> <span class='ocrx_word' id='word_1_882' title='bbox 3107 5670 3462 5740; x_wconf 85' lang='lat' dir='ltr'><strong>quantitatem</strong></span> <span class='ocrx_word' id='word_1_883' title='bbox 3519 5672 3653 5725; x_wconf 84' lang='lat' dir='ltr'><strong>mira</strong></span> 
     </span>
    </p>
   </div>
   <div class='ocr_carea' id='block_1_119' title="bbox 2069 5758 3637 5832">
    <p class='ocr_par' dir='ltr' id='par_1_119' title="bbox 2069 5758 3637 5832">
     <span class='ocr_line' id='line_1_119' title="bbox 2069 5758 3637 5832; baseline 0.001 -19"><span class='ocrx_word' id='word_1_884' title='bbox 2069 5758 2488 5813; x_wconf 87' lang='lat' dir='ltr'><strong>commutatione</strong></span> <span class='ocrx_word' id='word_1_885' title='bbox 2513 5761 2865 5831; x_wconf 77' lang='lat' dir='ltr'><strong>perquirerct.</strong></span> <span class='ocrx_word' id='word_1_886' title='bbox 2899 5761 3309 5830; x_wconf 86' lang='lat' dir='ltr'><strong>Conscquenter</strong></span> <span class='ocrx_word' id='word_1_887' title='bbox 3335 5777 3461 5832; x_wconf 79' lang='lat' dir='ltr'><strong>ergo</strong></span> <span class='ocrx_word' id='word_1_888' title='bbox 3505 5762 3637 5815; x_wconf 73' lang='lat' dir='ltr'><strong>arbi-</strong></span> 
     </span>
    </p>
   </div>
   <div class='ocr_carea' id='block_1_120' title="bbox 2379 5931 2402 5948">
    <p class='ocr_par' dir='ltr' id='par_1_120' title="bbox 2379 5931 2402 5948">
     <span class='ocr_line' id='line_1_120' title="bbox 2379 5931 2402 5948; baseline 0 0"><span class='ocrx_word' id='word_1_889' title='bbox 2379 5931 2402 5948; x_wconf 51' lang='grc' dir='ltr'>ἱ</span> 
     </span>
    </p>
   </div>
  </div>
