3916 6202
296 333 395 389 ων
1579 330 1930 387 moxvsnus
1972 307 2291 387 exiguus.
3144 333 3167 350 °
3460 344 3566 402 sas

294 458 501 505 tramar
548 462 609 503 ea
638 463 740 517 qua
766 454 887 502 sunt
915 447 981 501 ad
1012 448 1155 502 illam
1189 447 1581 504 institutionem
1608 462 1727 518 qua:
1754 463 1879 505 nec-
1905 454 1950 511 Α
1981 448 2230 503 confesso
2249 429 2463 503 inducit
2497 464 2510 499 :
2550 446 2610 502 Si
2639 456 2819 503 autem
2848 448 3076 516 doleret,
3134 453 3403 507 undenam
3431 469 3578 512 esset

295 540 419 596 dum
451 546 561 601 est,
612 537 803 593 divina:
831 540 1040 594 virtutis
1061 540 1341 596 voluntate
1370 556 1534 611 posse
1562 540 1875 607 subsistere,

294 632 335 686 si
369 639 424 683 et
469 631 989 684 consummationem
1036 645 1215 684 rerum
1247 631 1311 685 ad
1365 631 1531 701 ipsius
1582 632 1878 701 potentiam

292 726 606 785 referentes,
644 722 694 774 in
728 722 872 776 nullo
905 722 1196 791 disciplina:
1238 734 1436 779 nostra
1460 724 1726 779 rationem
1754 740 1880 794 pro-

292 822 411 882 pter
435 813 485 866 id
507 812 649 883 quod
681 811 864 867 dicere
886 813 1176 881 credimus,
1197 830 1613 879 assumercmus,
1632 815 1878 885 quamvis

291 916 570 973 pusscmus
616 913 847 970 quadam
876 905 1183 960 inventione
1210 908 1497 960 verborum
1524 906 1752 961 suadere
1773 906 1878 961 illis

290 1000 381 1069 qui
409 998 474 1052 de
503 998 724 1051 materia
744 1000 1183 1053 contentionibus
1202 998 1497 1067 disputant,
1517 1013 1585 1052 ne
1616 997 1878 1051 auderent

288 1088 449 1146 facile
477 1088 831 1157 disputationi
863 1097 1063 1144 nostra:
1093 1089 1348 1159 deinceps
1379 1087 1619 1143 obviare.

288 1320 369 1377 De
399 1324 587 1377 natura
618 1323 730 1377 casti
746 1365 759 1389 ,
793 1322 930 1391 quod
953 1339 1056 1377 non
1085 1323 1153 1377 sit
1171 1337 1236 1374 ea:
1265 1330 1484 1390 quatuor
1502 1320 1764 1374 elementis
1788 1336 1872 1374 se-

787 1393 1009 1446 cundum
1041 1394 1391 1445 Aristotelem.

361 1501 558 1569 iCaput
596 1502 930 1569 subsequens
960 1501 1023 1554 ad
1070 1501 1211 1555 hunc
1243 1500 1436 1554 librum
1477 1515 1584 1552 non
1616 1500 1872 1567 pertinet,

288 1564 383 1625 sed
413 1588 444 1625 e
466 1564 611 1625 libro
642 1573 707 1624 dc
738 1564 1029 1625 Elementis
1060 1571 1164 1624 huc
1193 1585 1257 1623 ex
1291 1569 1590 1637 argumenti
1618 1564 1873 1623 similitu-

288 1643 414 1694 dine
448 1640 691 1694 fortassis
724 1642 964 1710 irrepsit,
999 1656 1106 1710 quo
1135 1641 1253 1694 loco
1283 1649 1531 1708 quartum
1556 1646 1717 1707 caput
1743 1640 1870 1706 est.)

360 1735 682 1789 Aristoteles
711 1743 891 1788 autem
930 1733 1175 1804 quintum
1208 1732 1413 1786 inducit
1437 1748 1659 1801 corpus,
1702 1730 1873 1785 aethe-

1982 540 2127 609 quod
2155 541 2415 594 sanaret}
2430 539 2581 595 Nunc
2596 549 2778 595 autem
2807 557 2914 596 non
2937 550 3017 596 est
3038 558 3204 597 unum
3225 545 3367 612 quod
3390 556 3570 616 sanat,

1981 629 2077 684 sed
2100 630 2300 695 multa;
2325 630 2543 683 minime
2571 645 2700 699 ergo
2724 646 2787 684 ex
2810 646 2919 685 uno
2943 632 3210 688 elemento
3229 636 3570 690 constituitur

1984 720 2167 774 homo.
2218 720 2485 775 Caeterum
2531 736 2599 775 ex
2627 722 2823 791 quibus
2854 722 2954 790 ipsi
2985 732 3251 778 conantur
3291 727 3569 795 proprium

1983 813 2211 881 quisque
2250 813 2584 867 communire
2613 812 2829 879 dogma,
2878 814 2961 867 bis
3007 814 3240 869 maxime
3268 814 3571 871 ostenditur

1980 910 2214 971 quatuor
2242 918 2361 959 esse
2390 905 2690 968 elementa;
2722 906 2923 959 etenim
2949 904 3143 960 Thales
3168 920 3361 974 aquam
3390 909 3565 963 solam

1982 991 2168 1047 dicens
2214 993 2563 1059 elementum,
2593 994 2965 1049 demonstrare
3012 996 3201 1050 nititur
3227 997 3430 1066 reliqua
3465 1000 3567 1053 tria

1982 1080 2050 1134 ab
2094 1081 2195 1136 hac
2240 1083 2506 1149 generari,
2559 1097 2681 1137 nam
2712 1083 3044 1155 hypostasim
3073 1086 3189 1153 ejus
3219 1095 3418 1141 terram
3449 1086 3566 1143 fieri

1981 1173 2124 1239 quod
2137 1174 2596 1249 λεπτομερέστερον
2609 1182 2711 1235 est,
2730 1190 2931 1239 aerem,
2961 1176 3104 1243 quod
3138 1178 3349 1231 tenuius
3374 1187 3558 1232 autem

1985 1278 2133 1329 aere,
2162 1265 2361 1332 ignem.
2394 1266 2752 1320 Anaximenes
2780 1282 2909 1321 vero
2931 1282 3109 1322 aerem
3132 1269 3303 1323 solum
3335 1285 3565 1339 ponens,

1980 1356 2264 1411 ostendere
2292 1372 2508 1426 quoque
2539 1366 2711 1413 tentat
2740 1360 2844 1413 alia
2873 1362 3137 1415 elementa
3169 1378 3235 1417 ex
3264 1378 3391 1418 aere
3430 1381 3559 1432 pro-

1979 1445 2124 1499 duci.
2154 1447 2464 1503 Heraclitus
2493 1448 2621 1503 item
2652 1458 2708 1503 et
2735 1449 3072 1520 Hipparchus
3102 1452 3356 1507 Ponticus
3386 1455 3562 1522 ignem

1980 1535 2271 1591 afferentes
2294 1577 2310 1604 ,
2362 1538 2550 1594 iisdem
2579 1538 3123 1597 demonstrationibus
3153 1552 3393 1598 utuntur.
3426 1544 3561 1600 Cum

1982 1628 2164 1697 itaque
2192 1637 2249 1684 et
2278 1630 2330 1683 hi
2356 1630 2539 1685 dicant
2568 1632 2743 1699 ignem
2771 1632 2999 1688 aliorum
3024 1633 3411 1691 elementorum
3441 1652 3565 1692 esse

1978 1721 2366 1787 generativum,
2390 1731 2446 1776 et
2469 1723 2569 1778 iste
2591 1724 2837 1779 similiter
2860 1740 3061 1792 aerem,
3082 1727 3170 1782 ille
3190 1744 3322 1783 vero
3338 1744 3556 1799 aquam,

291 1842 462 1889 reum,
490 1825 887 1897 inquam,quoi
920 1828 971 1879 in
999 1826 1225 1881 circuitu
1259 1826 1445 1883 fertur.
1471 1825 1660 1879 nolens
1682 1824 1870 1878 caelum

1982 1808 2261 1888 manifeste
2291 1813 2457 1881 liquet
2483 1815 2736 1882 quoniam
2764 1817 2943 1871 omnia
2978 1818 3241 1873 elementa
3272 1821 3561 1877 vicissatim

289 1935 355 1971 cx
387 1928 617 1987 quatuor
646 1919 926 1973 elementis
966 1928 1279 1986 generatum
1334 1932 1496 1982 esse;
1547 1917 1601 1970 in
1648 1915 1877 1971 circuitu

287 2018 466 2061 antem
492 2007 613 2061 ferri
644 2009 774 2062 dicit
799 2009 901 2063 hoc
929 2010 1173 2076 quintum
1205 2023 1424 2076 corpus,
1450 2005 1599 2076 quod
1628 2004 1877 2059 circulari

285 2098 769 2170 circmngyratione
816 2108 1134 2161 moveatur,
1184 2097 1329 2167 quod
1378 2096 1533 2150 Plato
1577 2111 1644 2150 ex
1675 2096 1794 2164 igne
1822 2104 1879 2150 et

290 2198 435 2243 terra
465 2200 714 2245 c0nstare
740 2189 1022 2244 manifeste
1053 2188 1285 2253 disserit,
1322 2188 1393 2241 ita
1428 2187 1676 2257 inquiens
1709 2204 1721 2239 :
1752 2184 1881 2240 Cor-

288 2299 461 2352 porea:
503 2284 710 2353 speciei,
762 2292 812 2335 et
853 2282 1049 2337 visibile
1076 2291 1125 2335 et
1157 2280 1431 2351 tangibile,
1485 2280 1622 2351 quod
1649 2281 1735 2345 sit,
1768 2296 1880 2333 esse

287 2383 523 2443 oportet.
572 2374 686 2427 sine
722 2374 841 2440 igne
873 2382 1051 2428 autem
1086 2373 1216 2426 nihil
1252 2387 1485 2440 unquam
1515 2370 1723 2425 visibile
1765 2369 1876 2435 fiet,

294 2479 470 2532 neque
499 2464 616 2517 sine
646 2464 818 2517 solido
849 2465 1133 2531 tangibile,
1184 2472 1238 2516 at
1265 2463 1493 2517 solidum
1540 2477 1876 2533 nequaquam

293 2556 497 2620 absque
529 2563 669 2607 terra
714 2555 915 2608 existit.
952 2553 1183 2607 Proinde
1214 2570 1281 2607 ex
1310 2554 1431 2623 igne
1461 2563 1516 2609 et
1546 2562 1687 2609 terra
1720 2555 1877 2624 hujus

293 2641 540 2696 Universi
570 2658 767 2711 corpus
796 2643 1057 2697 inclinans
1080 2642 1220 2695 Deus
1250 2642 1395 2707 fecit,
1424 2642 1529 2697 duo
1550 2652 1729 2697 autem
1759 2643 1877 2699 sine

294 2733 455 2787 tertio
477 2735 611 2788 bene
633 2733 932 2788 consistere
956 2741 1248 2802 nequeunt,
1271 2733 1484 2788 vinculo
1506 2733 1646 2788 enim
1671 2741 1877 2788 utrum-

283 2840 386 2893 que
400 2825 797 2891 coagmentauti
811 2839 948 2893 opus
959 2832 1061 2889 est;
1076 2824 1345 2878 vinculum
1358 2840 1486 2879 vero
1500 2825 1761 2894 optimum
1774 2834 1874 2891 est,

294 2915 440 2982 quod
470 2923 522 2968 et
553 2930 610 2968 se
643 2916 813 2986 ipsum
846 2924 899 2969 et
927 2931 1046 2984 qua:
1073 2916 1393 2984 colligantur
1446 2932 1607 2984 quam
1637 2918 1873 2973 maxime

288 3018 451 3056 unum
475 3000 671 3068 efficit;
706 3004 807 3058 hoc
830 3014 1008 3058 autem
1037 3004 1542 3060 convenientissime
1566 3007 1873 3077 proportio—

294 3104 419 3146 nata
453 3103 536 3148 est
575 3095 863 3163 perlicere,
908 3096 1180 3150 vinculum
1208 3097 1392 3151 dicens
1421 3097 1595 3151 media
1626 3097 1731 3152 duo
1759 3099 1871 3153 ele—

1980 1914 2040 1953 se
2070 1909 2461 1964 transmutant,
2512 1904 2672 1973 inque
2700 1920 2758 1960 se
2790 1907 3018 1962 invicem
3048 1918 3352 1977 vertuntur,
3382 1911 3560 1981 quod-

1980 1988 2111 2045 libet
2134 1992 2323 2046 horum
2346 1993 2670 2049 elementum
2701 2010 2823 2051 esse
2852 2001 3159 2054 necessario
3189 2004 3558 2072 consequitur.

1979 2078 2348 2151 Quodcunque
2364 2083 2505 2137 enim
2519 2093 2749 2153 quatuor
2772 2074 3163 2144 elementorum
3174 2091 3564 2161 ahsumpseris,

1978 2178 2031 2223 et
2060 2171 2162 2226 hoc
2186 2173 2254 2226 ab
2280 2174 2388 2228 alio
2419 2173 2534 2230 fieri
2562 2175 2946 2245 comperletur.

2559 2265 2788 2323 CAPUT
2819 2268 2985 2323 XXV.

1980 2331 2232 2387 Aduersus
2260 2351 2346 2389 eos
2375 2336 2461 2407 qui
2500 2338 2694 2391 audent
2721 2355 2951 2394 asserere
2975 2352 3285 2398 cowternam
3318 2342 3424 2398 Deo
3450 2360 3565 2399 esse

2623 2411 2914 2464 materiam.

2049 2469 2166 2526 Non
2214 2473 2356 2528 enim
2397 2473 2551 2544 juxta
2599 2491 2786 2532 eorum
2834 2493 2953 2547 quae
2990 2496 3089 2551 per
3116 2483 3563 2555 consequentiam

1980 2562 2325 2631 reperiuntur
2352 2566 2592 2621 materiae
2634 2565 2805 2622 fertur
2846 2571 3027 2640 opinio
3073 2588 3192 2641 quae
3239 2590 3303 2629 ex
3344 2575 3565 2629 intelle-

1980 2654 2142 2707 ctuali
2168 2654 2307 2710 hanc
2329 2670 2544 2728 quoque
2570 2658 2689 2713 sine
2714 2661 2939 2714 materia
2964 2663 3195 2719 existere
3225 2667 3562 2735 pronuntiat.

1979 2740 2206 2799 Omnem
2264 2761 2497 2815 namque
2548 2749 2830 2805 materiam
2890 2753 3210 2821 quibusdam
3264 2756 3563 2813 subsistere

1981 2836 2327 2905 qualitatibus
2356 2837 2677 2929 invenimus,
2702 2844 2894 2912 quibus
2933 2845 2978 2900 si
3010 2847 3276 2916 privetur,
3302 2848 3445 2902 nulla
3474 2863 3568 2902 γει·-

1983 2928 2128 2983 tione
2175 2931 2377 2998 poterit
2423 2928 2827 3002 comprehendi.
2880 2936 2987 2992 Sed
3036 2940 3177 2995 enim
3226 2955 3563 3011 unaquzeque

1978 3016 2250 3084 qualitatis
2296 3019 2503 3088 species
2545 3022 2788 3091 subjecta
2836 3027 3046 3081 ratione
3090 3028 3364 3085 dividitur.
3398 3029 3563 3083 Rath

1980 3120 2159 3165 autem
2200 3111 2579 3169 intellectualis
2606 3124 2716 3181 est,
2766 3131 2865 3171 nec
2892 3126 2975 3171 est
3005 3118 3119 3186 ejus
3146 3122 3444 3191 corporalis
3472 3124 3563 3177 in-

282 3195 462 3282 merita
512 3201 580 3240 ex
629 3186 931 3282 hujusmodi
974 3188 1327 3282 proportione
1358 3197 1652 3282 assumpta.
1687 3189 1755 3243 At
1784 3192 1875 3259 qui
1904 3189 1947 3251 C
1979 3202 2185 3269 spectio
2209 3219 2222 3254 ;
2243 3210 2301 3256 ut
2329 3209 2457 3272 puta
2487 3204 2557 3259 sit
2583 3206 2636 3260 in
2667 3208 3121 3280 contemplatione
3150 3186 3330 3265 nostra
3357 3228 3565 3282 propo-

282 3278 629 3333 chneoruni
653 3280 953 3333 doctrinam
982 3278 1184 3343 colunt,
1218 3278 1284 3332 de
1316 3278 1457 3333 coelo
1485 3288 1539 3333 et
1563 3287 1706 3333 terra
1737 3295 1864 3333 eva-

282 3370 439 3434 riant,
462 3386 580 3422 nam
604 3370 656 3423 hi
679 3370 894 3438 quidem
918 3370 1029 3424 fere
1052 3385 1239 3425 omnes
1261 3386 1329 3425 ex
1350 3371 1495 3425 nulla
1525 3370 1899 3441 praecedente.

282 3462 509 3516 materia
541 3463 776 3528 genitum
809 3477 927 3516 esse
970 3462 1166 3515 cmlum
1192 3470 1245 3515 et
1278 3471 1474 3517 terram
1505 3462 1715 3528 dicunt,
1748 3465 1872 3532 quia

282 3553 459 3607 Moses
489 3554 561 3606 ait
606 3570 618 3606 :
664 3551 729 3605 In
760 3553 1014 3623 principio
1045 3552 1164 3622 fecit
1196 3551 1335 3605 Deus
1364 3553 1543 3605 cretum
1574 3564 1622 3605 et
1650 3562 1861 3607 terram.

282 3644 647 3713 Appllinarius
676 3654 855 3697 autem
881 3644 995 3697 vult
1021 3659 1087 3697 ex
1116 3645 1311 3715 abysso
1342 3644 1531 3698 fecisse
1562 3644 1723 3699 Deum
1754 3661 1866 3700 ca:-

282 3738 393 3791 lum
424 3746 478 3792 et
510 3746 736 3801 terram;
761 3753 945 3791 verum
974 3738 1149 3807 abyssi
1175 3747 1232 3791 ut
1253 3737 1465 3805 genitas,
1493 3737 1665 3793 Moses
1689 3738 1755 3793 de
1782 3755 1873 3818 ge-

282 3831 566 3884 neratione
614 3831 738 3884 (εωΙί
771 3846 877 3885 non
908 3830 1175 3885 meminit.
1225 3830 1283 3883 ln
1330 3828 1431 3885 Job
1461 3839 1640 3884 autem
1672 3831 1871 3884 dictum

285 3928 370 3975 est
411 3920 554 3989 quod
585 3920 709 3975 fecit
739 3921 988 3992 abyssum
1015 3936 1031 3986 ;
1082 3935 1148 3975 ex
1172 3920 1275 3975 hoc
1297 3921 1457 3989 igitur
1486 3929 1671 3975 censet
1693 3921 1873 3975 omnia

281 4012 386 4066 alia
418 4022 674 4079 generata
721 4026 870 4074 esse;
910 4026 1016 4064 non
1048 4018 1225 4065 tamen
1257 4011 1549 4079 ingenitam
1580 4011 1723 4075 vult,
1774 4010 1870 4065 sed

281 4112 406 4156 ante
436 4112 629 4156 cuncta
653 4116 880 4170 corpora
905 4102 1219 4171 productam
1238 4117 1355 4155 eam
1376 4117 1516 4166 esse,
1543 4110 1598 4157 et
1618 4118 1875 4170 prtesuni-

280 4194 454 4263 pslsse
493 4208 522 4248 a
554 4193 835 4247 conditore
882 4194 949 4245 ad
996 4192 1223 4246 aliorum
1255 4193 1657 4247 subsistentiam
1692 4193 1866 4247 mani-

280 4283 640 4336 festationem.
678 4279 830 4336 Unde
856 4281 1033 4351 abyssi
1066 4282 1209 4347 ὕλης,
1260 4280 1350 4335 sed
1384 4282 1873 4351 qnomodocunque

280 4375 385 4429 hoc
407 4390 465 4427 se
490 4374 705 4435 habeat,
738 4372 872 4425 nihil
902 4369 1084 4426 refert.
1111 4370 1241 4424 Nam
1269 4378 1326 4424 et
1356 4372 1425 4425 ita
1452 4371 1692 4425 omnium
1722 4370 1863 4425 Deus

281 4465 536 4519 conditor
564 4465 867 4537 ostenditur
914 4480 980 4517 ex
1028 4479 1133 4517 non
1179 4464 1389 4518 entibus
1420 4462 1609 4520 fecisse
1654 4464 1857 4519 omnia.

1978 3291 2137 3346 situm
2166 3292 2363 3346 animal
2381 3293 2614 3363 aliquod,
2633 3296 2719 3351 vel
2744 3297 2962 3365 lignum,
2981 3299 3066 3354 vel
3087 3300 3212 3368 quid
3229 3301 3392 3369 aliud,
3413 3305 3567 3370 quod

1982 3376 2245 3438 mate‘riali
2268 3386 2652 3442 constitutione
2673 3389 2935 3453 subsistit,
2951 3390 3114 3444 multa
3137 3390 3202 3446 de
3221 3391 3407 3447 eodem
3430 3395 3568 3448 sub-

1972 3471 2122 3542 jecto
2151 3476 2495 3545 cogitationis
2524 3478 2849 3533 discretione
2888 3482 3294 3551 perpendimus,
3326 3500 3563 3553 quorum

1977 3566 2187 3636 singula
2217 3582 2336 3637 qua:
2364 3571 2522 3625 simul
2553 3571 2791 3642 inspecta
2836 3584 2999 3638 sunt,
3047 3576 3163 3629 sine
3201 3577 3569 3645 permixtione

1977 3656 2156 3726 aliqua
2188 3659 2397 3714 ratione
2442 3670 2496 3715 et
2525 3662 2713 3716 ordine
2751 3664 3113 3719 continentur.
3162 3664 3279 3718 Alia
3326 3680 3568 3735 namque

1975 3748 2172 3803 coloris
2201 3758 2283 3805 est
2323 3751 2481 3817 ratio,
2527 3762 2581 3806 et
2626 3754 2729 3807 alia
2760 3746 3037 3823 ponderis,
3064 3757 3398 3825 quantitatis.
3420 3755 3565 3811 Item

1975 3846 2028 3891 et
2049 3839 2322 3907 qualitatis
2343 3841 2464 3905 alia,
2483 3851 2536 3896 et
2559 3843 2662 3896 alia
2686 3844 3031 3899 nihilominus
3054 3854 3256 3910 tactus;
3281 3859 3401 3897 nam
3417 3845 3564 3900 mol-

1976 3926 2117 3981 lities
2146 3936 2201 3983 et
2246 3929 2491 3998 bipedale
2521 3941 2576 3985 et
2600 3933 2803 4001 reliqua
2843 3946 2963 4004 qua:
3001 3934 3142 3988 dicta
3174 3942 3326 3997 sunt,
3375 3948 3560 4004 neque

1974 4019 2073 4074 sibi
2106 4020 2353 4086 invicem,
2378 4038 2549 4092 neque
2577 4026 2791 4095 corpori
2824 4026 2928 4079 ulla
2957 4025 3322 4079 similitudinis
3343 4027 3564 4081 ratione

1975 4110 2338 4164 consentiunt.
2370 4109 2604 4181 Singulis
2625 4114 2766 4167 enim
2795 4115 3009 4183 prOpria
3031 4113 3270 4183 quadam
3303 4114 3444 4169 ratio
3474 4116 3563 4168 in-

1976 4205 2187 4268 terpres
2215 4197 2465 4267 adjuncta
2498 4210 2609 4263 est,
2661 4202 2791 4256 nulli
2833 4217 3018 4257 earum
3048 4216 3169 4271 qua:
3213 4203 3264 4257 in
3310 4202 3561 4270 subjecto

1974 4300 2073 4339 suo
2099 4296 2394 4340 cernuntur
2422 4289 2665 4357 qualitati
2694 4290 3114 4344 communicans.
3160 4287 3217 4344 Si
3264 4290 3427 4358 igitur
3468 4291 3561 4345 in-

1976 4374 2264 4443 telligibilis
2296 4376 2515 4444 quidem
2546 4378 2725 4441 color,
2780 4378 3127 4446 intelligibilis
3170 4380 3332 4433 etiam
3365 4379 3557 4448 figura,

1974 4480 2074 4520 nec
2106 4481 2211 4521 non
2241 4475 2297 4521 et
2324 4469 2595 4536 quantitas
2636 4478 2936 4539 cmteraque
2974 4470 3279 4537 bujusmodi
3309 4472 3558 4542 proprie-

280 4556 551 4611 Adversus
594 4572 690 4611 eos
714 4572 841 4610 vero
883 4558 974 4624 qui
1000 4573 1161 4611 unum
1188 4558 1363 4612 solum
1393 4558 1716 4611 elementum
1746 4573 1864 4613 esse
1898 4556 1941 4612 ι)
1970 4563 2172 4624 latum;
2227 4559 2419 4613 horum
2472 4574 2598 4615 vero
2627 4561 2833 4629 singula
2873 4561 2917 4615 si
2964 4560 3177 4617 auferas
3213 4577 3243 4617 a
3273 4563 3542 4632 subjecto,

278 4656 549 4713 astruunt,
578 4656 796 4710 terram,
822 4648 1022 4716 ignem,
1049 4648 1133 4702 vel
1166 4663 1366 4713 aerem,
1394 4647 1477 4701 vel
1506 4664 1717 4717 aquam,
1743 4663 1863 4716 quae

278 4740 347 4793 ab
377 4738 703 4809 Hippocrate
749 4739 894 4794 dicta
943 4747 1067 4792 sunt
1111 4738 1399 4793 suflicient.
1450 4737 1506 4791 Si
1530 4739 1674 4792 enim
1724 4738 1861 4792 dun-

280 4837 430 4883 taxat
457 4844 620 4902 nnum
652 4838 833 4892 esset,
885 4842 1155 4896 nunquam
1196 4826 1404 4882 doleret
1443 4826 1639 4893 homo,
1690 4844 1864 4897 neque

278 4921 421 4975 enim
450 4928 597 4977 esset
635 4936 665 4975 a
690 4936 796 4990 quo
827 4919 1037 4977 doleret
1066 4921 1109 4974 si
1133 4935 1294 4974 unum
1324 4919 1611 4981 existeret;
1642 4920 1787 4988 quod
1816 4921 1863 4976 si

258 5013 510 5077 doleret,
532 5012 799 5067 undenam
827 5017 973 5065 esset
986 5008 1128 5078 quod
1149 5010 1405 5063 sanaret?
1432 5006 1656 5079 Oportet
1685 5017 1863 5062 autem

279 5116 479 5169 aegrum
510 5120 631 5159 cum
660 5118 821 5158 sensu
847 5101 1215 5156 transmutari.
1246 5098 1305 5153 Si
1330 5112 1462 5155 vero
1494 5116 1657 5153 unum
1688 5099 1862 5153 solum

279 5202 423 5247 esset
437 5194 789 5263 elementum,
822 5210 928 5249 non
951 5193 1209 5247 existeret
1234 5192 1417 5263 utique
1447 5192 1497 5245 in
1517 5192 1661 5260 quod
1691 5200 1867 5246 trans-

282 5293 605 5350 mutaretur;
636 5302 740 5340 non
765 5294 1175 5340 transmutatam
1204 5294 1405 5347 autem,
1436 5283 1528 5339 sed
1558 5299 1780 5338 manens
1810 5284 1863 5337 in

288 5386 347 5425 se
370 5374 507 5441 ipso,
540 5387 876 5445 nequaquam
903 5375 1140 5441 doleret,
1168 5376 1379 5432 etiamsi
1408 5375 1658 5431 sensibile
1682 5374 1821 5428 foret
1844 5389 1859 5440 ;

284 5470 340 5516 at
360 5464 502 5532 quod
532 5465 734 5533 patitur
760 5467 827 5521 ab
867 5467 1046 5536 aliquo
1084 5467 1195 5537 pati
1228 5482 1446 5523 necesse
1468 5475 1570 5522 est.
1603 5466 1657 5521 Si
1682 5468 1861 5535 itaque

282 5570 448 5609 unum
468 5556 631 5610 modo
652 5566 796 5611 esset
810 5558 1159 5625 elementum,
1175 5568 1371 5628 praeter
1385 5558 1524 5613 illius
1547 5559 1860 5628 qualitatem

282 5646 426 5702 nulla
450 5645 553 5701 alia
581 5647 718 5703 foret
748 5665 781 5703 a
807 5664 912 5718 qua
942 5658 1220 5718 pateretur
1246 5649 1474 5714 animal;
1519 5650 1663 5717 quod
1692 5649 1735 5705 si
1768 5664 1863 5705 ne—

280 5752 386 5808 que
430 5739 796 5800 transmutari,
844 5753 1019 5807 neque
1048 5738 1158 5807 pati
1186 5738 1394 5807 quiret,
1443 5754 1676 5807 quonam
1703 5747 1863 5808 pacto

248 5854 251 5857 -
282 5828 535 5886 doleret?
584 5827 885 5885 ostendens
923 5828 1081 5898 igitur
1110 5828 1213 5883 hoc
1243 5828 1573 5899 impossibile
1603 5845 1744 5895 esse,
1796 5844 1863 5884 ex

1970 4648 2131 4701 etiam
2156 4651 2295 4705 ratio
2320 4651 2565 4719 corporis
2597 4660 2706 4706 tota
2736 4652 3048 4707 dissolvitur
3071 4667 3436 4722 :consequens
3463 4664 3552 4709 est

1969 4747 2028 4791 ut
2072 4754 2300 4808 quorum
2331 4740 2625 4795 absentiam
2670 4743 3010 4797 resolutionis
3048 4746 3290 4815 corporis
3323 4760 3552 4801 causam

1971 4840 2091 4881 esse
2116 4816 2523 4895 cognoscimus,
2556 4830 2745 4884 horum
2775 4840 3099 4886 conventum
3130 4842 3289 4901 atque
3318 4848 3557 4901 concur-

1970 4932 2087 4970 sum
2115 4917 2373 4986 perlicere
2396 4920 2728 4975 materialem
2762 4930 3007 4976 naturam
3036 4924 3311 4977 :estimare
3345 4923 3553 4979 debeao

1971 5021 2109 5061 mus.
2136 5006 2287 5061 Sicut
2313 5009 2455 5062 enim
2484 5024 2686 5080 corpus
2704 5026 2810 5065 nou
2838 5020 2921 5065 est
2946 5012 3098 5066 color
3118 5022 3211 5065 aut
3238 5011 3425 5080 figura,
3454 5024 3555 5069 aut

1968 5096 2223 5152 distantia
2254 5106 2345 5153 aut
2373 5100 2604 5169 pondus,
2636 5110 2729 5155 aut
2759 5102 2963 5171 reliqua
2989 5103 3397 5174 proprietatum,
3428 5104 3553 5159 cel-

1968 5201 2178 5257 cunque
2203 5188 2496 5255 adsunt,ad
2514 5190 2704 5245 horum
2732 5191 2961 5258 singula,
2991 5191 3130 5246 sicut
3156 5190 3405 5255 diximus,
3423 5207 3547 5247 cor-

1968 5298 2067 5352 pus
2106 5296 2225 5337 esse
2251 5295 2356 5335 non
2397 5288 2654 5350 possunt,
2683 5280 2780 5335 sed
2809 5280 2951 5335 aliud
2978 5281 3105 5349 quid
3135 5290 3330 5350 praeter
3349 5296 3552 5352 corpus

1963 5374 2116 5442 juxta
2144 5387 2293 5427 suam
2320 5373 2707 5442 proprietatem
2736 5388 2855 5428 esse
2879 5381 3209 5428 monstratur
3234 5390 3247 5426 :
3281 5374 3352 5427 ita
3374 5389 3548 5428 econo

1964 5467 2130 5519 trario
2152 5466 2453 5533 ubicunque
2480 5471 2775 5518 memorata
2805 5471 3148 5529 concurrunt,
3181 5463 3543 5518 substantiam

1964 5555 2248 5627 perficiunt
2269 5557 2625 5625 corporalem.
2645 5554 2855 5609 Etenim
2881 5556 2924 5610 si
2955 5555 3331 5611 intellectualis
3349 5556 3544 5611 horum

1967 5649 2224 5719 probatur
2253 5648 2535 5717 inSpectio,
2555 5647 2933 5702 intellectualis
2950 5655 3130 5701 autem
3149 5647 3328 5701 divina
3348 5655 3547 5702 natura

1964 5748 2066 5804 est,
2114 5738 2243 5796 nihil
2273 5739 2633 5807 incongruens
2663 5752 2729 5792 ex
2771 5737 3087 5808 incorporea
3121 5743 3310 5791 natura
3352 5734 3547 5790 intelli-

1965 5828 2111 5899 gibili
2150 5828 2246 5883 has
2288 5827 2600 5883 occasiones
2644 5824 2711 5882 ad
2753 5824 3092 5897 corporalem
3137 5824 3542 5898 generationem

3862 4186 3907 4239 Μ

3862 4287 3905 4329 λίἔ

3866 4376 3905 4419 si.

3860 4470 3905 4516 δε

3856 4562 3903 4609 in

3854 4646 3903 4705 1η

3858 4748 3903 4799 σε

3850 4834 3901 4890 N

3852 4928 3901 4999 ‘s

3858 5020 3901 5073 ἡ

3848 5108 3901 5167 ἣ

3848 5198 3899 5255 η,

3848 5290 3900 5355 ¹Ι

3848 5384 3900 5442 ἴε

3851 5480 3898 5553 ‘1

3848 5572 3898 5671 ‘.‘

3848 5667 3898 5729 Ν

3848 5756 3895 5816 η

3848 5846 3895 5937 9⁸

3848 5942 3895 5999 1*:
