3916 6202
233 325 343 379 38)

1058 319 1233 374 LIBRI
1276 318 1362 373 DE
1394 314 1785 374 CREATIONE
1823 315 2101 373 HOMINIS
2143 313 2696 374 INTERPRETATIO

3423 291 3526 369 seu

230 453 400 509 posse
439 438 770 501 subsistere,
812 453 934 494 cum
964 437 1343 493 intellectualis
1379 435 1596 506 quidem
1639 444 1831 491 natura
1860 441 1912 498 Λ
1937 445 2057 488 esse
2103 433 2336 489 felicem.
2372 427 2475 489 Ubi
2506 443 2666 503 igitur
2691 433 2819 489 illud
2844 448 3088 503 regnum,
3125 435 3214 491 ubi
3246 436 3530 506 templum.

231 531 602 601 iutelligibiles
630 530 906 601 potentias
933 529 1117 598 faciat,
1143 545 1329 584 earum
1361 544 1491 584 vero
1537 537 1833 584 conventus

231 626 288 678 in
341 624 571 679 invicem
621 622 959 677 materialem
1004 630 1255 676 naturam
1312 636 1377 676 ac
1424 621 1831 689 generationem

226 722 640 782 consequenter
659 714 872 769 educat.
901 712 1005 769 Sed
1033 712 1152 767 haec
1179 713 1231 766 in
1258 721 1567 767 transcursu
1591 713 1831 771 discussa

228 814 383 858 sunt.
414 803 578 859 Nobis
601 813 785 858 autem
813 820 999 859 rursus
1020 803 1084 857 ad
1101 802 1255 857 ﬁdem
1272 804 1410 857 ratio
1426 810 1538 858 tota
1552 803 1833 858 referenda

230 904 339 958 est,
357 880 456 963 per
467 910 631 965 quam
648 910 717 948 ex
734 909 842 948 non
856 894 1193 947 exstantibus
1216 893 1393 947 omnia
1411 893 1694 947 substituta
1714 908 1833 948 esse

228 992 540 1055 didicimus,
560 1000 616 1047 et
638 1007 825 1047 rursus
845 991 899 1044 in
924 991 1088 1044 alium
1111 990 1396 1061 quemdam
1422 988 1831 1045 transmutanda

228 1090 432 1135 statum
451 1080 751 1152 Scripturis
778 1079 1177 1134 venerabilibus
1205 1079 1401 1141 edocti.
1434 1080 1655 1134 minime
1677 1078 1833 1133 dubi-

230 1182 433 1228 tamus.

822 1241 1053 1301 CAPUT
1069 1241 1261 1298 XXVI.

228 1312 690 1397 Quemadmodum
736 1317 850 1397 quis
890 1318 1051 1397 etiam
1088 1313 1156 1396 ab
1182 1315 1263 1397 bis
1290 1313 1378 1383 qui
1408 1315 1537 1397 foris
1583 1311 1831 1397 aunt‘ad-r

294 1385 549 1507 άιὲἆιων,
574 1395 630 1439 ut
644 1383 931 1457 Scriptum
954 1385 1158 1440 docenti
1174 1385 1238 1438 de
1253 1383 1629 1439 resurrectione
1648 1383 1831 1438 debeat

298 1472 364 1508 cr
430 1472 539 1508 ere.
1608 1506 1611 1508 _

298 1545 417 1603 Sed
435 1547 576 1603 forte
606 1548 873 1618 quispiam
896 1563 1126 1618 corpora
1144 1547 1256 1617 jam
1278 1548 1453 1604 soluta
1470 1545 1849 1615 conspiciens,

224 1647 283 1693 et
313 1655 422 1708 pro
450 1638 619 1694 modo
644 1655 863 1694 suarum
892 1638 1084 1694 virium
1112 1638 1349 1693 divinam
1380 1636 1719 1709 perpendens
1746 1652 1834 1690 ra-

225 1729 468 1792 tionem,
500 1730 889 1785 resolutionem
932 1731 1318 1801 impossibilem
1350 1745 1470 1785 esse
1503 1729 1737 1783 fateatur
1780 1736 1836 1783 et

225 1830 385 1877 stare
412 1837 532 1892 quae
561 1830 868 1887 moventur,
901 1823 1009 1878 imo
1049 1831 1104 1879 et
1136 1836 1357 1891 surgere
1385 1838 1503 1893 qua:
1533 1820 1694 1876 modo
1724 1836 1832 1875 non
1868 1824 1908 1881 Β

224 1923 546 1980 moventur,
570 1912 687 1968 fieri
718 1930 823 1969 non
846 1930 1006 1984 posse
1028 1915 1356 1985 pronuntiet.
1391 1912 1498 1969 Sed
1522 1912 1833 1982 quicunque

223 2016 311 2063 est
332 2008 429 2063 ille
452 2010 684 2081 primum
712 2007 927 2078 quidem
958 2016 1013 2062 et
1040 2008 1333 2063 maximum
1350 2006 1418 2063 de
1431 2005 1833 2061 resurrectione

224 2101 485 2154 veritatis
511 2100 742 2171 accipiat
770 2108 1170 2168 argumentum,
1195 2099 1337 2168 quod
1361 2098 1687 2169 praedicator
1716 2096 1833 2167 ejus

223 2190 502 2261 probetur
529 2191 676 2245 omni
720 2189 823 2245 ﬁde
867 2190 1243 2259 dignissimus,
1295 2205 1486 2245 eorum
1532 2204 1663 2244 vero
1713 2204 1833 2258 quae

222 2285 492 2341 dicuntur
522 2283 652 2340 ﬁdes
679 2300 745 2339 ex
768 2285 850 2339 his
879 2300 997 2355 qua:
1026 2284 1283 2356 praedicta
1312 2299 1375 2339 ac
1402 2282 1670 2354 completa
1709 2291 1834 2338 sunt

220 2389 394 2430 suam
423 2375 620 2430 retinet
649 2374 978 2430 ﬁrmitatem.
1013 2373 1150 2441 Quia
1195 2389 1324 2429 vero
1354 2374 1538 2445 plures
1568 2373 1721 2427 nobis
1748 2373 1831 2427 di-

221 2480 539 2535 versasque
567 2481 848 2522 sermones
888 2465 1081 2519 divinae
1110 2465 1401 2535 Scripturae
1432 2463 1835 2519 commendavit

223 2560 560 2623 auctoritas,
590 2558 747 2614 facile
795 2574 920 2613 reor
950 2566 1129 2613 utrum
1160 2558 1291 2612 falsa
1337 2572 1403 2611 an
1436 2572 1562 2610 vera
1608 2556 1719 2610 sint
1764 2570 1829 2610 ea

222 2665 353 2719 qua
377 2649 525 2704 dicta
554 2658 683 2703 sunt
720 2664 786 2705 ex
807 2650 890 2704 bis
916 2663 1036 2720 quae
1061 2648 1171 2717 jam
1200 2647 1469 2717 completa
1495 2654 1619 2701 sunt
1644 2644 1835 2713 explo~

221 2759 385 2805 rare,
418 2751 476 2798 et
505 2724 601 2813 per
641 2743 729 2797 illa
777 2743 883 2798 hoc
924 2756 1141 2810 quoque
1182 2740 1377 2809 dogma
1421 2736 1834 2793 resurrectionis

222 2834 532 2903 inspicere.
555 2833 685 2887 Nam
711 2834 756 2889 si
785 2834 839 2887 in
866 2833 988 2887 aliis
1010 2832 1175 2887 rebus
1190 2830 1309 2885 falsi
1332 2844 1611 2883 sermones
1632 2838 1688 2883 et
1709 2843 1827 2896 pro-

221 2926 312 2984 cul
339 2942 382 2980 a
406 2926 633 2981 veritate
659 2931 1047 2987 monstrantur,
1074 2936 1175 2978 nec
1190 2922 1293 2976 hoc
1308 2929 1461 2976 extra
1492 2919 1831 2974 mendacium

220 3031 359 3071 esse
392 3014 753 3083 arguoseitur.
786 3012 845 3067 Si
891 3028 1022 3067 vero
1049 3021 1243 3067 caetera
1272 3010 1452 3065 omnia
1481 3024 1630 3072 vera,
1664 3023 1832 3076 expe-

220 3107 439 3163 rientia
467 3107 580 3175 ipsa
610 3111 843 3160 testante
860 3142 877 3169 ,
930 3116 1268 3171 consequens
1296 3106 1381 3155 est
1404 3114 1501 3168 per
1528 3098 1633 3153 ista
1650 3112 1831 3151 veram

222 3196 683 3268 pradicationem
737 3192 1154 3250 resurrectionis
1194 3190 1448 3245 existere.
1491 3187 1835 3257 Quapropter
1861 3202 1901 3259 ε

222 3291 404 3346 unius
422 3287 515 3341 vel
530 3285 755 3341 deorum
785 3284 852 3339 de
873 3284 957 3339 his
980 3298 1102 3352 qua:
1127 3290 1254 3338 sunt
1280 3282 1535 3355 prtedicta
1563 3295 1831 3335 memore-

224 3375 671 3445 mue,simulque
691 3389 879 3431 eorum
902 3372 1240 3442 proferamus
1262 3378 1535 3433 eventum,
1563 3376 1831 3439 quatenus

223 3482 539 3538 agnoscere
568 3444 836 3536 possimus
870 3473 1050 3520 utrum
1077 3463 1292 3519 veritati
1320 3464 1498 3518 oratio
1527 3472 1711 3517 nostra
1743 3478 1831 3517 re-

223 3559 534 3630 spondeat.
561 3558 690 3625 Quis
721 3559 883 3628 igitur
906 3558 1121 3626 ignoret
1148 3556 1380 3625 qualiter
1407 3556 1702 3625 antiquitus
1728 3555 1830 3610 ilo-

225 3651 416 3707 ruerit
442 3649 764 3704 lsraeliticus
793 3649 1042 3717 populus,
1064 3648 1316 3702 omnibus
1343 3662 1403 3702 se
1437 3646 1829 3717 propemodum

226 3741 429 3797 nandi
446 3741 805 3811 potestatibus
816 3738 1066 3803 efferens,
1087 3738 1268 3807 qualia
1289 3753 1477 3793 eorum
1495 3751 1660 3806 regna
1676 3743 1831 3791 erant

227 3837 287 3891 in
311 3836 458 3890 urbe
490 3833 877 3903 Hierosolyma.
908 3831 1098 3900 quales
1123 3831 1261 3885 muri
1282 3829 1368 3884 vel
1399 3838 1597 3895 turres,
1644 3828 1829 3897 templi

227 3940 464 3997 quoque
509 3935 707 3993 quanta
761 3922 1195 3993 magniﬁcentia,
1248 3931 1307 3977 ut
1347 3924 1512 3978 etiam
1555 3920 1831 3990 discipulis

228 4016 446 4073 Cluiin
500 4015 804 4070 viderentur
851 4013 1152 4077 miraculo,
1208 4012 1492 4082 ipsumque
1540 4011 1829 4067 Dominum

230 4115 601 4179 precarentur
626 4106 933 4161 attendere.
963 4105 1163 4173 Sicque
1190 4115 1347 4161 erant
1366 4121 1433 4161 ex
1464 4105 1549 4159 his
1577 4120 1695 4174 quae
1720 4120 1832 4158 cer.

231 4200 448 4254 hebant
478 4207 697 4267 stupore
728 4196 1104 4253 admirationis
1131 4197 1331 4263 affecti,
1364 4205 1423 4252 ut
1450 4198 1623 4252 sancti
1654 4196 1831 4250 Evan-

228 4292 364 4359 gelii
392 4289 638 4345 declarat
686 4289 928 4352 historia,
960 4289 1201 4344 dicentes
1233 4307 1246 4342 :
1276 4288 1466 4355 Qualia
1490 4303 1680 4359 opera,
1704 4304 1834 4357 qua-

230 4381 431 4450 lesque
457 4388 638 4434 essent
658 4378 1071 4435 aediﬁcationes!
1105 4378 1362 4434 Dominus
1391 4387 1569 4434 autem
1598 4378 1831 4432 futuram

229 4471 345 4527 loci
367 4471 733 4526 desertionem
755 4481 812 4526 et
832 4472 1246 4541 pulchritudinis
1267 4472 1412 4526 illius
1427 4472 1829 4533 exterminium,

1938 523 2029 578 ubi
2061 540 2336 579 murorum
2365 533 2420 580 et
2452 526 2677 580 turrium
2707 525 2990 592 celsitudo,
3039 527 3128 581 ubi
3160 527 3529 583 lsraelitarum

1936 616 2024 670 illa
2047 618 2326 687 potentia?
2349 617 2539 672 Nonne
2562 618 2637 672 illi
2658 618 2873 689 quidem
2898 635 2994 689 per
3010 636 3199 676 omnes
3220 621 3332 679 fere
3357 630 3532 678 terras

1935 708 2073 761 alius
2103 708 2230 762 alibi
2255 708 2503 763 videntur
2530 725 2650 764 esse
2679 710 2926 780 dispersi,
2955 719 3011 765 et
3038 727 3157 766 cum
3182 727 3371 767 eorum
3401 714 3530 767 sub-

1934 800 2186 855 versione
2231 815 2457 869 regnum
2507 816 2723 871 quoque
2772 810 2856 856 est
2903 802 3274 859 destructum?
3302 804 3527 861 Videtur
3566 834 3569 835 ν

1935 899 2117 945 autem
2144 890 2273 945 mihi
2305 891 2419 946 hmc
2441 899 2496 945 et
2525 891 2715 946 horum
2745 892 2937 946 similia
2964 893 3220 949 Dominus
3240 910 3350 949 non
3379 895 3524 966 ipsa-

1935 995 2054 1035 rum
2085 996 2263 1035 rerum
2294 982 2469 1047 gratia
2498 991 2623 1036 ante
2652 981 2874 1049 dixisse,
2910 982 3060 1055 (quid
3092 984 3235 1039 enim
3266 984 3401 1039 lucri
3431 1001 3521 1040 au-

1934 1072 2199 1129 ditoribus
2223 1072 2441 1129 aﬂ'erret
2461 1090 2651 1130 eorum
2674 1091 2792 1145 qua:
2810 1084 2965 1130 erant
2984 1085 3244 1131 eventura
3265 1079 3525 1147 cognitio,

1935 1179 2055 1235 qua:
2084 1165 2186 1219 etsi
2218 1172 2343 1219 ante
2371 1166 2645 1220 nescirent
2699 1166 3031 1235 experientia
3076 1166 3190 1236 ipsa
3229 1182 3496 1235 cognosce

1936 1256 2127 1325 rent?)
2180 1256 2276 1309 sed
2308 1266 2366 1310 ut
2391 1271 2490 1333 per
2510 1256 2625 1311 hmc
2657 1272 2799 1311 nunc
2831 1256 2895 1310 de
2924 1257 3087 1311 rebus
3116 1258 3365 1313 maximis
3396 1259 3532 1314 ﬁdes

1935 1353 2333 1413 consequenter
2362 1345 2670 1399 haberetur.
2699 1344 2831 1398 Nam
2861 1344 3168 1400 testificatio
3190 1361 3311 1415 quae
3333 1347 3385 1401 in
3411 1348 3530 1403 istis

1937 1438 2190 1507 operibus
2219 1446 2455 1503 constat,
2499 1438 2551 1491 in
2583 1438 2687 1493 illis
2712 1453 2931 1506 quoque
2960 1438 3206 1493 veritatis
3234 1455 3354 1495 esse
3396 1457 3529 1511 pro.

1936 1531 2096 1585 batur
2125 1530 2385 1585 ostensio.
2434 1528 2901 1597 Quemadmodum
2934 1530 2977 1585 si
3005 1532 3124 1600 quis
3154 1532 3390 1599 agricola
3423 1534 3531 1590 vim

1935 1625 2198 1680 seminum
2223 1626 2508 1694 inexperto
2538 1624 2802 1689 referens,
2828 1626 2894 1679 ab
2916 1641 2982 1681 eo
3011 1627 3232 1682 minime
3253 1626 3527 1699 credatur,

1937 1715 2135 1771 sufficit
2186 1716 2237 1771 ei
2287 1716 2355 1769 ad
2403 1714 2781 1786 probationem
2815 1716 3055 1772 veritatis
3086 1716 3140 1772 in
3172 1734 3280 1772 uno
3309 1720 3533 1775 seminis

1936 1820 2107 1876 grano
2135 1822 2325 1861 eorum
2356 1807 2731 1862 demonstrare
2759 1808 3082 1878 potentiam,
3116 1817 3176 1864 ut
3202 1809 3272 1865 de
3306 1811 3531 1882 reliquis

1936 1898 2052 1968 ejus
2080 1897 2233 1953 ﬁrma
2263 1898 2523 1969 probetur
2551 1899 2813 1963 assertio;
2845 1899 2934 1969 qui
2958 1900 3100 1954 enim
3130 1899 3325 1955 viderit
3364 1917 3532 1956 unum

1934 1994 2187 2057 granum,
2220 1997 2279 2041 ut
2309 1994 2436 2057 puta
2492 1988 2673 2052 tritici,
2729 1996 2823 2042 aut
2878 1989 3087 2055 hordei,
3137 1999 3230 2044 aut
3283 1990 3510 2061 alicujus

1934 2090 2253 2136 carterorum
2295 2096 2414 2150 quae
2460 2082 2512 2134 in
2554 2080 2830 2135 medicina:
2868 2098 3117 2137 mensura
3174 2099 3295 2139 esse
3350 2087 3531 2141 couti-

1934 2172 2091 2240 gerit,
2122 2179 2474 2242 posteaquam
2498 2169 2802 2241 depositum
2834 2171 2994 2227 fuerit
3026 2182 3183 2229 terrm
3206 2176 3529 2246 visceribus,

1934 2264 1988 2318 in
2017 2264 2221 2333 spicam
2252 2278 2502 2332 surgere,
2534 2278 2603 2317 ex
2631 2263 2735 2317 hoc
2761 2279 2868 2317 uno
2894 2263 3006 2333 jam
3036 2265 3103 2319 de
3133 2267 3345 2321 cmteris
3371 2267 3530 2323 dubi-

1936 2364 2049 2410 tare
2081 2373 2186 2412 non
2216 2358 2435 2427 poterit,
2462 2356 2533 2410 ita
2565 2356 2693 2411 mihi
2721 2355 2789 2411 de
2822 2358 3079 2429 mysterio
3108 2360 3528 2417 resurrectionis

1936 2448 2301 2503 testimonium
2326 2451 2539 2505 videtur
2565 2451 2817 2505 idoneum
2842 2451 2956 2519 ipsa
2979 2452 3179 2505 veritas
3201 2453 3459 2522 praedicta
3476 2444 3534 2509 et

1934 2538 2203 2610 completa
2232 2538 2527 2606 factorum,
2576 2556 2672 2595 seu
2716 2541 2895 2610 potius
2926 2541 3092 2611 ipsius
3132 2541 3246 2610 jam
3281 2557 3529 2597 resurre-

1934 2630 2129 2687 ctionis
2149 2633 2506 2701 experientia,
2535 2648 2697 2702 quam
2727 2650 2832 2688 non
2860 2642 2965 2688 tam
2991 2634 3166 2689 verbis
3185 2649 3346 2703 quam
3368 2634 3531 2690 rebus

1936 2721 2181 2775 instructi
2200 2723 2561 2792 percepimus.
2588 2723 2720 2777 Nam
2753 2724 3009 2795 quoniam
3040 2738 3293 2793 magnum
3325 2725 3529 2793 aliquid

1936 2817 1992 2864 et
2036 2825 2198 2883 supra
2248 2812 2406 2868 fidem
2456 2821 2575 2867 erat
2619 2812 2686 2868 de
2735 2815 3137 2870 resurrectione
3180 2816 3528 2883 miraculum,

1936 2898 2197 2957 Dominus
2227 2902 2295 2956 ab
2325 2901 2583 2958 inferiore
2612 2905 2766 2974 signo
2797 2906 3010 2960 virtutis
3042 2907 3323 2979 incipiens,
3348 2907 3531 2978 paula-

1937 2991 2032 3045 tim
2059 2991 2216 3047 ﬁdem
2248 3001 2491 3048 nostram
2522 2994 2592 3048 ad
2622 2995 2855 3051 celsiora
2883 2997 3208 3065 quibusdam
3254 3000 3528 3068 processi-

1937 3083 2036 3139 bus
2065 3084 2347 3145 assuescit.
2397 3084 2548 3141 Sicut
2575 3087 2716 3140 enim
2745 3088 2990 3156 qumdam
3018 3096 3190 3143 mater
3210 3099 3529 3160 competen-

1937 3184 2020 3230 ter
2064 3177 2346 3245 parvulum
2374 3176 2584 3233 lactans
2614 3177 2828 3233 interim
2858 3178 3072 3234 labellis
3109 3181 3275 3234 ubera
3320 3182 3525 3236 teucris

1935 3266 2246 3335 immulget,
2295 3275 2379 3321 ast
2421 3268 2509 3322 ubi
2540 3269 2842 3339 producere
2872 3268 3060 3324 dentes
3088 3268 3333 3339 creperit,
3366 3268 3527 3324 oﬁ‘crt

1932 3359 1980 3413 ei
2011 3376 2228 3430 panem,
2262 3378 2391 3430 non,
2421 3364 2562 3418 sicut
2586 3371 2688 3427 est,
2719 3364 2909 3419 durum
2942 3372 3035 3418 aut
3064 3363 3313 3432 rigidum,
3358 3380 3426 3419 ne
3451 3366 3523 3418 ibi

1931 3452 2175 3508 soliditas
2209 3462 2495 3523 exasperet
2526 3454 2809 3509 mollitiem
2842 3455 3200 3524 gingivarum,
3243 3453 3338 3509 sed
3369 3471 3525 3509 man-

1931 3541 2063 3597 dens
2090 3546 2319 3614 pr0priis
2348 3546 2601 3600 dentibus
2627 3544 2962 3612 mordiﬁcat,
2997 3554 3052 3601 et
3085 3546 3284 3601 viribus
3312 3547 3525 3616 parvuli

1924 3634 2109 3689 ‘cibum
2134 3645 2401 3707 przeparat
2416 3647 2827 3706 congruentem,
2845 3637 3038 3693 deinde
3058 3637 3214 3705 juxta
3246 3636 3522 3707 profectus

1930 3728 2103 3785 aetatis
2129 3729 2179 3782 ei
2210 3730 2300 3798 qui
2331 3735 2449 3783 erat
2479 3729 2817 3785 mollioribus
2846 3738 3094 3784 assuetus
3126 3744 3279 3784 escas
3313 3743 3525 3797 praepa—

1931 3830 2017 3877 rat
2071 3818 2366 3884 fortiores;
2423 3817 2500 3871 sic
2529 3819 2819 3872 humanam
2868 3819 3214 3891 pusillitatem
3264 3817 3524 3873 Dominus

1931 3910 2083 3965 velut
2111 3907 2481 3977 imperfectam
2524 3908 2804 3962 infantiam
2839 3910 2999 3963 tantis
3026 3910 3223 3964 alendo
3252 3909 3527 3963 miraculis

1932 4008 2095 4070 atque
2125 3997 2363 4065 regendo
2395 4013 2490 4067 per
2526 4012 2647 4052 eam
2688 4012 2807 4065 qua:
2836 3998 3119 4067 desperata
3168 3997 3529 4054 decumbebat

1932 4089 2271 4158 mgritudine,
2297 4088 2348 4143 ei
2376 4088 2629 4143 virtutem
2662 4086 3077 4149 resurrectionis
3106 4090 3377 4155 informat,
3404 4106 3526 4160 quae

1933 4198 2020 4238 res
2050 4180 2118 4237 ad
2149 4179 2637 4237 consummaudum
2668 4188 2784 4236 erat
2814 4182 3027 4251 quidem
3060 4183 3399 4247 miserabilis,
3432 4183 3529 4237 sed

1936 4288 2044 4326 non
2074 4272 2194 4325 talis
2219 4279 2278 4327 ut
2307 4271 2527 4326 minime
2559 4272 2673 4326 fieri
2703 4288 2862 4344 posse
2883 4272 3215 4328 crederetur.
3247 4272 3529 4344 lmperaus

1934 4364 2076 4418 enim
2123 4362 2255 4417 febri
2300 4378 2421 4433 qua:
2461 4362 2670 4418 fortiter
2700 4379 2913 4418 socrum
2959 4363 3195 4419 Simonis
3241 4366 3525 4430 exurebat,

1936 4464 2137 4511 tantam
2170 4455 2295 4509 mali
2324 4469 2540 4508 causam
2574 4456 2650 4508 sic
2679 4470 2709 4509 e
2737 4456 2964 4523 vestigio
2997 4457 3290 4525 transtulit,
3324 4467 3381 4512 ut
3410 4459 3530 4512 sine

228 4563 325 4618 his
342 4563 441 4631 qui
466 4562 519 4616 in
541 4563 948 4631 prasentiarum
966 4563 1127 4619 nimis
1148 4562 1556 4618 admirabantur
1569 4562 1824 4627 insinuat,
1859 4580 1911 4637 Ι)
1937 4566 2087 4605 mora
2119 4564 2447 4619 consurgens
2476 4551 2832 4606 ministerium
2864 4563 3048 4624 P0558!
3093 4554 3354 4611 exhibere
3384 4571 3526 4627 Prm-

230 4656 377 4712 nihii
401 4671 592 4711 eorum
616 4670 736 4725 quae
756 4655 1077 4711 videbantur
1108 4664 1229 4725 post
1261 4656 1477 4725 patrima
1499 4656 1684 4711 dicens
1712 4671 1831 4710 esse

230 4761 581 4802 “unum.
608 4746 720 4801 Sed
746 4755 802 4801 et
830 4758 1075 4814 tempore
1094 4746 1387 4815 passionis,
1412 4760 1537 4801 cum
1560 4760 1685 4801 eum
1712 4762 1830 4800 mu-

230 4838 409 4891 lieres
477 4846 830 4906 sequerentur
878 4836 1195 4905 plangentes
1262 4842 1424 4903 atque
1470 4835 1829 4891 lamentantes

228 4926 394 4995 quod
416 4925 707 4981 damnatus
724 4935 867 4982 esset
893 4927 1078 4996 iniqua
1104 4926 1377 4981 sententia
1410 4926 1661 4997 (necdum
1683 4927 1826 4983 enim

227 5016 705 5085 dispensationem
751 5031 939 5070 eorum
987 5030 1109 5085 qua:
1162 5016 1491 5084 gerebantur
1528 5016 1827 5085 intelligere

227 5107 541 5177 poterant),
558 5106 842 5161 consilium
860 5107 1108 5176 prtebuit,
1139 5115 1197 5161 et
1226 5120 1323 5176 pro
1349 5107 1432 5161 his
1452 5123 1572 5177 qua:
1599 5108 1742 5163 circa
1773 5124 1832 5163 se

226 5196 451 5251 ﬁdunt
476 5196 836 5265 quiescerent,
868 5196 994 5265 quia
1030 5196 1280 5268 Iacrymis
1302 5198 1464 5265 digna
1490 5212 1597 5251 non
1626 5205 1831 5265 essent,

224 5286 530 5344 ὤσει-ταδί
554 5294 736 5341 autem
764 5287 1178 5342 lamentationes
1206 5287 1291 5341 vei
1322 5288 1571 5356 planctus
1600 5288 1652 5341 in
1697 5295 1832 5343 tem-

227 5395 349 5449 ptas
370 5376 497 5429 illud
532 5392 643 5448 quo
671 5393 825 5432 veras
850 5377 1249 5448 exprimerent,
1282 5392 1406 5433 cum
1434 5378 1625 5432 civitas
1643 5392 1830 5433 eorum

222 5479 584 5541 premeretur
610 5471 680 5526 ab
704 5470 1092 5537 obsidentibus,
1141 5478 1197 5525 et
1243 5471 1294 5524 in
1324 5471 1428 5525 hoc
1463 5471 1825 5538 angustiarum

222 5570 293 5613 et
320 5562 647 5617 calamitatis
672 5562 938 5627 venirent,
962 5571 1021 5617 ut
1040 5562 1259 5617 beatum
1279 5570 1409 5618 tunc
1429 5562 1520 5630 qui
1553 5578 1661 5617 non
1684 5570 1830 5618 esset

220 5658 409 5705 usus
434 5664 502 5705 ea
526 5657 774 5722 tempore
812 5658 1095 5707 testarent.
1140 5652 1203 5705 ιιι
1228 5652 1426 5721 quibus
1456 5652 1619 5705 etiam
1653 5652 1831 5708 scelus

218 5739 397 5803 illul,
414 5739 559 5808 quod
577 5757 705 5796 suos
725 5757 824 5810 pro
844 5740 982 5795 fame
1005 5742 1143 5796 ﬁlios
1168 5747 1443 5802 vorarent,
1459 5740 1830 5809 pronuntiavit

220 5829 423 5887 verbis
452 5828 630 5886 dicens
660 5831 710 5886 in
739 5832 926 5887 diebus
948 5832 1049 5888 illis
1069 5833 1303 5889 sterilem
1334 5845 1453 5901 quso
1477 5846 1583 5886 non
1608 5841 1825 5910 pareret

1937 4643 2204 4710 sentibus,
2251 4658 2372 4713 quae
2414 4644 2733 4715 sperabatur
2780 4646 3027 4715 protinus
3069 4662 3188 4701 esse
3237 4648 3523 4705 moritura.

1936 4733 2069 4790 Post
2107 4735 2221 4790 haec
2246 4750 2536 4805 parumper
2562 4737 2775 4793 virtutis
2815 4736 3097 4806 adjiciens,
3152 4738 3330 4808 reguli
3357 4738 3525 4793 lilium

1937 4826 2283 4895 languentem
2313 4826 2413 4881 sub
2441 4824 2687 4896 professo
2715 4827 2956 4894 periculo
2981 4828 3209 4883 sanavit.
3248 4828 3340 4883 Sic
3381 4826 3526 4883 enim

1937 4924 2123 4971 narrat
2145 4917 2451 4986 evangelica
2476 4916 2697 4972 historia
2735 4934 2747 4969 :
2786 4915 3075 4988 Incipiebat
3099 4919 3234 4971 enim
3256 4916 3403 4978 mori,
3428 4928 3527 4985 pa-

1938 5016 2019 5063 tre
2042 5006 2371 5062 vociferante
2398 5021 2462 5061 ac
2487 5006 2701 5061 dicente
2726 5024 2737 5059 :
2771 5006 3050 5069 Descende,
3083 5005 3321 5070 Domine,
3354 5005 3527 5073 prius-

1932 5116 2086 5171 quam
2112 5100 2363 5153 moriatur
2387 5115 2513 5169 puer
2528 5116 2543 5159 ;
2559 5106 2812 5167 operator
2831 5097 2956 5152 item
2980 5094 3386 5150 resurrectionis
3406 5093 3525 5165 ejus

1935 5191 2028 5260 qui
2070 5190 2390 5247 credebatur
2428 5205 2549 5246 esse
2576 5190 2869 5245 moriturus
2907 5187 3227 5242 miraculum
3278 5188 3523 5258 potentia

1936 5284 2307 5354 pmﬂantiore
2333 5282 2641 5354 perﬁciens,
2667 5289 2725 5336 ut
2753 5296 2853 5337 nec
2877 5280 3085 5335 veniret
3107 5280 3173 5335 ad
3204 5280 3405 5346 locum,
3425 5280 3525 5339 sed

1935 5377 2145 5432 eminus
2164 5375 2462 5432 custoditus
2485 5375 2650 5429 vitam
2671 5389 2840 5444 puero
2865 5374 3118 5444 praecepti
3142 5375 3339 5430 virtute
3354 5384 3529 5432 trans-

1935 5467 2203 5529 mitteret;
2226 5464 2420 5520 deinde
2442 5481 2542 5520 nos
2566 5472 2958 5532 consequenter
2977 5465 3248 5527 erudiens,
3264 5466 3331 5521 ad
3354 5467 3525 5524 virtu-

1937 5566 2052 5614 tum
2098 5558 2410 5613 sublimiora
2460 5556 2723 5627 perducit.
2773 5556 2907 5612 Nam
2948 5558 3019 5613 ad
3058 5557 3221 5613 ﬁliam
3264 5559 3524 5629 principis

1937 5662 2129 5722 sponte
2158 5652 2475 5721 perveniens
2502 5651 2818 5707 occasiones
2842 5651 3051 5709 itineris
3078 5652 3352 5723 pricstitit,
3387 5660 3445 5705 ut
3468 5659 3524 5705 et

1892 5736 1895 5739 ’
1938 5743 2141 5798 sanitas
2160 5741 2278 5810 ejus
2302 5757 2423 5811 quis
2443 5742 2728 5797 laborabat
2747 5742 3009 5814 proﬂuvio
3032 5742 3307 5812 sanguinis
3336 5741 3523 5806 vulga-

1940 5841 2108 5901 retur,
2132 5841 2186 5888 et
2214 5840 2363 5887 tanta
2392 5847 2540 5887 mora
2573 5834 2832 5906 temporis
2853 5849 2995 5893 mors
3012 5832 3329 5902 prmvaleret
3345 5842 3519 5897 agro-
