3938 6196
388 296 488 350 39f

1640 296 1898 352 DIONYSI
1910 298 1992 353 US
2034 297 2189 353 EXIG
2201 298 2240 353 [Ι
2252 297 2349 352 L'S.

3536 302 3642 359 599

372 418 532 484 tanti,
556 417 646 472 sed
678 431 817 471 nunc
843 413 1017 468 anima
1047 418 1291 480 separata
1315 410 1381 465 de
1407 424 1660 479 corpore,
1692 411 1948 465 turbatis~
1979 419 2021 470 Α
2055 418 2349 465 memorata
2383 410 2497 466 loca
2528 412 2898 473 declinabant,
2931 413 3145 467 exitiale
3178 428 3239 468 ac
3268 414 3635 483 periculosum

373 520 477 574 que
524 507 845 561 clamoribus
882 502 1140 557 luctuosis
1170 502 1250 554 his
1278 501 1370 569 qui
1417 516 1598 555 casum
1646 501 1951 570 planctibus

374 598 687 662 effwebant,
722 594 882 649 veluti
911 609 941 647 e
970 607 1160 646 somno
1208 592 1437 660 puellam
1486 592 1804 661 imperativo
1836 606 1951 644 ser—

374 705 534 744 mone
566 686 901 744 resuscitavit
931 685 995 738 ad
1043 686 1225 737 vitam.
1257 683 1354 736 Via
1386 682 1619 751 quadam
1659 690 1713 736 et
1759 696 1953 736 conse-

373 780 593 844 quentia
624 776 962 842 fragilitatem
996 774 1283 826 humanam
1314 772 1379 825 ad
1408 771 1612 838 majora
1640 769 1953 834 sustollens,

377 881 497 918 rurs
522 881 562 919 .s
591 866 704 919 haec
730 879 946 932 quoque
977 862 1231 916 miracula
1264 862 1420 916 solita
1452 863 1649 915 virtute
1682 870 1956 914 transcen—

378 956 509 1011 dens
538 957 765 1011 celsiore
788 956 1045 1024 potentia,
1070 956 1170 1008 iter
1196 954 1321 1008 facit
1344 954 1647 1008 hominibus
1670 967 1776 1021 quo
1800 949 1955 1004 fidem

379 1044 795 1098 resurrectionis
817 1043 1182 1095 admitterent.
1202 1041 1485 1096 Civitatem
1497 1041 1781 1111 quamdam
1806 1040 1956 1094 Naim

381 1136 599 1189 nomine
627 1136 679 1188 in
707 1133 889 1188 Judma
920 1149 1038 1187 esse
1059 1148 1210 1187 saera
1241 1132 1519 1202 Scriptura
1547 1138 1954 1187 commemorat.

384 1226 441 1281 In
484 1228 586 1282 hac
613 1226 713 1280 fuit
743 1226 915 1279 vidua:
943 1224 1219 1292 cujusdam
1251 1224 1438 1277 unicus
1468 1223 1607 1276 filius
1638 1237 1799 1293 puer,
1852 1236 1956 1274 non

383 1334 517 1388 puer
543 1319 665 1374 talis
694 1318 785 1387 qui
809 1324 1213 1385 computaretur
1237 1317 1289 1369 in
1321 1316 1581 1385 parvulis,
1610 1313 1705 1368 sed
1734 1330 1795 1368 ex
1827 1327 1958 1382 pue-

385 1412 509 1467 ritia
540 1412 593 1465 in
616 1411 952 1479 juventutem
985 1408 1096 1476 jam
1121 1410 1339 1475 jamque
1379 1405 1700 1476 profecerat.
1736 1402 1885 1457 Unde
1909 1411 1961 1456 ct

385 1503 635 1574 juvenem
667 1501 814 1554 illum
841 1516 1018 1554 sermo
1048 1499 1279 1555 ccelestis
1309 1498 1562 1567 appellat,
1598 1497 1747 1565 plura
1780 1493 1963 1564 paucis

389 1593 680 1647 insinuans.
710 1591 1043 1645 Lamentatio
1074 1605 1265 1658 magna
1297 1599 1379 1646 est
1404 1591 1515 1659 ipsa
1547 1588 1738 1643 relatio
1768 1606 1780 1639 :
1806 1587 1960 1653 Erat,

389 1682 579 1750 inquit,
614 1681 768 1734 vidua
800 1690 964 1734 mater
990 1680 1238 1751 defuncti.
1276 1679 1539 1749 Perspicis
1578 1679 1787 1748 pondus
1813 1677 1961 1732 cala-

2056 512 2309 571 putantes
2338 517 2522 558 rursus
2552 504 2602 557 in
2632 501 2867 558 Judtcam
2894 518 3135 574 pergere,
3162 513 3213 558 et
3244 506 3388 559 inter
3416 505 3640 562 homici-

2055 591 2151 645 das
2174 592 2471 660 impiosque
2499 594 2720 657 versari,
2752 603 2805 646 et
2836 594 2954 649 ideo
2981 603 3319 649 remorantcs
3348 604 3508 665 atque
3537 592 3638 651 dif-

2057 680 2307 747 ferentes,
2339 697 2405 736 ne
2428 683 2622 737 ibidem
2654 692 3053 738 reverterentur
3083 693 3325 755 tempora
3353 687 3637 756 protrahe-

2056 770 2207 824 bant.
2230 770 2468 825 Ohtinuit
2496 771 2777 841 imperium
2803 773 3034 835 Domini,
3054 789 3225 842 eoque
3255 774 3637 843 proficiscente

2048 860 2305 930 discipuli
2336 861 2752 930 subsequuntur,
2786 863 2915 916 utin
2942 863 3197 917 Bethania
3224 865 3485 934 primitias
3516 867 3640 919 uni—

2056 950 2285 1006 versalis
2351 952 2747 1020 quodammodo
2818 954 3230 1009 resurrectionis
3287 955 3638 1023 inspicerent.

2058 1038 2291 1105 Quartus
2315 1050 2429 1095 erat
2445 1041 2555 1109 jam
2584 1043 2794 1112 sepulto
2824 1043 2936 1097 dies
2955 1085 2969 1109 ,
2997 1055 3296 1113 cunctaque
3325 1042 3641 1101 videbantur

2059 1146 2185 1199 erga
2206 1132 2359 1185 busta
2375 1133 2677 1202 persoluta;
2704 1135 2983 1188 constabat
2998 1150 3194 1204 corpus
3215 1136 3267 1188 in
3289 1143 3642 1190 monumento

2059 1225 2380 1293 depositum,
2406 1235 2481 1291 et,
2502 1226 2644 1296 quod
2660 1236 2776 1282 erat
2802 1244 3157 1298 consequens,
3180 1230 3290 1299 jam
3312 1232 3503 1289 timore
3528 1232 3641 1289 dis-

2061 1324 2270 1369 tentum
2303 1318 2663 1386 corruptionis
2696 1319 2913 1373 interitu
2938 1320 3263 1375 solvebatur.
3287 1322 3476 1377 Sanies
3499 1326 3641 1378 enim

2061 1408 2113 1460 in
2144 1415 2338 1459 terram
2363 1410 2476 1475 ipsa
2506 1409 2828 1462 necessitate
2858 1408 3143 1475 defluebat,
3169 1410 3414 1479 fugienda
3453 1417 3640 1483 procul

2061 1494 2222 1548 dubio
2251 1509 2356 1560 res,
2388 1504 2612 1561 cogente
2636 1505 2845 1564 natura,
2880 1498 2930 1551 id
2960 1499 3100 1565 quod
3146 1502 3438 1554 resolutum
3473 1501 3645 1556 fuerat

2062 1584 2201 1640 fetor
2224 1587 2528 1640 teterrimus
2551 1587 2853 1642 exhalabat.
2892 1588 3003 1644 Hoc
3031 1599 3207 1644 autem
3241 1590 3436 1645 factum
3475 1601 3556 1646 est
3588 1603 3644 1646 ut

2064 1679 2333 1747 generalis
2380 1680 2788 1736 resurrectionis
2836 1696 2999 1749 opus,
3052 1682 3192 1751 quod
3228 1684 3293 1739 ab
3342 1682 3643 1738 infidelibus

390 1771 620 1834 mitatis,
670 1771 941 1839 quomodo
972 1771 1275 1838 passionem
1316 1770 1555 1824 breviter
1585 1769 1793 1823 extulit.
1828 1768 1967 1834 Quid
1999 1770 2046 1829 B
2074 1769 2245 1822 minus
2289 1769 2541 1835 creditur,
2589 1770 2852 1824 manifesti
2884 1772 3126 1825 miraculi
3171 1774 3479 1827 ostensione
3516 1789 3643 1843 prn-

393 1862 537 1917 enim
560 1870 642 1916 est
668 1862 810 1930 quod
841 1863 1069 1916 dicitur?
1093 1860 1224 1927 Quia
1255 1877 1361 1916 non
1390 1870 1505 1916 erat
1531 1862 1693 1916 etiam
1717 1877 1839 1931 spes
1862 1861 1967 1914 ulla

391 1966 499 2020 qua
528 1961 709 2021 posset
737 1951 873 2007 ﬁlios
902 1968 1167 2017 recreare,
1204 1960 1470 2021 tantaeque
1493 1954 1734 2007 levamen
1767 1953 1966 2007 orbita-

392 2041 461 2095 tis
483 2057 773 2095 assumere.
806 2041 975 2095 Vidua
997 2043 1193 2111 quippe
1215 2050 1351 2109 erat,
1371 2058 1468 2096 nec
1490 2043 1721 2096 habebat
1743 2042 1968 2096 alterum

390 2146 550 2200 quem
575 2146 672 2199 pro
695 2130 947 2185 defuncto
977 2132 1329 2200 conspiceret.
1364 2132 1492 2185 Nam
1515 2141 1703 2203 partus
1728 2135 1776 2187 ei
1806 2134 1971 2188 exsti—

392 2229 531 2273 terat
558 2220 861 2289 singularis.
890 2220 1155 2286 Quantum
1177 2237 1306 2275 vero
1335 2222 1441 2276 hoc
1470 2223 1665 2275 malum
1695 2223 1785 2287 sit,
1816 2222 1972 2278 facile

391 2324 578 2365 omnes
595 2310 919 2377 intelligunt,
945 2311 1035 2380 qui
1062 2320 1263 2364 natura:
1281 2310 1401 2379 jura
1416 2322 1762 2378 cognoscunt.
1787 2312 1971 2367 Solum

395 2400 541 2455 hunc
588 2402 639 2455 in
686 2401 964 2458 doloribus
1006 2411 1264 2466 noverat,
1316 2404 1488 2457 solum
1537 2405 1647 2457 suis
1678 2404 1975 2459 iactaverat

395 2492 670 2554 uberibus,
703 2492 849 2545 solus
878 2491 1178 2545 illustrabat
1209 2492 1321 2561 ejus
1348 2492 1670 2556 convivium,
1702 2494 1974 2563 totiusque

394 2581 621 2648 doloris,
648 2582 793 2635 solus
821 2589 939 2635 erat
965 2596 1126 2635 causa
1157 2582 1369 2646 lmtitim,
1395 2597 1513 2636 cum
1536 2583 1742 2637 luderet
1770 2594 1861 2638 aut
1884 2584 1975 2638 ali-

394 2674 521 2743 quid
569 2683 773 2740 ageret,
822 2690 943 2729 cum
990 2673 1361 2728 institueretur
1391 2682 1484 2727 aut
1512 2683 1821 2740 ornaretur,
1851 2691 1973 2730 cum

395 2755 590 2821 coacvis
620 2765 673 2822 in
705 2764 1220 2834 processionibus,in
1246 2763 1525 2834 paltestris,
1544 2766 1595 2817 in
1622 2766 1974 2822 conventibus

394 2855 731 2921 jungcretur,
763 2867 924 2906 omne
949 2852 1205 2920 quidquid
1251 2854 1437 2907 matris
1466 2854 1635 2908 oculis
1661 2854 1819 2908 dulce
1846 2870 1973 2925 pre-

401 2942 706 3009 tiosumque
738 2942 982 3006 suberat,
1031 2941 1177 2995 solus
1210 2942 1397 2997 unicus
1426 2942 1706 2997 offerebat.
1750 2940 1976 3015 Jamque

402 3032 640 3101 nuptiale
672 3040 880 3101 tempus
908 3031 1218 3097 advenerat,
1242 3034 1403 3103 stirps
1430 3034 1713 3090 videbatur
1741 3038 1973 3105 generis,

2071 1859 2308 1912 baretur.
2342 1859 2457 1913 Non
2489 1860 2631 1914 enim
2662 1860 2781 1928 quis
2810 1860 3049 1913 elevatur
3071 1876 3137 1914 ex
3166 1863 3497 1929 aegritudine,
3543 1878 3643 1917 nec

2071 1950 2125 2003 in
2167 1952 2422 2005 extremis
2472 1951 2679 2008 locatus
2719 1952 2978 2005 retinetur
3009 1952 3061 2006 in
3092 1953 3231 2017 vita,
3276 1970 3377 2010 nec
3418 1956 3641 2025 parvula

2073 2056 2244 2110 nuper
2259 2049 2466 2095 mortua
2489 2043 2763 2106 suscitata,
2784 2057 2879 2097 nec
2902 2052 3247 2097 monumento
3266 2045 3539 2115 proximus
3556 2047 3643 2114 ju-

2072 2131 2225 2185 venis
2253 2146 2406 2184 suum
2440 2132 2692 2185 feretrum
2725 2132 2952 2195 deserit,
3002 2132 3094 2186 sed
3136 2135 3218 2187 vir
3245 2136 3500 2203 primatus
3539 2152 3642 2205 pu-

2077 2229 2312 2275 trescens
2343 2230 2503 2291 atque
2532 2221 2809 2288 diffluens,
2842 2223 2914 2276 ita
2958 2232 3014 2276 ut
3067 2238 3165 2278 nec
3208 2224 3484 2280 sororibus
3528 2226 3644 2295 ejus

2075 2321 2219 2366 esset
2267 2313 2549 2367 tolerabile
2607 2320 2665 2367 ut
2710 2313 2966 2369 Dominus
3019 2316 3402 2384 propinquaret
3450 2332 3645 2370 monu-

2075 2412 2278 2467 mento,
2331 2412 2550 2474 propter
2576 2406 2785 2458 insitam
2818 2399 3117 2459 inolestiam
3144 2406 3253 2475 jam
3283 2407 3522 2462 resoluto
3548 2423 3645 2462 ca-

2080 2494 2311 2548 davere:
2341 2510 2442 2547 una
2478 2503 2654 2549 tamen
2681 2511 2814 2549 voce
2843 2496 3161 2561 vivifieatus,
3186 2495 3339 2551 fidem
3363 2498 3486 2551 facit
3509 2514 3644 2567 pra:-

2075 2584 2319 2648 dicatori,
2352 2600 2469 2654 quse
2498 2601 2646 2655 spem
2678 2586 3085 2640 resurrectionis
3115 2587 3362 2641 aﬂirmat.
3409 2586 3524 2642 Hoc
3563 2597 3645 2644 est

2075 2672 2216 2741 quod
2263 2674 2328 2726 de
2377 2668 2639 2727 universis
2670 2674 2721 2727 in
2762 2690 3043 2728 commune
3073 2676 3380 2741 credamus,
3421 2676 3561 2746 quod
3590 2678 3645 2731 in

2074 2763 2317 2831 partibus
2347 2763 2676 2831 experientia
2704 2763 2817 2832 ipsa
2846 2763 3146 2820 didicimus.
3178 2764 3327 2819 Sicut
3355 2767 3494 2819 enim
3525 2767 3645 2819 uni-

2075 2852 2269 2905 versali
2300 2852 2695 2906 resurrectione
2722 2852 3149 2923 dicitApostolus
3167 2855 3333 2924 ipsum
3361 2855 3643 2910 Dominum

2078 2942 2144 2997 de
2172 2943 2309 2996 cmlo
2336 2941 2660 2997 descendere
2690 2942 2741 2996 in
2762 2942 2913 3011 jussu
2943 2945 3070 2998 etin
3098 2960 3231 2999 voce
3254 2946 3559 3014 archangeli
3589 2955 3647 3000 et

2077 3031 2266 3085 intuba
2281 3031 2395 3095 Dei,
2414 3040 2469 3084 ut
2484 3032 2551 3085 ad
2577 3033 3134 3102 incorruptibilitatem
3160 3043 3401 3090 mortuos
3426 3037 3645 3102 excitet,

398 3123 734 3178 ramusculus
762 3124 1134 3188 successionis,
1160 3126 1379 3181 baculus
1406 3128 1696 3182 senectutis
1724 3138 1778 3183 et
1804 3131 1977 3184 sciatis
2005 3136 2046 3195 ρ
2080 3124 2151 3176 ita
2168 3131 2223 3176 et
2245 3138 2386 3176 nunc
2399 3130 2626 3178 mortem
2648 3123 2812 3177 veluti
2842 3139 3089 3178 somnum
3114 3126 3397 3194 quemdam
3421 3127 3649 3196 imperio

401 3213 812 3268 incrementum.
859 3214 986 3266 Erat
1012 3222 1066 3268 et
1095 3215 1265 3268 altera
1307 3215 1707 3270 iamentationis
1737 3218 1971 3272 occasio.

401 3306 502 3373 Qui
526 3306 669 3359 enim
695 3306 949 3373 juvenem
968 3307 1147 3359 retulit
1173 3306 1359 3361 florem
1371 3307 1527 3362 simul
1557 3308 1649 3379 qui
1675 3317 1977 3364 marcuerat

405 3398 683 3463 indicavit,
715 3397 866 3463 cujus
896 3398 1069 3452 adhuc
1094 3398 1269 3451 vultus
1296 3399 1546 3469 lanugine
1573 3401 1891 3463 vestiretur,
1920 3407 1976 3455 et

398 3499 654 3554 genarum
687 3485 847 3539 decor
877 3494 1031 3553 grato
1056 3484 1261 3553 fulgore
1297 3487 1605 3563 nitesceret.
1641 3486 1778 3554 Quid
1816 3488 1977 3555 igitur

403 3588 568 3642 super
595 3573 708 3640 ejus
738 3574 886 3626 obitu
916 3583 1089 3628 mater
1118 3576 1359 3644 pertulit,
1396 3584 1596 3645 quanto
1624 3578 1827 3633 viscera
1859 3579 1976 3647 ejus

398 3661 518 3732 igne
562 3674 774 3732 perusta
802 3667 959 3717 sunt?
989 3665 1160 3731 Quam
1192 3667 1589 3736 copiosissimas
1616 3675 1673 3723 et
1701 3669 1973 3724 amarissi-

399 3770 515 3808 mas
541 3771 703 3824 super
730 3771 851 3809 eum
883 3756 1144 3827 laerymas
1176 3754 1352 3811 fudit?
1379 3756 1683 3812 Tabescens
1714 3758 1976 3827 quodam-

408 3846 569 3899 modo
600 3854 654 3899 et
683 3846 913 3900 cadaver
937 3846 1052 3914 ejus
1081 3848 1432 3916 amplectens,
1479 3863 1546 3902 ne
1595 3857 1975 3918 preperaretur

396 3938 670 4005 sepultura
702 3937 835 4004 ejus,
868 3947 1127 4006 tantoque
1156 3954 1283 3992 casu
1314 3939 1497 3992 satiari
1527 3939 1853 4002 desiderans,
1881 3940 1971 3993 diu

397 4024 585 4092 longas
611 4027 663 4078 in
690 4025 815 4080 fletu
844 4044 1003 4081 voces
1027 4029 1273 4081 emittere
1300 4028 1567 4097 cupiebat,
1604 4029 1674 4082 ita
1700 4038 1758 4083 ut
1787 4044 1974 4083 omnes

398 4115 679 4168 audientes
724 4127 966 4168 moveret
995 4118 1060 4168 ad
1094 4117 1313 4169 luctum.
1358 4116 1467 4170 Nec
1498 4116 1603 4170 hoc
1635 4117 1972 4185 pnetermisit

398 4204 541 4256 enim
572 4212 758 4257 sancta
788 4200 998 4256 relatio.
1056 4202 1268 4267 Videns,
1302 4205 1494 4272 inquit,
1541 4221 1653 4257 eam
1696 4205 1967 4271 Dominus,

400 4295 755 4367 misericordia
793 4305 959 4349 motus
989 4304 1092 4358 est,
1138 4306 1187 4347 et
1230 4296 1475 4348 accedens
1506 4299 1667 4367 tetigit
1705 4297 1968 4361 loculum;

397 4389 483 4460 qni
506 4400 671 4441 autem
698 4388 972 4458 portabant
993 4397 1274 4453 steterunt;
1299 4398 1347 4441 et
1370 4390 1502 4442 dixit
1526 4389 1765 4458 defuncto
1790 4406 1807 4443 :
1830 4390 1971 4443 Ado—

2075 3213 2358 3268 dominicaa
2376 3214 2543 3280 vocis,
2560 3215 2604 3267 is
2628 3214 2716 3283 qui
2731 3224 2849 3269 erat
2876 3216 2929 3269 in
2960 3225 3307 3272 monumento
3327 3217 3644 3283 discutiens,

2076 3311 2131 3358 et
2152 3305 2549 3373 corruptionem
2572 3319 2690 3373 quat
2710 3304 2776 3359 de
2805 3314 2979 3358 morte
3005 3314 3329 3376 provenerat
3354 3322 3384 3359 a
3406 3322 3467 3360 se
3486 3307 3649 3375 longe

2075 3394 2377 3459 secludens,
2394 3396 2602 3463 integer
2622 3403 2782 3463 atque
2803 3394 3071 3464 perfectus
3092 3396 3241 3450 exilit
3277 3396 3343 3451 de
3374 3398 3642 3466 sepulcro,

2075 3498 2176 3538 nec
2206 3484 2334 3553 ipsis
2363 3485 2591 3539 vinculis
2619 3486 2813 3553 quibus
2841 3492 2957 3538 erat
2992 3486 3241 3539 astrictus
3283 3488 3349 3539 ad
3395 3487 3647 3554 gradien-

2075 3572 2200 3627 dum
2242 3575 2461 3628 omnino
2495 3574 2813 3643 prohibitus.
2863 3573 3031 3628 Parva
3061 3574 3179 3629 haec
3206 3576 3438 3630 arstimas
3466 3578 3530 3630 ad
3559 3576 3647 3629 fa-

2077 3662 2321 3717 ciendam
2379 3662 2535 3717 fidem
2578 3664 2720 3734 quod
2759 3665 3207 3719 resurrectionem
3237 3664 3352 3719 fore
3376 3668 3648 3721 credimus

2074 3762 2407 3807 mortuorum
2433 3755 2455 3807 ?
2505 3753 2584 3807 An
2613 3756 2807 3823 quaeris
2835 3765 2889 3809 et
2918 3770 2980 3809 ex
3012 3756 3128 3810 aliis
3158 3757 3295 3811 hanc
3321 3757 3413 3810 tibi
3442 3756 3644 3812 firmari

2075 3843 2256 3898 deberi
2287 3845 2601 3899 sententiam
2626 3848 2648 3900 ?
2677 3846 2790 3900 Non
2821 3848 2947 3900 mihi
2977 3847 3194 3902 videtur
3216 3848 3409 3902 frustra
3438 3848 3520 3903 bis
3548 3850 3647 3917 qui

2075 3942 2227 3988 erant
2255 3934 2628 4003 Capharnaum
2658 3937 2819 3990 veluti
2847 3952 2911 3990 ex
2940 3952 3169 4005 persona
3212 3953 3400 3991 eorum
3440 3939 3646 3993 dixisse

2076 4025 2354 4078 Dominum
2387 4042 2399 4077 :
2437 4025 2622 4095 Utique
2648 4027 2818 4079 dicitis
2845 4027 2971 4079 mihi
3000 4027 3135 4080 hanc
3155 4026 3492 4096 parabolam:
3522 4026 3649 4081 Hc-

2074 4116 2206 4183 dice,
2233 4132 2356 4169 cura
2385 4118 2617 4183 teipsum.
2647 4114 2941 4186 Oportebat
2960 4117 3130 4180 .enim,
3158 4125 3217 4170 ut
3240 4117 3384 4187 quod
3425 4118 3477 4171 in
3506 4119 3649 4172 alio-

2072 4225 2191 4262 rum
2242 4208 2557 4277 corporibus
2601 4207 2804 4262 fecerat
2852 4208 3262 4262 resurrectionis
3302 4209 3643 4271 miraculum,

2071 4301 2414 4354 innotescens
2440 4299 2493 4351 in
2534 4312 2592 4351 se
2621 4299 2737 4367 ipso
2763 4298 2912 4366 juxta
2943 4299 2994 4351 id
3022 4299 3162 4368 quod
3210 4300 3372 4354 homo
3401 4315 3519 4355 esse
3559 4299 3649 4353 di-

2073 4396 2265 4456 gnatus
2293 4395 2393 4453 est,
2425 4388 2767 4456 approbaret,
2793 4388 2975 4441 multis
3001 4404 3215 4457 sperum
3258 4389 3428 4445 modis
3448 4391 3647 4459 praeli-

399 4480 618 4543 lescens,
649 4478 740 4531 tibi
780 4480 923 4542 dico,
958 4480 1150 4551 Surge,
1194 4491 1248 4533 et
1277 4481 1519 4550 protinus
1548 4496 1671 4535 eum
1700 4483 1969 4536 viventem
2004 4494 2047 4551 [)
2075 4478 2343 4532 cationem
2369 4492 2520 4531 suam
2543 4479 2703 4531 etiam
2732 4478 2945 4546 propria
2977 4486 3150 4532 morte
3178 4478 3519 4534 confirmans.
3542 4480 3653 4533 γε..

400 4567 557 4621 matri
585 4568 830 4632 instituit,
848 4586 987 4623 nunc
1014 4586 1118 4623 non
1146 4572 1196 4623 in
1219 4587 1380 4640 parva
1409 4588 1558 4625 mora
1583 4580 1743 4640 atque
1768 4574 1975 4627 distan-

398 4658 493 4721 tia,
518 4658 760 4727 quamvis
788 4660 1021 4712 nomium
1045 4660 1259 4728 sepulti,
1286 4668 1461 4714 tamen
1483 4661 1767 4725 sepultura:
1790 4662 1974 4729 vicini,

368 4744 375 4749 ’
399 4749 508 4803 vita
533 4750 755 4804 Domino
788 4751 1112 4806 resurrectio
1135 4751 1353 4816 mortui,
1383 4751 1634 4819 equidem
1662 4752 1971 4806 miraculum

2076 4569 2197 4622 disti
2224 4569 2453 4637 puellam
2484 4583 2653 4637 nuper
2673 4569 2850 4622 vivere
2869 4569 3219 4632 desinentem,
3240 4570 3493 4639 juvenem
3514 4587 3652 4639 quo-

2074 4672 2180 4726 que
2207 4658 2653 4727 pmpinquantem
2682 4659 2928 4729 sepulcro
2953 4700 2966 4723 ,
3015 4676 3119 4715 nec
3144 4676 3251 4714 non
3298 4670 3355 4715 et
3381 4659 3648 4716 Lazarum

2068 4762 2212 4817 pene
2228 4747 2554 4814 resolutum,
2586 4763 2775 4802 omnes
2811 4750 3088 4817 aequaliter
3110 4751 3183 4803 ad
3207 4751 3369 4805 vitam
3396 4768 3501 4805 una
3528 4752 3648 4820 jus-

398 4840 592 4907 majus,
619 4840 709 4893 sed
739 4841 944 4908 atquale
980 4855 1198 4909 prorsus
1227 4840 1525 4908 imperium.
1564 4837 1749 4894 Adhuc
1794 4850 1971 4895 autem
1993 4846 2039 4883 δ
2070 4840 2225 4892 sione
2255 4838 2423 4891 vocati
2468 4846 2621 4901 sunt;
2667 4839 2858 4907 quaeris
2886 4847 2941 4892 et
2962 4855 3058 4895 eos
3082 4839 3176 4908 qui
3200 4840 3267 4894 ad
3295 4851 3648 4911 mortemtper

399 4928 832 4998 magnificentius
866 4939 1183 4999 promuntur
1211 4931 1359 4997 signa
1396 4932 1689 4997 virtutum,
1719 4938 1778 4984 ut
1804 4932 1973 5000 magis

400 5035 465 5075 ac
508 5013 674 5089 magis
705 5023 1091 5090 propinquetur
1134 5020 1207 5074 illi
1241 5021 1319 5074 rei
1350 5035 1451 5091 qua
1480 5018 1691 5074 videtur
1716 5020 1782 5075 de
1829 5036 1977 5075 mor-

401 5114 611 5162 tuorum
655 5112 1050 5165 resurrectione
1096 5109 1349 5164 dubitari.
1400 5109 1703 5164 Infirmatur
1748 5111 1865 5178 quis
1902 5110 1971 5165 de

366 5264 375 5277 .
401 5197 748 5254 familiaribus
773 5200 974 5255 Christi
1002 5203 1216 5255 nomine
1244 5200 1495 5265 Lazarus,
1528 5212 1691 5270 quem
1715 5202 1972 5256 Dominus

400 5290 646 5356 quamvis
662 5292 887 5345 amicum
912 5292 1110 5345 ideirco
1133 5291 1337 5344 distulit
1360 5292 1596 5355 visitare,
1629 5300 1683 5345 et
1712 5292 1778 5344 ab
1800 5306 1970 5360 mgroo

401 5384 549 5430 tante
577 5380 760 5447 procul
788 5381 977 5445 abfuit,
1002 5390 1077 5443 ut,
1098 5381 1316 5435 absente
1342 5383 1470 5444 vita,
1492 5398 1636 5436 mors
1664 5382 1860 5433 aditum
1884 5395 1972 5435 re-

401 5467 622 5535 periret,
651 5476 703 5521 et
724 5485 822 5537 per
850 5470 1209 5525 infirmitatem
1232 5471 1373 5539 quod
1394 5488 1545 5525 suum
1573 5481 1688 5525 erat
1713 5470 1967 5524 efficeret.

400 5555 602 5611 Iudicat
624 5558 896 5626 discipulis
925 5560 1049 5625 quid
1082 5559 1134 5613 in
1160 5558 1378 5614 Galilma
1408 5562 1704 5628 contigerat
1742 5558 1970 5623 Lazaro,

400 5656 455 5702 et
479 5650 615 5712 quod
656 5650 784 5703 illuc
825 5649 924 5703 sibi
954 5652 1347 5719 properandum
1378 5660 1539 5718 esset,
1573 5660 1629 5705 ut
1649 5667 1768 5705 eum
1798 5650 1970 5706 susci-

400 5747 539 5796 taret
564 5755 592 5793 a
619 5740 856 5796 mortuis.
884 5738 963 5792 llli
987 5755 1116 5794 vero
1148 5750 1363 5809 propter
1381 5740 1683 5796 Judtcorum
1710 5740 1970 5795 szevitiatn

2076 4928 2389 4993 sanguinem
2418 4935 2473 4981 et
2499 4928 2720 4981 vulnera
2752 4939 3126 4996 pervenerunt,
3172 4946 3241 4986 ne
3268 4932 3388 5000 quis
3416 4931 3644 4987 forsitan

2077 5016 2128 5071 in
2151 5018 2253 5071 hoc
2274 5016 2514 5072 defectus
2535 5019 2624 5081 sit,
2647 5020 2932 5086 quominus
2960 5021 3128 5087 gratia
3157 5031 3346 5078 etuicta
3376 5023 3649 5078 vivitiranc

2072 5109 2141 5161 tis
2161 5114 2435 5176 appareat.
2466 5105 2637 5161 Cerne
2677 5108 2839 5163 clavis
2865 5109 3074 5164 Domini
3102 5124 3293 5165 manus
3314 5127 3433 5166 esse
3462 5120 3647 5167 trans-

2058 5196 2229 5262 ,fixas,
2266 5211 2426 5249 cerne
2454 5196 2593 5250 latus
2615 5198 2834 5265 cuspide
2863 5199 3209 5266 perforatum,
3243 5202 3528 5255 circumfer
3552 5205 3646 5271 di-

2071 5288 2211 5354 gitos
2240 5296 2358 5340 tuos
2390 5301 2487 5354 per
2514 5296 2795 5355 aperturas
2822 5287 3115 5353 clavorum,
3159 5291 3312 5345 mitte
3340 5307 3563 5345 manum
3587 5294 3645 5346 in

2074 5377 2263 5430 vulnus
2285 5376 2425 5443 quod
2448 5390 2513 5429 ex
2538 5376 2720 5430 lancea
2739 5386 2951 5432 constat
2967 5378 3215 5434 effectum
3230 5398 3244 5443 ;
3259 5380 3483 5448 conjicis
3500 5379 3649 5436 forte

2072 5476 2330 5537 quantum
2379 5466 2447 5521 ad
2499 5467 2754 5522 interiora
2802 5469 3036 5537 cuspidis
3080 5485 3304 5524 acumen
3353 5480 3642 5539 penetrare

2073 5559 2308 5628 potuerit
2338 5573 2402 5612 ex
2448 5558 2729 5613 latitudine
2756 5561 3023 5617 cicatricis
3052 5561 3195 5630 ejus;
3241 5563 3372 5616 libet
3400 5565 3645 5620 metiaris

2074 5650 2365 5715 ingressum
2386 5688 2400 5712 ,
2431 5650 2585 5717 plaga
2613 5651 2809 5704 etenim
2840 5652 2954 5719 ipsa
2980 5652 3209 5721 impulsu
3238 5654 3407 5708 virilis
3450 5669 3642 5712 manus

2074 5736 2280 5796 effecta,
2311 5747 2567 5807 quantum
2599 5739 2650 5792 in
2681 5740 2846 5793 altum
2876 5740 3230 5806 descenderit,
3260 5744 3491 5799 ostendit
3516 5746 3639 5801 evi-
