3938 6196
251 304 350 361 395

252 520 555 583 opportune
571 506 699 563 illud
717 503 960 576 Apostoli
981 499 1331 572 proferimus:
1353 492 1620 562 Quomodo
1633 490 1839 583 quidam

252 581 427 658 dicunt
458 601 513 655 in
543 599 687 655 vobis
714 598 838 670 quia
878 594 1183 649 resurrectio
1213 598 1531 645 mortuorum
1573 603 1678 671 non
1722 581 1844 638 est?

254 697 387 763 Quia
424 694 585 761 igitur
608 687 981 762 pronuntiatio
1004 684 1180 741 otnnis
1201 681 1415 738 Domini
1434 695 1559 736 vera
1577 684 1845 733 monstra-

257 799 339 845 tur
365 788 480 857 ipsa
507 781 889 839 testificatione
918 778 1207 845 factorum,
1234 775 1286 831 id
1315 774 1460 830 enim
1484 789 1592 827 non
1638 777 1844 825 tantum

258 878 418 933 verbo
448 874 755 941 didicimus,
786 871 883 928 sed
912 885 1080 941 opere
1109 868 1226 939 ipso
1253 864 1596 923 manifestam
1620 860 1848 933 promis-

256 970 425 1026 sionis
456 969 574 1036 ejus
600 981 752 1037 spem
782 980 881 1035 per
902 978 998 1019 eos
1025 961 1117 1033 qui
1144 957 1257 1032 jam
1279 958 1346 1013 ad
1374 954 1540 1012 vitam
1568 955 1636 1010 de
1661 968 1847 1007 resur-

255 1061 500 1117 rectione
520 1063 789 1113 venerunt
822 1070 922 1111 nos
947 1050 1224 1123 accepisse
1249 1048 1569 1120 gloriamur,
1594 1054 1713 1113 Quae
1736 1043 1848 1111 jam

252 1150 547 1207 incredulis
572 1148 678 1203 ulla
703 1145 1006 1203 remanebit
1035 1142 1290 1200 occasio?
1323 1133 1514 1194 Nonne
1538 1134 1850 1191 renuntian-

253 1256 334 1300 tes
362 1242 447 1297 his
483 1242 577 1312 qui
623 1255 721 1310 per
760 1234 1157 1310 philosOphiam
1208 1242 1264 1288 et
1314 1226 1532 1286 inanem
1582 1224 1850 1281 fallaciam

253 1334 536 1403 despicere
558 1330 962 1401 simplicitatem
993 1322 1116 1381 fidei
1152 1321 1475 1387 moliuntur,
1510 1316 1850 1403 purissimam

254 1402 657 1481 confessionem
688 1420 803 1491 spei
833 1427 1035 1475 nostra:
1064 1413 1417 1472 retinebimus
1441 1411 1492 1464 in
1520 1420 1722 1480 parvo,
1766 1402 1851 1457 di-

255 1528 447 1574 centes
473 1510 543 1569 ad
576 1513 853 1585 propheta:
882 1509 1103 1565 modum
1133 1505 1321 1577 gratiae
1352 1502 1537 1573 ipsius,
1570 1513 1691 1555 cum
1722 1493 1854 1549 dicit

257 1611 325 1666 ad
357 1608 648 1665 Dominum
683 1623 697 1659 ε
730 1605 949 1675 Auferes
979 1602 1218 1673 spiritum
1243 1600 1471 1670 ipsorum
1511 1604 1560 1648 et
1588 1590 1849 1661 deﬁcient,

256 1712 305 1756 et
332 1703 389 1756 in
413 1700 669 1763 pulverem
694 1713 842 1752 suum
865 1701 1209 1756 revertentur;
1238 1691 1411 1743 emitte
1434 1684 1686 1757 Spiritum
1710 1690 1852 1733 tnnm

255 1801 304 1847 et
334 1790 682 1853 creabantur,
725 1798 773 1843 et
804 1782 1074 1841 renorabit
1103 1784 1289 1855 [ament
1322 1789 1504 1844 terrm,
1550 1773 1769 1844 quando
1793 1776 1849 1823 et
1882 1782 1928 1843 Β

255 1883 429 1940 ltetari
457 1882 739 1936 Dominum
766 1880 821 1934 iu
851 1877 1106 1949 operibus
1128 1866 1245 1929 suis
1274 1871 1527 1934 affirmat,
1555 1882 1678 1922 cum
1710 1864 1846 1918 dcti-

257 1974 405 2029 cient
428 1977 747 2042 peccatorcs
775 1982 806 2022 a
835 1976 999 2021 terra.
1047 1961 1330 2031 Quomodo
1364 1960 1509 2014 enim
1550 1956 1671 2027 quis
1720 1969 1849 2024 pec-

258 2072 411 2120 cator
460 2063 597 2116 ultra
626 2059 955 2123 vocabitur,
1004 2071 1126 2112 cum
1153 2053 1265 2125 jam
1313 2058 1534 2123 peccata
1576 2060 1696 2104 esse
1742 2057 1850 2100 non

258 2154 518 2226 possint?

812 2261 1050 2320 CAPUT
1088 2261 1301 2318 XXVII.

262 2414 420 2486 Quod
451 2434 557 2473 non
597 2417 664 2472 sit
693 2427 877 2471 contra
905 2414 961 2471 id
988 2414 1125 2487 quod
1166 2413 1347 2468 deceat
1378 2410 1683 2466 resurrectio
1714 2422 1855 2465 mr-

950 2494 1177 2540 tuorum.

331 2646 445 2705 Sed
491 2654 619 2702 sunt
668 2644 885 2715 quidam
928 2642 1022 2714 qui
1064 2642 1428 2699 humanarum
1464 2640 1857 2710 cogitationum

260 2739 523 2805 defectu,
556 2736 624 2792 ad
672 2748 977 2791 mensuram
1010 2742 1251 2789 nostram
1278 2732 1519 2787 divinam
1558 2729 1858 2803 potentiam

262 2830 592 2902 iudicantes,
620 2824 766 2896 quod
795 2824 896 2895 ipsi
925 2838 1123 2894 capere
1147 2831 1443 2893 nequeunt,
1472 2835 1576 2876 nec
1597 2819 1710 2875 Deo
1736 2832 1860 2875 esse

250 2920 529 2992 possibile
553 2916 897 2974 confirmant.
937 2914 1239 2970 Ostendunt
1264 2914 1409 2969 enim
1432 2912 1589 2967 nobis
1617 2910 1861 2981 antiquo-

262 3028 389 3069 rum
414 3011 675 3081 reliquias
694 3015 1031 3063 mortuorum
1053 3021 1281 3078 prorsus
1300 3004 1630 3074 absumptas,
1650 3010 1708 3058 et
1723 3015 1861 3072 quas

264 3105 410 3173 ignis
438 3103 650 3170 redegit
692 3102 745 3156 in
773 3100 1016 3165 cineres,
1063 3106 1117 3153 et
1146 3112 1312 3167 super
1338 3096 1453 3151 haec
1493 3094 1694 3150 bestias
1737 3106 1859 3165 quas

264 3157 567 3255 nascuntur
616 3193 893 3260 carnibus,
942 3190 1066 3245 huic
1114 3188 1311 3244 rationi
1360 3185 1654 3241 admovere
1698 3157 1937 3240 mon-c

265 3298 543 3356 strantur,
589 3296 645 3343 et
686 3287 892 3357 piscem
917 3284 1010 3354 qui
1039 3296 1258 3339 carnem
1298 3279 1534 3336 hominis
1580 3277 1861 3348 naufragio

267 3380 551 3452 pereuntis
581 3379 635 3433 in
663 3394 820 3433 suum
867 3374 1069 3445 trajicit
1098 3389 1295 3445 corpus
1317 3414 1332 3438 ,
1386 3381 1443 3429 et
1490 3373 1635 3427 hunc
1674 3387 1864 3430 rursus

267 3470 522 3528 eﬂ'ectunt
552 3470 785 3527 hominis
806 3483 1011 3535 escam,
1044 3476 1207 3537 atque
1236 3466 1289 3521 in
1320 3466 1650 3523 comedentis
1692 3484 1865 3539 quan-

270 3565 487 3619 titatem
516 3579 617 3634 per
642 3562 999 3631 digestionem
1030 3576 1151 3617 esse
1197 3574 1540 3626 conversum,
1587 3562 1866 3632 multaque

269 3659 378 3712 alia
408 3656 569 3713 nimis
599 3657 800 3726 inepta,
831 3663 888 3710 et
918 3654 1097 3723 magni
1129 3654 1226 3710 Dei
1255 3654 1439 3709 virtuti
1468 3663 1631 3723 atque
1654 3655 1864 3725 magni-

271 3748 507 3805 ficentiae
537 3762 758 3818 prorsus
786 3745 1003 3813 indigna
1032 3745 1098 3799 ad
1129 3744 1469 3800 eversionem
1498 3744 1610 3799 veri
1642 3744 1867 3814 dogma-

273 3840 341 3894 tis
370 3837 685 3908 proferuut;
720 3840 974 3905 tanquam
1004 3850 1111 3890 non
1139 3834 1309 3905 possit
1335 3834 1478 3890 Deus
1502 3849 1599 3906 per
1625 3834 1741 3890 hmo
1769 3848 1864 3890 ea—

273 3932 399 3987 dem
440 3946 631 3985 rursus
673 3943 737 3983 ex
769 3926 1236 3984 consummatione
1266 3926 1411 3996 quod
1454 3934 1539 3982 est
1585 3926 1864 3996 proprium

273 4022 510 4079 hominis
539 4019 854 4075 reformare.
887 4019 997 4076 Sed
1021 4037 1119 4078 nos
1150 4023 1205 4077 in
1234 4022 1385 4077 brevi
1414 4022 1658 4095 prolixos
1681 4021 1865 4076 vanis-

273 4116 425 4172 sima:
456 4112 681 4168 rationis
710 4126 897 4167 eorum
927 4113 1267 4169 succidamus
1294 4128 1577 4179 excursus,
1610 4111 1869 4169 confiten-

273 4214 363 4261 tes
393 4203 757 4259 resolutiones
785 4204 1031 4273 corporis
1059 4204 1112 4258 in
1142 4220 1205 4259 ea
1240 4203 1353 4259 fieri
1382 4218 1482 4274 pro
1498 4203 1706 4273 "quibus
1736 4218 1868 4258 con-

275 4306 407 4361 stat,
433 4312 535 4352 nec
563 4296 737 4351 solum
771 4302 990 4362 terram,
1010 4296 1167 4366 juxta
1198 4295 1364 4353 divini
1387 4298 1652 4375 sermonis
1681 4305 1869 4353 aucto-

275 4390 517 4454 ritatem,
539 4387 593 4442 in
620 4394 823 4442 terram
849 4387 1071 4456 reverti,
1087 4387 1181 4443 sed
1211 4396 1266 4444 et
1287 4404 1468 4444 aerem
1491 4396 1654 4457 atque
1680 4388 1871 4443 humo-

266 4495 393 4535 rem
416 4493 526 4533 sua:
553 4477 835 4536 simillimae
856 4476 1089 4547 portioni
1116 4478 1418 4545 restitui,et
1438 4477 1648 4547 singula
1673 4492 1792 4548 quae
1814 4477 1866 4534 in

272 4572 435 4630 nobis
464 4578 615 4640 sunt,
661 4572 729 4626 ad
769 4572 1139 4640 originemque
1166 4570 1436 4642 propriam
1485 4571 1862 4640 commigrare.
1895 4541 1946 4601 θ

276 4661 346 4715 Ει
362 4662 485 4716 licet
506 4662 819 4716 volucribus
842 4676 1006 4717 carne
1034 4662 1397 4727 vescentibus,
1414 4661 1537 4717 licet
1557 4660 1682 4716 feris
1704 4676 1869 4717 carne

276 4752 622 4807 vescentibus
652 4753 941 4806 humanum
971 4767 1170 4821 corpus
1200 4751 1444 4805 tradatur
1465 4751 1517 4805 in
1540 4750 1742 4815 cibum,
1772 4749 1873 4805 eis-

269 4856 385 4910 que
412 4843 493 4896 his
522 4842 735 4897 casibus
762 4841 1071 4907 misceatur,
1100 4841 1230 4896 licet
1257 4841 1355 4898 sub
1378 4840 1624 4896 dentibus
1647 4841 1870 4911 piscium

278 4936 492 5001 veniat,
525 4944 581 4989 et
616 4950 715 5005 per
754 4934 928 5003 ignem
957 4936 1009 4989 in
1040 4950 1268 5003 vapores
1296 4943 1642 4990 convertatur
1666 4942 1722 4989 et
1756 4934 1872 5005 pul-

276 5041 482 5091 verem,
513 5026 818 5095 ubicunque
840 5025 993 5094 juxta
1017 5024 1310 5094 subjectum
1341 5025 1603 5079 rationem
1625 5026 1746 5096 quis
1766 5026 1871 5080 cir—

271 5119 591 5174 canitulerit
617 5118 910 5184 hominem,
945 5118 1082 5172 intra
1124 5117 1269 5172 hunc
1316 5117 1570 5172 mundum
1600 5133 1722 5172 eum
1753 5133 1873 5173 esse

273 5224 506 5265 necesse
533 5209 636 5276 sit,
678 5224 838 5278 quem
880 5209 974 5264 Dei
1024 5225 1186 5263 manu
1228 5210 1490 5264 contineri
1522 5226 1625 5263 vox
1655 5210 1872 5265 instruit

260 5301 540 5358 divinitus
566 5301 844 5371 inspirata,
877 5310 997 5355 cum
1025 5299 1173 5365 dicit,
1202 5300 1327 5369 quia
1351 5300 1402 5354 in
1426 5316 1588 5354 manu
1610 5299 1726 5368 ejus
1746 5309 1874 5355 sunt

268 5408 472 5448 omnes
520 5391 653 5447 lines
695 5399 871 5450 terrae.
923 5391 1076 5459 Quod
1105 5394 1149 5448 si
1197 5401 1253 5447 tu
1289 5408 1395 5447 non
1426 5401 1582 5465 potes
1623 5394 1872 5461 ignorare

277 5496 411 5551 quae
454 5492 547 5537 tuo
591 5483 773 5554 palmo
820 5485 1125 5550 contineas,
1168 5485 1405 5555 opinaris
1445 5483 1721 5540 scientiam
1753 5485 1869 5552 Dei,

276 5587 411 5641 qua:
430 5582 513 5630 est
551 5583 643 5629 tua
671 5575 867 5630 virtute
901 5577 1164 5647 superior,
1194 5591 1380 5631 eorum
1420 5591 1541 5645 qua:
1567 5576 1765 5632 virtute
1793 5577 1872 5631 di-

275 5664 411 5717 vina
436 5680 598 5719 manu
624 5666 970 5721 continentur
997 5667 1049 5722 id
1077 5666 1221 5738 quod
1273 5676 1482 5724 certum
1534 5677 1617 5725 est
1654 5670 1875 5727 minimo

273 5758 647 5826 perscrutari?

518 5871 795 5931 PATROL.
829 5868 1056 5931 LXVII

1061 286 1237 342 LIBlll
1280 286 1365 341 DE
1404 284 1794 343 CREATIONE
1836 280 2113 338 llOHlNlS
2150 279 2722 337 ΙΝἸἘΠΡΗΕΤᾹΪΙΟ.

251 422 458 477 denter.
510 416 570 472 Si
597 414 759 487 igitur
803 411 883 469 sic
925 409 1151 465 allectus
1179 404 1476 462 resurrexit
1515 418 1545 467 a
1586 399 1835 461 mortuis,
1874 402 1913 453 Α

3430 284 3536 342 ωε

2490 436 2717 491 CAPUT
2760 438 2986 494 XXVIII.

1951 549 2100 628 Quod
2128 547 2372 628 possibile
2393 550 2478 628 sit.
2502 550 2554 603 in
2581 552 2756 604 omnia
2784 550 3033 628 elementa
3055 553 3292 628 Immanis
3306 558 3543 628 corpori.

2018 620 2113 699 bus
2136 620 2393 699 resolutis,
2422 622 2608 674 iterum
2634 637 2701 675 ea:
2721 624 2977 676 communi
3016 626 3282 694 proprium
3322 620 3544 699 singulis

2019 691 2291 761 integrari.

2021 802 2128 856 Sed
2156 802 2377 858 forsitan
2408 805 2474 859 ad
2514 805 2780 861 elementa
2813 808 2978 863 totius
3005 808 3189 864 mundi
3228 811 3544 881 respiciens,

1951 893 2166 951 difficile
2191 904 2350 966 putas
2380 890 2579 953 Statum
2613 908 2855 954 nostrum
2894 902 2959 956 ad
2987 912 3273 974 cognatum
3302 905 3545 961 clemen-

1954 997 2065 1042 tum
2104 989 2245 1044 aeris
2286 997 2609 1056 attractum,
2642 992 2870 1046 calidum
2898 1008 3115 1063 quoque
3150 1002 3206 1049 et
3247 995 3545 1064 humidum,

1953 1087 2117 1149 atque
2146 1087 2419 1134 terrenum
2462 1088 2659 1135 nostra:
2686 1082 2998 1147 substantia:
3026 1084 3275 1141 similiter
3315 1087 3548 1156 propriis

1952 1174 2196 1245 partibus
2218 1174 2541 1241 immixtum,
2567 1175 2761 1230 iterum
2782 1175 2851 1230 de
2870 1177 3141 1231 communi
3162 1178 3383 1248 singulis
3403 1180 3546 1249 quod

1954 1272 2037 1318 est
2065 1265 2342 1335 proprium
2372 1279 2532 1335 posse
2559 1266 2788 1321 restitui.
2820 1265 3050 1323 Proinde
3089 1277 3145 1323 tu
3172 1270 3258 1325 vel
3286 1271 3548 1341 exemplis

1956 1358 2206 1415 humanis
2254 1374 2362 1414 non
2411 1360 2617 1427 cogitas
2662 1360 2767 1417 hoc
2826 1376 3043 1432 quoque
3104 1362 3297 1420 divina:
3336 1366 3548 1424 virtutis

1957 1455 2091 1509 lines
2117 1470 2227 1510 non
2255 1469 2415 1527 posse
2443 1456 2846 1511 transcendere.
2872 1454 3058 1512 Vidisti
3088 1458 3331 1527 profecto
3354 1460 3548 1516 alicubi

1957 1545 2009 1601 in
2053 1547 2574 1603 commorationihus
2617 1547 2894 1604 hominum
2944 1564 3285 1607 communem
3332 1567 3550 1624 gregem

1954 1638 2117 1694 simul
2143 1638 2198 1693 in
2222 1653 2511 1694 commune
2546 1648 2856 1711 pascentem
2877 1680 2892 1708 ,
2924 1642 3019 1697 sed
3057 1658 3178 1699 cum
3207 1658 3393 1700 rursus
3420 1661 3552 1716 grex

1956 1743 2055 1797 per
2101 1742 2444 1800 possessores
2472 1728 2726 1784 dividitur
2752 1731 3030 1801 proprios,
3072 1748 3169 1788 seu
3213 1733 3553 1792 consuetudo

1956 1820 2228 1885 locorum,
2259 1834 2354 1875 seu
2394 1819 2544 1888 signa
2572 1820 2856 1890 pecoribus
2898 1821 3183 1892 imposita,
3222 1824 3368 1895 quod
3394 1840 3554 1881 suum

1954 1917 2039 1966 est
2060 1911 2294 1966 restituit
2319 1910 2574 1979 singulis:
2609 1911 2716 1967 tale
2753 1911 2881 1983 quid
2918 1921 2977 1968 et
3014 1912 3083 1969 de
3121 1915 3407 1988 temetipso
3432 1910 3587 1988 per?

1956 2010 2221 2067 tracrans,
2250 2001 2473 2057 minime
2500 2002 2570 2059 ab
2598 2018 2666 2057 eo
2693 2003 2842 2072 quod
2875 2003 3036 2061 decet
3062 2007 3359 2066 aberrabis.
3390 2008 3556 2067 Deni-

1954 2107 2063 2163 que
2084 2107 2206 2148 eum
2231 2093 2461 2149 naturali
2482 2093 2698 2150 vinculo
2718 2103 2879 2166 atque
2900 2095 3167 2153 charitate
3187 2100 3330 2157 circa
3358 2116 3556 2173 corpus

1956 2198 2114 2240 suum
2142 2183 2287 2253 quod
2317 2182 2636 2239 inhabitavit
2663 2184 2842 2241 anima
2866 2184 3085 2242 detenta
3114 2188 3204 2255 sit,
3235 2189 3377 2245 inest
3400 2192 3451 2247 ei
3476 2192 3553 2246 la-

1961 2284 2085 2331 tens
2111 2275 2355 2346 qutedam
2397 2276 2688 2347 permixtio
2716 2292 2879 2349 quam
2921 2294 3063 2336 nunc
3090 2280 3291 2337 habent
3325 2282 3557 2341 invicem

1960 2364 2176 2422 atl'ectie
2203 2366 2447 2437 quaedam
2492 2374 2657 2437 atque
2682 2367 2939 2438 cognitio,
2964 2369 3133 2425 veluti
3161 2385 3194 2426 a
3222 2380 3411 2428 natura
3437 2375 3558 2444 qui.

1960 2457 2188 2514 busdam
2220 2457 2387 2528 signis
2413 2456 2699 2528 impositis,
2721 2473 2823 2529 per
2843 2473 2965 2530 quae
2985 2463 3345 2520 communitas
3370 2464 3557 2519 incon-

1961 2548 2079 2605 fusa
2121 2562 2446 2620 permanens
2487 2550 2825 2606 discernatur
2866 2552 3288 2623 proprietatibus
3317 2556 3558 2625 singulo-

1958 2657 2103 2698 rum.
2147 2640 2283 2698 Cum
2338 2641 2500 2712 igitur
2544 2641 2723 2696 anima
2756 2651 3043 2712 cognatam
3095 2652 3261 2714 atque
3289 2649 3559 2717 propriam

1962 2748 2078 2789 rem
2099 2734 2167 2789 ad
2186 2734 2533 2804 semetipsum
2554 2749 2737 2791 rursus
2757 2735 3061 2806 attraxerit,
3086 2737 3226 2806 quis,
3252 2752 3375 2805 ero,
3408 2740 3560 2797 labor

1961 2822 2145 2879 divina
2207 2826 2506 2895 praesertim
2568 2840 2682 2880 non
2748 2826 3072 2896 prohibente
3130 2837 3321 2885 natura
3387 2832 3556 2887 virtu-
3632 2877 3643 2887 .

1963 2923 2107 2982 teni,
2148 2923 2209 2971 ut
2245 2930 2343 2971 sua
2383 2931 2571 2972 rursus
2615 2916 2670 2971 in
2707 2929 2769 2973 se
2810 2920 3164 2987 conveniant,
3207 2930 3264 2976 et
3304 2922 3560 2981 ineﬂ‘abili

1962 3008 2198 3081 quadam
2222 3016 2427 3064 natura:
2450 3009 2807 3067 concursione
2830 3011 2896 3066 ad
2920 3012 3135 3082 propria
3177 3028 3405 3085 quaeque
3432 3031 3561 3071 con-

1967 3100 2233 3157 tendant?
2263 3099 2417 3168 Quod
2462 3108 2646 3156 antem
2675 3102 2867 3157 animo:
2912 3110 2968 3157 et
3009 3110 3133 3172 post
3176 3105 3561 3161 resolutionem

1964 3192 2119 3263 signa
2163 3192 2409 3262 quietiam
2456 3191 2904 3248 contormationis
2943 3200 3140 3248 nostras
3173 3204 3555 3265 permaneant,

1966 3283 2205 3339 ostendit
2233 3283 2320 3337 illa
2366 3282 2661 3354 disputatio
2707 3296 2827 3355 qua:
2867 3282 3009 3354 apud
3049 3282 3248 3339 inleros
3277 3281 3420 3340 facta
3448 3294 3563 3353 est,

1946 3375 2183 3447 quando
2212 3374 2532 3446 corporibus
2552 3372 2665 3445 jam
2691 3373 2984 3446 sepultura:
3023 3375 3253 3442 traditis,
3283 3376 3563 3432 animabus

1966 3468 2254 3525 itihteserat
2277 3468 2522 3540 quaedam
2569 3468 2759 3524 notitia
2805 3468 3133 3539 corporalis,
3180 3483 3278 3540 per
3319 3482 3479 3539 quani
3508 3478 3564 3528 ct

1971 3563 2204 3617 Lazarus
2229 3561 2466 3631 agnosci,
2489 3573 2591 3616 nec
2608 3560 2759 3617 dives
2782 3559 2960 3631 potuit
2985 3560 3240 3630 ignorari.
3263 3559 3407 3616 Nihil
3434 3574 3565 3630 ergo

1968 3648 2120 3716 extra
2142 3660 2406 3714 rationem
2435 3664 2536 3722 est,
2570 3656 2615 3714 si
2638 3655 2892 3712 credatur
2915 3670 2985 3711 ex
3008 3655 3280 3711 communi
3320 3656 3565 3727 proprie-

1968 3758 2082 3806 tate
2112 3749 2515 3819 resurgentibus
2559 3746 2735 3802 redire
2762 3745 3114 3818 corporibus,
3145 3752 3201 3800 et
3234 3746 3471 3801 maxime
3510 3746 3565 3806 id

1970 3840 2348 3895 animadvertit
2391 3839 2482 3909 qui
2524 3846 2772 3893 naturam
2800 3834 3090 3892 studiosius
3120 3837 3442 3905 investigare
3469 3852 3566 3891 cu-

1969 3932 2125 3986 ravit.
2152 3930 2267 3984 Non
2289 3929 2432 3984 enim
2457 3944 2554 4000 per
2579 3928 2761 3984 omnia
2786 3928 2956 3981 fluunt
2982 3935 3144 3996 atque
3165 3936 3567 3984 commutantur

1970 4036 2034 4077 ea
2088 4036 2208 4091 qua:
2255 4027 2438 4074 nostra
2484 4025 2644 4085 sunt;
2714 4017 2951 4089 alioquin
3001 4016 3565 4089 incomprehensibilia

1969 4127 2193 4185 prorsus
2238 4112 2556 4179 existerent,
2608 4109 2808 4165 nullam
2860 4110 3150 4166 stationem
3188 4111 3439 4168 habentia
3467 4126 3568 4182 per

1972 4214 2243 4260 naturain.
2273 4202 2381 4259 Sed
2427 4202 2736 4272 diligentius
2781 4201 3063 4272 explorata
3093 4202 3324 4268 ratione,
3354 4202 3567 4259 videtur

1971 4314 2160 4355 eorum
2188 4313 2308 4368 quae
2351 4298 2405 4352 in
2451 4296 2607 4353 nobis
2650 4304 2774 4350 sunt
2817 4294 3018 4364 aliquid
3054 4303 3230 4362 stare,
3262 4295 3406 4351 aliud
3433 4310 3566 4352 vero

1972 4391 2275 4446 mutatione
2294 4388 2551 4444 deﬂuere.
2580 4385 2790 4458 Corpus
2810 4386 2953 4443 enim
2982 4402 3079 4457 per
3105 4387 3439 4443 incrementa
3467 4388 3565 4444 de-

1973 4485 2333 4554 trimentaque
2360 4490 2615 4548 mutatur,
2642 4482 2807 4538 veluti
2828 4490 3005 4539 vestes
3034 4481 3293 4553 quasdam
3313 4498 3414 4557 per
3438 4492 3568 4539 tcta-

1973 4589 2053 4634 tes
2080 4578 2338 4648 quasdam
2373 4590 2433 4632 se
2481 4575 2711 4631 induens
2759 4584 3185 4644 consequentes;
3233 4584 3343 4630 stat
3385 4584 3569 4631 autem

1971 4686 2069 4743 per
2098 4684 2287 4725 omnes
2315 4669 2413 4725 has
2456 4668 2781 4723 mutationes
2827 4667 3037 4738 species
3063 4666 3568 4735 inconvertibiiiter,

1972 4767 2027 4819 in
2056 4779 2117 4820 se
2142 4763 2292 4834 signa
2323 4777 2443 4832 quae
2485 4761 2588 4816 sibi
2616 4760 2783 4815 semel
2834 4775 2865 4814 a
2910 4769 3098 4814 natura
3136 4768 3263 4815 sunt
3307 4758 3569 4829 impressa

1976 4871 2082 4911 non
2109 4855 2392 4918 deserens,
2440 4852 2635 4922 quibus
2680 4866 2778 4923 per
2804 4850 3081 4906 universas
3106 4849 3353 4919 corporis
3393 4856 3570 4902 muta-

1974 4949 2153 5004 tiones
2180 4961 2331 5001 suam
2361 4946 2606 5001 notitiam
2636 4945 2850 5000 retinet.
2880 4941 3253 4999 Subtrahcnda
3279 4948 3363 4994 est
3386 4947 3570 4998 autem

1974 5044 2100 5099 huic
2128 5042 2322 5097 rationi
2368 5040 2457 5095 illa
2513 5039 2837 5110 permutatio
2862 5050 2983 5106 quae
3028 5033 3226 5104 speciei
3257 5032 3435 5102 aliqua
3475 5047 3571 5087 oc-

1976 5136 2195 5192 casione
2232 5132 2608 5202 cenjungitur;
2656 5144 2782 5185 nam
2810 5128 2972 5183 veluti
3011 5125 3240 5179 alienam
3282 5123 3570 5194 quamdam

1976 5242 2265 5299 personam
2296 5225 2592 5282 fceditatem
2634 5222 2799 5277 sumit
2843 5219 3080 5291 species,
3121 5232 3283 5288 quam
3313 5232 3412 5289 per
3454 5219 3569 5273 lan-

1976 5318 2160 5388 guoris
2185 5314 2525 5373 incommoda
2544 5313 2792 5379 sustinet,
2812 5326 2917 5381 qua
2946 5310 3156 5366 ratione
3182 5309 3413 5381 quadam
3443 5312 3571 5367 sub-

1978 5410 2108 5476 lata,
2135 5409 2274 5465 sicut
2294 5425 2325 5463 a
2352 5407 2591 5462 Naaman
2621 5404 2780 5476 Syro,
2811 5403 2897 5459 vel
2926 5403 2994 5459 ab
3019 5402 3102 5460 his
3143 5417 3281 5474 quos
3323 5404 3571 5475 Evange-

1980 5504 2049 5559 lia
2078 5502 2339 5569 rcferunt,
2368 5515 2554 5556 rursus
2580 5498 2791 5572 species
2805 5513 2924 5570 qua!
2944 5498 3042 5556 sub
3066 5498 3316 5570 passione
3346 5499 3571 5568 latebat,

1980 5598 2034 5654 in
2063 5612 2215 5652 suam
2240 5595 2484 5650 notitiam
2514 5591 2806 5649 revertitur
2830 5592 3110 5663 sospitate.
3128 5590 3324 5667 igitur,
3342 5590 3496 5660 juxta
3517 5596 3570 5653 id

1981 5686 2124 5758 quod
2149 5687 2261 5742 Deo
2290 5694 2372 5740 est
2392 5684 2600 5750 similis,
2624 5682 2767 5739 nulla
2794 5682 3093 5740 mutatione
3118 5679 3235 5737 fluit
3255 5690 3415 5751 atque
3439 5699 3570 5740 con-

1982 5778 2226 5847 vertitur,
2243 5776 2336 5834 sed
2368 5773 2467 5832 fixa
2499 5785 2799 5847 permanet,
2824 5774 3054 5848 idipsutn
3075 5785 3288 5842 semper
3311 5772 3569 5848 existens,

3048 5867 3123 5927 13
