1969 3098
170 154 174 158 »
179 138 234 169 επ

826 136 1004 169 NONYSIUS
1024 139 1101 170 EXIG
1108 141 1184 170 UUS.

1777 140 1831 175 395

178 196 327 226 secundum
341 203 421 232 quam
436 195 593 223 rctormatio
609 200 701 223 nostra
717 195 834 223 ditinam
855 196 978 224 siinilitu-
993 199 1016 229 Λ
1031 199 1202 234 perquiratur
1223 207 1239 227 ιι
1254 200 1331 228 nobis
1350 201 1421 237 quod
1446 201 1472 229 in
1488 201 1609 230 ccclesiis
1633 203 1778 239 ambigitur
1799 205 1834 234 de

179 244 418 277 dincm'coutinet;
434 247 461 271 et
475 244 603 278 quoniam
618 242 784 271 differentias
797 244 897 279 speciei
912 247 980 271 tem-

178 295 398 327 peramentorum
423 289 569 324 qualitates
596 296 657 324 qure
679 293 818 317 mutantur
843 288 979 322 efttciunt,

179 336 340 373 temperatio
351 343 420 363 vero
445 335 510 362 nihil
525 334 598 362 aliud
618 343 699 369 quam
726 335 924 363 elementorum
939 338 983 363 est

179 383 296 415 habitus,
314 382 447 410 elementa
463 385 553 409 autem
568 381 682 409 dicimus
697 388 758 416 qua
772 381 903 409 universae
917 387 982 409 eon-

178 429 275 456 ditioni
289 427 411 462 subjecta
425 431 498 462 sunt,
514 434 548 454 ex
562 427 660 461 quibus
674 430 702 454 et
720 426 867 454 humanum
882 433 982 461 corpus

179 474 326 502 subsistere
341 472 508 509 protitemur,
530 472 685 501 necessario
707 472 813 507 species
834 472 918 500 veluti
932 471 983 499 im-

179 527 272 556 pressa
286 519 426 554 signaculo
438 522 579 554 permanet
590 519 698 551 animat,
713 517 885 552 formamque
895 517 982 552 ipsam

179 565 356 600 expressione
391 568 545 599 susceptam
576 563 729 591 nullatenus
759 563 877 598 ignorat.
905 561 983 591 Unde

179 616 303 647 tempore
312 610 523 638 resurrectionis
544 617 577 638 ea
591 609 706 646 recipiat
719 617 812 637 rursus
826 609 853 637 in
867 617 907 641 se,
922 616 982 644 quze

179 657 273 686 fortuna:
295 657 346 694 ipsi
366 657 558 693 congruerint,
578 662 730 692 congruunt
744 661 834 685 autem
850 657 895 684 illa
909 664 983 692 qua:-

180 711 287 739 cunque
301 703 335 731 ab
349 703 427 731 initio
438 703 540 739 speciei
554 704 703 739 probantur
713 710 774 731 esse
787 703 905 737 inserta;
917 710 982 738 ergo

181 749 248 778 nihil
262 754 339 778 extra
354 750 488 777 rationem
512 749 628 782 videtur,
641 756 734 777 rursus
748 757 782 777 ex
797 749 934 777 communi
948 748 982 776 ad

180 795 302 831 singulos
327 795 416 824 redire
436 794 508 830 quod
532 802 610 823 suum
634 798 686 822 est.
711 794 813 822 Dicitur
836 798 926 821 autem
954 797 982 822 et

180 841 369 879 ὐδραργύρων,
393 840 467 878 quod
481 845 623 876 argentum
638 840 729 868 vivum
741 840 838 875 vulgus
851 840 980 875 appellat,

179 888 203 915 si
217 895 265 923 per
278 895 363 923 prona
383 895 415 915 ac
435 887 624 923 pulverulenta
647 886 707 915 loca
724 886 850 914 fundatur
865 887 893 914 in
913 887 982 921 pilas

180 933 372 961 minutissimas
383 941 435 971 per
448 937 548 961 terram
562 933 655 966 dividi,
671 939 723 961 nec
733 933 787 961 illis
796 933 983 961 concurrenti-

179 978 233 1006 bus
245 978 361 1007 invicem
390 986 470 1014 posse
485 978 602 1006 misceri.
618 977 648 1006 Si
667 978 728 1013 quis
741 983 831 1006 autem
844 986 938 1007 rursus
956 978 983 1006 id

179 1024 252 1060 quod
266 1024 451 1060 multipliciter
464 1023 617 1059 dispersum
643 1028 686 1052 eat
712 1023 740 1051 in
760 1032 843 1052 unum
866 1024 981 1059 redigat,

179 1069 292 1105 proprio
303 1069 397 1105 generi
409 1068 512 1098 fontem
526 1070 665 1105 conjungi,
681 1069 762 1098 nullis
772 1070 806 1097 ad
816 1070 985 1098 commixtio-

178 1122 241 1145 uem
255 1122 333 1144 suam
355 1115 590 1151 interjectiooibus
611 1115 757 1144 irretitum.
771 1114 838 1144 Tale
861 1115 926 1151 quid
938 1123 983 1144 ar-

179 1161 265 1189 bitror
300 1165 438 1197 oportere,
461 1165 491 1189 et
516 1161 590 1189 circa
616 1161 842 1197 compositionem
867 1161 983 1190 hominis

179 1207 404 1235 animadvertere.
419 1206 482 1235 los
496 1208 569 1235 enim
584 1211 613 1235 ut
626 1214 643 1235 a
657 1207 714 1236 Deo
723 1207 837 1236 facultas
849 1207 929 1236 fuerit
941 1212 983 1237 ab

179 1253 279 1281 tributa
288 1272 297 1287 ,
318 1252 390 1280 ultro
402 1252 455 1281 sibi
468 1257 560 1288 partes
581 1253 685 1281 similes
699 1254 817 1289 propriis
831 1254 983 1283 miscebun-

180 1304 226 1328 tur
240 1299 378 1335 partibus,
402 1299 462 1327 sine
476 1299 530 1327 ulla
543 1298 703 1327 difﬁcultate
716 1299 776 1335 ejus
795 1300 842 1334 qui
856 1304 982 1328 naturam

181 1343 333 1373 reformare
351 1344 486 1379 dignatur.
507 1343 576 1373 Nam
591 1348 621 1372 et
634 1345 663 1372 in
675 1344 719 1372 bis
731 1352 792 1380 qua
806 1343 953 1374 nascuntur
965 1352 982 1373 e

182 1396 255 1420 terra
268 1390 371 1431 nultum
382 1389 504 1418 laborem
514 1393 619 1418 natura:
630 1390 826 1426 conspicimus,
836 1398 899 1420 cum
913 1390 983 1418 triti-

179 1444 254 1470 cum,
271 1436 314 1464 vel
324 1436 451 1470 milieem,
464 1435 509 1464 vel
521 1435 586 1471 quid
596 1435 671 1464 aliud
681 1435 792 1464 seminis
801 1435 928 1464 frumenti
940 1436 982 1465 vel

178 1482 321 1517 leguminis
335 1482 363 1510 in
375 1482 503 1516 culmum,
515 1482 612 1511 aristas
622 1481 765 1518 spicasque
778 1482 914 1510 convertit
923 1482 982 1510 sine

178 1527 352 1561 ditlicultate;
367 1534 485 1563 namque
509 1527 580 1555 ultro
598 1534 752 1563 congruens
774 1533 837 1555 esca
860 1527 894 1555 de
907 1534 982 1555 corn-

1033 246 1129 273 anima:
1143 247 1337 275 constitutione
1351 247 1393 275 vel
1406 248 1538 284 corporis.
1553 248 1717 283 Quibusdam
1732 252 1832 279 etenim

1033 292 1118 320 visum
1133 297 1184 327 est,
1206 294 1252 328 qui
1268 299 1332 322 ante
1349 302 1398 322 nos
1412 294 1446 322 dc
1460 295 1654 331 principatibus
1664 295 1834 333 disputantes

1032 338 1115 366 veluti
1138 339 1284 374 quamdam
1306 340 1486 375 pestilentiam
1501 341 1684 377 protulerunt,
1708 342 1780 378 quid
1807 343 1834 371 in

1033 386 1239 414 Conversatione
1254 386 1369 421 proprim
1389 386 1485 414 anima:
1500 390 1565 414 ante
1586 387 1742 415 subsistant.
1758 388 1834 416 Sint-

1032 439 1086 466 que
1106 432 1160 460 illic
1179 436 1234 460 tam
1248 432 1358 460 malitiae
1371 440 1451 468 quam
1466 433 1573 461 virtutis
1595 434 1718 470 exempla
1735 443 1836 471 propo-

1032 478 1098 505 sita:
1109 482 1136 506 et
1145 483 1366 515 perseverantem
1378 479 1486 514 quidem
1501 480 1527 507 in
1538 480 1617 508 bonis
1630 480 1745 508 animam
1761 481 1834 509 nulla

1033 524 1183 559 corporalis
1195 524 1393 561 conjunctionis
1405 526 1591 561 experimenta
1606 527 1720 558 sentire;
1733 528 1754 554 si
1769 535 1835 554 vero

1032 569 1097 597 boni
1112 570 1318 605 participatione
1333 570 1482 604 deﬂuxerit,
1497 576 1559 599 tunc
1570 572 1603 599 ad
1618 572 1686 600 hanc
1697 574 1779 600 vitam
1792 583 1835 600 rc-

1033 616 1141 648 cedere,
1157 621 1239 653 atque
1252 617 1278 644 in
1291 625 1405 652 corpore
1417 619 1589 646 commorari.
1604 618 1655 646 Alii
1668 627 1731 647 vero
1747 620 1833 647 tr;uli-

1034 664 1090 688 tum
1105 669 1120 688 a
1135 660 1228 697 Moyse
1241 661 1363 689 ordinem
1380 662 1412 688 de
1424 662 1578 690 conditione
1594 663 1709 690 hominis
1725 665 1834 691 intuen-

1033 709 1090 741 tes,
1104 707 1226 735 secundo
1241 707 1318 739 loco,
1335 708 1360 734 id
1376 712 1414 735 est
1433 712 1493 742 post
1510 716 1609 744 corpus
1625 710 1742 737 animam
1755 711 1833 744 juxta

1034 755 1140 787 tempus
1152 750 1298 786 atiirmant,
1313 760 1373 779 cum
1387 752 1501 787 primum
1514 754 1649 789 accipiens
1662 754 1730 783 Deus
1741 755 1832 783 limum

1034 796 1067 824 de
1082 801 1153 824 terra
1168 796 1292 825 formavit
1306 798 1454 831 hominem,
1469 804 1496 826 et
1509 799 1544 825 ita
1561 807 1607 834 per
1624 800 1832 828 insumationcm

1033 841 1163 878 deinceps
1183 843 1321 870 animavit.
1339 844 1395 871 llac
1420 849 1509 871 autem
1534 846 1640 873 ratione
1662 849 1834 881 praestantius

1000 888 1019 917 Β
1033 887 1179 914 ostendunt
1189 895 1287 923 corpus
1300 896 1359 915 esse
1371 897 1450 923 quam
1474 890 1589 917 animam
1606 899 1664 926 qua:
1678 896 1718 919 est
1733 893 1756 919 ei
1768 902 1834 921 con-

1034 935 1123 965 serta,
1149 938 1182 959 eo
1207 932 1280 967 quod
1303 936 1366 959 ante
1391 934 1533 960 formatum
1562 939 1613 961 est.
1642 935 1736 963 Dicunt
1760 938 1833 965 enim

1034 981 1145 1013 propter
1165 985 1263 1013 corpus
1278 978 1394 1005 animam
1413 979 1527 1012 factam,
1545 988 1578 1007 ne
1593 981 1650 1009 sine
1664 983 1758 1017 spiritu
1775 984 1834 1011 for-

1034 1024 1117 1050 matio
1131 1022 1275 1051 immobilis
1291 1029 1471 1059 permaneret.
1488 1024 1573 1053 Omne
1594 1034 1659 1054 vero
1673 1028 1744 1062 quod
1768 1037 1834 1064 pro-

1033 1073 1094 1104 pter
1117 1068 1188 1096 aliud
1212 1068 1338 1102 etﬂcitur,
1361 1070 1439 1097 vilius
1463 1075 1505 1098 est
1528 1072 1649 1106 profecto
1670 1081 1704 1101 eo
1722 1079 1835 1110 propter

1033 1114 1105 1151 quod
1133 1114 1270 1148 elticitur,
1295 1116 1365 1143 sicut
1392 1115 1537 1151 Evangelia
1568 1119 1738 1153 prolitentur,
1771 1129 1833 1149 cum

1032 1162 1122 1188 anima
1136 1162 1194 1197 plus
1208 1165 1247 1189 est
1269 1171 1347 1198 quam
1361 1171 1429 1195 esca,
1452 1168 1476 1190 et
1491 1172 1583 1199 corpus
1606 1174 1681 1200 quam
1698 1167 1834 1194 uestimen-

1033 1209 1098 1240 tum,
1118 1206 1181 1241 quia
1195 1210 1305 1242 propter
1316 1206 1373 1234 htcc
1391 1207 1441 1235 ista
1454 1215 1582 1236 conceSsa
1597 1211 1675 1242 Sunt;
1692 1218 1745 1238 non
1759 1211 1834 1238 enim

1032 1254 1144 1286 propter
1162 1258 1252 1279 escam
1272 1251 1342 1279 facta
1362 1256 1404 1280 est
1424 1252 1529 1287 anima,
1549 1262 1597 1281 nec
1612 1256 1833 1285 vestimentomm

1031 1295 1117 1330 gratia
1136 1300 1244 1325 constat
1265 1304 1326 1325 esse
1338 1305 1454 1333 corpora
1468 1298 1601 1332 formata;
1625 1300 1672 1327 sed
1694 1308 1754 1328 cum
1774 1302 1834 1330 haec

1031 1341 1190 1376 existerent,
1205 1342 1251 1371 illa
1262 1347 1374 1378 propter
1384 1351 1461 1372 usum
1472 1346 1621 1373 necessaria
1638 1351 1700 1374 sunt
1713 1348 1833 1382 provisa.

1031 1386 1165 1421 Quoniam
1188 1388 1271 1424 igitur
1283 1390 1398 1417 assertio
1419 1391 1559 1425 utriusque
1579 1392 1712 1426 opinionis
1726 1393 1834 1429 vitupe-

1031 1432 1138 1461 ratione
1150 1441 1205 1461 non
1220 1438 1307 1468 caret,
1321 1438 1348 1462 et
1362 1442 1457 1463 eorum
1471 1436 1517 1469 qui
1532 1437 1605 1471 prius
1618 1437 1712 1465 vivere
1728 1438 1834 1466 animas

1030 1477 1059 1505 in
1071 1484 1121 1505 suo
1135 1477 1253 1513 quodam
1265 1482 1337 1506 statu
1352 1482 1434 1514 atque
1454 1480 1549 1507 ordine
1566 1481 1720 1515 opinantur,
1741 1487 1768 1509 et
1781 1490 1834 1509 eo.

1030 1531 1092 1551 rum
1105 1523 1151 1559 qui
1163 1531 1210 1552 eas
1223 1528 1286 1559 post
1298 1532 1414 1560 corpora
1434 1530 1540 1553 creatas
1558 1526 1723 1560 existimant,
1739 1535 1834 1555 neces-

179 1574 254 1602 ωιωι
266 1574 301 1602 ιιι
315 1573 524 1609 "nimiumque
538 1573 734 1609 proprietatem
746 1573 857 1602 sentin};
871 1574 978 1602 mnsit,
992 1571 1016 1608 (ξ
1030 1569 1131 1597 sarium
1153 1576 1215 1598 esse
1237 1576 1300 1597 reor
1319 1577 1352 1597 ea
1364 1577 1427 1605 quas
1447 1571 1473 1597 in
1489 1579 1582 1598 eorum
1603 1572 1771 1605 dogmatibus
1785 1580 1834 1600 as-

177 1620 207 1650 βλ
229 1621 314 1655 igitur
335 1620 460 1648 omnibus
482 1627 498 1647 e
524 1623 597 1647 terra
614 1618 780 1655 germinibus
798 1619 982 1647 communiter

176 1666 278 1694 humor
292 1665 446 1701 exponitur,
457 1668 485 1693 et
495 1664 705 1700 unumquodque
719 1672 769 1701 per
778 1672 840 1693 cum
852 1665 980 1698 nutritur,

179 1711 296 1747 etquod
316 1711 368 1740 sibi
388 1712 527 1747 competit,
547 1712 581 1739 ad
593 1711 702 1748 propria
715 1712 799 1739 trahit
822 1715 980 1746 augmenta,

178 1760 243 1794 quid
253 1758 351 1787 novum
357 1759 381 1787 si
386 1763 413 1786 et
419 1759 445 1786 in
451 1759 623 1794 reparatione
630 1762 728 1786 nostra:
735 1759 914 1794 reparationis
921 1758 980 1794 (sic)

180 1807 233 1833 hoc
248 1805 308 1838 ttat,
328 1812 390 1832 eum
412 1812 428 1831 a
449 1804 561 1840 singulis
580 1805 783 1839 resurgentibus
805 1804 833 1832 id
847 1803 921 1839 quod
940 1808 983 1832 est

176 1850 329 1886 proprium,
343 1850 412 1877 sicut
426 1849 453 1877 in
467 1849 615 1877 seminibus
630 1849 737 1883 accidit,
750 1850 917 1878 attrahatur?
928 1849 980 1885 lgi-

181 1899 226 1923 tur
237 1902 273 1923 ex
286 1895 412 1923 omnibus
426 1895 554 1931 possibile
569 1899 610 1922 est
622 1895 760 1923 addiscere
778 1895 844 1923 nihil
858 1900 934 1923 extra
948 1903 981 1923 ea

174 1948 242 1977 quae
255 1941 334 1969 nobis
346 1941 515 1976 experientia
529 1942 587 1976 ipsa
602 1945 747 1969 nota-sunt
761 1942 980 1977 praedicationem

175 1987 390 2015 [resurrectionis
402 1987 530 2015 existere.
545 1986 580 2014 Et
592 1987 701 2021 quidem
715 1986 749 2015 de
762 1988 805 2015 his
814 1995 874 2022 quas
889 1993 980 2015 nostra

180 2035 260 2064 sunt,
275 2031 302 2059 id
318 2033 391 2066 quod
405 2036 447 2059 est
468 2032 638 2060 notissimum
653 2033 761 2060 silentio
782 2041 851 2068 pene
867 2034 980 2061 transie-

180 2084 240 2107 ram
249 2098 257 2112 ,
273 2078 362 2113 ipsum
376 2077 436 2105 dico
450 2081 549 2105 nostra:
567 2076 736 2105 formationis
751 2078 900 2106 exordium.
915 2078 981 2111 Quis

181 2126 254 2153 enim
275 2125 379 2153 nesciat
391 2124 588 2152 miriﬂeentiam
603 2129 721 2159 natum,
746 2129 775 2152 et
787 2125 851 2160 quid
865 2126 982 2160 accipiat

179 2174 302 2201 materna
313 2171 403 2205 vulva,
414 2170 512 2205 quidve
523 2169 660 2205 perﬁciat?
670 2169 767 2199 Cernis
776 2178 858 2206 quam
866 2171 981 2206 simplex

179 2215 380 2250 quodammodo
395 2221 437 2244 est
451 2222 477 2244 ct
497 2217 625 2251 exiguum
645 2216 717 2251 quod
732 2217 880 2245 visceribus
893 2218 921 2245 in
934 2225 981 2245 oc-

175 2262 319 2290 casionem
342 2262 541 2290 constitutionis
564 2263 649 2290 nostri
672 2263 796 2298 corporis
818 2263 975 2298 deponitur;
994 2270 1017 2302 ο

178 2310 339 2338 varietatem
354 2317 419 2338 vero
434 2309 559 2345 perfectae
571 2309 729 2337 substantiae
741 2310 800 2344 quis
814 2310 914 2345 poterit
927 2317 976 2337 ex-

178 2356 281 2392 plicare
294 2356 438 2383 sermone?
460 2355 527 2388 Quis
539 2358 630 2382 autem
645 2359 747 2382 natura:
761 2356 913 2383 communis
927 2356 977 2383 hu-

177 2402 326 2438 juscemodi
338 2409 407 2437 opus
418 2409 478 2430 esse
492 2408 674 2436 cognoscens,
692 2409 745 2430 non
761 2402 889 2438 possibile
898 2406 976 2437 putet

170 2456 238 2477 esse
258 2447 332 2483 quod
344 2447 464 2481 geritur?
483 2446 561 2480 Quod
580 2447 602 2475 si
627 2446 692 2474 illud
714 2454 838 2482 parvum,
854 2452 882 2474 et
902 2448 975 2483 quod

169 2501 248 2529 .pene
262 2500 312 2528 pro
333 2493 417 2520 nihilo
428 2492 545 2526 ducitur,
561 2492 641 2526 hujus
662 2497 744 2520 tantm
759 2493 798 2520 rei
814 2492 975 2528 principium

177 2545 238 2566 esse
249 2543 385 2572 noscatur,
402 2545 527 2571 magnum
538 2542 628 2566 autem
640 2538 702 2566 dico
713 2546 766 2566 non
777 2539 864 2566 solum
875 2539 908 2565 ad
921 2539 976 2566 for-

177 2586 325 2613 mationem
353 2585 501 2620 respiciens
525 2585 662 2620 corporis,
686 2584 734 2612 sed
760 2585 834 2620 prius
858 2585 975 2612 animam

178 2633 264 2668 ipsam
275 2640 385 2667 prorsus
397 2632 574 2660 admiratiOne
585 2632 692 2666 dignam
708 2639 768 2660 esse
778 2631 935 2667 pronuntio,
948 2635 975 2659 et

177 2686 210 2707 ea
224 2685 287 2713 quae
297 2676 367 2705 circa
381 2677 465 2712 ipsam
480 2681 600 2705 mentem
614 2682 770 2708 cernuntur.

460 2732 574 2762 CAPUT
593 2732 689 2760 XXIX.

176 2777 275 2808 Contra
288 2785 332 2806 eos
341 2776 384 2814 qui
393 2777 482 2805 dicunt
494 2783 596 2806 exuere
609 2779 712 2805 animus
723 2781 784 2805 ante
794 2786 904 2813 corpora
915 2786 974 2810 sua,

212 2815 251 2842 uel
264 2814 410 2841 econtrurio
423 2818 483 2840 ante
496 2814 598 2849 animos
612 2821 725 2849 corpora»
736 2814 860 2849 formari,
881 2814 909 2840 in
923 2822 974 2849 quo

213 2849 337 2887 quaedam.
346 2848 465 2885 fabulosa
480 2849 567 2884 opinio
581 2848 612 2875 de
627 2847 773 2876 animabus.

169 2890 175 2902 ¹’
214 2895 283 2926 Puto
297 2902 413 2932 namque
426 2899 503 2924 extra
525 2895 693 2931 propositum
716 2903 775 2925 esse
795 2895 937 2933 negotium
948 2899 978 2923 ut

1032 1617 1160 1641 seruntur
1187 1614 1356 1648 aliquatenus
1386 1615 1541 1651 explorare.
1568 1616 1635 1644 Nam
1657 1617 1684 1644 si
1710 1617 1836 1646 volumus

1032 1663 1209 1694 utrorumque
1221 1659 1377 1694 diligentius
1389 1661 1551 1696 investigare
1565 1670 1717 1695 sermones,
1732 1667 1756 1690 et
1770 1664 1835 1690 uni-

1033 1712 1125 1732 versas
1140 1705 1254 1740 ineptias
1268 1705 1423 1740 patefacere
1442 1714 1501 1741 quae
1518 1708 1639 1743 ipsorum
1660 1709 1836 1744 opinionibus

1032 1751 1180 1786 probantur
1195 1758 1317 1783 annexa),
1333 1751 1421 1787 spatio
1435 1752 1507 1787 longi
1529 1753 1658 1788 temporis
1670 1754 1835 1788 indigemus.

1032 1801 1061 1824 et
1071 1796 1131 1824 ideo
1143 1797 1244 1832 paucis,
1260 1799 1328 1825 sicut
1338 1802 1378 1825 est
1389 1798 1526 1833 possibile,
1541 1806 1572 1825 ca
1587 1806 1646 1833 qua:
1658 1799 1691 1826 ab
1706 1799 1745 1827 eis
1758 1799 1835 1827 dicta

1033 1846 1096 1869 sunt
1111 1842 1256 1875 intuentes,
1268 1849 1300 1869 ea
1310 1843 1433 1870 refellere
1447 1850 1500 1870 non
1513 1851 1658 1871 moremur.
1673 1843 1723 1877 Qui
1737 1844 1835 1879 prima:

1033 1887 1192 1923 professioni
1219 1888 1397 1922 patrocinium
1423 1892 1567 1922 prmstant,
1597 1894 1625 1917 et
1651 1890 1836 1923 antiquiorem

1032 1934 1182 1961 animarum
1201 1935 1434 1961 conversationem
1454 1940 1564 1969 propter
1585 1936 1653 1962 hanc
1674 1936 1753 1962 vitain
1768 1944 1833 1962 cor-

1032 1980 1107 2015 poris
1125 1983 1264 2013 asserunt,
1278 1988 1333 2007 non
1347 1979 1413 2007 mihi
1428 1980 1551 2007 videntur
1565 1982 1703 2015 gentilium
1717 1981 1834 2015 dogma-

1033 2031 1089 2054 tum
1102 2027 1238 2054 erroribus
1249 2034 1353 2061 carere,
1366 2027 1411 2062 qui
1427 2027 1508 2054 multa
1521 2027 1553 2054 de
1566 2028 1714 2054 animarum
1731 2028 1755 2054 in
1769 2036 1833 2055 cor-

1033 2080 1099 2108 pora
1124 2072 1361 2101 tmnsfom‘iatione
1385 2072 1504 2099 fabulosa
1536 2073 1680 2100 tinxerunt.
1708 2072 1779 2105 Quos
1809 2074 1833 2100 si

1032 2119 1093 2152 quis
1112 2117 1254 2153 diligenter
1274 2118 1421 2150 examinet,
1438 2118 1471 2145 ad
1487 2118 1539 2145 hoc
1553 2118 1715 2145 assertiones
1734 2126 1834 2145 eorum

1032 2163 1143 2199 perduci
1165 2163 1222 2199 ipsa
1247 2163 1409 2191 necessitate
1430 2162 1623 2198 deprehendet.
1640 2162 1717 2197 Quod
1737 2167 1833 2190 autem

1032 2209 1175 2244 quemdam
1190 2209 1314 2237 retulisse
1326 2209 1373 2243 qui
1395 2208 1466 2244 apud
1488 2216 1536 2237 eos
1548 2209 1656 2244 sapiens
1670 2216 1730 2236 esse
1749 2213 1833 2244 puta-

1033 2256 1122 2287 batur,
1145 2255 1217 2290 quod
1239 2260 1267 2283 et
1280 2255 1321 2282 vir
1335 2255 1414 2282 fuerit
1428 2259 1456 2282 et
1470 2254 1585 2287 femina,
1600 2254 1697 2282 deinde
1711 2255 1738 2281 in
1753 2254 1834 2281 volu-

1031 2309 1091 2329 cres
1101 2302 1263 2334 evolaverit;
1274 2301 1393 2335 itemque
1404 2299 1474 2342 idem
1490 2300 1621 2328 interdum
1632 2292 1789 2331 etilornerit.
1803 2305 1832 2328 ct

1030 2347 1064 2374 ad
1082 2352 1248 2383 postremum
1263 2347 1345 2374 vitam
1360 2347 1395 2374 sit
1419 2346 1445 2374 in
1470 2347 1611 2375 humorem
1630 2347 1756 2379 sortitus,
1778 2354 1833 2374 nec

1029 2394 1125 2428 procul
1144 2393 1226 2420 distat
1247 2400 1262 2419 a
1278 2399 1353 2425 vero,
1377 2396 1406 2420 et
1420 2392 1527 2427 quidem
1539 2392 1616 2428 juxta
1627 2392 1756 2427 judicium
1770 2392 1833 2426 ejus

1029 2446 1109 2474 quem
1127 2439 1189 2465 talia
1209 2437 1330 2474 proferre
1344 2446 1397 2466 non
1412 2438 1516 2473 puduit.
1529 2437 1599 2466 Vere
1620 2445 1735 2472 natuquc
1749 2445 1833 2465 rana-

1030 2492 1089 2511 rum
1110 2490 1308 2518 corvoruanuc
1321 2484 1524 2518 garrulitatibus
1545 2488 1573 2511 et
1594 2483 1833 2511 irrationabilitatc

1031 2529 1154 2564 piscium,
1169 2532 1197 2556 et
1211 2528 1339 2556 arborum
1351 2529 1556 2556 insensibilitate
1570 2527 1649 2564 digna
1664 2528 1722 2556 tunc
1732 2536 1832 2556 eorum

1029 2573 1155 2609 dogmata
1176 2574 1396 2610 comprobantur,
1412 2581 1471 2609 qua:
1487 2582 1567 2601 unam
1581 2575 1697 2602 animatn
1720 2582 1768 2609 per
1790 2578 1833 2602 tot

1029 2628 1073 2647 res
1088 2620 1250 2655 pertran-ire
1264 2620 1435 2647 continnant.
1457 2619 1567 2655 ineptia:
1581 2619 1660 2655 hujus
1675 2620 1732 2647 hinc
1746 2627 1832 2651 (causa

1030 2670 1082 2700 est,
1097 2666 1169 2701 quod
1183 2669 1247 2693 ante
1260 2665 1407 2693 subsistere
1421 2665 1525 2692 animas
1537 2666 1709 2693 arbitrantur.
1722 2664 1831 2693 Conse-

1029 2715 1144 2747 quenter
1162 2712 1233 2738 enim
1254 2711 1413 2747 principium
1435 2711 1567 2746 dogmatis
1587 2719 1682 2739 eorum
1703 2711 1730 2738 in
1751 2715 1832 2738 ante-

1029 2760 1101 2787 riora
1117 2758 1231 2786 tendens
1243 2765 1276 2786 ac
1290 2765 1467 2794 promovens,
1484 2765 1569 2793 usque
1583 2758 1617 2785 ad
1631 2757 1689 2785 hmo
1707 2761 1830 2784 monstra

1027 2805 1172 2839 delabitur.
1189 2804 1218 2832 Si
1237 2804 1308 2832 enim
1330 2808 1440 2840 propter
1461 2804 1591 2831 malitiam
1613 2804 1730 2838 aliquam
1752 2810 1767 2830 a
1782 2810 1830 2831 su-

1029 2850 1153 2878 blimiore
1167 2854 1239 2878 statu
1250 2850 1379 2878 decidens
1391 2849 1490 2883 anima,
1506 2849 1576 2877 sicut
1586 2853 1724 2880 asserunt.
1740 2848 1828 2876 eﬂici-

1030 2899 1074 2925 tur
1088 2895 1186 2932 homo,
1201 2896 1324 2925 vitiosior
1338 2898 1429 2924 autem
1451 2893 1573 2931 profecto
1594 2898 1635 2923 est
1656 2893 1829 2923 conversatio
