1969 3098
147 138 202 165 397

147 194 298 230 enimn-alis
311 202 391 230 quam
414 193 459 221 illa
472 192 676 225 itttelltctualis,
702 190 850 219 necessitas
863 187 952 216 omnis

147 245 200 275 est,
215 249 276 269 eam
291 241 318 268 in
333 240 379 268 tali
391 240 444 267 vita
459 239 590 275 positam,
611 238 638 266 in
652 246 705 272 qua
718 237 811 273 plures
825 235 948 263 occasio-

149 294 197 315 nes
211 286 340 321 peccandi
351 286 447 313 deesse
459 293 512 312 non
528 284 641 320 pessint,
655 283 828 318 amplioribus
839 281 950 310 malitiis

150 333 219 361 allici
229 352 237 365 ,
248 337 277 360 et
288 332 456 360 vitiosiorem
471 339 553 365 quam
565 334 646 357 antea
659 328 799 357 declarari.
819 326 950 356 Humana:

151 387 214 406 vero
228 379 325 406 anime
336 377 477 409 vitiositas,
490 375 681 404 irrationabilis
690 374 730 403 rei
739 373 886 402 similitudo
896 376 951 406 est,

151 426 193 453 cui
213 423 382 452 familiariter
407 423 535 458 adjuncta
566 422 592 450 itt
621 427 743 450 natumut
767 420 950 455 iumentorum

152 470 352 506 quodammodo
366 469 472 497 recidit.
488 468 578 496 Semel
593 468 665 495 enim
676 474 726 502 per
738 466 868 494 malitiam
888 471 951 500 pro-

153 525 251 554 perans
263 517 346 545 etiam
366 524 428 544 cttnt
447 514 641 543 irmtionabiiis
661 513 758 542 effecta
777 511 872 545 fuerit.
893 515 952 539 tan-

152 572 233 600 quam
247 571 263 591 ι
277 563 409 598 majorum
423 561 608 597 propositione
622 559 739 587 desistit.
755 558 816 587 Mali
837 563 954 592 namque

153 610 233 637 statio
248 609 355 637 virtutis
375 613 417 636 est
437 608 552 639 initium,
563 607 651 634 virtus
662 610 752 634 autem
764 603 953 633 irrationabili-

154 657 203 684 lnts
213 656 287 683 milia
303 660 354 682 est.
368 654 482 690 Semper
496 654 577 688 igitur
589 653 616 681 iit
631 647 708 687 pejus
723 651 779 686 ipsa
792 649 954 678 necessitate

155 701 312 733 mutabitur,
329 701 354 727 itt
371 700 396 727 id
417 699 489 734 quod
503 704 545 727 est
563 697 681 726 deterius
693 696 878 732 abjectiusquc
892 702 957 731 per-

156 748 264 781 liciens.
289 751 317 774 ct
339 747 373 774 ad
396 747 447 774 ltoc
463 746 533 782 quod
549 750 699 772 extremum
724 748 766 771 est
790 742 848 777 jugi
864 747 954 769 muta-

157 794 229 820 tione
246 793 415 828 pertendens.
432 792 507 818 Sicut
527 795 617 817 autent
637 790 801 818 transcendit
816 788 957 817 rationalis

156 845 252 867 natura
265 838 436 871 seruitutem,
450 838 489 865 sic
502 838 537 864 ab
551 837 602 864 hac
623 836 656 863 ad
680 835 861 863 insensibilem
876 840 957 862 casus

156 889 208 913 est.
219 884 272 912 Sed
286 885 415 911 hactenus
426 891 519 910 eorum
532 889 621 910 sermo
632 880 791 917 procedens.
804 879 867 908 licet
877 882 954 907 extra
970 873 994 904 Β

156 931 301 958 veritatem
322 929 432 960 feratur,
457 934 546 955 tanten
568 926 685 962 quatiant
708 924 902 959 consequentia
922 931 957 952 ex

158 977 257 1010 ineptis
272 976 360 1010 inepta
375 974 559 1008 Consequitur.
572 972 640 1000 Iline
649 971 732 1000 etiam
746 978 796 1006 per
809 970 880 997 ineo.
891 975 959 1003 gnta

159 1028 186 1050 et
201 1023 375 1058 itllpﬂrsibiliil
388 1021 535 1047 fabulosum
550 1020 589 1047 eis
608 1019 704 1053 dogma
717 1021 870 1051 generatur,
887 1019 959 1050 quod

160 1069 258 1096 anima:
273 1071 471 1102 consequenter
484 1065 669 1093 omnimodutn
683 1064 849 1090 demonstret
864 1060 960 1089 interie-

161 1121 226 1143 tunt.
240 1116 305 1148 Qua:
317 1115 387 1142 cnittt
400 1113 482 1140 semel
494 1121 508 1139 a
520 1113 627 1140 sublimi
639 1111 845 1140 conversatione
856 1107 961 1141 deﬂuit,

111 1166 116 1170 ”
162 1164 188 1189 itt
206 1163 277 1188 nulla
294 1169 419 1187 mensura
436 1160 543 1186 mulilizu
556 1163 629 1187 stare
640 1159 697 1193 jam
711 1157 821 1193 poterit,
836 1155 884 1183 sed
898 1162 960 1190 pas-

161 1209 266 1236 sionum
283 1207 470 1234 adiectionibus
493 1206 612 1237 irrctita,
630 1211 645 1231 a
659 1203 784 1231 rationali
800 1201 907 1236 quidem
928 1199 962 1231 ad

161 1252 319 1281 irrationale
334 1252 442 1284 transit,
459 1251 492 1278 ab
514 1259 546 1278 eo
559 1258 667 1285 quoque
679 1250 704 1276 in
719 1248 832 1283 virgulta
847 1246 963 1275 insensi~

163 1301 226 1327 bilia
243 1298 450 1326 transferentur.
466 1297 622 1324 Inscnsibile
637 1303 702 1323 vero
718 1299 745 1321 ct
759 1294 882 1321 exanime
897 1299 965 1328 qua-

161 1346 224 1373 dam
242 1345 348 1372 ratione
363 1345 451 1371 vicina
466 1348 542 1377 sunt,
558 1342 682 1370 exanime
697 1346 787 1368 autent
802 1339 924 1374 sequitur
939 1337 965 1365 id

159 1392 234 1426 quod
250 1399 305 1419 non
328 1395 380 1418 est.
403 1391 442 1417 lta
460 1398 569 1427 prorsus
584 1390 634 1416 hac
647 1396 740 1416 eorunt
762 1385 964 1417 conseculione,

159 1438 197 1465 ad
210 1438 235 1464 id
250 1437 322 1473 qttod
338 1445 391 1464 non
415 1437 527 1468 existet,
552 1436 641 1463 anima
656 1434 815 1465 resolvetur,
836 1432 899 1467 quia
917 1431 968 1459 im-

160 1484 300 1519 possibilis
314 1487 373 1510 crat
388 1482 412 1509 ei
437 1490 484 1517 per
499 1481 687 1509 necessitatem
702 1479 737 1506 ad
752 1478 865 1506 meliora
881 1480 969 1504 trans-

161 1536 272 1563 gressus
287 1538 293 1555 :
311 1529 357 1556 sed
382 1528 453 1554 cnint
469 1526 602 1554 seducunt
618 1525 735 1553 animam
750 1531 784 1552 ex
803 1522 919 1551 dumetis
934 1521 968 1548 ad

163 1575 320 1607 hominem;
337 1581 401 1608 ergo
414 1572 627 1608 prxstantiorcnt
644 1571 726 1598 vitam
739 1577 801 1605 qua:
814 1569 840 1597 in
853 1567 970 1597 dumetis

163 1625 206 1648 cst
221 1620 332 1647 modum
357 1618 571 1647 conversationis
594 1617 760 1653 incorporea!
784 1623 833 1652 per
853 1614 905 1642 ista
923 1614 971 1642 de-

165 1669 331 1694 monstrant.
348 1665 490 1693 Ostensnm
513 1668 553 1692 est
580 1671 714 1698 namque,
734 1661 808 1698 quod
827 1668 970 1696 processus

165 1714 265 1741 anima:
282 1713 392 1740 nitentis
408 1711 441 1738 ad
457 1711 538 1744 ntala,
554 1714 753 1744 consequenter
765 1707 926 1736 devolvatur
938 1706 972 1734 ad

165 1760 274 1792 intima,
293 1758 457 1793 inferior-quc
471 1758 506 1785 sit
527 1757 658 1784 exanimis
672 1759 768 1783 natura
783 1760 864 1789 quam
880 1753 971 1781 tuseu--

166 1805 263 1837 sibilis,
276 1805 308 1832 ad
319 1812 398 1840 quattt
410 1804 609 1832 extremitatem
618 1802 722 1829 initium
734 1800 867 1835 dogmatis
876 1805 972 1827 eorum

167 1852 290 1879 animam
306 1855 504 1885 consequenter
519 1849 638 1877 adducit.
654 1847 708 1875 Sed
723 1847 786 1881 quia
803 1846 854 1874 hoc
872 1845 909 1873 illi
924 1852 973 1872 no-

167 1898 239 1931 lunt,
253 1902 298 1925 aut
310 1898 379 1925 intra
393 1897 527 1924 sensibilia
542 1894 706 1924 concludunt
717 1894 845 1926 animattt,
861 1898 973 1920 necesse

169 1948 228 1978 est,
245 1950 290 1971 aut
305 1945 327 1971 si
342 1944 404 1971 hinc
427 1951 458 1970 ea
480 1949 572 1970 rursus
596 1940 629 1968 ad
654 1939 800 1968 humanum
824 1938 973 1965 reducunt;

170 1991 324 2022 meliorem,
339 1990 408 2017 sicut
422 1989 523 2016 dictum
538 1992 594 2020 est,
608 1987 724 2021 ligneam
739 1985 821 2012 vitam
837 1982 929 2020 prima:
943 1982 975 2010 il-

171 2038 225 2067 lius
239 2034 414 2065 institutionis
440 2033 561 2066 ostendi,
582 2031 801 2068 quandoquidem
825 2029 923 2058 exinde
941 2028 974 2056 ad

174 2084 303 2113 malitiam
319 2083 386 2109 facta
403 2082 479 2109 ruina
495 2081 538 2108 sit.
551 2079 620 2107 lline
635 2082 724 2106 autern
739 2076 771 2104 ad
784 2076 911 2103 virtutem
927 2074 975 2102 tri-

174 2132 308 2167 buebatur
320 2136 458 2155 excursus.
475 2126 555 2161 Igitur
570 2125 627 2153 sine
642 2124 729 2159 capite
744 2127 771 2150 et
782 2122 840 2149 sine
856 2120 908 2148 line
918 2121 976 2148 inec

175 2174 289 2203 assertio
305 2182 364 2201 esse
379 2172 556 2203 convincitur,
572 2177 633 2206 qum
647 2169 751 2197 animas
769 2167 841 2204 apud
855 2174 884 2194 sc
900 2166 975 2201 prius

174 2225 274 2257 punior
288 2219 369 2247 vitam
385 2217 475 2246 carnis
496 2216 592 2245 astruit
606 2216 711 2249 vivere,
728 2218 755 2242 et
770 2218 880 2249 propter
895 2212 972 2239 mali-

176 2269 241 2295 tiam
263 2266 423 2302 corporibus
440 2264 563 2300 obligari.
583 2262 680 2290 Eorum
696 2270 761 2289 vero
779 2261 825 2296 qui
838 2260 973 2293 juniorent

175 2320 291 2345 Corpore
305 2312 422 2339 animam
437 2318 497 2338 esse
518 2308 699 2342 contendunt,
716 2307 869 2334 destruetur
884 2306 977 2333 il-cott-

176 2359 292 2392 stantia,
307 2366 356 2394 per
376 2365 407 2385 ea
422 2364 481 2394 qua:
497 2357 522 2383 in
545 2354 771 2390 consequentibus
795 2356 977 2389 exponuntur.

177 2405 348 2441 Quapropter
363 2411 395 2430 ea
417 2401 561 2437 rejicienda
584 2406 624 2430 est
645 2400 714 2427 ratio
737 2406 796 2434 quae
811 2399 845 2426 ab
861 2397 979 2433 utrisque

179 2449 309 2490 defertur,
325 2457 373 2486 per
388 2448 503 2477 medium
521 2456 586 2475 vero
601 2446 756 2482 opinionum:
779 2454 839 2473 reor
853 2448 979 2480 oportere

179 2498 277 2532 dogma
294 2501 414 2524 nostrum
429 2494 455 2522 in
478 2495 591 2522 veritate
612 2493 738 2528 dirigere.
756 2492 803 2520 Est
824 2497 913 2519 autem
929 2492 980 2518 hoc

180 2544 251 2579 quod
267 2551 318 2571 nec
331 2543 407 2577 juxta
431 2541 570 2576 gentilium
593 2540 776 2568 seductionem
801 2539 901 2566 malitia
916 2545 982 2573 qna-

181 2590 242 2617 dant
258 2590 401 2625 depressas
417 2588 520 2615 animas
543 2587 693 2622 opinamur,
717 2594 784 2622 quas
805 2586 841 2613 illi
857 2584 928 2621 quod
948 2584 981 2612 ad

182 2636 344 2664 rotationem
355 2635 436 2663 totius
443 2634 507 2670 poli,
515 2642 575 2669 qua:
584 2633 664 2661 nimia
675 2633 818 2660 velocitate
829 2631 922 2662 fct'lut',
936 2638 984 2666 per

183 2682 396 2712 intbcciilitatent
408 2689 570 2709 concurrere
579 2684 722 2715 nequeant,
734 2680 769 2707 ob
781 2680 832 2706 hoc
845 2678 870 2705 in
884 2682 982 2704 terram

185 2727 488 2763 rccidereprolitentur;
499 2735 548 2754 nec
555 2735 646 2754 rursus
653 2726 789 2754 hominem
797 2725 870 2752 velut
880 2724 983 2751 instan-

187 2776 249 2803 tiam
261 2774 376 2810 quadam
389 2773 492 2801 ratione
503 2778 565 2800 ante
576 2772 715 2802 forntantis
725 2771 795 2808 (sic),
807 2771 830 2798 ei
842 2774 985 2806 proptr-rea

186 2822 301 2850 dicimus
314 2821 429 2847 animant
444 2819 626 2853 commodari;
641 2818 759 2853 alioquin
771 2817 929 2846 institutimxi
944 2817 985 2844 lu-

189 2873 238 2898 tea:
251 2871 348 2896 natura
363 2866 535 2900 intelligibilis
551 2865 662 2894 inferior
675 2871 735 2892 csse
748 2864 951 2892 monstrabitur.

556 134 643 176 munt
665 133 707 162 ιιε.
729 131 924 162 ειιΕΑτιοΝΕ
942 130 1083 160 ιιοδιιΜε
1104 127 1390 158 ΙΝΤΕΠΡΒΕΤΑΤΙΟ.

1753 127 1770 151 3

967 186 990 216 Α
1296 183 1409 212 CAPUT
1431 182 1512 210 XXX.

999 244 1114 271 Αιεενιὶο
1130 242 1201 278 quod
1214 250 1265 278 uno
1281 241 1420 278 eademque
1442 241 1537 278 mliti“:
1549 245 1574 266 ct
1594 239 1709 275 corporis
1723 245 1770 266 catt

1212 277 1368 307 subsistendi
1382 284 1438 304 esse
1453 276 1578 303 videatur.

1037 345 1091 373 Sed
1113 352 1173 373 cum
1188 344 1224 372 sit
1241 351 1309 371 unus
1325 343 1416 375 ltonto,
1437 342 1482 377 qui
1496 350 1529 370 cx
1551 341 1640 369 anima
1653 345 1761 370 constat
1775 347 1804 369 et

1002 398 1133 426 corpore,
1148 398 1230 417 unttnt
1251 389 1275 418 ei
1296 393 1324 417 et
1335 395 1478 416 commune
1498 387 1562 415 dare
1575 390 1683 423 oportet
1696 386 1805 414 institu-

1002 438 1084 466 tionis
1099 437 1256 471 exordium,
1278 443 1313 463 ne
1326 435 1377 463 sibi
1401 435 1459 472 ipse
1483 434 1602 462 attterior
1616 433 1804 470 posteriorque

1003 483 1136 514 videatur.
1150 487 1180 510 ut
1193 481 1315 517 corporis
1327 482 1352 509 in
1364 488 1397 508 eo
1408 480 1526 509 cottditio
1537 481 1632 515 prima,
1648 484 1675 508 et
1686 480 1804 507 secundt

1003 531 1110 555 constet
1130 527 1250 554 alterius.
1270 525 1302 553 Et
1317 526 1343 553 in
1358 525 1501 560 pnesentia
1515 524 1623 559 quidem
1638 524 1734 552 divina:
1750 525 1806 552 vir-

1004 572 1070 600 tutis
1087 571 1166 607 juxta
1187 571 1320 599 rationem
1345 570 1425 606 paulo
1448 574 1511 597 ante
1530 569 1676 604 digestum,
1697 575 1805 596 omnem

1004 617 1199 654 plenitudinem
1226 617 1351 644 humana:
1378 614 1541 643 conditionis
1568 617 1632 642 ante
1659 614 1807 642 subsistere

1005 662 1173 698 proﬁtemur,
1190 659 1351 690 testiﬁcante
1374 660 1492 688 nobisin
1513 660 1566 688 hoc
1588 659 1735 696 propheta,
1761 660 1807 695 qui

1006 706 1083 741 dicit,
1097 714 1178 735 nosse
1192 706 1336 735 Dominum
1351 706 1442 734 omnia
1458 709 1603 740 antequam
1619 704 1693 732 liant.
1709 703 1737 732 ln
1752 705 1809 733 sin-

1006 753 1129 788 gulorum
1145 760 1210 781 vero
1229 751 1444 780 conformatione
1458 751 1617 778 alterutrum
1639 759 1693 778 non
1714 751 1809 786 pnefca

1007 800 1091 827 rimus
1101 798 1189 832 alteri,
1205 805 1255 826 nec
1268 802 1331 825 ante
1344 804 1443 832 corpus
1454 797 1582 831 animam,
1593 803 1644 824 nec
1656 796 1809 824 econtrario

1007 845 1132 878 dicimus,
1149 851 1183 873 ne
1197 843 1300 872 divisus
1310 844 1392 871 homo
1400 842 1479 878 juxta
1490 841 1669 871 differentiam
1681 841 1811 878 temporis

1008 891 1033 918 in
1048 890 1194 926 semetipso
1209 889 1339 917 discedat.
1360 888 1428 916 Nam
1447 895 1509 916 cum
1527 888 1627 924 duplex
1645 887 1811 923 intelligatur

1007 941 1099 965 nostra
1111 940 1207 963 natura
1222 935 1371 964 secundum
1384 933 1535 962 doctrinam
1550 933 1683 969 Apostoli,
1698 933 1812 961 visibilis

1008 983 1112 1011 scilicet
1121 981 1239 1010 hominis
1253 986 1280 1008 et
1295 980 1413 1012 latentis,
1429 979 1451 1008 si
1465 979 1536 1007 aliud
1547 979 1655 1015 quidem
1670 984 1733 1007 ante
1747 980 1811 1008 sub-

1009 1028 1098 1058 sistat,
1114 1026 1186 1054 aliud
1200 1030 1291 1054 autem
1306 1029 1369 1061 post
1381 1025 1563 1060 superveniat,
1580 1024 1736 1060 imperfecta
1751 1026 1813 1060 qui—

1010 1071 1071 1100 dem
1086 1072 1172 1100 virtus
1187 1070 1322 1099 videbitur
1334 1070 1493 1102 conditoris.
1508 1077 1568 1105 qua:
1580 1078 1634 1097 non
1645 1070 1723 1098 simul
1738 1074 1814 1097 utro-

1011 1118 1093 1154 hique
1106 1117 1240 1149 sufilciat,
1256 1115 1305 1144 sed
1319 1116 1406 1144 diviso
1419 1122 1503 1152 opere
1517 1123 1639 1143 seorsum
1654 1114 1680 1143 in
1696 1115 1814 1150 singulo-

1012 1172 1072 1193 rum
1087 1162 1276 1193 modietatibus
1286 1166 1443 1198 occupetur.
1459 1162 1691 1196 Quemadmodum
1707 1167 1772 1197 vero
1786 1162 1813 1189 in

1013 1210 1104 1239 tritico
1118 1213 1166 1238 aut
1188 1209 1215 1237 in
1230 1209 1283 1237 alio
1297 1208 1419 1244 quolibet
1442 1208 1545 1240 semine
1559 1212 1683 1236 cunctam
1697 1208 1815 1244 speciem

1014 1258 1089 1293 spica
1103 1257 1225 1285 videmus
1244 1255 1360 1294 quatiant
1373 1254 1493 1293 potentia
1508 1246 1747 1291 comprehensam,
1763 1255 1816 1285 hoc

1015 1307 1056 1331 est
1070 1302 1171 1334 fenum,
1190 1301 1330 1335 culusunt,
1346 1300 1513 1334 internodia,
1530 1308 1634 1328 necnon
1648 1300 1761 1328 fructum
1773 1305 1817 1328 at-

1016 1355 1069 1384 que
1083 1347 1191 1382 aristas,
1207 1351 1235 1375 et
1245 1346 1311 1374 nihil
1325 1353 1419 1377 eorum
1432 1350 1495 1374 ante
1508 1346 1656 1374 subsistere
1670 1346 1697 1374 in
1716 1350 1818 1375 natur-ut
1860 1357 1862 1362 κ

1018 1392 1122 1421 ratiOne
1131 1412 1139 1427 ,
1153 1397 1200 1420 aut
1209 1396 1280 1428 post
1296 1391 1420 1420 accidere
1440 1391 1567 1430 dicimus,
1582 1392 1630 1420 sed
1644 1391 1751 1421 insitam
1763 1391 1818 1420 vim

1018 1439 1114 1470 semini
1132 1438 1249 1474 quodam
1262 1438 1377 1470 naturali
1392 1438 1483 1466 omine
1500 1438 1651 1473 declarari,
1667 1446 1717 1467 nec
1738 1439 1818 1466 aliaat

1020 1485 1045 1514 ei
1057 1485 1230 1521 superinduci
1244 1488 1368 1515 naturam
1384 1493 1391 1511 :
1405 1484 1482 1520 juxta
1496 1484 1566 1522 hanc
1581 1485 1714 1515 rationem
1729 1490 1757 1514 et
1770 1485 1819 1513 ltu-

1022 1531 1095 1559 mani
1114 1537 1223 1559 causam
1244 1529 1353 1567 seminis
1375 1530 1518 1565 opinamur
1539 1530 1673 1564 existere,
1698 1531 1770 1567 quod
1794 1532 1819 1559 in

1023 1577 1109 1615 prima
1127 1575 1327 1605 constitutionis
1345 1575 1489 1607 occasione
1509 1582 1597 1604 satum
1618 1576 1727 1612 quidem
1742 1577 1820 1605 simul

1023 1627 1080 1657 cst,
1092 1621 1168 1658 juxta
1182 1626 1284 1650 natura;
1305 1621 1463 1656 potentiam,
1480 1620 1600 1649 tenditur
1614 1628 1678 1649 vero
1691 1625 1719 1649 et
1732 1622 1821 1649 decla-

1023 1675 1098 1699 ratur
1112 1668 1226 1708 quadnm
1241 1667 1434 1702 consequentia
1448 1667 1575 1700 naturali,
1590 1666 1623 1695 ad
1635 1666 1662 1694 id
1674 1667 1744 1702 quod
1759 1675 1822 1703 prr-

1023 1715 1121 1743 fcetum
1136 1718 1178 1742 est
1199 1721 1379 1750 promovcns,
1405 1720 1456 1742 nec
1476 1712 1577 1748 aliquid
1600 1713 1768 1740 extrinseius
1789 1714 1822 1740 ad

1024 1760 1194 1788 occasionem
1216 1767 1271 1787 sua:
1286 1758 1457 1795 perfectionis
1470 1766 1620 1786 assumens.
1643 1758 1822 1793 Setttcti_;stnn

1024 1813 1140 1840 namque
1155 1805 1188 1832 ad
1203 1805 1228 1833 id
1242 1804 1314 1840 quod
1329 1804 1476 1840 perfectum
1504 1809 1546 1831 est
1566 1808 1762 1838 consequenter
1776 1812 1824 1831 cx-

1025 1852 1124 1886 tcndit,
1140 1852 1176 1879 ita
1191 1855 1220 1879 ut
1232 1859 1283 1879 nec
1302 1855 1365 1878 ante
1379 1858 1478 1886 corpus
1498 1851 1632 1884 animam,
1650 1858 1698 1878 nec
1714 1854 1824 1886 propter

1025 1899 1142 1926 anintam
1157 1899 1303 1927 subsistere
1317 1905 1415 1932 corpus
1435 1896 1562 1924 aflirmari
1578 1897 1710 1924 veraciter
1725 1905 1759 1931 po
1775 1896 1806 1922 si:
1816 1913 1824 1926 ,

1024 1945 1072 1973 scd
1084 1949 1171 1972 uti-unt
1183 1945 1218 1972 sit
1229 1944 1313 1973 utrius
1323 1943 1484 1979 principium
1494 1944 1569 1977 juxta
1582 1943 1703 1970 altiorem
1716 1941 1824 1977 quidem

1025 1991 1158 2018 rationem
1181 1990 1206 2017 in
1231 1989 1316 2025 prima
1331 1988 1470 2015 voluntate
1492 1986 1539 2015 Dei
1563 1987 1734 2023 dispositum,
1748 1986 1824 2022 juxta

1026 2037 1140 2064 alterum
1162 2042 1228 2062 vero
1254 2034 1280 2062 itt
1306 2034 1488 2070 generationis
1512 2033 1699 2061 occasionibus
1720 2033 1825 2060 institu-

1027 2088 1091 2112 tum.
1108 2083 1184 2111 Sicut
1204 2083 1275 2110 cnint
1300 2091 1353 2110 non
1373 2086 1463 2118 potest
1485 2081 1666 2110 membrorum
1689 2081 1826 2119 distinctio

1026 2134 1088 2156 ante
1109 2128 1297 2156 formationem
1319 2127 1391 2156 ineo
1410 2127 1482 2163 quod
1498 2128 1530 2154 ad
1544 2128 1749 2162 conceptionem
1765 2135 1826 2154 cor-

1027 2177 1101 2213 poris
1122 2176 1221 2211 iacitur
1249 2175 1359 2211 inspici,
1384 2175 1420 2202 ita
1451 2182 1502 2203 nec
1528 2174 1625 2202 anima:
1648 2174 1827 2209 contemplari

1028 2222 1208 2257 proprietates
1224 2221 1249 2248 in
1265 2229 1297 2248 eo
1314 2220 1440 2256 possibile
1454 2224 1504 2252 est,
1521 2220 1676 2255 priusquam
1689 2224 1788 2247 exeant
1802 2220 1828 2247 iu

1030 2267 1194 2303 opct-atiOnis
1209 2266 1336 2300 effectus;
1352 2269 1379 2294 et
1389 2266 1459 2293 sicut
1474 2265 1562 2294 nullus
1574 2266 1685 2301 ambigit
1699 2265 1725 2293 in
1739 2273 1829 2294 mem-

1032 2313 1141 2340 brorum
1157 2316 1184 2340 et
1198 2312 1329 2340 viscerum
1344 2311 1501 2339 dill‘crcntiis
1515 2312 1578 2339 illud
1599 2312 1671 2347 quod
1689 2315 1732 2340 est
1744 2311 1832 2346 depo-

1032 2359 1127 2391 situttt,
1144 2358 1249 2392 ﬁgurari
1264 2366 1317 2385 nott
1338 2357 1387 2384 alia
1403 2357 1518 2393 quadam
1538 2357 1705 2385 subintrante
1719 2357 1831 2385 virtute.

1032 2405 1079 2433 sed
1094 2413 1125 2432 ca
1145 2412 1205 2440 qum
1219 2404 1318 2432 inserta
1340 2407 1441 2430 natura:
1453 2407 1494 2430 est
1507 2403 1541 2431 ad
1562 2404 1630 2431 hanc
1645 2403 1830 2438 operationem

1033 2458 1094 2478 sese
1107 2450 1206 2477 virtute
1227 2449 1381 2484 ingerente.
1395 2448 1433 2475 sic
1453 2453 1480 2475 ct
1494 2448 1528 2476 de
1548 2448 1642 2475 aninnc
1657 2447 1803 2483 proportio.
1816 2455 1832 2474 e

1035 2496 1167 2525 rationale
1182 2496 1286 2523 ratione
1299 2495 1423 2523 similiter
1436 2495 1609 2527 arbitrantur,
1624 2494 1685 2529 quia
1698 2494 1749 2521 etsi
1763 2503 1832 2521 non-

1035 2543 1098 2570 dunt
1126 2550 1174 2578 per
1196 2541 1300 2576 aliquas
1326 2540 1443 2568 visibiles
1466 2539 1639 2574 opcrationcs
1666 2538 1831 2574 agnoscitur,

1035 2588 1101 2616 nihil
1119 2592 1207 2616 tatncn
1220 2587 1246 2614 in
1261 2595 1293 2614 eo
1305 2587 1383 2614 unius
1398 2586 1435 2613 rei
1449 2586 1566 2613 existere
1579 2584 1741 2620 pert‘idctur.
1756 2585 1833 2618 Nam,

1036 2634 1106 2662 sicut
1119 2633 1223 2671 species
1235 2632 1313 2659 futuri
1326 2631 1443 2659 ltontinis
1455 2630 1480 2657 in
1492 2638 1526 2658 eo
1538 2634 1579 2658 est
1591 2629 1615 2657 vi
1626 2631 1741 2665 quadam
1754 2635 1835 2665 atque

1037 2670 1167 2716 potentia,
1184 2679 1248 2705 latet
1262 2682 1352 2705 autent
1376 2681 1517 2713 propterea
1534 2670 1605 2711 quod
1622 2681 1738 2711 nequeat
1752 2685 1835 2712 appa-

1037 2734 1111 2758 rere,
1136 2726 1292 2761 priusquam
1317 2723 1467 2751 necessaria
1492 2722 1648 2751 consecutio
1670 2723 1740 2750 sinat
1756 2727 1836 2758 atque

1036 2771 1184 2809 permittat,
1201 2771 1239 2798 sic
1252 2775 1279 2797 ct
1290 2769 1379 2797 anima
1400 2773 1441 2796 est
1459 2769 1566 2805 quidem
1583 2768 1608 2796 in
1623 2768 1678 2802 illo,
1694 2768 1755 2796 licet
1771 2777 1836 2795 non-

1037 2820 1099 2846 (illiti
1116 2820 1261 2852 appareat,
1276 2814 1415 2851 apparebit
1430 2819 1518 2842 autem
1533 2815 1672 2851 proprium
1686 2818 1713 2841 et
1729 2819 1836 2840 naturu-

1038 2865 1090 2893 lcut
1105 2862 1269 2896 operationis
1284 2859 1407 2889 clicctutn
1421 2860 1555 2895 corporali
1571 2860 1650 2888 simul
1671 2860 1836 2886 illct‘tiltr'tilc

983 1557 1008 1591 C
