3916 6202
328 246 447 305 39')

1589 254 1949 316 DIONYSIUS
1989 256 2312 317 EXIGUUS.

3534 262 3630 319 ιο)

343 365 625 435 proﬁcere.
653 367 784 424 Nam
814 370 936 441 quia
966 388 1073 426 mn
1103 386 1132 425 a
1164 380 1375 425 mortuo
1407 387 1655 443 corpore,
1687 372 1783 428 sed
1810 390 1838 427 a
1863 373 1931 427 vi-
1965 377 2010 433 Α
2039 388 2179 428 rare.
2212 370 2343 440 Quis
2372 374 2517 428 enim
2561 388 2621 428 se
2668 372 2884 428 intuens
2908 372 3091 430 verbis
3137 374 3399 443 indigeat,
3441 375 3633 444 quibus

347 466 508 512 vente
529 466 690 527 atque
711 469 970 529 spirante,
1001 462 1170 516 virtus
1191 461 1243 516 in
1265 463 1627 533 conceptione
1649 465 1942 534 peragitur.

344 544 546 602 idcirco
572 548 797 605 dicimus
815 551 1043 605 rationis
1062 567 1201 617 esse,
1227 560 1285 606 ut
1311 562 1586 608 mortuum
1615 564 1670 609 et
1693 556 1945 610 exanime

343 651 453 690 non
477 647 714 707 putetur,
742 641 885 710 quod
912 658 941 696 a
968 643 1183 699 vivente
1212 644 1264 699 in
1296 648 1636 701 occasionem
1666 649 1789 703 vita:
1815 647 1946 702 diri-

344 728 504 794 gitur.
550 727 695 787 Caro
730 747 976 803 namque
1025 734 1288 790 exanimis
1337 736 1522 805 utique
1573 745 1787 793 mortua
1838 745 1941 793 est.

344 818 492 873 Mors
529 821 672 874 enim
699 821 1000 892 privatione
1028 823 1086 878 ﬁt
1112 826 1325 880 animae.
1352 825 1544 882 Nullus
1572 835 1755 882 autem
1781 843 1945 898 super

342 909 448 965 ho:
474 911 831 982 antiquiorem
876 917 1231 984 privationem
1260 934 1421 988 quam
1451 919 1689 974 habitum
1724 919 1941 985 dixerit,

343 1001 388 1055 si
419 1009 597 1058 tamen
618 1004 869 1062 exanime
893 1006 1039 1076 quod
1059 1016 1143 1063 est
1164 1017 1437 1064 mortuum
1459 1008 1739 1078 quisquam
1763 1009 1941 1063 anima

342 1092 613 1161 antiquius
640 1103 932 1152 assevcret.
981 1096 1039 1153 Si
1067 1099 1188 1167 quis
1215 1108 1395 1153 autem
1444 1097 1748 1155 evidentius
1772 1097 1943 1167 exigit

343 1194 717 1254 argumentum
744 1189 891 1258 quod
929 1191 1075 1244 vivat
1107 1190 1196 1244 illa
1244 1191 1421 1260 portio
1468 1205 1588 1260 qua:
1618 1188 1940 1260 principium

342 1277 610 1333 formandi
634 1280 885 1335 animalis
928 1280 1179 1347 efﬁcitur,
1225 1282 1481 1352 possibile
1515 1289 1572 1337 et
1609 1296 1679 1336 ex
1722 1280 1842 1336 aliis
1869 1279 1942 1334 si-

342 1368 482 1435 gnis,
509 1371 701 1440 quibus
730 1372 1027 1427 animatum
1057 1373 1379 1429 discernitur
1408 1381 1572 1443 atque
1601 1379 1881 1442 separatur
1906 1385 1939 1425 a

343 1472 578 1531 mortuo,
607 1480 770 1536 super
808 1467 919 1521 bac
964 1475 1116 1537 parte
1170 1467 1501 1537 conspicere.
1549 1464 1939 1534 Argumentum

344 1568 579 1623 namque
607 1556 783 1612 vitalis
803 1557 880 1612 rei
908 1556 979 1613 de
999 1558 1306 1612 hominibus
1332 1558 1624 1623 sumimus,
1668 1555 1811 1626 quod
1840 1555 1935 1609 ali-

344 1644 465 1714 quis
484 1646 675 1711 caleat,
705 1648 849 1717 quod
880 1656 1175 1713 moveatur,
1192 1648 1342 1719 quod
1371 1656 1664 1718 operetur;
1692 1645 1937 1715 frigidum

2047 471 2250 517 natura:
2275 462 2396 532 jura
2442 466 2769 533 cognoscat?
2818 463 2915 519 Est
2957 468 3159 534 quippe
3204 464 3547 532 facillimum,
3580 478 3631 525 ut

2045 557 2165 626 quis
2210 557 2427 612 modum
2463 558 2585 613 vita:
2627 573 2739 612 sum
2780 559 3161 624 considerans,
3210 568 3267 614 et
3310 562 3543 631 qualiter
3569 564 3631 618 ad

2045 659 2260 698 omnem
2289 645 2469 700 vitalis
2494 646 2827 715 operationis
2850 645 3100 701 eﬁ‘ectum
3124 658 3489 717 opportunum
3517 665 3634 705 cor-

2044 750 2143 806 pus
2173 744 2343 803 gerat,
2375 735 2685 805 expendens
2712 736 3129 799 animadvertat,
3164 749 3290 804 erga
3316 737 3446 807 quid
3476 755 3633 795 occu-

2042 835 2167 897 pata
2198 826 2268 881 sit
2294 826 2487 880 animm
2513 825 2877 895 primordialis
2904 841 3001 882 seu
3028 829 3207 898 potius
3234 830 3541 897 germinalis
3568 846 3632 889 ex

2042 918 2259 973 vivente
2278 932 2507 988 corpore
2536 917 2833 973 detractum
2861 916 3077 989 opiﬁcio
3097 928 3302 975 natura:
3319 921 3629 992 deponitur;

2043 1025 2169 1066 nam
2211 1019 2267 1065 et
2295 1010 2565 1067 fructuum
2596 1011 2852 1067 interiora
2897 1022 2953 1068 et
2980 1013 3220 1069 radicum
3250 1014 3632 1085 paludamenta

2044 1104 2278 1159 nondum
2308 1105 2516 1174 privata
2538 1104 2880 1160 vivacissimo
2902 1106 3106 1175 vigore,
3129 1121 3249 1175 quzc
3276 1116 3360 1163 est
3378 1110 3458 1164 eis
3479 1109 3633 1165 insita

2041 1209 2141 1264 per
2170 1203 2436 1260 naturam,
2479 1210 2604 1250 cum
2632 1202 2793 1249 terra:
2816 1197 3244 1265 committuntur,
3271 1199 3517 1266 quamvis
3542 1214 3635 1254 oc-

2042 1286 2260 1351 cultam,
2279 1295 2457 1341 tamen
2480 1287 2730 1341 mundam
2755 1287 3071 1356 qualitatem
3092 1298 3442 1355 conservant;
3473 1290 3633 1345 talem

2042 1393 2173 1433 vero
2200 1379 2307 1432 vim
2356 1386 2522 1447 ablue
2563 1378 2860 1449 potentiam
2915 1395 3024 1434 non
3066 1381 3281 1436 conch
3327 1390 3469 1437 terra
3512 1397 3634 1452 qum

2043 1470 2306 1535 continet,
2332 1477 2483 1525 terra
2521 1470 2669 1525 velut
2704 1485 2737 1524 a
2779 1477 2950 1525 semet
2995 1472 3329 1527 extrinsecus
3370 1472 3631 1540 largiens;

2042 1561 2280 1630 alioquin
2305 1572 2359 1616 et
2381 1569 2599 1617 mortua
2621 1562 2763 1632 ligna
2792 1562 2996 1619 faceret
3020 1566 3355 1632 germinare:
3378 1567 3470 1622 sed
3491 1568 3633 1637 quod

2042 1663 2125 1710 est
2152 1654 2368 1708 insitum
2398 1653 2648 1724 producit
2675 1655 2741 1708 ad
2766 1655 2944 1710 lucem
2984 1671 3168 1711 amore
3192 1673 3294 1713 suo
3330 1659 3386 1712 in
3414 1658 3634 1715 modmu

344 1745 473 1789 vero
502 1743 664 1805 atque
710 1737 984 1812 immobile
1033 1739 1087 1792 in
1127 1738 1446 1809 corporibus
1493 1738 1622 1793 nihil
1669 1746 1753 1792 est
1788 1735 1937 1793 aliud
1970 1752 2015 1813 Β
2041 1742 2263 1797 nutricis
2282 1742 2426 1811 quod
2454 1742 2752 1812 plantatum
2777 1751 2861 1797 est
2886 1743 2945 1797 in
2972 1744 3155 1799 radice
3176 1746 3245 1800 ad
3266 1746 3553 1801 medullam
3582 1758 3635 1802 et

344 1840 503 1893 quam
534 1826 649 1896 ipsa
676 1828 998 1883 mortalitas.
1037 1827 1173 1895 Quia
1216 1829 1376 1898 igitur
1422 1827 1651 1883 calidum
1694 1826 1838 1896 quod
1881 1833 1938 1881 et

343 1931 577 1987 operans
614 1918 846 1975 vidimus
879 1935 1001 1976 esse
1038 1919 1106 1976 de
1134 1935 1241 1991 quo
1267 1919 1556 1991 loquimur,
1602 1919 1727 1975 hinc
1770 1917 1947 1974 etiam.

343 2005 491 2073 quod
532 2008 783 2063 exanime
829 2025 937 2065 non
982 2010 1054 2064 sit
1097 2018 1418 2080 argumenta
1464 2010 1784 2080 colligimus.
1825 2008 1935 2064 Sed

343 2096 801 2164 quemadmodum
834 2097 989 2169 juxta
1031 2100 1277 2169 corporis
1304 2100 1609 2170 portionem
1652 2114 1761 2155 non
1805 2099 1937 2155 illud

343 2185 571 2256 dicimus
598 2202 815 2243 carnem
839 2196 894 2243 et
918 2203 1042 2244 ossa
1072 2189 1157 2245 vel
1182 2190 1428 2261 capillos,
1459 2191 1549 2246 vel
1577 2190 1938 2261 quodcunque

344 2275 706 2346 conspicimus
734 2277 788 2332 in
819 2277 1057 2344 homine,
1081 2278 1179 2335 sed
1198 2279 1249 2335 vi
1269 2279 1484 2349 quidem
1504 2288 1666 2351 atque
1696 2281 1937 2351 potentia

343 2380 464 2421 esse
504 2369 699 2423 borum
737 2367 977 2435 singula,
1020 2367 1259 2423 nondum
1301 2382 1431 2424 vero
1469 2368 1750 2424 visibiiiter
1777 2385 1938 2441 appa-

342 2470 511 2513 rere:
552 2457 632 2520 sic
675 2457 837 2512 etiam
880 2456 1035 2526 juxta
1082 2457 1273 2513 animat
1320 2459 1657 2529 portionem,
1708 2459 1935 2514 necdum

343 2547 557 2617 quidem
591 2548 857 2603 rationale
886 2547 1003 2617 ejus
1029 2556 1084 2603 et
1114 2549 1379 2604 irascibile
1415 2557 1472 2605 et
1500 2563 1831 2620 quatcunque
1869 2548 1937 2609 de

343 2641 523 2696 anima
552 2640 982 2720 considerantur,
1018 2641 1194 2697 locum
1226 2641 1280 2696 in
1321 2640 1414 2697 illo
1441 2640 1640 2698 habere
1668 2657 1935 2698 memora-

342 2747 496 2798 mus,
528 2732 934 2803 proportionem
964 2746 1093 2788 vero
1137 2730 1353 2788 formati
1391 2730 1663 2803 corporis,
1707 2740 1763 2788 et
1804 2747 1935 2788 con-

343 2823 756 2878 summationem
796 2823 960 2879 etiam
998 2823 1155 2879 simul
1194 2822 1415 2882 eﬁ'ectus
1450 2824 1642 2880 anima:
1675 2822 1932 2893 dicimus,

343 2928 465 2967 cum
492 2911 741 2997 subjecto,
773 2911 1099 2984 proﬁcimus.
1144 2913 1234 2970 Sic
1279 2913 1421 2969 enim
1467 2912 1737 2986 perfectus
1774 2914 1936 2970 homo

342 3006 486 3061 inter
513 3005 745 3075 majores
772 3005 979 3062 obtinet
1004 3006 1198 3061 anima:
1225 3005 1567 3077 operationes
1587 3004 1858 3070 effectum,
1882 3003 1933 3059 in

2039 1833 2298 1889 corticem
2329 1848 2616 1904 ramosque
2646 1834 2932 1903 perliciens
2963 1852 2977 1889 :
3009 1835 3154 1904 quod
3183 1838 3467 1907 nequisset.
3494 1838 3633 1902 ﬁeri.

2037 1923 2140 1979 nisi
2169 1924 2347 1994 aliqua
2378 1931 2628 1979 conserta
2657 1931 2801 1980 esset
2830 1926 3070 1995 potentia
3101 1928 3379 1993 naturalis,
3398 1942 3519 1997 qua:
3544 1945 3637 1985 co-

2037 2021 2252 2084 gnatam
2280 2023 2336 2069 et
2364 2029 2657 2084 congruam
2685 2030 2753 2069 ex
2784 2015 3153 2083 adiacentibus
3180 2018 3488 2075 alimoniam
3519 2027 3636 2075 tra-

2038 2103 2194 2170 hens,
2224 2104 2513 2172 virgultum
2544 2112 2639 2158 aut
2676 2106 2924 2161 arborem
2954 2115 3048 2160 aut
3073 2107 3276 2178 spicam
3305 2109 3392 2165 vel
3432 2109 3637 2181 aliquid

2037 2208 2106 2253 ex
2136 2193 2439 2264 hujusmoJi
2462 2194 2625 2250 rebus
2651 2193 2848 2250 effecit.

2609 2326 2839 2383 CAPUT
2878 2326 3065 2387 XXXI.

2038 2437 2414 2512 Contemplatio
2454 2438 2689 2512 quwdanz
2729 2440 3080 2517 medicinalis,
3122 2444 3389 2517 potiusque
3427 2445 3491 2499 de
3521 2463 3639 2505 cor.

2269 2526 2451 2580 porum
2474 2512 2876 2575 constructione,
2902 2514 3080 2582 paucis
3101 2511 3398 2569 absolvitur.

2108 2640 2215 2697 Sed
2241 2641 2488 2711 quamvis
2508 2642 2808 2699 certissima
2834 2644 3081 2714 corporis
3105 2646 3275 2700 nostri
3316 2646 3640 2717 formatione

2041 2734 2408 2804 unusquisque
2428 2748 2459 2788 a
2488 2734 2778 2805 semetipso
2799 2734 3079 2804 doceatur,
3121 2752 3186 2807 ex
3215 2738 3409 2809 quibus
3437 2739 3641 2795 intellio

2040 2822 2119 2891 git
2143 2832 2200 2879 et
2226 2823 2356 2879 vivit
2384 2831 2439 2878 et
2459 2824 2654 2891 sentit,
2687 2835 2932 2880 naturam
2970 2827 3242 2897 propriam
3287 2828 3491 2885 habens
3527 2846 3641 2887 ma.

2036 2915 2261 2983 gistram
2281 2956 2298 2983 ,
2328 2922 2511 2969 tamen
2549 2923 2608 2970 et
2634 2929 2702 2969 ex
2733 2915 2880 2971 libris
2902 2916 3204 2986 sapientum
3225 2957 3242 2986 ,
3272 2918 3361 2989 qui
3392 2919 3492 2974 ista
3530 2930 3642 2975 stu-

2036 3003 2242 3059 diosius
2262 3004 2488 3058 scrutati
2509 3012 2653 3070 sunt,
2671 3003 2751 3058 fas
2765 3014 2849 3059 est
2869 3004 3152 3075 diligenter
3170 3006 3472 3071 addiscere.
3491 3010 3643 3065 Non-

344 3097 567 3175 exordio
617 3112 728 3154 suae
775 3098 1172 3155 constitutionis
1214 3107 1369 3169 aptos
1395 3108 1451 3154 et
1498 3111 1765 3167 congruos
1797 3096 1936 3175 in'se
1962 3127 2010 3191 ο
2041 3095 2173 3151 nulli
2202 3109 2434 3165 namque
2463 3095 2693 3164 qualiter
2721 3097 3005 3168 positionis
3027 3098 3262 3154 habeant
3289 3099 3500 3170 singula
3525 3115 3644 3173 qum

343 3190 592 3259 pncsenti
623 3192 738 3247 usui
767 3193 958 3248 anima:
986 3191 1322 3247 demonstrat
1343 3191 1589 3255 adnisus,
1621 3200 1681 3246 ut
1707 3191 1808 3245 sibi
1842 3205 1939 3263 per

343 3281 576 3348 infusam
624 3283 905 3338 materiam
954 3283 1289 3354 aptissimum
1343 3282 1672 3338 domicilium
1722 3279 1939 3336 formet.

343 3370 455 3429 Nec
476 3375 620 3430 enim
649 3376 904 3445 possibile
932 3391 1051 3431 esse
1094 3375 1361 3431 credimus
1405 3376 1459 3431 in
1490 3375 1677 3431 alienis
1704 3375 1943 3431 aediliciis

344 3464 581 3520 animam
611 3475 981 3538 competenter
1007 3466 1190 3532 inseri,
1220 3466 1356 3521 sicut
1378 3480 1485 3521 non
1514 3474 1692 3536 potest
1716 3466 1941 3536 impres-

345 3572 466 3611 sum
510 3572 647 3612 cera:
675 3558 1004 3627 signaculum
1035 3558 1221 3612 aliena:
1250 3572 1469 3627 prorsus
1496 3556 1781 3627 sculptura:
1808 3572 1939 3611 con-

345 3658 600 3718 gruenter
622 3650 814 3721 aptari.
840 3649 1300 3717 Quemadmodum
1325 3665 1452 3705 vero
1472 3664 1667 3721 corpus
1687 3664 1752 3703 ex
1775 3663 1942 3718 parvo

346 3738 591 3809 procedit
618 3739 689 3794 ad
720 3740 770 3795 id
798 3740 941 3811 quod
966 3748 1049 3796 est
1078 3739 1394 3812 perfectum,
1424 3742 1502 3796 sic
1522 3749 1577 3796 et
1599 3742 1944 3812 operationcs

346 3839 612 3886 conserta:
658 3831 851 3886 anima:
897 3832 1152 3901 subjecta:
1194 3832 1440 3887 similiter
1491 3840 1846 3887 concrescunt
1889 3839 1944 3887 et

346 3919 655 3994 proﬁciunt.
677 3921 928 3979 Procedit
947 3924 1162 3994 quidem
1181 3939 1243 3979 ea
1266 3924 1318 3978 in
1342 3923 1509 4003 prima
1534 3923 1937 3990 constitutione,

347 4013 510 4068 veluti
554 4013 802 4084 qutedam
841 4015 996 4070 radix
1034 4016 1216 4071 abdita
1245 4016 1391 4072 cavis
1424 4016 1794 4072 taututnmodo
1822 4033 1942 4087 qua:

346 4107 690 4162 nutrimentis
719 4123 783 4162 ac
826 4108 1169 4164 incrementis
1194 4117 1277 4163 est
1315 4110 1598 4165 distributa
1635 4112 1768 4178 (nec
1797 4112 1941 4165 enim

347 4196 583 4268 parvitas
612 4197 873 4252 sumentis
924 4197 1153 4266 amplius
1193 4197 1438 4268 recipit),
1490 4198 1685 4253 deinde
1722 4215 1842 4255 Cum
1872 4199 1941 4254 ad

326 4287 522 4339 ΔΙιιέοιη
556 4286 816 4356 prodierit
837 4287 887 4341 id
910 4288 1052 4356 quod
1083 4288 1341 4343 insertum
1363 4297 1446 4343 est
1464 4302 1793 4359 germenque
1816 4306 1942 4361 pro-

348 4376 530 4430 tulerit
563 4395 574 4428 :
611 4386 735 4431 tunc
762 4377 815 4432 in
844 4393 910 4434 eo
938 4379 1109 4448 gratia
1139 4378 1404 4436 sensibilis
1433 4379 1749 4445 elliorescit,
1796 4380 1935 4451 jam-

2043 3187 2099 3244 in
2140 3187 2297 3243 nobis
2323 3195 2480 3255 sunt,
2511 3202 2609 3257 per
2636 3201 2754 3242 eam
2796 3200 2956 3257 quam
2986 3187 3180 3244 medici
3218 3189 3402 3244 dicunt
3441 3202 3643 3248 anato-

2043 3281 2229 3350 miam,
2258 3279 2313 3335 id
2355 3288 2439 3335 est
2466 3280 2779 3337 incisionem
2807 3280 3136 3349 singulorum
3179 3281 3445 3337 nodorum
3475 3292 3646 3353 atque

2041 3386 2321 3434 venarum,
2353 3356 2576 3442 propter
2610 3370 2755 3442 quod
2783 3370 3002 3426 ellectus
3031 3371 3085 3426 in
3117 3372 3362 3428 universa
3392 3376 3645 3445 corporis

2043 3465 2410 3521 membrorum
2437 3464 2662 3518 interius
2689 3471 2746 3519 et
2775 3463 3013 3520 exterius
3041 3466 3388 3537 contemplati
3411 3476 3571 3535 sunt,
3592 3474 3647 3523 et

2043 3557 2164 3613 aliis
2190 3556 2518 3622 retulerunt,
2568 3555 2643 3610 ita
2674 3562 2733 3609 ut
2759 3551 3033 3612 sufﬁciens
3062 3555 3187 3611 huic
3213 3556 3460 3611 humana:
3493 3558 3648 3612 insti-

2045 3647 2235 3702 tutioni
2262 3645 2498 3714 cognitio
2522 3644 2813 3712 studiosius
2839 3645 3115 3700 existeret.
3137 3645 3192 3701 Si
3217 3646 3338 3716 quis
3364 3655 3554 3702 autem
3584 3648 3647 3704 de

2044 3736 2127 3791 his
2152 3734 2416 3805 perquirit
2444 3734 2511 3789 de
2542 3733 2724 3799 nobis,
2755 3732 3000 3803 profecto
3028 3733 3077 3789 ei
3107 3735 3471 3804 magisterium
3506 3753 3649 3807 prm-

2044 3829 2193 3884 bebit
2218 3827 2479 3883 Ecclesia.
2513 3825 2639 3881 lltec
2658 3825 2801 3882 enim
2825 3826 3179 3898 spiritualium
3210 3826 3296 3882 lex
3323 3836 3408 3884 est
3430 3830 3646 3899 ovium,

2043 3921 2187 3976 sicut-
2212 3920 2467 3976 Dominus
2505 3919 2609 3984 ait,
2639 3927 2697 3974 ut
2724 3918 3022 3975 alienorum
3044 3934 3231 3975 vocem
3262 3936 3369 3975 non
3395 3920 3643 3979 audiant.

2047 4012 2200 4069 Unde
2224 4027 2529 4069 sermonem
2556 4012 2791 4067 breviter
2820 4010 3123 4067 aﬁ‘eramus.
3154 4011 3277 4068 Tria
3302 4014 3556 4082 quedam
3581 4012 3648 4070 de

2043 4110 2235 4158 natura
2288 4100 2535 4171 corporis
2589 4099 2934 4170 intelligenda
2981 4099 3355 4171 percepimus,
3406 4117 3647 4170 quorum

2044 4195 2214 4263 gratia
2240 4192 2448 4261 singula
2475 4206 2594 4261 qua:
2625 4193 2676 4246 in
2710 4192 2865 4248 nobis
2892 4201 3019 4248 sunt
3043 4193 3332 4247 constituta
3362 4208 3492 4250 esse
3523 4211 3648 4251 cer—

2044 4293 2263 4339 nuntur.
2296 4283 2549 4350 Quaedam
2601 4296 2831 4350 namque
2878 4290 3099 4351 propter
3147 4281 3349 4348 vitam,
3390 4284 3648 4355 quaedam

2043 4392 2175 4431 vero
2201 4385 2422 4447 propter
2448 4374 2646 4430 bonam
2677 4372 2862 4441 vitam,
2884 4370 3126 4442 qumdam
3147 4371 3215 4427 ad
3237 4372 3648 4447 successionem

347 4484 452 4538 que
493 4470 805 4524 coalescens
828 4477 882 4525 et
913 4471 965 4526 in
1006 4472 1397 4540 magnitudines
1438 4481 1808 4543 competenter
1838 4489 1935 4529 ex-
1968 4498 2017 4561 ι)
2044 4467 2376 4539 posteritatis
2404 4474 2709 4537 opportune
2739 4462 2969 4561 formata
2990 4463 3519 4561 sunt._Qumcunque
3545 4466 3653 4535 igi-

347 4572 600 4622 currens,
632 4556 794 4612 veluti
823 4555 1027 4615 fructus
1054 4561 1268 4631 quidam
1296 4561 1571 4617 rationalis
1599 4563 1767 4617 virtus
1801 4562 1937 4618 inci-

348 4649 425 4717 pit
455 4647 687 4702 eluccrc.
718 4645 833 4702 Non
863 4648 1004 4702 enim
1035 4649 1210 4703 onmis
1238 4648 1397 4705 simul
1428 4665 1712 4722 apparens,
1744 4651 1788 4705 si
1817 4666 1939 4706 cum

346 4737 686 4793 instrumenti
734 4738 816 4792 sui
872 4737 1202 4808 perfecxione
1247 4738 1533 4809 diligenter
1584 4755 1933 4807 exet-escezzs,

346 4836 665 4898 tantumque
693 4844 908 4900 semper
945 4829 1303 4897 fructiﬁcans,
1335 4840 1594 4901 quantum
1641 4847 1813 4903 capax
1856 4842 1940 4889 est

346 4917 570 4988 subjecti
599 4917 863 4988 potentia.
891 4916 948 4973 Si
969 4933 1097 4973 vero
1121 4917 1173 4972 in
1202 4919 1302 4974 hac
1332 4920 1651 4975 lormatione
1672 4921 1934 4992 corporis,

348 5012 695 5081 operationes
724 5011 917 5065 animze
946 5010 1189 5066 fortassis
1220 5010 1462 5082 inquiris,
1494 5010 1713 5066 attende
1743 5019 1937 5067 temet-

314 5114 319 5119 '
346 5102 519 5170 ipsum
539 5144 552 5167 ,
586 5102 723 5157 sicut
751 5102 826 5156 ait
854 5100 1098 5173 Moyses,
1131 5110 1185 5155 et
1204 5102 1357 5170 quasi
1389 5102 1439 5155 in
1472 5100 1629 5170 libro,
1658 5102 1737 5158 sic
1764 5102 1935 5157 histo-

344 5193 481 5246 riam
512 5192 839 5261 operationis
866 5192 1058 5247 animm
1086 5192 1361 5263 perleges;
1396 5193 1509 5261 ipsa
1540 5192 1683 5247 enim
1714 5192 1807 5247 tibi
1836 5208 1938 5247 na-

345 5291 466 5337 tura
519 5282 914 5352 quodammodo
959 5283 1285 5340 fabulabitur
1333 5284 1479 5340 omni
1527 5300 1627 5341 usu
1673 5286 1938 5342 sermonis

301 5372 311 5447 ς
350 5372 636 5439 efﬁcacius,
666 5374 841 5428 varias
866 5373 919 5428 in
944 5390 1174 5447 corpore
1198 5376 1581 5447 occupationes
1607 5376 1797 5431 anima:
1822 5376 1938 5431 sive

351 5473 641 5538 inanima,
690 5475 806 5530 sive
843 5474 897 5531 in
935 5479 1266 5542 universali,
1311 5482 1427 5534 sive
1478 5478 1535 5534 in
1593 5478 1929 5548 particulari

350 5564 668 5621 conditione
692 5566 1093 5624 demonstrans.
1138 5571 1243 5626 Sed
1280 5571 1349 5625 de
1392 5570 1551 5628 nobis
1576 5570 1925 5640 superﬂuum

352 5666 484 5728 puto
505 5658 854 5714 sermonibus
883 5675 1064 5730 agere,
1096 5671 1152 5716 et
1178 5664 1347 5719 veluti
1368 5662 1703 5735 quibusdam
1736 5665 1925 5735 procul

314 5744 404 5810 ’ct
425 5762 576 5811 extra
597 5752 861 5811 terminos
884 5752 1198 5811 constitutis
1221 5754 1482 5813 miracula
1513 5768 1773 5816 consueta
1802 5773 1928 5814 nar~

2048 4570 2133 4617 tur
2155 4562 2206 4614 in
2231 4558 2385 4614 nobis
2408 4557 2536 4613 talia
2558 4556 2769 4623 dentur,
2801 4554 2916 4610 sine
2936 4554 3130 4625 quibus
3148 4554 3379 4610 humana
3405 4564 3651 4625 nequeat

2045 4653 2155 4707 vita
2183 4649 2497 4717 subsistere,
2527 4647 2642 4703 hate
2670 4644 2722 4701 in
2753 4644 2923 4701 tribus
2952 4645 3079 4700 item
3106 4646 3348 4716 partibus
3367 4659 3497 4702 esse
3522 4660 3653 4700 sen-

2047 4746 2228 4811 timus,
2262 4741 2314 4797 id
2344 4749 2426 4796 est
2453 4739 2507 4794 in
2535 4738 2760 4795 cerebro
2789 4744 2844 4792 et
2870 4736 3033 4793 corde
3059 4743 3116 4791 et
3137 4735 3354 4806 jecore;
3383 4750 3653 4806 quaecun-

2045 4852 2152 4909 que
2181 4851 2310 4890 vcro
2336 4834 2390 4889 in
2412 4839 2757 4901 augmentum
2778 4828 3042 4883 bonorum
3071 4826 3317 4898 largitate
3345 4833 3561 4882 natura:
3583 4825 3653 4882 ad

2047 4930 2187 4985 bene
2225 4924 2510 4983 vivendum
2541 4919 2745 4977 homini
2782 4918 2978 4975 collata
3016 4927 3170 4986 sunt,
3222 4918 3650 4974 instrumentum

2046 5035 2300 5076 sensuum
2331 5032 2449 5073 esse
2486 5016 2848 5073 declarantur.
2880 5011 3195 5083 llujusmodi
3238 5012 3437 5085 quippe
3474 5014 3651 5066 vitam

2046 5112 2262 5182 quidem
2295 5116 2532 5163 nostram
2561 5123 2668 5161 non
2696 5106 2991 5171 continent,
3026 5104 3150 5175 quia
3185 5112 3242 5160 et
3268 5101 3653 5159 deﬁcientibus

2046 5219 2112 5259 ex
2156 5202 2237 5259 his
2288 5214 2658 5272 saepenumero
2689 5198 3039 5268 quibusdam,
3080 5194 3424 5252 nihilominus
3450 5194 3655 5251 subest

2046 5292 2283 5358 homini;
2307 5291 2403 5347 sed
2433 5289 2762 5361 impossibile
2785 5296 2868 5343 est
2896 5288 3012 5343 sine
3037 5288 3153 5343 istis
3179 5286 3455 5343 eﬁectibus
3478 5287 3653 5343 vitam

2044 5383 2414 5441 suavissimam
2444 5380 2731 5437 contineri.
2771 5379 2951 5434 Tertia
2980 5393 3197 5450 quoque
3237 5377 3521 5434 divisionis
3568 5378 3653 5433 in-

2044 5476 2216 5530 tentio
2244 5481 2638 5545 consequenter
2675 5472 2893 5542 reSpicit
2933 5472 3000 5545 ad
3037 5470 3395 5529 successionis
3436 5471 3652 5527 ofﬁcia.

2043 5561 2181 5619 Sunt
2207 5571 2385 5618 autem
2415 5571 2469 5618 et
2497 5562 2600 5617 alia
2627 5562 2870 5633 qumdam
2900 5570 3095 5634 prmter
3122 5562 3252 5628 lucc,
3285 5576 3403 5633 qua:
3421 5559 3493 5614 ad
3525 5577 3653 5630 per-

2043 5657 2396 5715 sevcrantiam
2428 5658 2672 5727 corporis
2713 5659 3068 5713 communiter
3106 5656 3361 5712 membris
3396 5655 3653 5727 subjecta

2043 5759 2166 5808 sunt
2195 5748 2463 5814 omnibus,
2493 5748 2833 5814 operationcs
2864 5764 2926 5805 ex
2952 5764 3008 5807 sc
3033 5762 3299 5815 congruas
3329 5748 3654 5806 atferentcs,
