3916 6202
243 334 345 392 ωι

1043 329 1222 387 LIBRI
1262 327 1348 385 DE
1381 320 1771 395 CREATIONB
1810 323 2088 382 HOMINIS
2127 318 2698 380 INTERPRETATIO.

3436 322 3548 378 LM

242 433 383 511 sicut
401 460 594 509 venter
615 459 673 508 et
691 450 899 523 pulmo,
920 449 1008 506 hic
1030 448 1247 519 quidem
1266 446 1477 518 spiritu,
1500 460 1662 517 quem
1685 443 1850 499 sumit
1878 484 1887 506 ι

1992 461 2171 516 uriore
2198 458 2542 530 superficiem
2563 472 2682 528 qua:
2724 455 3008 529 passiones
3036 455 3203 511 ferret
3245 454 3546 511 involvens.

246 563 309 602 ac
334 544 510 600 reddit
536 542 711 608 cordi,
743 541 1080 611 signaculum
1116 537 1384 609 ‘perllans,
1417 538 1506 592 ille
1534 552 1665 593 vero
1701 534 1851 590 cibos

1989 551 2090 605 [uie
2119 550 2282 618 igitur
2310 549 2515 603 ossium
2541 556 2747 602 naturae
2765 546 3124 613 solidissimis,
3143 546 3309 603 veluti
3329 548 3549 617 quibus.

247 636 543 693 Visceribus
592 635 647 689 in
692 648 981 690 commune
1024 631 1344 699 δυεθίνίθηε·
1394 629 1529 684 Cum
1570 627 1650 683 δίε
1692 626 1854 694 ign“?
1952 643 2076 697 dam
2113 640 2381 697 columnis
2423 639 2621 695 molem
2667 638 3057 694 sustinentibus
3098 638 3263 694 totius
3304 639 3554 707 corporis

251 729 501 785 formatio
524 735 711 782 metra
736 725 1025 787 dividatur,
1056 722 1363 790 diligentius
1393 718 1706 775 intuendum
1737 724 1853 781 est,
1953 749 2093 789 onus
2136 732 2411 801 ίηιρσευξι,
2439 730 2552 786 Nec
2587 730 2818 786 indivisa
2872 736 2967 785 am
3013 730 3303 785 ίηιιίεεγοι,
3351 729 3561 796 ubique

246 820 392 890 quod
428 836 539 875 non
584 817 905 888 simpliciter
950 830 1049 885 per
1077 829 1245 869 unum
1290 810 1509 881 aliquod
1556 808 1856 864 membrum

249 911 327 965 vis
352 909 445 964 illa
486 924 610 979 qua:
649 907 716 961 ad
748 907 912 959 vitam
961 911 1201 959 nostram
1232 903 1469 972 pertinet
1508 900 1855 968 transigatur,

248 1001 340 1056 sed
363 999 613 1073 plurimis
634 998 876 1069 partibus
894 996 1210 1051 occasiones
1231 992 1387 1049 nobis
1407 992 1475 1048 ad
1494 988 1859 1051 conservatio-

248 1108 373 1148 nem
402 1098 648 1147 nostram
680 1097 873 1144 natura
899 1086 1189 1142 distribuat
1216 1082 1519 1140 necessaria
1547 1080 1615 1135 ad
1646 1079 1862 1134 univer-

248 1197 368 1238 sum
397 1194 635 1252 corpus,
670 1178 743 1233 ita
783 1185 846 1233 ut
883 1190 1220 1246 quaecunque
1245 1172 1313 1228 ad
1338 1171 1606 1229 cautelam
1648 1169 1772 1223 vita:
1797 1181 1863 1223 ac

249 1270 714 1343 pulchritudinem
738 1268 927 1324 eadem
952 1275 1143 1321 natura
1166 1272 1253 1321 est
1271 1262 1485 1332 molita,
1511 1259 1626 1316 bzec
1645 1259 1862 1315 videan-

250 1373 339 1418 tur
364 1378 498 1419 esse
522 1377 685 1433 quam
714 1360 977 1432 plurima,
1010 1359 1237 1414 multam
1266 1356 1564 1412 adinvicem
1607 1351 1861 1410 dill‘eren-

250 1456 387 1510 tiam
434 1469 659 1525 prorsus
706 1451 985 1508 habentia.
1028 1450 1135 1506 Sed
1174 1450 1410 1505 arbitror
1436 1445 1681 1503 dividere
1720 1443 1867 1514 prius

250 1554 520 1614 oportere
546 1543 785 1599 breviter
812 1543 988 1613 prima
1036 1541 1296 1613 principia
1341 1554 1462 1609 qum
1500 1538 1567 1593 ad
1607 1536 1867 1593 constitu—

253 1636 464 1691 tionem
494 1634 619 1689 vita:
646 1641 847 1690 nostra:
876 1633 1148 1705 pertinere
1193 1638 1592 1696 monstrantur;
1644 1629 1869 1683 materia

257 1740 390 1781 vero
419 1725 601 1781 totius
627 1724 882 1795 corporis
907 1738 1029 1793 qua:
1069 1722 1430 1779 communiter
1472 1718 1728 1775 membris
1755 1718 1868 1773 siu-

1956 818 2143 877 eadem
2192 829 2315 876 uasa
2362 821 2669 890 compegit,
2710 820 2965 889 alioquin
3000 820 3293 875 immobilis
3335 828 3393 874 et
3434 820 3561 873 sine

1958 912 2274 983 operatione
2301 912 2612 976 mansisset,
2636 919 2691 966 et
2711 912 2757 967 si
2771 912 2845 966 ita
2872 910 3248 966 fuissetbomo
3269 909 3555 973 formatus,

1960 1003 2126 1059 veluti
2146 1002 2394 1073 quaedam
2420 1003 2584 1057 arbor
2604 1002 2658 1057 in
2684 1017 2793 1058 uno
2813 1002 2937 1058 loco
2963 1001 3286 1066 consistens,
3310 1015 3430 1056 cum
3456 1014 3560 1055 nee

1960 1092 2167 1147 alterna
2194 1108 2412 1148 crurum
2444 1092 2685 1148 motione
2715 1092 2768 1147 in
2790 1092 3061 1147 anteriora
3091 1091 3427 1162 procederet,
3461 1106 3563 1146 nec

1963 1195 2219 1235 manuum
2246 1180 2545 1236 ministerio
2570 1180 2693 1234 vita:
2712 1180 2831 1249 ejus
2852 1180 3213 1237 commoditas
3251 1187 3560 1251 appareret.

1965 1269 2118 1325 Nunc
2147 1280 2327 1331 autem
2353 1283 2635 1338 gressuum
2660 1279 2954 1327 etactunm
2984 1272 3088 1327 hac
3114 1272 3422 1343 provisione
3454 1269 3565 1326 for--

1966 1373 2173 1421 rnatum
2201 1373 2286 1419 est
2314 1365 2748 1429 instrumentum,
2790 1374 2855 1420 ut
2890 1373 3205 1434 spontaneo
3238 1365 3428 1435 spiritu
3472 1364 3564 1432 qui

1970 1443 2151 1517 nervis
2189 1458 2422 1514 insertus
2447 1466 2551 1524 est,
2580 1457 2817 1513 ultronei
2863 1468 3043 1513 motus
3082 1456 3332 1527 corporei
3379 1454 3567 1510 confe-

1970 1560 2179 1608 rantur.
2210 1550 2347 1606 llinc
2370 1550 2766 1607 administratio
2795 1566 3048 1606 manuum
3075 1550 3225 1604 varia
3250 1556 3414 1620 atque
3432 1548 3569 1603 mul-

1974 1641 2141 1711 tiplex
2169 1648 2225 1696 et
2268 1641 2824 1699 accommodatissima
2864 1640 2931 1695 ad
2967 1656 3129 1696 omne
3161 1656 3382 1710 prorsus
3408 1655 3568 1695 exco-

1972 1718 2193 1802 gitantis
2233 1731 2493 1796 cilicium,
2536 1730 2661 1787 hinc
2709 1732 2944 1787 cervicis
2987 1726 3226 1795 inlicitio,
3273 1738 3330 1785 et
3378 1730 3571 1800 capitis

257 1819 400 1889 ευιίε
426 1818 702 1888 “Maca:
734 1832 877 1874 0⁸³ηο
906 1832 937 1871 ³
968 1816 1123 1872 “oms
1146 1822 1230 1871 εει
1258 1811 1557 1878 Peucen“:
1584 1826 1704 1866 cum
1735 1810 1866 1866 nihil
1902 1816 1943 1875 Β
1972 1825 2248 1880 inclinatio
2278 1834 2439 1896 atque
2469 1824 2691 1889 erectio,
2718 1833 2773 1878 et
2818 1824 2960 1879 circa
3004 1832 3243 1878 mentum
3288 1820 3572 1878 eﬂicientia

260 1910 327 1964 ad
350 1923 600 1980 praesens
622 1907 990 1978 propositum,
1008 1904 1078 1961 ad
1110 1902 1489 1976 particularem
1530 1896 1869 1971 contempla-

261 2004 474 2058 tionem
519 1999 841 2057 universalis
870 2005 1075 2053 natura;
1101 1995 1394 2068 disputatio
1419 2000 1665 2063 spectare
1693 1991 1872 2047 videa-

260 2101 371 2149 tur.
411 2090 649 2148 Cunctis
702 2102 835 2159 ergo
878 2088 1172 2143 fatentibus
1213 2086 1455 2142 omnium
1480 2084 1872 2139 elementorum
1956 2084 1964 2093 '

264 2203 385 2257 quae
415 2188 476 2242 in
506 2187 615 2241 hoc
641 2183 842 2240 mundo
867 2192 997 2239 sunt
1025 2184 1076 2237 in
1104 2182 1259 2239 nobis
1284 2182 1517 2236 existere
1546 2178 1871 2249 portionem,

262 2279 426 2336 mlidi
457 2278 675 2334 scilicet
702 2293 769 2333 ac
795 2276 1000 2347 frigidi,
1031 2290 1241 2332 necnon
1282 2282 1339 2330 et
1365 2273 1588 2329 alterius
1614 2272 1873 2341 conjuga-

266 2373 453 2437 tionis,
484 2386 609 2443 qua
636 2371 691 2426 in
724 2371 953 2426 humore
982 2385 1046 2425 ac
1072 2369 1315 2424 siccitate
1343 2367 1623 2432 consistit,
1664 2364 1734 2419 de
1761 2364 1874 2419 sin-

239 2464 406 2539 .gulis
434 2478 469 2517 a
513 2462 674 2517 nobis
710 2468 797 2517 est
838 2460 1026 2529 utique
1069 2457 1464 2513 disserendum.
1516 2454 1878 2525 PerSpicimus

270 2547 458 2623 itaque
489 2562 606 2608 tres
646 2566 768 2606 esse
796 2548 1219 2620 dispensatorias
1249 2547 1370 2615 vita:
1399 2546 1697 2617 potentias,
1745 2558 1881 2613 qna-

271 2660 388 2700 rum
417 2659 527 2698 una
556 2641 777 2711 quidem
820 2641 1126 2695 universum
1157 2638 1413 2693 mundum
1442 2637 1626 2693 calore
1664 2634 1881 2705 proprio

275 2734 489 2790 refovet
506 2776 523 2800 ,
581 2733 752 2788 altera
780 2747 911 2787 vero
938 2731 1234 2785 madefacta
1264 2730 1490 2784 humore
1510 2725 1662 2796 quod
1702 2724 1884 2780 calore

266 2826 593 2884 confectum
618 2833 725 2889 est,
755 2826 827 2878 ita
857 2831 915 2878 ut
940 2839 1092 2892 mqua
1119 2822 1380 2893 temperie
1402 2820 1601 2876 animal
1631 2819 1683 2873 in
1705 2818 1884 2874 medio

274 2937 341 2978 ex
371 2920 653 2976 contraria
674 2920 937 2989 qualitate
965 2927 1229 2983 servetur,
1259 2925 1526 2988 quatenus
1554 2931 1657 2971 nec
1694 2915 1887 2970 humo-

262 3028 390 3068 rem
418 3012 655 3080 desurgat
693 3011 889 3065 caloris
918 3010 1243 3065 abundantia
1264 3050 1279 3072 ,
1324 3026 1427 3065 nec
1454 3009 1692 3065 calorem
1733 3008 1889 3078 cepia

278 3103 523 3159 humoris
550 3102 882 3171 exstinguat.
917 3100 1007 3157 Vis
1031 3112 1209 3156 autem
1243 3102 1402 3156 tertia
1425 3116 1520 3171 per
1537 3100 1886 3170 semetipsam

1974 1918 2241 1986 quedam,
2271 1917 2649 1986 palpebrarum
2691 1931 2909 1987 quoque
2947 1917 3221 1981 collectio,
3252 1916 3413 1972 simul
3452 1931 3574 1970 cum

1977 2006 2256 2071 intellectu
2314 2008 2637 2076 proveniens
2682 2015 3025 2062 cactcrorum.
3087 2007 3354 2072 Quoniam
3412 2007 3574 2060 etiam

1979 2105 2159 2153 motus
2188 2098 2300 2167 ipse
2328 2096 2695 2150 membrorum
2727 2095 2907 2150 nervis
2935 2095 3365 2151 extendentibus
3392 2110 3457 2150 ac
3494 2110 3575 2147 re—

1977 2188 2304 2252 laxantibus,
2332 2188 2496 2243 veluti
2522 2187 2844 2256 quibusdam
2874 2188 3137 2244 machinis
3184 2196 3442 2257 operatur
3480 2187 3575 2240 im-

1981 2280 2187 2353 pulsus,
2216 2287 2456 2349 potestas
2483 2288 2663 2333 autem
2695 2293 2791 2348 per
2818 2279 2933 2334 luce
2956 2280 3007 2333 vi
3050 2295 3147 2333 sua
3191 2279 3370 2333 nitens
3410 2293 3576 2347 span.

1983 2383 2200 2431 taneun
2231 2376 2371 2445 gerit
2418 2374 2719 2443 imperium,
2762 2390 2826 2429 ac
2853 2375 3160 2430 voluntario
3190 2374 3382 2445 spiritu
3426 2373 3595 2443 juxta

1980 2465 2269 2535 quamdam
2288 2474 2490 2520 natura:
2510 2466 2969 2535 dispensationem
2992 2468 3043 2522 in
3060 2467 3285 2535 singulis
3303 2467 3579 2537 proprium

1982 2558 2319 2612 demonstrat
2360 2556 2631 2613 effectum.
2667 2557 2922 2612 Radicem
2968 2559 3130 2627 igitur
3176 2567 3340 2628 atque
3378 2558 3579 2628 princi—

1984 2650 2130 2721 pium
2155 2650 2393 2706 omnium
2427 2658 2671 2705 motuum
2700 2650 2788 2719 qui
2820 2666 2917 2719 per
2957 2665 3153 2705 nervos
3181 2648 3323 2704 ellici
3353 2649 3581 2704 credun-

1986 2748 2094 2804 tur,
2118 2739 2484 2795 membranam
2511 2739 2658 2793 illam
2678 2755 2781 2809 qua
2803 2739 3086 2796 cerebrum
3114 2738 3422 2795 continetur
3439 2754 3582 2791 eoin.

1987 2842 2205 2904 pactum
2234 2832 2415 2888 nervis
2441 2845 2563 2887 esse
2593 2832 2903 2902 perclaruit.
2931 2831 3050 2887 Non
3074 2832 3234 2900 igitur
3261 2831 3583 2885 arbitramur

1989 2923 2103 2993 jam
2131 2922 2398 2980 curiosius
2427 2938 2527 2977 nos
2556 2921 2755 2977 debere
2781 2923 3096 2993 perquirere
3115 2921 3183 2978 de
3199 2921 3394 2977 eﬂ'ectu
3417 2935 3589 2976 mem-

1990 3015 2211 3069 brorum
2248 3012 2516 3078 animalis,
2547 3028 2668 3068 cum
2701 3012 3074 3081 hujuscemodi
3098 3021 3276 3067 motus
3306 3012 3378 3067 sit
3420 3011 3473 3065 in
3500 3026 3590 3066 ce-

1992 3104 2139 3161 rebri
2180 3102 2504 3159 formatione
2545 3103 2871 3159 declaratus.
2902 3101 3057 3169 Quod
3103 3110 3286 3158 autem
3326 3102 3590 3157 maximus

281 3192 427 3261 juxta
453 3190 749 3261 quamdam
800 3191 1207 3259 congruentiam
1246 3199 1418 3260 atque
1463 3188 1887 3245 modulationem
1920 3185 1963 3249 C
1994 3195 2150 3265 vigor
2168 3194 2239 3249 ad
2266 3194 2521 3250 tuendam
2543 3195 2709 3249 vitam
2740 3194 2895 3249 nobis
2926 3211 2957 3248 a
3001 3193 3227 3249 cerebro
3261 3191 3593 3255 conferatuu,

280 3284 527 3339 merubra
563 3295 688 3350 qua:
727 3280 982 3335 distincta
1028 3287 1155 3334 sunt
1200 3281 1473 3344 continet,
1523 3279 1636 3334 suis
1680 3294 1744 3335 ea
1790 3294 1887 3334 co-

284 3387 481 3448 eptans
526 3375 793 3440 vinculis,
841 3385 899 3430 et
944 3375 1195 3430 omnibus
1260 3388 1567 3445 prmrogans
1625 3389 1722 3444 per
1772 3388 1893 3428 sese

286 3470 547 3525 mobilem
599 3477 1062 3538 spontaneamque
1108 3467 1394 3532 virtutem,
1450 3481 1571 3535 qua:
1623 3466 1672 3521 si
1716 3465 1890 3530 desit,

287 3562 526 3617 wlutum
601 3567 659 3616 et
732 3558 1009 3613 immobile
1084 3573 1286 3628 corpus
1357 3557 1576 3622 existit,
1646 3557 1890 3613 ultronea

289 3651 509 3722 spiritus
588 3648 879 3704 vivacitate
943 3656 1107 3717 atque
1181 3647 1471 3705 efficientia
1535 3648 1891 3712 destitutum,

292 3744 569 3819 [iugisque
616 3738 767 3810 prius
827 3740 1116 3795 artiﬁcium
1168 3748 1333 3808 atque
1390 3739 1644 3795 molimen
1697 3747 1897 3795 nostra:

293 3845 496 3889 natura
524 3834 583 3887 in
625 3834 740 3903 ipsa
782 3833 1029 3904 corporis
1077 3833 1387 3889 conditione
1432 3834 1649 3903 dignum
1698 3840 1781 3889 est
1815 3832 1897 3888 iu-

292 3928 450 3981 tueri.
480 3926 621 3994 Quia
664 3926 809 3981 enim
856 3941 1019 3981 omne
1065 3926 1210 3995 quod
1255 3926 1449 3982 durum
1489 3934 1574 3984 est
1615 3927 1898 3984 sensibiles

296 4018 613 4074 efficientia
635 4018 859 4073 omnino
881 4034 991 4073 non
1009 4018 1222 4088 recipit,
1247 4019 1407 4073 sicuti
1426 4018 1672 4074 videmus
1695 4019 1747 4074 in
1768 4017 1900 4074 ossi-

298 4108 618 4167 busnostris
638 4119 696 4166 et
720 4110 775 4166 in
803 4109 1016 4167 frutetis
1043 4118 1210 4182 atque
1242 4112 1548 4177 arboribus,
1596 4113 1651 4167 in
1701 4110 1898 4181 quibus

302 4200 670 4270 vitaquidem
711 4202 927 4271 species
969 4202 1215 4271 quaedam
1243 4203 1597 4269 eernitur,in
1646 4218 1713 4259 eo
1751 4201 1897 4271 quod

302 4293 533 4347 nutritu-
560 4301 619 4348 et
645 4294 865 4360 crescit,
889 4308 991 4348 nec
1021 4301 1200 4349 tamen
1228 4294 1467 4349 admittit
1494 4295 1659 4348 ullum
1679 4308 1897 4348 sensum

303 4382 531 4451 subjecti
558 4381 807 4436 durities.
847 4380 1020 4452 Hujus
1058 4384 1136 4437 rei
1174 4383 1345 4451 gratia
1382 4383 1671 4451 oportebat
1714 4397 1899 4453 quam-

302 4473 421 4528 dam
470 4472 852 4529 formationem
897 4474 1068 4528 instar
1116 4489 1255 4529 cerae
1309 4474 1488 4529 mollis
1536 4474 1588 4528 in
1642 4488 1896 4529 sensuum

1996 3300 2065 3341 ex
2087 3285 2363 3341 contrario
2391 3285 2661 3341 accidenti
2708 3284 2987 3340 evidenter
3012 3284 3345 3353 agnoscitur.
3372 3282 3508 3337 Nam
3546 3282 3592 3339 si

1994 3377 2189 3435 vulnus
2200 3376 2418 3448 aliquod
2433 3377 2515 3432 vel
2534 3377 2820 3433 scissuram
2843 3377 3151 3433 membrana
3171 3377 3282 3446 ipsa
3295 3374 3593 3446 pertulerit,

1998 3468 2149 3525 illico
2188 3484 2337 3524 mors
2376 3469 2700 3538 insequitur.
2746 3466 2998 3523 Passioni
3032 3467 3231 3538 quippe
3276 3481 3402 3523 cum
3449 3464 3594 3519 illato

1996 3558 2206 3615 vulneri
2235 3574 2337 3616 nec
2366 3558 2433 3614 ad
2456 3567 2713 3630 punctum
2745 3558 3007 3627 temporis
3054 3569 3244 3612 natura
3286 3557 3460 3628 possit
3498 3556 3597 3610 ob-

1996 3652 2228 3717 sistere,
2282 3648 2382 3705 sed
2442 3649 2606 3704 veluti
2660 3646 3010 3703 fundamento
3059 3649 3290 3717 quodam
3337 3647 3596 3715 subruptn

1982 3750 2171 3815 totum
2196 3741 2355 3797 simul
2377 3740 2660 3797 sedilicium
2690 3757 2811 3796 cum
2836 3752 2989 3810 parte
3014 3740 3281 3810 dejicitur,
3314 3742 3432 3809 ejus
3461 3753 3595 3807 ergo

1997 3832 2308 3904 passionem
2338 3831 2506 3887 totius
2534 3832 2779 3901 corporis
2800 3831 3043 3899 sequitur
3088 3830 3373 3885 manifesta
3418 3830 3600 3899 perni-

1998 3924 2143 3981 cies:
2163 3924 2215 3979 in
2246 3923 2353 3980 hoc
2380 3922 2611 3993 propria:
2629 3922 2751 3977 vitae
2779 3937 2996 3977 causam
3018 3922 3239 3977 subesse
3267 3920 3414 3975 nullo
3439 3930 3599 3990 pacto

1999 4015 2304 4087 negandum
2333 4022 2437 4071 est.
2469 4012 2604 4069 Cum
2629 4028 2757 4069 vero
2786 4022 2840 4068 et
2865 4028 3052 4069 eorum
3093 4029 3214 4083 qua:
3241 4012 3495 4070 desinunt
3522 4014 3603 4066 vi-

1995 4125 2151 4175 vere,
2174 4108 2517 4177 restringitur
2556 4114 2762 4163 naturze
2812 4106 3003 4163 insitus
3038 4106 3209 4170 calor,
3240 4114 3298 4160 et
3336 4105 3409 4160 ita
3454 4105 3602 4175 quod

1998 4212 2271 4260 mortuum
2293 4210 2378 4258 est
2395 4201 2648 4271 frigescit,
2673 4216 2895 4257 necesse
2921 4210 3004 4257 est
3029 4202 3189 4257 talem
3206 4216 3423 4258 causam
3447 4201 3604 4257 nobis

1999 4296 2163 4352 etiam
2214 4294 2271 4349 in
2318 4270 2500 4350 caldre
2539 4292 2853 4357 subsistere,
2888 4292 2978 4361 qui
3019 4307 3141 4348 cum
3170 4291 3311 4355 desit
3356 4290 3605 4362 profecto

1999 4402 2149 4442 mors
2168 4385 2434 4456 sequitur,
2460 4392 2516 4439 et
2533 4384 2657 4440 ideo
2678 4384 2874 4441 caloris
2895 4384 3179 4455 prmseritia
3201 4384 3401 4440 animal
3420 4385 3606 4440 vivere

2000 4478 2365 4535 confitendum
2406 4483 2508 4533 est.
2564 4476 2735 4546 llujus
2779 4486 2965 4533 autem
2996 4478 3076 4534 vis
3121 4486 3285 4549 atque
3324 4478 3601 4549 potentize.

302 4567 622 4638 operatione
647 4567 899 4638 supponi,
929 4582 1053 4637 qua:
1077 4576 1262 4636 posset
1279 4566 1685 4623 occurrentibus
1712 4565 1899 4621 formis
1933 4560 1977 4618 Π
2004 4578 2260 4639 tanquam
2290 4568 2492 4625 fontem
2518 4569 2807 4638 quemdam
2835 4579 2999 4639 atque
3028 4570 3351 4641 principium
3372 4588 3468 4626 cor
3487 4587 3608 4627 esse

306 4657 563 4728 inprimi,
600 4673 773 4728 neque
800 4659 968 4713 nimio
997 4659 1225 4713 humore
1251 4659 1467 4713 resolvi.
1500 4657 1617 4713 Non
1640 4657 1784 4713 enim
1807 4672 1901 4727 po-

306 4757 411 4805 test
451 4752 507 4806 in
545 4751 768 4806 humido
809 4751 955 4821 quod
1003 4752 1326 4821 imprimitur
1372 4748 1683 4820 perdurare,
1722 4762 1901 4818 neque

310 4840 507 4899 duritia
532 4846 697 4901 nimis
722 4847 892 4916 rigida
926 4848 1071 4919 (quia
1097 4848 1240 4917 quod
1270 4848 1443 4903 nescit
1472 4848 1690 4913 cedere,
1721 4844 1904 4913 imagi-

308 4947 434 4991 nem
486 4938 674 5006 nequit
715 4940 1066 5009 impreSsione
1111 4940 1415 5008 excipere).
1467 4938 1574 4994 Sed
1610 4939 1749 4993 inter
1805 4937 1903 4992 has

312 5028 465 5082 h-sit
490 5030 663 5083 media
690 5031 935 5099 qumdam
968 5032 1109 5086 inter
1130 5030 1563 5098 flaccescentem,
1592 5031 1706 5086 sive
1732 5046 1797 5085 ac
1825 5029 1903 5083 ri-

308 5129 550 5189 gentem,
581 5136 650 5176 ne
677 5123 897 5192 optimis
927 5123 1185 5192 potentia:
1212 5123 1467 5190 motibus,
1489 5121 1614 5178 dico
1638 5119 1908 5177 sensibili-

311 5212 435 5278 δας,
452 5215 651 5269 animal
676 5215 978 5271 orbaretur.
1006 5214 1271 5283 Quoniam
1302 5215 1461 5283 igitur
1480 5213 1624 5283 quod
1647 5212 1808 5268 molle
1828 5219 1910 5267 est

310 5311 377 5357 et
394 5303 569 5371 facile,
596 5306 696 5360 nisi
719 5320 901 5360 rerum
924 5305 1221 5361 solidarum
1238 5305 1624 5376 cooperatione
1647 5305 1908 5371 firmetur,

306 5396 557 5467 probato
594 5399 868 5455 immobile
905 5410 1069 5471 atque
1113 5400 1477 5456 indistinctum
1507 5407 1611 5464 est,
1634 5398 1788 5468 juxta
1813 5413 1911 5454 eos

309 5504 457 5560 quos
480 5491 758 5559 politiones
779 5494 1017 5547 marinos
1047 5501 1260 5556 vocant,
1288 5491 1488 5547 idcirco
1517 5491 1685 5546 robur
1705 5490 1906 5545 ossium

308 5583 533 5651 corpori
560 5594 747 5640 natura
779 5586 1112 5655 perm'scuit,
1141 5601 1260 5655 qua:
1302 5586 1529 5640 invicem
1559 5600 1655 5655 per
1683 5599 1911 5639 concor-

304 5670 445 5725 dem
469 5673 888 5729 modulationem
909 5676 1185 5744 copulatis,
1214 5677 1431 5748 penitus
1452 5690 1740 5730 nervorum
1762 5676 1913 5731 nexi-

308 5762 427 5819 bus
450 5778 737 5834 eoliipages
758 5779 946 5820 eorum
969 5764 1354 5839 juncturasque
1386 5766 1731 5831 constrinxit,
1757 5776 1813 5823 et
1836 5766 1909 5821 ita

310 5854 651 5915 dumdum
685 5858 924 5916 sensibili
953 5858 1136 5927 vigore
1180 5858 1493 5927 immiscuit,
1540 5874 1704 5941 carne
1746 5860 1910 5932 paulo

2006 4660 2400 4734 perspeximus,
2430 4675 2495 4715 ex
2526 4674 2635 4728 quo
2671 4658 2724 4717 in
2753 4659 2972 4714 modum
3013 4659 3311 4716 fistularum
3353 4661 3608 4729 multipli-

2006 4771 2101 4813 ces
2128 4769 2276 4809 vena:
2302 4770 2399 4823 per
2426 4769 2588 4810 omne
2615 4768 2813 4824 corpus
2840 4753 3081 4810 calidum
3113 4752 3362 4823 spiritum
3390 4751 3607 4807 ferven-

2008 4852 2227 4916 Iemque
2279 4843 2600 4899 diﬂundunt.
2650 4842 2723 4899 Et
2771 4844 3027 4914 quoniam
3080 4842 3366 4914 oportebat
3428 4841 3607 4896 cibum

2008 4950 2118 5004 quo
2138 4950 2225 5004 jue
2247 4934 2533 5004 quemdam
2562 4934 2731 4991 calori
2762 4950 2978 5005 semper
2998 4950 3026 4988 a
3048 4942 3234 4989 natura
3263 4932 3461 5000 largiri,
3483 4933 3609 5001 quia

2008 5027 2090 5083 fas
2118 5044 2226 5082 non
2247 5036 2331 5083 est
2352 5028 2529 5099 ignem
2552 5028 2619 5083 ad
2639 5042 2760 5083 sese
2776 5026 2993 5091 durare,
3025 5026 3123 5079 nisi
3154 5024 3403 5094 congruis
3424 5040 3612 5094 pasca-

2010 5128 2101 5177 tur
2128 5121 2420 5188 alimentis,
2451 5122 2657 5177 idcirco
2680 5118 2780 5176 rivi
2810 5118 3082 5188 sanguinis
3107 5126 3356 5187 tanquam
3374 5117 3441 5174 de
3463 5118 3611 5173 fonte

2011 5212 2245 5284 quodam
2269 5212 2472 5283 jecoris
2497 5212 2683 5268 calore
2728 5211 2948 5282 spiritus
2976 5210 3300 5277 excitantur,
3330 5220 3386 5267 et
3417 5212 3612 5283 ubique

2011 5303 2174 5359 simul
2203 5319 2301 5373 per
2327 5319 2489 5361 omne
2512 5318 2712 5373 corpus
2750 5309 3065 5367 excurrunt,
3094 5318 3163 5356 ne
3195 5301 3422 5357 alterum
3454 5305 3612 5360 deso—

2013 5400 2157 5455 letur
2183 5400 2251 5455 ab
2282 5399 2475 5465 altero,
2508 5406 2565 5455 et
2593 5398 2689 5454 tali
2718 5396 2871 5452 initio
2896 5404 3088 5452 natura
3120 5395 3464 5467 depravetur.
3496 5399 3613 5457 Hoc

2013 5492 2188 5563 ipsum
2215 5508 2343 5549 vero
2372 5492 2567 5549 doceat
2612 5490 2942 5547 abstinentes
2971 5489 3209 5546 materia:
3240 5490 3403 5559 ipsius
3430 5506 3613 5561 atqua-

2010 5583 2165 5639 litate
2195 5582 2474 5648 formatos,
2502 5581 2646 5651 quod
2669 5580 2894 5635 avaritia
2917 5579 3161 5651 quaedam
3189 5582 3495 5651 corruptiva
3544 5584 3612 5637 sit

2012 5675 2215 5746 passio,
2241 5682 2296 5730 et
2315 5676 2441 5746 quia
2470 5674 2588 5730 sine
2610 5674 2715 5729 ulla
2742 5671 3032 5742 indigentia
3064 5679 3148 5728 est
3174 5671 3287 5728 sola
3321 5673 3607 5730 Divinitas;

2013 5780 2138 5820 nam
2169 5775 2460 5837 paupertas
2488 5766 2724 5823 humana
2766 5763 2970 5833 indiget
2996 5764 3079 5819 bis
3104 5777 3224 5832 qua:
3251 5778 3401 5818 suam
3426 5762 3612 5815 viden-

2016 5865 2107 5916 tur
2125 5859 2478 5920 substantiam
2502 5860 2805 5920 continere.
2829 5854 3033 5917 idcirco
3058 5853 3231 5943 tribus
3251 5852 3327 5912 his
3356 5852 3611 5923 potentiis
