3916 6202
339 332 445 389 αὖ

1597 338 1957 397 DiONYSlUS
1994 334 2318 396 EKIGUUS.

3520 340 3616 398 ιω.

336 448 531 516 quibus
557 447 860 504 universum
903 463 1099 519 corpus
1133 449 1424 520 gubernari
1454 452 1826 521 prmdiximus,
1852 452 1933 507 in-
1963 451 2010 515 Α
2037 447 2183 506 dium
2214 460 2491 523 pl‘iESlaﬂS.
2525 449 2657 507 Nam
2684 452 2814 521 quia
2834 450 3029 506 ‘tai‘n’tm
3050 452 3415 507 membrorum
3452 455 3619 520 magis

335 537 535 595 fluente
564 540 900 596 extrinsecus
926 541 1208 596 materiam
1234 551 1421 599 natura
1449 542 1729 615 dispensat
1748 544 1932 600 diver-

333 630 409 682 sis
452 630 780 699 tramitibus,
832 630 885 686 id
932 631 1079 701 quod
1128 633 1353 705 singulis
1401 636 1654 706 congruit
1700 637 1933 692 admini-

332 725 531 773 ιιι-πε.
561 718 695 779 Nam
740 719 877 776 fonti
923 723 1199 792 sanguinis
1239 725 1332 795 qui
1372 734 1452 781 cst
1472 726 1631 797 jecur
1684 741 1931 783 escarum

332 811 766 867 distributionem
797 814 1044 870 contulit.
1087 815 1362 886 Quidquid
1391 829 1573 873 autem
1622 820 1716 874 tali
1748 820 1932 890 provi-

333 900 483 954 sione
504 915 597 955 sua
619 916 835 973 semper
861 903 1058 973 ingerit
1083 905 1151 960 ad
1172 907 1378 975 jecoris
1406 906 1601 975 fontes,
1636 909 1763 964 item
1788 925 1928 980 pra:-

330 996 487 1054 pat'at
513 1004 581 1044 ex
606 990 793 1061 iecore
839 992 1092 1050 derivari.
1136 995 1603 1065 Quemadmodum
1647 1000 1693 1054 si
1736 1002 1830 1057 nix
1872 1000 1925 1055 in

328 1079 601 1136 montibus
631 1082 855 1140 humore
883 1100 983 1141 suo
1011 1087 1285 1158 subjectos
1309 1099 1504 1160 augeat
1527 1090 1724 1159 fontes,
1753 1102 1809 1149 et
1826 1109 1928 1163 per

328 1168 498 1225 altum
536 1172 605 1229 ad
629 1173 912 1231 inferiores
934 1192 1107 1233 venas
1130 1175 1395 1251 liquorem
1426 1185 1701 1256 proprium
1746 1184 1925 1254 depri-

327 1261 445 1327 mit,
492 1264 671 1321 cordis
716 1279 895 1323 autem
939 1266 1188 1340 perflatio
1244 1272 1405 1328 vicini
1452 1275 1677 1330 membri
1716 1275 1924 1331 submi-

326 1351 588 1409 nistratur
614 1355 830 1422 ell‘ectu,
852 1361 997 1431 quod
1029 1363 1333 1433 appellatur
1357 1364 1576 1435 quidem
1606 1367 1811 1437 pulmo,
1838 1376 1923 1423 est

326 1452 508 1499 autem
536 1448 680 1504 aeris
726 1453 1096 1522 exceptorium
1125 1456 1461 1525 periusitam
1500 1460 1757 1515 arteriam
1798 1474 1922 1529 qua:

322 1536 395 1593 ad
425 1553 488 1591 os
516 1550 689 1610 usque
713 1543 990 1617 pertingit,
1022 1544 1208 1602 ﬂatum
1239 1549 1575 1607 extrinsecus
1604 1551 1835 1622 ducens,
1866 1553 1919 1609 in

323 1629 611 1703 medioque
638 1649 736 1689 cor
764 1636 997 1704 positum
1028 1638 1200 1699 instar
1225 1640 1385 1710 ignis,
1403 1643 1493 1714 qui
1522 1644 1575 1699 in
1620 1652 1769 1700 motu
1799 1660 1922 1735 ve;-

318 1728 474 1776 satur
498 1733 556 1781 et
583 1728 899 1796 operatione
935 1732 1214 1801 continua,
1255 1741 1311 1788 et
1354 1734 1527 1804 ipsum
1576 1736 1693 1792 sine
1738 1728 1920 1795 cessa-

2035 544 2308 613 proprium
2334 558 2428 600 cor
2454 556 2575 598 esse
2602 543 2898 609 retulimus,
2920 544 3069 612 juxta
3093 542 3355 597 redditam
3377 546 3619 614 superius

2033 633 2319 699 rationem,
2350 630 2495 702 quod
2519 630 2728 701 singula
2756 631 2975 701 spiritus
2996 632 3079 687 sui
3106 632 3287 686 eakire
3314 633 3619 703 confoveat,

2033 719 2155 776 ideo
2185 735 2282 791 per
2310 722 2489 777 omnia
2518 721 2648 776 illud
2677 719 3106 777 efﬁcacissimum
3136 721 3397 777 formator
3437 736 3619 781 noster

2034 814 2280 879 instituit,
2309 814 2534 869 utnulla
2563 828 2687 884 pars
2716 814 2889 868 otiosa
2916 813 2999 867 vel
3024 820 3226 869 Vacans
3252 815 3318 869 ad
3340 814 3619 885 dispensa-

2031 906 2233 961 tionem
2272 906 2438 961 tutius
2480 906 2727 976 corporis
2757 905 3120 975 approbetur,
3152 914 3207 959 et
3255 914 3379 975 post
3411 914 3618 975 tergum

2028 997 2244 1067 quidem
2272 1010 2429 1051 suum
2456 995 2769 1067 pulmonem
2817 1011 2914 1067 per
2940 997 3257 1051 continuum
3304 1006 3509 1053 motum
3552 996 3619 1052 ad

2026 1101 2087 1143 se
2106 1089 2448 1157 ‘pertrabeus,
2473 1086 2653 1142 aditus
2673 1086 2789 1155 ejus
2818 1087 3076 1158 expandit
3112 1087 3177 1142 ad
3221 1089 3620 1159 susceptionem

2026 1179 2189 1245 aeris,
2237 1192 2557 1248 rursumque
2595 1178 2905 1249 deprimens
2938 1176 3110 1234 efflari
3154 1180 3299 1251 quod
3341 1190 3620 1252 receptum

2026 1279 2111 1326 est
2139 1278 2422 1340 praeparat,
2452 1270 2508 1324 in
2547 1270 2821 1324 anteriora
2863 1284 2993 1325 vero
3036 1284 3135 1324 sua
3180 1271 3357 1326 ventri
3405 1273 3622 1344 penitus

2026 1363 2318 1419 imminens
2345 1360 2595 1417 calefacit
2640 1361 2808 1427 illum,
2840 1360 2982 1415 etad
3008 1362 3351 1431 operatioues
3374 1364 3622 1434 proprias

2020 1457 2259 1514 habilem
2288 1457 2486 1523 reddit,
2514 1472 2624 1512 non
2650 1456 2717 1513 ad
2748 1459 3171 1528 resumptionem
3211 1457 3431 1528 spiritus
3474 1457 3623 1513 exci-

2022 1561 2166 1615 tans,
2190 1550 2287 1606 sed
2317 1550 2382 1606 ad
2427 1551 2811 1621 exceptionem
2854 1551 2960 1606 cibi
2996 1550 3221 1606 sibimet
3260 1548 3622 1619 coinpetentis

2022 1641 2328 1714 impellens.
2359 1640 2611 1697 Proxime
2639 1652 2769 1696 vero
2786 1638 3085 1709 junguntur
3112 1639 3363 1694 introitus
3388 1651 3529 1695 mea:
3557 1651 3622 1696 ac

2022 1734 2262 1805 'spiritus,
2292 1732 2347 1788 in
2379 1731 2594 1801 longum
2641 1731 3044 1801 protenduntur
3080 1730 3222 1785 alter
3267 1728 3332 1784 ad
3362 1728 3623 1795 alterum,

322 1811 475 1903 tione
514 1824 762 1871 movetur
799 1830 962 1892 atque
1007 1831 1293 1892 operatur,
1333 1834 1392 1881 et
1437 1827 1599 1883 sicuti
1647 1827 1905 1888 fabrorun

2023 1838 2290 1895 :equaque
2317 1836 2568 1878 mensura
2602 1822 2868 1893 superiori
2885 1823 3127 1877 termino
3165 1820 3511 1888 dirimuntur,
3550 1820 3622 1874 ita

320 1899 482 1994 folles
506 1904 766 1972 cﬂieiunt,
798 1912 1061 1991 pertrabit
1089 1913 1157 1967 ad
1184 1924 1359 1970 semet
1383 1931 1449 1971 ex
1491 1918 1771 1988 adjacente
1797 1924 1911 1994 spi-

316 1990 426 2046 ritu
440 1998 884 2065 compressiones,
905 1990 1310 2059 exteiisionibus
1335 2006 1573 2076 replens,
1602 2016 1658 2063 et
1684 1990 1912 2078 quodin

316 2098 380 2139 se
406 2095 491 2140 est
516 2086 731 2156 igneum
766 2093 980 2151 arteriis
1008 2093 1380 2163 adiacentibus
1408 2098 1681 2167 refovens,
1709 2112 1766 2159 et
1797 2104 1913 2163 baac

312 2174 499 2234 facere
527 2195 635 2237 non
657 2183 907 2252 quiescit,
939 2186 994 2242 id
1031 2188 1253 2259 quidem
1275 2191 1420 2260 quod
1456 2195 1791 2253 extrinsecus
1824 2204 1914 2255 est

310 2281 416 2332 per
431 2273 885 2333 remectionem
904 2289 969 2333 ac
992 2279 1406 2348 respirationem
1433 2281 1504 2337 ad
1526 2299 1647 2340 sese
1667 2286 1909 2353 trahens,

308 2361 458 2429 quod
484 2371 665 2424 autem
694 2368 896 2427 circum
933 2385 993 2425 se
1017 2378 1127 2438 est,
1155 2388 1251 2443 per
1284 2378 1738 2446 compressionem
1784 2383 1913 2453 ipsis

308 2454 526 2510 arteriis
555 2455 901 2525 interserens,
934 2461 1081 2530 quod
1109 2462 1240 2524 mihi
1267 2463 1481 2521 videtur
1518 2476 1574 2523 et
1603 2468 1910 2539 bnjusmodi

234 2548 265 2594 .‘
308 2544 594 2610 spontanci
622 2543 781 2604 ﬂatus
820 2548 957 2607 banc
990 2550 1148 2606 nobis
1185 2566 1404 2608 causam
1447 2556 1566 2611 sine
1604 2561 1910 2616 cessatione

306 2632 625 2692 subsistere.
654 2634 810 2708 Stepe
837 2639 1069 2712 denique
1098 2657 1254 2699 mens
1283 2644 1336 2699 in
1366 2645 1483 2701 aliis
1523 2659 1821 2720 occupatur
1853 2661 1906 2707 et

304 2724 627 2781 omnimodo
648 2730 1005 2797 conquiescit,
1028 2731 1083 2786 in
1103 2747 1353 2790 somnum
1384 2752 1617 2808 corpore
1643 2740 1907 2807 resoluto,

304 2814 468 2869 tlatus
498 2822 676 2872 tamen
703 2818 798 2893 qui
830 2818 1049 2878 ducitur
1070 2837 1140 2884 ex
1177 2839 1305 2881 aere
1340 2822 1627 2897 quiescere
1669 2846 1776 2885 non
1819 2849 1910 2902 po.

300 2915 435 2973 test,
473 2924 575 2964 nec
610 2911 1003 2987 aliquantulum
1047 2917 1286 2993 quidem,
1317 2914 1650 2991 cooperante
1694 2924 1751 2979 in
1801 2924 1908 2980 hoc

302 3000 480 3068 ipsum
515 3010 837 3072 “spontaneis
882 3006 1178 3066 voluntatis
1222 3012 1466 3066 arbitrio.
1515 3012 1723 3084 Opinor
1763 3014 1907 3069 enim

298 3090 433 3159 quia
469 3105 569 3146 cor
600 3093 863 3163 pulmone
915 3099 1266 3155 convolutum
1312 3110 1476 3172 atque
1514 3102 1906 3160 circumdatum

299 3194 371 3235 ex
386 3182 683 3250 posteriori
707 3185 789 3239 sui
812 3196 964 3256 parte
994 3188 1439 3258 respirationibus
1458 3199 1515 3246 et
1542 3193 1903 3263 compressio-

292 3270 462 3327 'nibus
482 3274 600 3328 suis
644 3275 948 3336 membrum
978 3288 1214 3345 moveat,
1246 3289 1303 3335 et
1331 3282 1712 3337 attractionem
1761 3284 1905 3340 aeris

302 3363 755 3440 emissionemque
780 3366 881 3441 ipsi
903 3367 1143 3437 pulmoni
1171 3370 1525 3437 machinetur,
1555 3372 1649 3441 qui
1685 3373 1901 3429 rarissi-

290 3467 424 3510 mus
450 3463 613 3530 atque
640 3458 961 3521 multicavus
987 3459 1167 3516 omnia
1210 3476 1307 3516 sua
1337 3462 1501 3517 veluti
1530 3463 1792 3519 foramina
1834 3464 1905 3521 ad

292 3549 525 3612 fundum
550 3560 716 3622 atque
736 3552 1099 3612 summitatem
1146 3556 1358 3611 arteria:
1386 3555 1652 3626 patefacta
1682 3558 1901 3621 retinet,

286 3651 355 3698 'et
383 3654 691 3700 eoarctatus
715 3646 931 3715 quidem
961 3649 1270 3705 necessario
1298 3650 1542 3721 spiritum
1572 3651 1666 3720 qui
1711 3651 1765 3710 in
1791 3652 1904 3707 suis

299 3734 503 3790 residet
531 3735 725 3797 finibus
743 3738 915 3806 elicit,
948 3739 1147 3796 cedens
1192 3748 1371 3796 autem
1401 3748 1564 3811 atque
1593 3755 1899 3819 rarescens,

298 3838 590 3896 rursusque
612 3827 891 3885 attrahens
920 3844 1101 3889 aerem
1130 3845 1230 3906 per
1256 3830 1570 3888 distantiam
1614 3843 1899 3902 movetur;

297 3930 355 3976 et
384 3920 541 3992 hujus
561 3934 683 3981 nou
697 3923 1017 3985 voluntariae
1046 3925 1418 3996 respirationis
1446 3926 1561 3982 haec
1587 3942 1750 3983 causa
1791 3935 1896 3995 est,

286 4014 443 4081 quod
484 4013 535 4068 id
556 4014 710 4084 quod
748 4015 802 4077 in
839 4016 995 4074 nobis
1030 4017 1242 4084 igneum
1276 4027 1368 4075 est
1421 4026 1585 4089 atque
1632 4018 1900 4078 fervidum

296 4103 537 4172 quietum
566 4118 691 4161 esse
716 4122 823 4160 non
850 4106 1038 4177 possit.
1070 4106 1203 4161 Nam
1231 4108 1655 4183 quia‘propriutn
1701 4110 1901 4166 caloris

296 4202 383 4248 est
408 4194 653 4264 operatio
681 4203 881 4262 motus,
902 4195 1062 4265 hujus
1082 4204 1261 4256 autem
1291 4198 1613 4270 principium
1650 4200 1704 4255 in
1731 4202 1896 4259 corde

296 4303 420 4342 esse
448 4289 838 4359 perspeximus,
884 4297 943 4349 ut
981 4290 1127 4363 quod
1171 4290 1300 4362 juge
1347 4292 1400 4347 in
1444 4292 1550 4347 hoc
1588 4292 1897 4363 agitationis

294 4388 401 4443 est,
433 4378 821 4435 indesinentem
847 4381 989 4441 aeris
1017 4383 1395 4439 attractionem
1435 4383 1893 4456 emissionemque

294 4485 395 4541 per
415 4468 646 4525 ofiicium
676 4471 947 4542 pulmonis
977 4483 1255 4545 operatur,
1286 4485 1577 4547 propterea
1602 4477 1649 4535 si
1675 4479 1891 4548 quando

293 4570 483 4617 contra
522 4570 767 4619 naturam
793 4565 944 4621 calor
962 4568 1246 4635 excrescit,
1279 4567 1436 4625 flatus
1462 4584 1651 4627 eorum
1679 4570 1769 4640 qui
1808 4569 1890 4625 fe-

292 4657 475 4713 bribus
501 4657 692 4717 creber
728 4656 979 4728 efficitur,
1009 4661 1174 4717 veluti
1222 4669 1549 4733 properante
1597 4662 1763 4721 corde
1803 4679 1894 4721 su-

284 4751 623 4825 pcrpositam
648 4751 752 4815 sibi
778 4751 1046 4812 flammam
1069 4755 1194 4811 novi
1239 4756 1461 4825 spiritus
1486 4756 1893 4812 continuatione

289 4846 635 4915 restringere.
659 4844 766 4902 Sed
787 4848 1040 4916 quoniam
1070 4847 1411 4918 pauperrima
1433 4847 1676 4918 quaedam
1709 4856 1891 4903 nostra

290 4946 483 4995 natura
509 4946 616 5008 est,
644 4946 700 4995 et
726 4940 974 4999 omnibus
997 4955 1116 5011 qua:
1144 4940 1212 4995 ad
1251 4956 1401 4996 suam
1450 4941 1891 4997 constitutionem

287 5024 560 5103 pertinent
588 5033 851 5104 indigens,
886 5050 992 5090 non
1021 5035 1197 5091 solum
1226 5036 1431 5106 proprii
1458 5035 1599 5095 aeris
1627 5051 1691 5091 ac
1726 5034 1889 5105 spiri-

288 5136 377 5181 tus
405 5127 685 5197 penuriam
721 5127 921 5198 patitur
959 5130 1105 5199 (nam
1130 5124 1296 5183 flatus
1336 5127 1426 5197 qui
1455 5127 1693 5184 calorem
1743 5128 1891 5182 fovet

288 5216 581 5279 internum,
605 5218 672 5272 ad
701 5219 947 5277 animalis
967 5220 1432 5276 conservationem
1445 5218 1651 5289 jugit‘er
1677 5218 1887 5274 extrin-

287 5319 446 5361 secus
476 5305 691 5376 inﬂuit),
743 5310 835 5364 sed
872 5311 1034 5365 etiam
1080 5309 1459 5365 alimentorum
1500 5309 1737 5365 subsidia
1766 5322 1887 5379 quae

287 5400 531 5469 corporis
559 5400 769 5471 pondus
806 5402 1066 5472 allevent,
1106 5403 1346 5459 exterius
1390 5403 1494 5458 sibi
1535 5403 1887 5473 providenter

286 5493 681 5561 accommodat,
733 5493 931 5551 idcirco
981 5497 1117 5552 cibis
1175 5504 1233 5553 et
1280 5494 1497 5566 potibus
1534 5494 1882 5564 indigentiam

284 5598 439 5638 suam
487 5584 741 5656 supplere
790 5586 1099 5653 contendit,
1156 5586 1533 5659 appetitoriam
1592 5584 1882 5655 quamdam

282 5679 393 5733 vim
435 5679 551 5747 ejus
596 5680 675 5736 rei
717 5697 836 5750 quae
881 5681 1054 5749 deess,
1095 5689 1150 5737 et
1190 5681 1553 5750 expulsor-iam
1600 5678 1717 5747 ejus
1762 5692 1883 5747 quae

266 5770 570 5844 superfluit
598 5774 916 5844 corporibus
938 5773 1200 5837 inserens,
1225 5787 1324 5827 nec
1353 5772 1628 5826 minimam
1651 5786 1753 5840 per
1776 5770 1883 5823 hoc

286 5871 492 5926 natura:
530 5864 966 5943 eooperationem
1007 5865 1077 5923 ad
1128 5864 1417 5924 fovendum
1466 5863 1644 5921 cordis
1693 5861 1881 5918 incen-

2014 1925 2199 1973 tameu
2227 1923 2288 1972 ut
2312 1914 2641 1987 copulentur
2667 1913 2920 1980 invicem,
2950 1921 3010 1968 et
3024 1918 3138 1967 'uno
3158 1910 3335 1966 aditus
3352 1924 3457 1966 ore
3475 1911 3620 1965 clau-

2012 2012 2230 2067 dantur.
2264 2006 2419 2064 Unde
2467 2007 2560 2062 ille
2597 2005 2814 2075 quidem
2854 2012 3014 2070 esea',
3046 2001 3134 2058 hic
3179 2011 3357 2057 autem
3397 2001 3622 2071 spiritus

2012 2102 2286 2171 ingressus
2324 2096 2572 2165 efﬁcitur,
2619 2096 2718 2154 sed
2762 2096 2821 2151 in
2863 2096 2986 2151 altis
3035 2092 3274 2150 efﬁcitur
3314 2093 3623 2148 recessibus

2010 2193 2307 2260 viscerum,
2340 2204 2681 2261 nequaquam
2713 2185 3236 2256 iste-eonjugationis
3264 2183 3447 2240 aditus
3485 2199 3623 2248 con,

2011 2293 2194 2363 serius
2214 2298 2313 2356 per
2339 2282 2520 2339 omnia
2541 2288 2873 2352 perseverat,
2905 2294 3031 2337 nam
3062 2277 3114 2333 in
3134 2277 3623 2347 medium-iusque

2010 2373 2119 2431 fine
2144 2389 2239 2430 cor
2258 2373 2522 2444 positum.
2558 2365 2650 2427 ille
2677 2369 2895 2440 quidem
2918 2368 3160 2423 afflatum
3202 2367 3329 2424 hinc
3366 2367 3517 2421 alter
3550 2367 3623 2423 ad

2010 2466 2380 2539 recipiendum
2409 2466 2587 2521 cibum
2620 2462 2825 2528 tribuit,
2857 2459 3166 2515 facultatem
3193 2459 3298 2527 sui,
3329 2466 3456 2529 apte
3485 2474 3643 2539 γεω,

2011 2567 2202 2614 natura
2252 2557 2410 2627 ignea
2470 2554 2753 2610 materiam
2807 2567 2968 2622 quam
3024 2559 3308 2608 consumat
3367 2542 3621 2620 inquirit,

2004 2647 2155 2718 quod
2185 2647 2349 2703 etiam
2378 2647 2521 2702 circa
2561 2645 2804 2700 ciborum
2832 2649 3202 2711 susceptorum
3227 2648 3471 2697 ventrem
3516 2656 3621 2697 ne-

2010 2740 2250 2797 cessario
2281 2736 2556 2810 producit.
2581 2736 2639 2791 In
2668 2742 2929 2805 quantum
2970 2746 3201 2802 namque
3247 2733 3436 2802 igneus
3474 2732 3621 2788 vici-

2012 2831 2182 2886 nitate
2213 2828 2411 2885 caloris
2436 2825 2687 2891 efficitur,
2712 2824 2765 2881 in
2794 2832 3002 2879 tantum
3033 2824 3202 2892 magis
3230 2822 3381 2878 cibos
3408 2822 3503 2891 qui
3529 2836 3620 2878 ca-

2004 2923 2180 2979 lorem
2214 2922 2451 2978 nutriant
2477 2933 2693 2990 semper
2713 2917 2978 2988 exposcit.
3002 2915 3170 2985 Hujus
3190 2922 3371 2970 autem
3393 2914 3620 2971 deside-

2009 3014 2151 3079 rium
2194 3010 2591 3081 congruentius
2656 3008 2956 3080 appetitum
3033 3021 3309 3063 vocamus.
3362 3004 3421 3061 Si
3481 3021 3621 3061 vero

1998 3105 2367 3161 sufficientem
2396 3103 2682 3158 materiam
2709 3108 2901 3155 venter
2926 3097 3217 3170 acceperit,
3251 3111 3354 3152 nec
3380 3097 3462 3152 sic
3491 3096 3620 3166 qui.

2010 3195 2132 3251 dem
2163 3194 2299 3267 ignis
2318 3192 2564 3265 operatio
2593 3189 2949 3260 conquiescit.
2987 3184 3122 3244 Nam
3152 3186 3619 3258 quemadmodum

2001 3287 2067 3342 ‘in
2108 3283 2431 3343 conflatorio
2454 3281 2905 3340 coadunationem
2929 3278 3217 3349 quamdam
3242 3279 3419 3334 totius
3444 3288 3633 3355 ntate-q

2008 3379 2103 3433 riae
2130 3375 2357 3449 perficit,
2388 3374 2774 3443 resolvensqne
2801 3370 3047 3427 universa
3074 3378 3235 3439 atque
3253 3367 3617 3439 permiscens,

2007 3468 2173 3527 veluti
2200 3465 2535 3525 excolatorio
2558 3463 2793 3533 quodam
2829 3460 2897 3515 ad
2935 3460 3322 3529 subsequattes
3366 3458 3619 3517 refundit

2005 3562 2202 3627 aditus,
2253 3559 2379 3615 dein
2423 3555 2752 3627 grossiorem
2768 3563 2980 3625 partem
3009 3568 3040 3605 a
3068 3549 3361 3608 sinceriore
3400 3549 3618 3606 discer-

2005 3667 2160 3717 nens,
2203 3650 2503 3707 tenuiorem
2548 3645 2768 3716 quidem
2807 3642 3160 3701 substantiam
3203 3656 3301 3711 per
3339 3642 3615 3710 quodam

2005 3746 2251 3802 tramites
2279 3742 2346 3799 ad
2370 3740 2569 3811 jeooris
2594 3738 2811 3794 deducit
2857 3737 3155 3806 ingressus,
3183 3734 3429 3791 limosatn
3472 3750 3615 3801 vero

2005 3838 2368 3894 fmculentiam
2400 3834 2467 3889 ad
2498 3833 2719 3889 latiores
2762 3830 3141 3886 intestinorum
3187 3829 3363 3884 aditus
3409 3829 3611 3899 tradit,

2001 3944 2165 4001 quam
2196 3926 2583 3999 multiplicibus
2610 3921 2969 3979 voluminibus
3010 3934 3237 3980 versans
3273 3932 3382 3975 non
3420 3935 3613 3990 parvo

1992 4030 2254 4094 tempore
2292 4020 2470 4076 cibum
2512 4017 2564 4073 in
2606 4013 2904 4072 visceribus
2938 4014 3165 4077 retinet,
3190 4014 3274 4067 uti
3322 4026 3394 4068 ne
3444 4022 3611 4068 recto

2000 4129 2163 4170 cursu
2191 4111 2398 4166 facilius
2424 4109 2635 4181 pulsum
2660 4122 2788 4163 mox
2820 4104 3018 4160 animal
3063 4105 3364 4177 appetitum
3401 4105 3609 4160 edendi

1988 4211 2361 4268 cnuunoveat,
2386 4211 2444 4257 et
2466 4203 2621 4273 juxta
2651 4206 2900 4254 naturam
2942 4197 3421 4263 irrationabilium,
3466 4213 3612 4252 nun-

1998 4312 2159 4367 quam
2190 4296 2352 4349 ftomo
2381 4294 2448 4348 ab
2477 4293 2578 4347 hac
2598 4291 2956 4362 occupatione
2975 4288 3220 4344 dmisiat.
3246 4287 3312 4342 Et
3338 4289 3609 4357 quoniam

1993 4387 2165 4456 jecori
2216 4384 2456 4440 maxime
2510 4381 2707 4438 caloris
2747 4380 3065 4452 eooperatio
3106 4394 3232 4435 esse
3284 4380 3610 4436 necessaria

1998 4478 2282 4550 probatur,
2310 4484 2373 4533 ut
2397 4476 2591 4529 lmmnr
2620 4480 2923 4529 verteretur
2953 4472 3005 4526 in
3026 4470 3365 4539 sanguinem,
3383 4470 3492 4525 hoc
3508 4486 3611 4525 au-

1999 4579 2107 4625 tem
2137 4568 2433 4622 membrum
2472 4581 2501 4619 a
2531 4564 2695 4621 corde
2734 4563 2887 4634 juxta
2932 4562 3260 4633 positionem
3305 4561 3610 4617 intervallo

2001 4676 2107 4714 non
2131 4659 2354 4717 minimo
2380 4656 2687 4727 disparatur
2735 4654 2860 4723 (nec
2881 4653 3080 4708 etenim
3121 4669 3248 4708 reor
3280 4652 3444 4706 fuisse
3468 4668 3611 4722 pos-

1995 4751 2152 4809 sibile
2194 4758 2253 4805 ut
2305 4748 2626 4819 pr-ncipium
2679 4745 2949 4816 quoddam
3004 4754 3171 4814 atque
3215 4743 3367 4802 radix
3415 4743 3612 4799 vitalis

1995 4843 2252 4915 potentia:
2300 4841 2520 4899 alterius
2559 4847 2938 4908 augustaretur
2964 4838 3261 4894 vicinitate
3286 4836 3607 4907 principii),

1996 4950 2065 4991 ne
2105 4932 2234 5004 quid
2267 4945 2445 4988 tamen
2473 4931 2527 4987 in
2555 4930 2957 5000 dispensatione
2986 4930 3231 4999 corporis
3261 4943 3358 4999 per
3396 4928 3610 4983 distan-

1982 5028 2124 5084 tiam
2154 5024 2342 5082 calida:
2385 5023 2701 5081 substantia:
2741 5029 3076 5099 peccaretur,
3105 5031 3303 5077 trames
3332 5038 3609 5077 nerrosua

1995 5134 2157 5188 quem
2186 5116 2441 5173 arteriam
2465 5115 2521 5171 bi
2549 5114 2642 5185 qui
2670 5114 2814 5169 circa
2842 5113 2999 5168 istam
3025 5122 3150 5168 sunt
3174 5112 3468 5182 prudentes
3487 5128 3608 5183 ap-

1993 5211 2217 5283 pellant,
2246 5209 2523 5279 excipiens
2550 5222 2580 5260 a
2612 5204 2777 5262 corde
2799 5203 3094 5261 ferventem
3120 5204 3365 5274 spiritum
3393 5203 3610 5273 perdu-

1994 5305 2063 5361 cit
2090 5302 2155 5357 ad
2173 5302 2346 5372 jecur,
2381 5300 2596 5370 illieque
2619 5296 2773 5365 juxta
2805 5295 3007 5351 aditum
3036 5311 3145 5365 quo
3188 5294 3405 5349 humida
3448 5294 3608 5349 reei-

1982 5396 2213 5467 'piuntut'
2249 5393 2520 5455 adnexus,
2565 5399 2622 5446 et
2667 5386 2989 5446 calefacieus
3029 5386 3274 5443 eamdem
3312 5383 3608 5441 humidam

1990 5486 2367 5546 substantiam,
2384 5481 2581 5552 aliquid
2605 5482 2653 5536 ei
2676 5480 2995 5538 continuato
3014 5478 3194 5535 calore
3217 5477 3369 5540 igniti
3388 5476 3611 5545 vigoris

1990 5578 2280 5634 interserit.
2306 5575 2445 5649 Hinq
2465 5574 2673 5644 :pecies
2694 5573 2969 5641 sanguinis
2989 5571 3154 5627 rubro
3173 5569 3356 5626 calore
3377 5576 3606 5636 resper-

1986 5672 2147 5738 gitur,
2173 5668 2369 5724 exinde
2405 5683 2538 5722 vero
2568 5666 2805 5723 connexi
2829 5665 3029 5735 gemini
3073 5664 3290 5733 quidem
3341 5660 3494 5718 rivuli
3533 5663 3602 5719 in

1989 5761 2206 5817 modum
2252 5758 2547 5814 fistularum
2593 5759 2870 5829 proprium
2911 5756 3105 5827 singuli
3148 5763 3445 5827 receptant,
3492 5754 3605 5810 ille

1987 5850 2207 5927 quidem
2252 5850 2520 5924 spiritum,
2575 5850 2659 5906 bic
2688 5860 2869 5915 autem
2897 5847 3234 5919 sanguinem,
3266 5863 3376 5917 quo
3425 5845 3603 5916 liii-1..."
