1958 3101
125 162 178 190 ωδ

529 153 619 180 LIBRI
639 152 682 180 DE
701 149 896 181 CREATIONE
916 148 1054 177 llOMit‘tlS
1074 146 1366 177 lN'lERPBET.\Tl0.

1725 144 1777 174 ιοσ

124 217 196 246 facili
219 215 333 244 humida
352 211 501 241 substantia
525 214 598 237 motu
623 209 721 237 caloris
742 212 879 236 excurrat.
895 205 928 233 Et
942 204 968 235 Δ
981 210 1070 233 autem
1086 209 1113 233 et
1123 205 1188 240 piris
1200 204 1370 232 dulcedinem
1386 203 1477 237 refert,
1494 211 1544 232 nec
1557 211 1611 231 non
1629 211 1677 239 per
1696 209 1781 233 vitem

124 267 254 292 recreato-
268 270 316 297 per
331 264 418 288 totum
432 265 558 293 corpore,
573 255 759 291 multipliciter
773 253 929 282 dissemble-

125 316 171 338 tur
184 311 211 337 iu
228 309 306 344 plura
319 306 466 334 rivulorum
481 303 625 339 principia,
637 310 697 337 qua:
711 306 776 330 sunt
789 309 838 336 per
849 308 931 328 omne

128 363 228 389 corpus
241 353 364 386 inscissa,
379 350 511 387 permixta
525 356 590 377 vero
604 348 683 376 simul
697 347 817 374 vitalium
833 351 930 382 poten-

130 402 228 429 tiarum
243 399 299 426 duo
313 397 455 433 principia,
472 395 529 423 sive
550 394 622 429 quod
643 393 772 425 calorem,
787 399 836 419 seu
856 390 930 426 quod

128 450 271 478 humorem
287 454 336 482 per
345 452 445 479 corpus
455 442 554 477 ubique
565 440 726 472 dill'uudunt,
739 439 813 466 velut
824 436 932 473 aliquod

128 493 243 527 vectigal
258 492 292 520 de
312 491 368 520 suis
390 488 584 519 necessarium,
599 486 679 521 eique
699 483 881 520 principaliter
905 483 932 510 in

130 539 203 567 \itali
215 538 283 573 jugo
297 536 448 573 pramrinet,
459 534 657 562 administrant.
673 531 737 559 llmc
749 534 838 558 autem
854 530 893 557 vis
905 530 931 556 in

129 584 297 613 membranis
311 582 415 610 cerebri
427 588 488 608 esse
501 578 676 614 conspicitur,
692 585 726 604 ex
740 583 793 612 qua
812 575 932 602 omnium

129 634 222 657 motus
247 628 426 657 articulorum
449 624 623 659 conglobatio
647 623 784 657 totiusque
817 619 934 648 ultronei

130 676 244 710 Spiritus
254 675 332 708 vigor
344 672 456 707 singulis
467 670 596 698 membris
605 669 742 704 inspersus
754 667 892 695 ellicacem
903 673 935 694 ac

129 729 192 749 sese
205 723 363 748 moventem
375 722 511 748 terrenam
527 720 647 744 nostram
665 719 782 742 statuam
797 721 832 741 ex
846 713 934 747 aliqua

131 765 336 794 machinatione
366 764 546 790 demonstrat.
573 761 639 788 Nam
676 759 775 787 caloris
796 758 869 793 quod
894 761 937 785 est

131 809 351 842 niundissimum,
366 813 392 836 et
404 807 525 836 humoris
539 806 612 841 quod
624 805 809 835 tenuissimum
823 807 876 834 est,
888 810 937 837 per

132 861 278 891 utramque
290 855 343 883 vim
359 854 526 882 admixtione
546 851 661 888 quadam
685 859 716 879 ac
741 850 936 885 temperatione

980 251 1085 286 botrus,
1110 256 1138 278 et
1151 259 1185 278 ex
1204 258 1238 278 eo
1256 251 1348 278 vinum
1366 250 1468 282 delluit,
1493 254 1522 277 et
1546 249 1609 277 mali
1631 257 1736 282 succus,
1752 254 1788 278 et.

981 305 1049 325 rosa:
1064 297 1156 330 rubor,
1171 297 1326 331 candorque
1350 296 1409 330 lilii,
1430 300 1456 323 et
1479 295 1557 323 violae
1570 295 1726 326 czcruleum,
1751 291 1780 322 et

982 343 1163 378 hyacinthina:
1186 342 1364 376 tim-tuncque
1389 348 1573 376 purpureum,
1607 345 1634 368 et
1656 341 1780 368 universa

982 396 1150 423 qumcunque
1164 396 1197 415 ex
1214 396 1268 415 uno
1282 387 1431 421 eodemque
1446 387 1559 414 luunore
1573 386 1607 414 de
1622 390 1691 416 terra
1715 387 1781 415 oriri

983 434 1173 469 conspicimus,
1190 434 1215 461 in
1234 437 1322 461 tantas
1333 433 1496 461 dillerentias
1516 432 1593 467 juxta
1617 432 1731 461 formam
1755 438 1783 468 ct

983 480 1099 515 speciem
1122 480 1333 516 qualitatcmque
1357 483 1508 506 vertuntur.
1531 478 1596 507 Tale
1619 478 1684 513 quid
1705 483 1733 506 et
1756 479 1783 509 in

985 530 1078 552 "nstro
1093 525 1146 554 hoc
1160 525 1279 552 animato
1294 531 1359 559 agro
1374 524 1533 552 mirabiliter
1547 532 1563 552 a
1579 529 1674 554 natura
1689 524 1782 562 perfe-

985 576 1056 600 ctum
1070 575 1120 602 est,
1144 571 1198 598 imo
1222 571 1312 606 potius
1332 577 1347 597 a
1371 570 1483 598 Domino
1510 569 1656 598 formatore
1680 575 1783 600 natura:

985 621 1095 651 postne,
1107 625 1167 644 ossa
1182 617 1300 650 scilicet,
1312 616 1552 651 earlilugo,,vcnte,
1564 616 1682 650 arteriae,
1694 617 1794 651 nervi,_

982 662 1128 698 junctum,
1143 670 1217 694 caro,
1239 662 1317 693 cutis,
1340 662 1442 694 arvina,
1472 661 1594 695 musculi,
1610 662 1710 697 capilli,
1735 670 1784 690 un-

986 717 1061 746 gues,
1076 709 1158 743 oculi,
1173 716 1262 742 nares,
1284 715 1417 743 auresque
1438 712 1467 736 et
1491 707 1616 735 universa
1639 708 1712 736 mille
1736 717 1785 744 per

987 756 1046 784 hate
1059 756 1111 783 alia
1123 755 1234 784 diversis
1245 754 1454 791 proprietatibus
1468 754 1502 782 ab
1518 754 1633 782 invicem
1645 757 1767 789 separata
1776 773 1796 786 ,,

989 810 1041 830 una
1065 801 1170 837 species
1192 801 1325 834 alimenti,
1338 801 1416 836 juxta
1436 805 1538 828 natura:
1561 808 1617 829 sua:
1633 800 1773 835 similitudi

988 857 1051 880 nem
1066 849 1241 881 nutrimenta,
1264 848 1301 875 ita
1324 852 1354 876 ut
1372 847 1501 882 subjectis
1522 847 1634 884 singulis
1650 846 1763 881 accedet
1775 853 1790 873 ι

133 902 288 930 coadunata
303 901 444 928 cert-brum
459 899 580 926 nutriunt
593 906 625 925 ac
639 899 777 924 rcforvent
788 903 837 931 per
852 902 935 929 vapo-
953 891 977 925 Β
990 895 1160 929 alimentum,
1172 895 1323 929 cuicunque
1339 893 1460 922 membro
1472 893 1786 931 propinquaverit,juxta

134 956 187 980 res,
203 956 238 975 ex
262 955 319 981 quo
333 954 426 973 mrsus
446 945 479 972 ad
502 944 527 972 id
548 944 620 979 quod
644 948 686 971 est
699 943 791 978 purius
810 941 938 970 exhalitio

135 999 246 1023 tenuata
263 997 393 1029 perunget
410 992 547 1024 membra;
564 999 625 1018 nam
650 990 694 1017 illa
718 989 831 1017 cerebro
852 988 940 1022 conti-

135 1046 244 1072 nentur,
260 1046 321 1074 qua:
333 1039 415 1066 etiam
433 1037 467 1065 de
481 1036 665 1072 superioribus
683 1035 709 1062 in
731 1033 892 1070 profundum
912 1032 939 1059 in

134 1087 246 1114 modum
259 1085 355 1112 ﬁstula:
370 1084 536 1119 pertingens,
557 1086 585 1110 et
598 1089 647 1117 per
667 1081 821 1116 juncturam
845 1086 940 1108 conse-

134 1137 252 1167 quentes
265 1138 327 1158 scse
340 1135 422 1164 atque
438 1129 566 1156 insertam
590 1127 640 1155 sibi
662 1125 808 1155 medullam
829 1132 941 1161 prorsus

134 1177 300 1208 extendens,
322 1176 347 1203 in
363 1176 442 1207 linem
467 1174 549 1203 totius
574 1174 657 1208 spiam
681 1173 753 1200 dorsi
775 1172 882 1206 desinit,
907 1179 941 1199 ac

134 1222 235 1254 deinde
248 1223 357 1250 ossibus
371 1226 452 1255 atque
477 1220 566 1248 nervis
585 1226 636 1247 nec
656 1227 709 1246 non
733 1224 894 1254 compagum
907 1225 942 1251 ac

134 1268 319 1296 medullarum
341 1267 478 1302 |rincipiis
493 1265 575 1294 veluti
599 1265 707 1300 quidam
732 1265 824 1299 auriga
848 1263 942 1299 poesi-

139 1314 219 1346 deus,
237 1313 353 1349 singulis
368 1312 400 1340 ad
412 1313 556 1340 stationem
573 1311 613 1339 rel
628 1315 732 1339 motum
747 1311 876 1339 virtutem
890 1310 942 1338 im-

136 1364 290 1396 petumque
312 1358 434 1392 largitur.
456 1357 558 1385 Idcirco
583 1357 647 1385 mibi
672 1357 779 1396 videtur
796 1360 824 1384 et
843 1356 943 1387 certius

140 1395 281 1441 accepisse
292 1404 441 1431 munimen.
457 1403 523 1431 Nam
538 1403 564 1431 in
575 1404 664 1438 capite
673 1395 781 1438 quidem
792 1403 944 1438 duplicibus

140 1452 247 1484 auibus
262 1451 392 1487 probatur
405 1458 465 1478 esse
476 1450 652 1484 circumdata,
669 1451 694 1478 in
710 1450 787 1478 nodis
798 1454 889 1482 autem
900 1450 945 1477 vel

136 1496 337 1530 jueminentiis
358 1500 494 1523 costarum
515 1499 594 1530 atque
615 1495 807 1530 multiplicibus
822 1496 867 1523 vix
891 1495 946 1524 for-

143 1550 187 1570 ma
213 1542 449 1578 complexionibus
474 1542 582 1576 insuper
601 1541 674 1569 omni
689 1541 835 1569 stabilitate
853 1549 945 1569 serva-

144 1593 188 1627 tu-
201 1595 251 1624 per
265 1575 389 1615 eamdem
404 1575 556 1615 custodiam
578 1594 632 1622 qua
651 1587 806 1614 continetur
831 1586 858 1614 id
872 1586 946 1621 quod
960 1575 982 1607 (ἶ

145 1635 255 1662 tertium
270 1637 312 1661 est
324 1633 459 1661 obtinens.
476 1633 608 1661 Similiter
623 1636 713 1660 autem
725 1632 785 1667 quis
799 1632 851 1660 hoc
861 1632 944 1666 etiam

146 1681 179 1709 de
192 1680 277 1709 corde
288 1680 425 1714 conjicict,
439 1679 513 1715 quod
527 1680 597 1707 sicut
610 1679 732 1715 quaedam
749 1679 846 1707 domus
870 1683 946 1707 certa

147 1727 217 1754 mole
231 1725 360 1758 solidata,
376 1726 413 1753 ita
427 1734 476 1754 cor
489 1725 592 1753 assium
607 1726 946 1760 munitureircumquaquo

147 1773 286 1809 prasidiis.
300 1772 329 1800 ln
340 1772 490 1808 posteriore
504 1779 619 1806 namque
632 1772 673 1800 sui
687 1776 764 1807 parte
784 1772 859 1807 spina
872 1771 946 1802 dorsi

144 1819 305 1853 Δ.ωώ
317 1819 443 1853 utrinque
458 1818 586 1851 vallatur;
599 1826 647 1853 per
661 1823 774 1853 utraque
785 1825 849 1846 vero
861 1818 946 1846 latera

148 1869 283 1893 costarum
299 1864 408 1893 vinculo
427 1865 554 1898 nectitur,
578 1864 651 1899 quod
676 1865 793 1892 medium
808 1864 866 1899 ejus
888 1872 947 1892 am-

149 1911 223 1939 biens
234 1912 270 1938 ab
283 1912 358 1939 omni
382 1911 507 1947 passione
521 1911 641 1939 defendit
655 1921 661 1945 ;
674 1912 700 1939 in
723 1912 861 1939 anteriore
883 1919 947 1939 vero

150 1957 206 1991 ejus
226 1961 322 1993 pectus
335 1961 364 1984 et
374 1957 479 1992 jugatio
493 1958 556 1985 colli
578 1958 692 1985 demissa
708 1958 825 1985 molliter
849 1958 874 1985 ei
899 1964 948 1992 per

150 2003 238 2030 omnia
260 2003 399 2030 munimen
419 2003 539 2038 impertit
560 2003 735 2033 adversusvea
758 2011 818 2039 qua:
836 2007 949 2039 possunt

148 2048 318 2078 animatus
330 2048 430 2076 inferre
441 2049 603 2077 molestiam.
619 2049 652 2076 Et
663 2050 731 2077 sicut
745 2050 770 2076 in
786 2050 947 2084 agricultura

151 2094 336 2129 perspicimus,
350 2102 410 2122 cum
423 2095 464 2122 vel
480 2095 580 2123 imbres
597 2103 631 2123 ex
651 2096 778 2130 nubibus,
791 2097 834 2124 vel
850 2096 950 2125 ﬂuenta

152 2140 297 2167 rivulorum
312 2140 493 2168 madefaciant
513 2140 538 2168 id
553 2141 625 2177 quod
639 2142 790 2176 subjectum
805 2147 856 2174 est,
874 2146 950 2170 ortus

154 2191 239 2213 autem
252 2186 363 2221 quidam
377 2187 502 2215 relationi
517 2192 628 2221 nostras,
642 2189 715 2215 verbi
729 2189 829 2223 gratia.
847 2198 948 2224 suppo-

154 2238 239 2265 natur,
256 2233 304 2268 qui
318 2233 395 2262 mille
405 2233 577 2262 diversitates
589 2235 715 2262 arborum
733 2235 948 2270 multiplicesque

154 2279 255 2312 species
268 2287 363 2307 earum
388 2287 478 2308 rerum
489 2288 561 2315 quas
581 2285 654 2308 terra
676 2281 799 2316 producit
812 2268 948 2316 centri-at,
964 2268 990 2298 θ

156 2331 266 2358 Quarum
280 2330 310 2353 et
320 2325 403 2352 forma
418 2330 446 2353 et
458 2326 574 2360 qualitas
586 2327 739 2361 colorisque
757 2328 909 2362 proprietas
923 2328 949 2355 in

157 2371 265 2399 multam
279 2371 433 2400 distamiam
452 2380 513 2407 qua:
532 2377 574 2399 est
592 2373 619 2400 in
639 2374 750 2407 singulis
764 2374 948 2409 approbetur:

157 2424 215 2445 Qum
231 2418 287 2446 sint
301 2419 381 2452 igitur
394 2427 453 2453 qua:
475 2420 502 2446 in
524 2428 578 2447 uno
598 2426 663 2454 agro
687 2421 783 2447 humor
798 2428 866 2448 unus
884 2428 951 2448 enu—

158 2463 228 2497 triat,
242 2468 272 2491 ut
286 2469 350 2500 puta
365 2465 405 2492 \‘is
423 2465 473 2492 ista
488 2473 547 2500 qu:c
567 2466 671 2500 singula
691 2474 805 2501 qumque
828 2466 950 2494 madefa—

149 2509 228 2537 ciens
239 2511 296 2542 alit,
309 2518 372 2543 una,
382 2512 485 2544 utdixi,
496 2511 620 2547 quedam
631 2513 800 2549 simplexque
813 2513 839 2541 in
850 2521 899 2541 sua
906 2521 952 2541 n.1-

160 2559 214 2583 tura
228 2561 279 2590 est,
303 2564 398 2585 earum
414 2565 479 2585 vero
493 2566 584 2587 rerum
599 2566 660 2594 qum
683 2559 838 2587 nutriuntur
850 2568 885 2587 ex
904 2559 951 2588 illa

159 2602 306 2636 proprietas
315 2602 343 2630 in
356 2603 478 2635 diversas
495 2604 601 2639 species
614 2605 813 2640 qualitatequ
835 2613 950 2633 conver-

143 2669 145 2673 ι
161 2647 232 2681 titur,
243 2649 295 2676 hoc
309 2649 397 2684 ipsum
411 2650 555 2688 amarescit
567 2650 594 2677 in
606 2650 750 2682 absinthio,
764 2654 792 2678 et
801 2651 828 2678 in
842 2659 951 2680 succum

161 2698 335 2722 eorumutatur
357 2695 453 2723 cicutae
476 2695 653 2729 mortiferum,
678 2700 706 2724 et
725 2697 750 2724 in
771 2697 825 2725 alio
844 2704 953 2732 quoque

163 2738 228 2765 aliud
243 2739 313 2773 facit,
328 2741 356 2769 in
371 2741 503 2776 balsamo,
518 2742 544 2769 in
556 2749 653 2775 croco,
676 2743 703 2770 in
719 2750 864 2778 papavere.
886 2743 951 2770 Nam

164 2782 253 2813 borum
262 2785 335 2814 aliud
348 2791 391 2814 est
403 2787 528 2821 calidum,
544 2788 616 2816 aliud
634 2788 770 2823 frigidum,
793 2789 865 2817 aliud
887 2797 954 2818 vero

163 2831 425 2866 adu-qundam
434 2833 592 2868 qualitatem
601 2834 729 2870 possidet.
737 2834 766 2862 lu
778 2835 853 2863 lauro
861 2836 952 2869 etiam,

155 2880 191 2903 .ct
203 2879 229 2903 tu
240 2876 361 2910 lentisco.
378 2883 460 2914 atque
474 2879 602 2908 similibus
616 2880 779 2909 odoriferum
791 2885 839 2909 est.
858 2881 885 2910 ln
898 2882 953 2910 ticis

990 941 1055 969 illud
1070 941 1151 968 etiam
1162 944 1353 972 commutatur,
1367 939 1557 974 propriamque
1570 943 1722 967 consertam
1735 939 1797 966 riui.

986 988 1031 1022 sui
1046 987 1146 1022 vigoris
1170 987 1337 1021 impartiens.
1358 985 1387 1013 Si
1408 985 1479 1013 cnim
1505 985 1537 1012 ad
1563 985 1704 1013 oculorum
1730 984 1796 1012 loca-

988 1034 1152 1073 pervencrit,
1165 1041 1259 1061 eorum
1274 1034 1333 1061 usui
1346 1037 1523 1068 temperatur,
1538 1037 1565 1061 ct
1588 1040 1651 1067 erga
1670 1033 1791 1069 ,νυρίιιξια

985 1089 1049 1115 rum
1065 1081 1169 1108 tunicas
1189 1081 1386 1116 palpebrasque
1407 1079 1544 1112 dividitur.
1568 1079 1598 1107 Si
1618 1079 1726 1106 auditus
1747 1079 1790 1106 ἰη-

990 1126 1107 1159 ﬂuxerit,
1122 1126 1226 1154 aui-ima
1240 1130 1345 1154 natura:
1355 1132 1463 1160 prosua
1474 1125 1605 1160 qualitate
1616 1124 1754 1157 miscetur,
1762 1129 1789 1153 et

986 1175 1024 1209 ad
1035 1175 1110 1202 labra
1122 1175 1234 1207 veniens
1247 1173 1364 1207 eﬂicitur
1379 1173 1495 1206 labrum,
1506 1177 1534 1202 et
1548 1173 1575 1199 iu
1589 1179 1651 1200 osse
1665 1172 1786 1207 compin-

985 1222 1073 1257 gitur,
1096 1225 1130 1254 et
1152 1220 1179 1248 in
1194 1219 1318 1254 ,tnedulla
1332 1218 1476 1252 mollescit,
1491 1223 1520 1246 et
1542 1217 1663 1246 tinuatur
1677 1218 1705 1246 in
1728 1225 1791 1245 ner—

993 1267 1043 1300 vis,
1058 1270 1086 1295 ct
1104 1266 1131 1300 in
1145 1264 1288 1301 superﬁcie
1303 1265 1378 1293 cutis
1389 1264 1562 1298 extenditur,
1581 1267 1611 1292 et
1634 1263 1731 1291 transit
1757 1264 1790 1291 ad

993 1321 1105 1349 ungues,
1121 1318 1149 1342 et
1161 1313 1321 1348 capillorum
1331 1316 1457 1342 exortum
1468 1311 1655 1340 tenuissimum
1672 1317 1721 1346 per
1741 1317 1791 1337 ex—

993 1360 1146 1391 halationes
1167 1359 1426 1394 congruentissima
1442 1358 1561 1394 perlicit,
1576 1365 1636 1393 quas
1658 1356 1792 1392 siquidem

994 1415 1043 1442 per
1060 1411 1197 1436 tortuosos
1216 1410 1358 1442 emergunt
1377 1405 1484 1439 aditus,
1508 1405 1657 1439 crispantes
1680 1402 1803 1438 capillos.

995 1454 1165 1489 reﬂexosque
1190 1458 1336 1488 generant;
1357 1453 1382 1481 si
1407 1460 1472 1481 vero
1496 1460 1546 1488 per
1559 1456 1649 1480 rectos
1672 1450 1793 1478 tramites

995 1509 1127 1537 vaporum
1141 1501 1223 1529 fuerit
1236 1501 1307 1528 facta
1322 1500 1488 1536 progressio,
1502 1498 1626 1535 producti
1650 1496 1739 1534 capilli
1753 1496 1794 1525 di-

997 1549 1119 1583 rcctique
1135 1551 1297 1576 .nascunlur.
1312 1546 1366 1575 Sed
1385 1546 1498 1574 ntulttun
1514 1553 1529 1573 ι
1544 1544 1685 1581 proposito
1702 1552 1804 1572 sermo-

997 1600 1090 1624 noster
1103 1594 1233 1623 abductus
1245 1598 1299 1628 est,
1308 1594 1370 1622 dum
1385 1593 1465 1622 altius
1479 1600 1562 1628 opzra
1581 1595 1685 1621 natura:
1701 1598 1802 1626 ωηατ--

989 1642 1114 1678 .quimur.
1131 1640 1222 1670 conati
1235 1640 1388 1668 describere
1411 1639 1528 1675 qualiter
1543 1637 1620 1666 nobis
1636 1641 1665 1665 et
1685 1645 1718 1664 ex
1733 1637 1795 1671 qui-

997 1689 1048 1716 bus
1061 1691 1188 1717 constant
1199 1687 1314 1721 singula,
1327 1687 1384 1714 sive
1398 1693 1458 1721 qua:
1470 1685 1503 1712 ad
1517 1685 1617 1713 bonam
1632 1682 1726 1716 vitam,
1746 1690 1804 1710 sco-

996 1734 1079 1763 etiam
1094 1741 1260 1769 quotcunque
1274 1740 1334 1761 cum
1348 1732 1390 1760 bis
1404 1732 1455 1760 alia
1467 1731 1544 1767 juxta
1568 1731 1681 1766 primam
1695 1729 1794 1757 seriem

998 1785 1097 1810 ucstra:
1129 1779 1270 1808 divisionis
1301 1786 1361 1807 esse
1397 1778 1594 1814 perspeximus.
1623 1775 1795 1811 Propositum

999 1834 1115 1861 namque
1128 1826 1209 1853 nobis
1219 1830 1279 1853 erat
1292 1824 1436 1852 ostendere
1449 1823 1627 1851 semcntinam
1646 1822 1719 1849 hanc
1730 1829 1797 1849 cou-

997 1872 1145 1901 stitutiouis
1155 1875 1255 1900 nostra:
1267 1871 1418 1903 materiam,
1435 1877 1522 1904 neque
1537 1869 1724 1903 incorporeum
1737 1875 1806 1894 esse»

999 1918 1129 1950 amittam,
1145 1925 1232 1952 neque
1248 1925 1347 1951 corpus
1362 1915 1499 1945 exanime,
1511 1914 1557 1941 sed
1569 1922 1604 1941 ex
1618 1913 1686 1940 vivis
1698 1913 1806 1939 anima-.

1000 1964 1087 1999 lisque
1111 1963 1269 1997 corporibus
1285 1962 1373 1988 vivum
1390 1965 1471 1995 atque
1491 1959 1637 1986 animatum
1658 1958 1684 1984 in
1710 1958 1796 1992 prima

1000 2008 1161 2036 forlnatione
1179 2007 1290 2042 deponi,
1303 2006 1376 2041 quod
1390 2005 1529 2040 excipiens
1551 2004 1667 2031 humana
1690 2006 1806 2035 natura,

999 2055 1082 2083 voluti
1106 2054 1264 2082 alimentum
1284 2051 1418 2089 quoddam
1438 2051 1565 2079 fomentis
1589 2050 1654 2078 illud
1680 2050 1798 2085 propriis

1000 2100 1227 2135 nutrimentisque
1240 2099 1388 2127 contineat.
1403 2097 1433 2125 ld
1446 2102 1536 2125 autem
1557 2096 1634 2132 juxta
1656 2100 1798 2129 utramque

1000 2151 1106 2183 partem
1130 2149 1312 2180 congruenter
1337 2144 1490 2176 reducetur,
1517 2147 1545 2170 et
1569 2142 1735 2170 incrementa
1758 2142 1798 2169 rei

1001 2194 1139 2229 utriusque
1154 2191 1294 2228 percipiat.
1307 2191 1368 2219 Mox
1380 2198 1429 2227 per
1441 2191 1511 2218 hanc
1525 2188 1697 2217 artiﬁciosam
1717 2193 1799 2223 atque

1001 2239 1223 2276 disciplinabilem
1247 2238 1611 2266 formationemconsertum
1635 2237 1732 2265 anima!
1753 2236 1801 2264 de-

1002 2289 1135 2313 monstrat
1158 2283 1295 2318 eiectum,
1319 2283 1346 2312 in
1373 2283 1468 2319 primis
1494 2283 1603 2318 quidem
1625 2286 1800 2318 apparentur:

1002 2331 1153 2363 obscurius,
1168 2330 1282 2366 proinde
1295 2338 1358 2358 cum
1378 2330 1550 2360 instrumenti
1564 2328 1732 2365 perfectione
1753 2337 1800 2356 re-

1003 2376 1149 2409 lucentem,
1164 2377 1235 2404 sicut
1245 2375 1273 2404 in
1289 2374 1602 2411 sculptoribuslapidum
1617 2374 1797 2409 pervidemus,

1001 2423 1216 2459 dispositumque
1224 2427 1266 2450 est
1275 2421 1370 2450 artiﬁci
1383 2422 1509 2458 speciem
1515 2420 1687 2457 prmformare
1696 2420 1800 2448 anima-

1002 2469 1035 2496 lis
1047 2468 1160 2503 alicujus
1176 2469 1202 2496 in
1217 2468 1315 2503 lapide.
1331 2467 1389 2496 lloe
1401 2472 1492 2496 autem
1512 2467 1558 2501 qui
1577 2465 1727 2501 proposuit,
1742 2466 1799 2500 pri-

1003 2523 1076 2543 mum
1090 2515 1197 2550 quidem
1214 2514 1329 2549 lapidem
1347 2522 1361 2540 a
1377 2513 1489 2542 materia
1503 2515 1617 2545 cognata
1639 2510 1799 2550 proscindit,

1002 2547 1171 2593 deinde-ejus
1185 2547 1318 2593 superﬂua
1334 2557 1538 2590 circumcidens,
1554 2564 1602 2591 per
1623 2547 1800 2588 mmtiouem

1002 2605 1097 2640 prium
1111 2603 1277 2639 figurationis
1291 2604 1317 2631 id
1338 2604 1409 2638 quod
1429 2602 1573 2637 proposuit
1589 2601 1742 2635 adumbrat,
1763 2601 1800 2630 ita

1004 2658 1035 2680 ut
1048 2656 1176 2686 expertus
1188 2652 1270 2679 etiam
1284 2657 1335 2685 per
1346 2650 1374 2678 id
1387 2649 1459 2684 quod
1485 2654 1614 2687 apparet,
1623 2648 1800 2677 imentionem

1004 2699 1115 2727 artiﬁcis
1138 2698 1196 2726 sine
1216 2695 1529 2731 ditiicultateconjiciat.
1543 2695 1647 2726 Rursus
1657 2695 1802 2731 explicans

1005 2745 1120 2780 amplius
1134 2743 1169 2771 ad
1187 2742 1391 2776 similitudinem
1409 2742 1469 2777 ejus
1491 2741 1569 2777 cujus
1592 2742 1662 2777 gerit
1683 2742 1801 2769 studium

1004 2799 1115 2827 prorsus
1127 2790 1240 2822 accedit,
1258 2794 1313 2817 tum
1327 2788 1425 2819 deinde
1439 2789 1465 2817 in
1486 2789 1542 2825 ipsa
1557 2788 1668 2819 materia
1682 2788 1801 2823 speciem

1004 2838 1147 2872 diligenter
1160 2836 1317 2872 integreque
1328 2835 1527 2865 demonstrans.
1543 2839 1628 2872 arum
1646 2833 1754 2861 deducit
1767 2831 1807 2858 ad

1006 2884 1095 2917 ﬁnem,
1112 2887 1139 2910 et
1153 2887 1194 2912 est
1208 2882 1250 2911 leo
1265 2883 1308 2912 vel
1328 2882 1420 2913 hoino.
1441 2882 1479 2912 vel
1505 2880 1606 2915 aliquid
1625 2878 1712 2911 aliud.
1729 2875 1800 2912 tl“ml
