3938 6196
355 304 460 360 ιῦῚ
1666 296 1818 350 ωοΝ
1828 294 2020 350 YSIUS
2061 293 2217 349 EXIG
2229 294 2381 351 UUS.
3521 299 3613 358 ws)

355 419 557 475 factum
584 417 652 474 ab
679 416 884 474 artifice
915 415 1004 472 fue
1036 415 1093 479 it,
1117 415 1207 483 qui
1230 423 1355 469 ante
1375 414 1651 484 paululum
1681 413 1817 484 lapis
1838 420 1955 467 erat
1985 413 2032 474 Α
2059 425 2187 465 vero
2209 426 2326 480 qua:
2356 411 2475 465 vitm
2495 411 2820 482 participant
2847 421 2901 467 et
2941 411 3168 467 naturali
3210 421 3354 469 motu
3380 428 3615 485 vegetrn.

355 512 620 576 informis,
652 527 759 565 non
790 509 932 579 quod
967 509 1192 563 materia
1232 508 1303 564 sit
1331 507 1640 562 oblitterata
1693 522 1790 576 per
1830 520 1953 574 spe-
2061 509 2166 562 tur,
2208 502 2510 556 nullatenus
2539 502 2784 555 exanima
2807 517 2927 556 esse
2946 503 3066 571 quis
3087 503 3298 567 dixerit,
3329 523 3427 562 nec
3455 518 3614 568 tamen

353 607 518 670 ciem,
547 603 640 659 sed
670 603 816 674 quod
845 603 1054 673 species
1089 617 1186 672 per
1212 610 1382 655 artem
1429 600 1668 655 materia:
1698 598 1957 668 probetur
2059 592 2197 647 lianc
2222 593 2381 648 talem
2409 594 2573 646 vitam
2604 592 2855 662 perfecta:
2901 593 3094 647 anima:
3119 594 3341 650 dicimus
3369 613 3480 653 esse
3507 618 3616 672 par.

356 694 638 763 impressa.
672 691 788 748 Hoc
819 692 980 747 modo
1009 693 1130 764 quis
1158 701 1214 746 et
1234 691 1301 746 de
1328 692 1506 745 anima
1539 693 1804 760 cogitans,
1839 689 1952 744 nui-
2061 686 2296 754 ticipem,
2329 685 2559 754 denique
2588 685 2640 739 in
2667 685 2909 753 virgultis
2934 685 3110 739 vitalis
3129 687 3366 754 quatdam
3396 696 3618 759 operatio

2060 777 2236 832 delata
2269 793 2437 846 usque
2479 777 2547 831 ad
2595 787 2802 831 motum
2851 778 3159 832 sensibilem
3213 785 3482 850 pervenire
3521 801 3614 840 nun

2061 873 2265 943 potuit;
2299 873 2535 940 itemque
2573 887 2670 940 per
2717 881 3064 940 augmentum
3113 874 3356 929 animalis
3399 879 3617 946 quaedam

2061 963 2303 1034 potentia
2336 961 2790 1017 irrationabiiibus
2819 963 3062 1029 veniens,
3095 978 3193 1018 nec
3221 964 3328 1034 ipsa
3360 969 3620 1037 perfeciio—

2063 1069 2185 1109 nem
2222 1062 2307 1110 est
2334 1061 2624 1108 consecuta
2675 1053 2930 1119 rationis,
2975 1063 3031 1107 et
3069 1054 3367 1111 intellectus
3413 1062 3618 1125 gratiam

2062 1146 2284 1199 omnino
2309 1161 2414 1199 non
2445 1145 2663 1214 capiens
2688 1161 2700 1196 :
2730 1143 2929 1198 idcirco
2959 1160 3140 1199 veram
3169 1154 3326 1214 atque
3355 1148 3622 1217 perfectam

2064 1236 2297 1290 hominis
2341 1236 2576 1290 animam
2625 1251 2746 1291 esse
2793 1236 3112 1299 deﬁnimus,
3164 1254 3283 1305 qua:
3328 1241 3495 1307 vigere
3538 1258 3623 1311 per

2065 1342 2253 1383 omnes
2281 1325 2503 1382 eil'ectus
2542 1328 2872 1396 agnoscitur.
2913 1327 2970 1381 Si
3009 1329 3137 1396 quid
3177 1347 3304 1385 vero
3355 1333 3490 1386 aliud
3519 1337 3624 1389 vitze

2065 1419 2365 1489 participat,
2411 1433 2506 1488 per
2559 1419 2873 1472 abusionem
2916 1421 3202 1487 quamdam
3251 1428 3624 1482 consuetudinis

2065 1510 2358 1564 animatum
2389 1523 2509 1564 esse
2536 1508 2868 1579 proﬁtemur,
2895 1526 3003 1564 non
3028 1512 3170 1579 quod
3205 1514 3432 1581 perfecta
3463 1518 3508 1569 in
3537 1518 3627 1576 Iun;

357 783 568 840 latenus
599 798 628 836 a
658 783 880 837 rationis
910 784 1124 838 tramite
1152 783 1406 843 deviabit,
1440 792 1796 853 naturamque
1818 796 1954 836 cun-

355 879 502 927 ctam
534 869 878 926 artificiosius
907 887 1170 943 Operans,
1203 872 1551 941 ejusdemque
1580 872 1794 942 generis
1843 888 1958 926 ma-

357 963 551 1016 teriam
580 962 681 1017 sibl
711 978 950 1029 sumens,
979 965 1154 1019 vivam
1183 973 1416 1019 statuam
1446 963 1516 1020 de
1564 965 1798 1020 hominis
1831 981 1958 1035 por-

359 1056 510 1110 tione
540 1054 817 1111 formavit.
843 1055 996 1112 Sicut
1023 1057 1168 1111 enim
1198 1057 1389 1127 lapidis
1419 1059 1788 1128 operationem
1831 1061 1958 1115 sub-

359 1157 546 1203 secuta
576 1157 662 1204 est
683 1150 910 1220 species,
946 1151 998 1204 in
1028 1151 1214 1222 primis
1241 1151 1456 1220 quidem
1496 1153 1797 1218 obscurior,
1837 1164 1960 1224 post

360 1249 544 1295 autem
571 1241 864 1312 perfectior
909 1260 1031 1298 cum
1072 1244 1244 1315 ipsum
1275 1261 1411 1315 opus
1455 1255 1537 1300 est
1572 1247 1955 1300 terminatum:

362 1331 442 1388 sic
473 1342 528 1388 et
570 1335 622 1389 in
645 1335 920 1404 sculptura
951 1335 1109 1404 hujus
1139 1337 1478 1392 instrumenti
1521 1338 1730 1407 species
1777 1337 1960 1393 decla-

363 1432 518 1476 ratur
539 1424 733 1478 anima:
765 1426 1116 1494 proportione
1163 1427 1389 1495 subjecti
1432 1427 1746 1498 imperfecta
1777 1429 1829 1482 in
1860 1428 1961 1482 im-

363 1513 626 1583 perfecto,
646 1515 769 1570 etin
791 1516 1247 1588 perfectointegra
1269 1522 1614 1588 perfectaque
1642 1520 1956 1574 subsistens.

364 1603 471 1658 Sed
500 1604 553 1659 in
577 1604 802 1661 exordio
816 1606 1055 1676 perfecta
1076 1618 1212 1676 erat,
1242 1611 1341 1666 nisi
1371 1626 1468 1682 per
1493 1611 1752 1665 malitiam
1773 1609 1962 1666 fuisset
2065 1601 2136 1656 Sil
2161 1601 2357 1665 anima,
2389 1600 2483 1655 sed
2512 1600 2655 1669 (100d
2699 1610 2877 1671 partes
2907 1602 2958 1655 in
3011 1617 3074 1656 ea
3120 1606 3358 1672 quaxlam
3405 1610 3626 1665 animalis

364 1701 558 1750 natura
585 1696 791 1751 vitiata.
815 1695 1050 1768 Ideoque
1069 1701 1397 1768 communio,
1419 1715 1535 1770 qua:
1557 1700 1624 1756 ad
1655 1702 1961 1771 passibilem
2068 1694 2400 1764 operationis
2429 1694 2680 1756 existant,
2718 1709 2837 1762 qua:
2867 1696 3031 1748 etiam
3080 1697 3235 1751 nobis
3268 1698 3414 1766 juxta
3459 1703 3626 1770 mysti-

365 1787 764 1858 animalemque
791 1791 1195 1858 generationem
1223 1794 1379 1849 nobis
1407 1796 1654 1862 accessu,
1693 1795 1745 1849 in
1768 1795 1964 1851 οοιιίῑιο-
2000 1793 2041 1851 Β
2067 1799 2184 1839 eam
2214 1783 2536 1852 Iegisiatoris
2563 1781 2732 1855 Moysi
2765 1784 3099 1851 relationem,
3126 1803 3287 1854 quam
3315 1789 3380 1842 de
3421 1790 3628 1848 hominis

367 1878 606 1934 matione
654 1889 837 1935 nostra
880 1898 988 1938 non
1028 1884 1274 1953 protinus
1308 1886 1526 1942 elucere
1555 1887 1790 1942 divinam
1837 1886 1967 1943 facit
2069 1876 2418 1944 Βθηθΐθῑίοιιε
2440 1875 2683 1943 Prom":
2715 1885 2939 1944 Ρτορῐπ
2966 1879 3397 1934 εοηπηυηίοηθῖυ
3437 1885 3631 1951 Pii-“SM

368 1968 680 2039 imaginem,
710 1971 808 2026 sed
837 1973 923 2026 via
953 1974 1186 2042 quadam
1225 1977 1610 2046 consequentia
1655 1992 1754 2047 per
1796 1989 1966 2032 mare-
2069 1966 2235 2020 litatis
2288 1965 2582 2020 accessisse
2634 1965 3031 2034 cognoscimus.
3091 1967 3326 2037 Ideoque
3373 1973 3631 2026 consilium

367 2060 529 2116 viales
583 2062 777 2116 animae
823 2063 1186 2133 proprietates
1243 2065 1405 2121 homo
1457 2066 1522 2120 ad
1576 2066 1964 2136 perfectionem

2085 2059 2316 2128 ambiens
2342 2057 2532 2111 beatus
2563 2055 2758 2110 Paulus
2810 2056 2891 2110 his
2933 2057 3025 2126 qui
3056 2073 3114 2112 se
3161 2059 3344 2115 audire
3387 2071 3630 2130 poterant,

368 2153 999 2223 corisutmnationemque
1041 2155 1365 2226 perducitur.
1410 2156 1792 2226 Hujuscemodi
1835 2173 1968 2214 vero

2085 2148 2458 2221 perfectionem
2507 2147 2697 2203 suadet
2725 2149 2985 2218 arripere,
3018 2149 3346 2220 modumque
3387 2169 3488 2221 quo
3533 2173 3636 2224 pru-

370 2241 565 2311 tiogma
595 2251 651 2298 et
680 2243 869 2300 beatus
892 2245 1184 2316 Apostolus
1214 2247 1267 2302 in
1299 2247 1538 2318 Epistula
1566 2249 1633 2304 ad
1657 2249 1968 2306 Corinthios
2071 2245 2304 2316 positum
2335 2243 2507 2314 possit
2545 2242 2757 2310 assequi
2815 2243 3072 2312 supponit
3101 2252 3158 2298 et
3196 2244 3325 2300 dicit
3350 2263 3362 2298 :
3395 2245 3636 2301 Examina

372 2337 624 2402 insinuat,
674 2336 863 2392 dicens
899 2355 912 2390 :
953 2336 1081 2392 Cum
1125 2355 1288 2392 essem
1315 2341 1579 2409 parvulus,
1629 2349 1686 2394 ut
1725 2342 1967 2412 parvulus
2071 2352 2157 2390 ros
2186 2343 2403 2389 veterem
2432 2334 2687 2388 hominem
2727 2348 2844 2387 cum
2880 2333 3079 2388 actibus
3124 2336 3258 2402 suis,
3302 2347 3350 2390 et
3392 2337 3637 2392 indtienics

369 2427 638 2498 loquebar,
669 2438 724 2480 ut
741 2429 1276 2498 parvulussapiebam,
1301 2440 1358 2485 ut
1376 2431 1620 2501 parvulus
1640 2433 1932 2504 cogitabam
1949 2449 1968 2488 :
2072 2443 2257 2482 novum
2271 2428 2355 2499 qui
2378 2436 2652 2481 renovatur
2677 2426 2730 2479 in
2753 2428 3068 2498 agnitionem
3085 2429 3364 2482 secundum
3387 2430 3639 2500 imaginem

364 2519 578 2584 quando
602 2521 769 2589 {actus
795 2536 909 2573 sum
928 2521 1025 2587 vir,
1056 2523 1293 2575 evacuari
1316 2539 1431 2593 quae
1449 2532 1598 2577 erant
1617 2524 1838 2593 parvuli,
1863 2539 1971 2579 non
2072 2522 2184 2592 ejus
2202 2519 2287 2590 qui
2307 2519 2494 2572 creavit
2510 2534 2646 2572 eum.
2661 2517 2764 2572 Sed
2780 2526 3116 2573 revertamur
3136 2535 3320 2574 rursus
3341 2521 3403 2574 ad
3423 2521 3553 2574 illam
3565 2521 3638 2575 di-

374 2608 517 2680 quod
545 2608 650 2662 alia
681 2608 735 2662 in
767 2609 884 2663 viro
911 2607 1156 2679 perfecto
1177 2610 1446 2665 subintret
1467 2619 1662 2682 pneter
1687 2611 1829 2666 illam
1852 2627 1972 2682 qua:
2073 2611 2250 2664 vinam
2268 2609 2493 2676 gratiam
2524 2623 2628 2679 qua
2650 2609 2920 2663 creavitin
2934 2609 3203 2680 principio
3217 2610 3356 2665 Deus
3372 2612 3638 2677 bnniinem,

376 2701 778 2770 intelligebatur
803 2701 856 2756 in
889 2701 1134 2772 parvulo,
1166 2710 1228 2756 ut
1261 2703 1480 2772 puerilis
1525 2711 1818 2758 evacuetur
1856 2705 1973 2758 ani-
2072 2702 2338 2774 quidixit:
2359 2701 2639 2755 Faciamus
2657 2701 2911 2755 hominem
2932 2702 3002 2754 ad
3025 2704 3300 2774 imaginem
3316 2705 3639 2758 elsimilitudi-

2075 2811 2190 2849 nem
2206 2802 2460 2857 nostram,
2483 2792 2565 2846 cui
2583 2792 2839 2860 estgloria
2861 2792 2910 2845 in
2924 2793 3113 2846 secula
3128 2795 3640 2848 smeulorum.:\meu.

2149 2885 2332 2942 Sancti
2355 2883 2590 2955 Gregorii
2634 2881 2865 2954 Nysae-ini
2904 2885 3133 2954 episcopi
3169 2885 3235 2937 de
3270 2884 3500 2955 Intagine
3540 2884 3644 2938 libri

2079 2978 2388 3034 continentis
2445 2976 2809 3047 subsequentia
2864 2992 3040 3029 eorum
3088 2993 3207 3044 qua:
3253 2993 3284 3030 α
3333 2979 3491 3047 fratre
3545 2974 3644 3047 ejus

2079 3072 2230 3127 beato
2258 3070 2454 3126 Basilio
2481 3071 2535 3124 in
2573 3067 2905 3122 Hexamemn
2935 3078 3056 3122 sunt
3079 3070 3284 3133 relicta,
3316 3071 3451 3140 ﬁnis.

381 2807 514 2857 iuius,
556 2801 612 2846 et
641 2791 809 2847 virilis
837 2791 1187 2847 nihilominus
1215 2792 1500 2861 inseratur,
1544 2793 1639 2849 sed
1685 2794 1829 2850 idem
1859 2793 1974 2865 ipse

369 2891 426 2940 in
458 2887 552 2940 illo
579 2885 796 2955 quidem
837 2885 1186 2958 imperfectus
1215 2895 1319 2956 est,
1363 2888 1414 2943 in
1443 2889 1548 2945 hoc
1577 2897 1756 2946 autem
1803 2889 1976 2961 perfe-

353 2974 574 3032 -ctionis
601 2990 713 3030 sua:
732 2974 1066 3032 demonstrat
1089 2976 1376 3046 effectum;
1398 2979 1539 3036 sicut
1563 2979 1705 3035 enim
1726 2994 1975 3051 quacun-

377 3081 488 3138 que
535 3077 828 3124 nascuntur
855 3078 911 3124 et
947 3079 1219 3138 crescunt,
1265 3071 1447 3127 vivere
1491 3071 1740 3134 fatemur,
1791 3074 1972 3129 omnia

1393 3293 1666 3365 VlTA
1726 3291 2123 3384 SANC'II
2172 3286 2730 3363 PACHOMII

1517 3450 1552 3489 Δ
1591 3445 1886 3490 DIONYSlO
1921 3443 2153 3488 LATINE
2189 3440 2557 3488 ΛυοιιΝΑτΔ.

895 3551 1069 3621 (lianc
1099 3551 1274 3607 Vitam
1300 3551 1459 3609 simul
1487 3567 1551 3607 ac
1588 3551 1736 3607 Vitas
1767 3549 1989 3607 Patrum
2015 3547 2304 3622 Rosweydi
2333 3546 2387 3603 in
2419 3545 2524 3601 fine
2550 3543 2688 3600 sexti
2718 3545 2896 3599 δίκαιῐί
2926 3545 3220 3616 dabimus.)

389 3647 951 3674 -—-———————-

965 3644 3640 3670 MM

1685 3709 2338 3779 INTERPRETATIO

1127 3855 1720 3932 ORATIONIS
1779 3852 2174 3928 PROCLI
2227 3852 2370 3924 DE
2421 3847 2955 3923 DEIPARA.

830 3997 1024 4070 (Quam
1050 3997 1244 4066 legesis
1265 3997 1409 4053 inter
1434 4009 1603 4067 opera
1631 3992 1784 4050 Marii
1813 3991 2148 4058 Mercatoris,
2182 3985 2503 4055 Patrologiae
2530 3991 2664 4039 tom.
2693 3981 2923 4046 XLVIII,
2951 3980 3058 4035 col.
3094 3977 3248 4046 ΠΒ.)

388 4102 3650 4148 ___________________________________________

907 4189 1188 4243 DIONYSII
1222 4188 1442 4240 EXIGUI
1478 4188 1540 4239 IN
1564 4187 1924 4239 EPISTOLAM
1959 4185 2014 4235 S.
2039 4181 2267 4235 PROCLI
2296 4185 2331 4232 Α
2361 4181 2437 4232 SE
2472 4179 2703 4229 LATINI?
2735 4176 3161 4228 TRANSLA'I'AJ

1827 4287 2277 4352 PREFATIO.

1883 4393 2189 4409 -

467 4461 750 4534 Dionysius
777 4459 1011 4530 Exiguus
1039 4458 1332 4522 Romanus,
1363 4455 1636 4510 Feliciano
1663 4451 1893 4509 Pastori.
2013 4454 2058 4516 ρ
2088 4446 2355 4518 quebatur
2378 4444 2492 4498 haec
2536 4443 2715 4513 inepta
2746 4455 2856 4496 sum
2901 4439 3220 4534 temeritatis
3252 4438 3566 4534 absurditas,
3611 4442 3663 4489 ut

464 4552 840 4609 Venerationis
855 4559 1046 4608 vestra:
1057 4548 1300 4618 jussione
1319 4545 1697 4609 commonitus,
1722 4543 1781 4598 Β.
1809 4538 1983 4598 Procli

394 4644 1008 4714 Constantinopolitanae
1035 4641 1182 4696 urbis
1210 4639 1448 4710 episcopi
1474 4639 1682 4692 litteras
1708 4635 1776 4691 ad
1804 4634 1988 4690 Arme-

395 4741 518 4795 nios
545 4735 860 4803 destinatas,
906 4733 1098 4788 Latino
1127 4730 1344 4801 eloquio
1374 4728 1566 4784 vestris
1594 4727 1810 4783 auribus
1833 4725 1987 4782 exbi-

395 4833 525 4887 bore
552 4825 756 4892 curavi,
792 4841 897 4881 non
926 4838 1114 4895 parum
1141 4821 1492 4892 prmsentibus
1508 4819 1781 4874 :cstimans
1812 4815 1990 4887 profu-

397 4933 563 4988 turas,
593 4917 808 4989 quando
833 4931 951 4973 eam
973 4929 1115 4971 nunc
1134 4912 1384 4969 Ecclesiis
1404 4920 1617 4966 moveat
1637 4911 1986 4981 quaestionem

397 5027 526 5069 tunc
553 5012 768 5084 repulsa
810 5008 1106 5073 temeritas,
1146 5020 1266 5076 quas
1307 5005 1409 5060 sub
1455 5004 1640 5058 colore
1675 5002 1990 5071 religionem

399 5108 618 5162 molitur
658 5115 923 5162 evertere.
981 5099 1338 5172 Temporibus
1387 5097 1640 5152 antistitis
1683 5094 1989 5159 memorati,

400 5197 704 5252 Theodosio
724 5197 1053 5267 imperatore
1071 5198 1293 5261 regente
1312 5204 1483 5258 remp.
1500 5201 1595 5258 per
1609 5185 1819 5258 Syriam
1831 5193 1996 5255 atque

402 5291 739 5354 Armeniam,
768 5288 1014 5358 discipuli
1043 5283 1316 5341 Theodori
1345 5281 1738 5350 Mopsuestenaa
1766 5269 1996 5331 civitatis

403 5384 672 5456 episcopi,
710 5397 928 5452 pravam
957 5380 1111 5435 [idem
1130 5421 1144 5447 ,
1175 5385 1431 5447 corrupto
1460 5371 1728 5445 symbolo,
1773 5370 1994 5424 rudibus

405 5477 616 5548 populis
641 5474 818 5530 exorsi
848 5480 974 5530 sunt
1003 5471 1274 5536 intimare,
1304 5465 1595 5522 calliditate
1622 5460 1991 5524 subtilissima,

405 5571 466 5627 Ii.
520 5567 834 5622 Trinitatem
889 5565 970 5619 sic
1015 5563 1172 5617 unius
1223 5559 1471 5616 essentiae
1517 5555 1889 5627 praedicantes,
1939 5558 1998 5605 ut

403 5659 674 5717 Christum
694 5657 974 5714 Dominum
993 5660 1237 5708 nostrum
1253 5650 1592 5708 conditorem
1610 5644 1998 5712 universitatis,

412 5766 576 5812 unum
622 5765 690 5808 es
733 5747 992 5806 Triuitate
1038 5744 1339 5802 nullatenus
1371 5739 1666 5799 faterentur
1699 5756 1711 5794 :
1744 5735 1882 5793 unde
1913 5751 1987 5792 se-

2089 4538 2213 4608 quia
2231 4535 2502 4590 Christum
2523 4541 2736 4588 constat
2756 4548 2942 4587 verum
2959 4546 3080 4587 esse
3096 4531 3266 4586 Deum
3289 4547 3354 4586 ac
3374 4529 3662 4592 Dominum,

2089 4637 2324 4698 quatuor
2352 4641 2612 4698 personas
2639 4625 2692 4679 in
2727 4625 2895 4680 tribus
2932 4633 3258 4690 astruereul,
3318 4624 3550 4691 duosque
3581 4619 3664 4673 Dei

2092 4719 2232 4775 ﬁlios
2269 4717 2455 4789 procul
2500 4716 2662 4771 dubio
2693 4714 3069 4786 prazdicarcnt.
3119 4714 3228 4770 Sed
3255 4717 3382 4770 huic
3419 4709 3665 4783 impietati

2091 4811 2227 4866 mire
2262 4807 2500 4880 pontifex
2547 4807 2818 4861 antefatus
2858 4805 3145 4872 obsistens,
3193 4807 3382 4861 docuit
3409 4805 3663 4860 Christum

2094 4902 2377 4958 Dominum
2432 4909 2676 4956 nostrum
2731 4907 2787 4954 et
2836 4899 2886 4952 in
2937 4898 3200 4970 principio
3255 4898 3483 4953 Verbum
3536 4891 3664 4964 apud

2093 4996 2292 5062 Deum,
2342 4994 2510 5049 Deum
2545 4992 2775 5048 Verbum
2812 5007 2976 5045 unum
3003 4990 3070 5046 de
3099 4989 3364 5044 Trinitate
3391 5003 3535 5047 esse;
3580 4999 3667 5053 per

2092 5102 2254 5156 quem
2302 5085 2482 5142 omnia
2512 5083 2651 5138 facta
2693 5091 2851 5148 sunt,
2899 5081 2957 5136 Β.
3009 5081 3177 5137 Paulo
3222 5089 3457 5140 testante
3491 5097 3502 5130 :
3533 5076 3666 5132 Unus

2097 5175 2352 5230 Dominus
2399 5172 2553 5228 Jesus
2601 5170 2866 5237 Christus,
2919 5189 3010 5242 per
3038 5188 3184 5241 quem
3225 5172 3434 5235 omnia;
3482 5178 3536 5223 et
3578 5178 3668 5234 pro

2096 5269 2270 5324 salute
2322 5275 2528 5330 nostra,
2594 5263 2844 5318 eumdem
2897 5279 3081 5338 verum
3138 5263 3410 5318 hominem
3462 5260 3667 5320 factum,

2101 5376 2264 5415 unum
2310 5358 2571 5412 mansisse
2619 5355 2840 5420 Filium;
2889 5370 2990 5410 nec
3033 5363 3275 5424 quartam
3325 5353 3380 5407 in
3425 5350 3670 5405 Trinitate

2103 5453 2338 5508 crevisse
2366 5463 2675 5520 personam.
2708 5445 2774 5499 Et
2802 5447 2926 5514 quia
2972 5462 3114 5501 nunc
3159 5447 3228 5500 ob
3257 5443 3521 5511 aliquibus
3548 5436 3670 5505 inje-

2103 5555 2247 5601 ctum
2273 5542 2606 5613 serupulum,
2625 5539 2693 5594 de
2722 5555 2847 5594 vera
2871 5539 2972 5594 lide
3000 5539 3315 5609 trepidatur,
3341 5543 3675 5600 unumquem-

2105 5639 2234 5692 libet
2271 5651 2340 5690 ex
2376 5633 2438 5689 Β.
2486 5633 2749 5688 Trinitate
2789 5632 3139 5702 pronuntiare
3177 5626 3488 5695 diil‘ugiunt;
3527 5630 3581 5676 et
3613 5631 3673 5671 ne

2107 5730 2422 5788 divisionem
2447 5726 2694 5785 Triuitati
2725 5724 3005 5787 vidcantur
3033 5724 3225 5780 mrem:
3251 5729 3375 5801 rost
3404 5712 3673 5773 auctorita-
