1969 3098
104 153 155 181 609

426 148 428 150 ⁷
462 156 639 187 custom:
662 161 691 190 ς.
713 161 836 191 mocu
856 161 902 190 AD
922 161 1098 192 anmatos
1114 163 1402 197 tarsumenno.

1696 175 1749 204 ΗΕ)

103 218 156 240 tem
168 213 345 266 appstolica'm
361 214 476 250 idipsum
489 223 700 266 exsequentem,
715 220 900 256 multipliciter
913 223 939 253 Δ
952 221 1073 250 dicamus
1098 224 1171 259 quod
1200 224 1279 253 Pater
1304 227 1428 260 genuerit
1454 227 1587 264 Verbum,
1613 231 1666 260 hoc
1696 237 1749 266 est,

103 258 296 288 venerabilium
310 259 420 288 Patrum
437 263 600 291 testimoniis
614 266 794 300 approbatum
809 271 852 295 est
866 267 902 294 ob

101 305 300 334 distinctionem
308 314 497 344 personarum,
504 318 564 338 cum
572 312 642 339 ratio
652 314 807 348 poposcerit
818 321 901 341 unum

102 358 135 377 ex
150 351 235 379 tribus
259 351 374 380 ﬁdeliter
393 361 473 388 posse
494 355 635 390 praedicari
652 366 659 384 :
674 359 792 386 maxime
806 363 901 386 contra

102 395 258 429 Sabellium,
272 398 318 432 qui
331 403 454 427 sanctam
467 400 630 430 Trinitatem
645 404 725 432 unius
739 405 827 433 credit
841 412 903 433 esse

103 449 233 484 personat.
257 451 373 480 eamque
387 446 541 477 nominibus
556 452 661 477 tantum
685 449 818 478 fateretur
830 458 900 484 esse,

104 495 156 515 non
176 475 273 522 rebus;
297 497 380 525 quam
403 499 454 519 nos
478 492 556 521 unius
580 499 743 523 venerantes
766 475 900 529 essentia:

103 540 279 568 personarum
291 535 462 564 solummodo
476 539 632 573 cognitione
646 540 833 569 discernimus.
846 541 899 569 Ne-

102 579 174 606 storii
198 587 309 616 quoque
329 583 520 617 sectatoribus,
544 585 595 613 hac
614 585 665 613 ﬁde
680 586 832 621 salutifera,
859 588 901 614 ni-

103 623 248 653 hilominus
260 626 413 660 obviamus;
438 628 484 664 qui
499 629 634 663 Christum
650 631 793 659 Dominum
816 640 899 660 unum

102 669 134 697 de
156 670 288 699 Trinitate
311 672 422 701 minime
440 674 614 708 conﬁtentur,
640 676 704 703 dum
727 681 824 711 negant
852 677 901 705 Dei

104 715 220 744 Verbum
231 725 265 745 ex
275 717 354 745 beata
368 718 475 754 Virgine
486 721 633 748 secundum
647 729 756 749 carnem
768 723 899 756 genitum,

101 767 253 797 artemque
274 771 326 798 pro
346 763 535 800 redemptione
567 767 677 794 humani
704 768 812 802 generis
840 776 901 796 esse

102 815 269 843 perpessum.
293 808 490 838 Nonnullam
509 812 592 839 etiam
606 812 764 848 Opinionem
779 815 899 841 auctori-

102 858 154 882 tate
166 859 281 889 paterna
296 855 446 891 redarguit,
461 858 507 894 qui
521 866 604 886 unum
626 867 660 887 ex
676 860 762 888 tribus
775 868 899 889 asseren—

954 268 1130 303 sapientiam;
1146 278 1195 305 per
1204 278 1283 305 quem
1299 272 1367 299 facta
1382 277 1445 300 sunt
1459 274 1565 308 omnia;
1582 276 1751 311 unigenitum

953 314 1061 348 Filium,
1085 323 1153 343 unus
1167 324 1264 350 unum,
1280 323 1432 346 coaeternus
1446 325 1625 356 comternum,
1646 331 1752 351 summe

953 361 1040 388 bonus
1053 362 1195 396 :equaliter
1217 363 1327 399 bomgn.
1355 364 1387 391 Et
1401 365 1473 399 quod
1489 365 1606 400 Spiritus
1630 373 1752 402 sanctus,

952 406 1032 434 simul
1045 411 1074 434 et
1094 406 1180 434 Patris
1202 413 1230 435 et
1249 408 1308 436 Filii
1328 410 1362 437 sit
1373 410 1499 445 Spiritus,
1521 416 1549 439 et
1565 413 1621 447 ipse
1635 415 1751 440 consub-

952 453 1085 480 stantialis
1099 458 1127 481 et
1141 458 1291 482 comtcrnus
1313 457 1445 484 ambobus
1462 466 1469 483 :
1484 462 1565 492 atque
1588 459 1639 486 hoc
1663 463 1751 487 totum

953 496 1069 524 Trinitas
1087 498 1137 530 sit,
1162 504 1272 534 propter
1296 502 1491 535 proprietatem
1507 511 1700 537 personarum,
1723 507 1751 531 et

952 550 1021 570 unus
1030 543 1108 575 Deus,
1124 545 1450 581 propterinaeptu-abilem
1462 548 1641 576 divinitatem.
1657 559 1666 575 ›
1680 549 1748 577 Ecce

951 587 1048 615 doctor
1060 589 1302 617 excellentissimus
1317 596 1399 626 atque
1411 593 1555 626 veridicus,
1577 602 1633 621 rem
1649 594 1681 621 de
1695 603 1747 629 qua

951 634 1040 669 agitur
1050 638 1143 669 aperte
1153 635 1330 670 distinguens,
1343 636 1502 665 Trinitatem
1514 638 1588 671 dicit,
1607 647 1661 666 non
1687 648 1751 674 pro-

951 684 1013 715 pter
1032 680 1228 713 substantiam,
1244 682 1290 709 sed
1306 687 1418 718 propter
1432 691 1562 719 personas
1583 685 1751 712 conﬁdenter

951 727 1084 760 exposuit.
1115 726 1178 755 Haec
1201 731 1294 755 autem
1319 729 1454 757 confessio
1474 737 1524 761 nos
1547 731 1581 757 ab
1606 731 1738 759 luereticis

950 770 1059 804 Iudaeis,
1076 772 1276 808 gemitibusque
1288 773 1426 806 discernit,
1441 775 1485 808 qui
1501 773 1659 802 Trinitatem
1673 775 1752 802 unius

950 817 1075 844 essentia
1090 817 1277 852 praedicamus,
1289 826 1350 845 cum
1361 826 1457 849 omnes
1469 819 1506 846 illi
1518 824 1565 846 aut
1576 827 1644 854 pene
1655 828 1750 847 omnes
1797 823 1800 828 ‘

951 872 1034 892 unum
1046 864 1131 892 Deum
1145 872 1175 893 se
1189 866 1280 894 colere
1294 866 1439 898 fateantur,
1456 866 1504 894 sed
1518 867 1675 903 mysterium
1691 867 1751 894 Tri-
1796 871 1799 874 ‘

102 903 148 933 tes,
173 907 258 928 unum
276 908 310 928 ex
325 901 459 931 Trinitate
472 903 565 932 dicere
578 905 648 932 nulla
662 906 768 933 ratione
783 913 898 934 consen-

953 911 1045 938 nitatis
1059 915 1106 938 aut
1120 918 1174 938 non
1189 916 1263 939 recte
1278 912 1466 946 pronuntiant,
1488 916 1534 939 aut
1548 901 1661 947 prorsus
1675 913 1751 946 igno-

103 945 169 973 tiunt
194 956 202 973 :
227 948 273 983 qui
297 949 460 977 voeabulum
483 950 622 979 Trinitatis
645 959 700 979 non
722 959 897 987 personarum

101 999 157 1021 esse
170 993 393 1028 signiﬁcativum,
406 995 454 1024 sed
466 996 622 1024 substantia:
635 998 817 1033 suspicantur.
833 998 898 1031 Qui-

101 1037 156 1070 bus,
185 1039 248 1068 licet
261 1040 295 1069 ad
310 1041 530 1071 informationem
553 1044 610 1071 veri
632 1044 758 1072 debuerit
770 1044 898 1072 sufﬁcere

100 1086 245 1121 appellatio
269 1087 327 1122 ipsa
342 1095 402 1123 qum
420 1088 475 1116 vim
490 1089 601 1124 pluralis
624 1090 730 1118 numeri
754 1097 897 1123 resonans,

102 1139 150 1160 non
166 1134 324 1166 essentiam,
341 1135 387 1162 sed
403 1143 532 1170 personas
546 1136 730 1164 indubitanter
744 1141 897 1171 expromat,

100 1185 132 1206 ne
145 1183 239 1207 tamen
254 1180 369 1208 ulterius
389 1181 459 1208 inter
473 1182 622 1209 catholicos
637 1183 776 1209 contentio
790 1182 899 1209 vitanda

100 1225 235 1254 coalescat
249 1227 279 1254 Β.
295 1227 453 1262 Augustini,
469 1237 550 1255 unutn
564 1229 598 1256 de
614 1229 704 1256 multis
718 1229 899 1256 testimonium

101 1271 158 1300 huic
170 1273 322 1307 prmfationi
334 1282 427 1302 amore
439 1279 539 1302 sancta:
551 1274 687 1309 religionis
698 1274 841 1306 adnexuit;
854 1275 900 1308 qui

101 1316 124 1344 in
135 1318 280 1346 undecimo
293 1318 328 1346 de
338 1319 453 1348 Civitate
465 1320 512 1348 Dei
525 1320 593 1347 libro
605 1320 641 1348 ita
652 1320 686 1348 de
699 1320 751 1348 hae
765 1328 794 1348 re
806 1320 900 1356 paucis

101 1362 235 1398 eloquitur
248 1374 255 1391 :
273 1374 283 1391 ι
297 1363 438 1393 Credimus
453 1369 481 1393 ct
495 1371 628 1399 tenemus,
654 1370 682 1393 et
698 1366 814 1394 ﬁdeliter
828 1374 898 1401 pne-

951 960 1023 983 rant.
1039 956 1067 983 Si
1079 963 1143 991 ergo
1155 956 1271 985 Trinitas
1285 966 1339 985 non
1351 964 1482 993 personas
1492 958 1614 993 exponit,
1629 957 1677 985 sed
1688 958 1751 984 sub-

950 1002 1093 1035 stantiam,
1119 1006 1161 1030 est
1179 1007 1270 1030 autem
1287 1011 1341 1030 una
1360 1003 1509 1031 substantia
1528 1003 1677 1034 Trinitatis,
1699 1004 1751 1031 erit

952 1053 1018 1081 ergo
1024 1046 1171 1074 secundum
1180 1048 1245 1075 istos
1254 1047 1403 1075 subeuntia
1414 1048 1494 1076 unius
1504 1049 1669 1080 substantiae,
1677 1047 1750 1082 quod

951 1092 1032 1119 nimis
1047 1091 1176 1127 probatur
1189 1092 1344 1119 absurdum.
1368 1092 1471 1120 Idcirco
1484 1092 1631 1126 colligitur,
1657 1096 1686 1119 ut
1703 1100 1751 1126 ap-

952 1136 1062 1171 pellatio
1075 1136 1213 1164 Trinitatis
1224 1137 1302 1164 unius
1315 1137 1439 1164 essentia
1452 1140 1508 1164 tres
1530 1144 1659 1171 personas
1671 1137 1750 1163 unius

953 1182 1156 1217 omnipotentiae
1180 1186 1261 1217 atque
1286 1181 1434 1209 divinitatis
1458 1181 1587 1209 insinuet.
1614 1180 1668 1208 Sed
1693 1180 1749 1215 jam

952 1227 1048 1255 beatus
1062 1226 1173 1255 Proetus
1188 1226 1215 1254 in
1235 1226 1353 1254 medium
1371 1226 1506 1261 prodeat:
1521 1226 1623 1253 laturus
1642 1230 1670 1253 et
1695 1226 1751 1259 ipso

954 1273 1134 1300 testimonium
1148 1272 1269 1303 veritati,
1283 1279 1363 1307 quem
1377 1272 1510 1306 benignis,
1525 1278 1634 1307 precor,
1653 1271 1750 1297 animis

952 1319 1075 1347 audiatis.
1087 1317 1245 1346 Orationem
1255 1323 1406 1346 vestrarum
1416 1317 1540 1353 sutl‘ragia
1548 1325 1598 1352 pro
1606 1317 1659 1344 hoc
1666 1323 1751 1351 opera

951 1364 1017 1392 mihi
1032 1364 1180 1399 rependere
1188 1363 1318 1398 iubeatis.

464 1442 606 1474 PROCLI
628 1440 1099 1474 CONSTANTINOPOLITANI
1122 1440 1175 1470 AD
1198 1439 1401 1469 AllMENlOS

664 1502 733 1537 DE
762 1500 892 1537 FIDE
922 1499 1212 1541 EPISTOLA,

676 1565 826 1587 DIONYSIO
840 1564 962 1586 EXIGUO
979 1563 1190 1586 INTBBPRETE.
1233 1565 1237 1568 ‘

134 1603 181 1632 Dei
197 1603 339 1632 amantiss.
353 1609 379 1633 et
389 1605 588 1634 venerabilibus
598 1606 733 1642 episcopis
743 1609 772 1634 et
783 1606 896 1642 presby-
911 1605 936 1638 ο
951 1609 1052 1638 rantes,
1067 1605 1252 1639 habentesquc
1262 1611 1370 1631 sensum
1384 1603 1442 1632 sine
1451 1608 1559 1632 rectore
1570 1604 1746 1640 praecipitem,

103 1651 173 1684 teris,
190 1655 220 1678 et
232 1650 448 1679 archimandritis
462 1652 621 1680 orthodoxae
641 1656 742 1680 sanctae
756 1659 805 1688 per
816 1655 901 1679 totam

103 1695 256 1723 Amteniam
272 1694 409 1729 Ecclesiae,
426 1695 539 1724 Proclus
553 1697 580 1724 in
596 1697 709 1724 Domino
724 1696 850 1724 salutem.

134 1740 193 1769 Non
220 1741 406 1775 mediocriter,
430 1742 538 1777 fratres,
561 1742 683 1771 confudit
707 1743 826 1770 animum
849 1750 901 1770 no-

103 1792 183 1816 strum
193 1809 202 1822 ,
218 1792 247 1817 et
258 1797 375 1817 mmrore
385 1790 550 1818 validissimo
561 1791 692 1818 saueiavit
703 1799 795 1819 rumor
808 1790 902 1818 novel-

103 1835 186 1863 lorum
202 1836 305 1864 erroris
319 1836 482 1864 zizaniorum
497 1845 558 1873 qua:
579 1845 665 1872 nuper
679 1841 777 1864 vestra:
795 1837 900 1872 regioni

103 1881 289 1908 callidissimus
311 1885 415 1909 natura:
439 1882 622 1909 communium
646 1882 771 1910 inimicus
792 1882 900 1911 insevit.

103 1923 308 1954 intolerabiliter
322 1927 392 1954 enim
407 1926 490 1955 tristis
510 1927 616 1955 auditus
630 1928 771 1956 consuevit
783 1928 900 1955 animant

104 1971 256 2005 vulnerare,
276 1979 337 2007 qua:
349 1971 503 2006 bujusmodi
518 1972 738 2000 meditationibus
751 1973 900 2000 exercitata

105 2023 157 2043 non
172 2016 269 2049 fuerit,
286 2020 417 2052 tantoque
431 2017 613 2052 perniciosius.
621 2017 757 2052 jaculatur
772 2017 800 2045 in
815 2018 900 2045 altum

103 2062 154 2089 tela
166 2061 300 2096 deﬁgens,
322 2066 425 2097 quanto
439 2062 583 2090 discrimen
606 2071 660 2091 non
674 2071 774 2099 corpus
786 2063 900 2098 appetit,

102 2107 148 2136 sed
168 2112 271 2135 statum
296 2108 394 2137 mentis
415 2115 571 2144 expugnare
592 2109 746 2142 contendit,
773 2108 902 2144 opinione

103 2153 295 2187 disseminans,
319 2154 506 2182 venerandum
533 2154 596 2183 ﬁdei
622 2155 830 2188 vestimentum,
855 2158 903 2183 aut

84 2194 85 2201 “
101 2199 241 2228 discissum
253 2200 472 2236 lacrymabiliter,
487 2204 533 2228 aut
541 2200 612 2228 furto
623 2200 730 2235 penitus
741 2207 801 2228 esse
812 2200 902 2228 subla-

102 2249 167 2272 tum.
184 2245 278 2273 Omnis
287 2246 396 2281 quidem
407 2246 492 2274 virtus
503 2246 653 2282 expetenda
660 2268 668 2281 ,
681 2247 714 2275 iis
723 2247 821 2282 quibus
831 2247 900 2275 ratio

945 1652 1162 1688 cogitationibus
1190 1652 1312 1678 nituntur
1339 1650 1463 1683 incertis,
1491 1651 1555 1678 nihil
1581 1652 1607 1678 in
1631 1651 1663 1679 iis
1689 1659 1749 1686 qum

951 1697 1100 1726 decernunt
1108 1701 1206 1733 praeter
1216 1696 1316 1724 ﬂuxam
1324 1701 1351 1724 et
1361 1696 1512 1724 instabilem
1525 1700 1648 1724 naturam
1659 1705 1749 1724 rerqu

951 1743 1094 1771 visibilium
1106 1747 1316 1778 perscrutantes,
1331 1750 1402 1770 vera:
1413 1747 1502 1769 autem
1514 1742 1750 1778 contemplationis

952 1790 1078 1818 intuitum
1090 1794 1137 1817 aut
1143 1789 1231 1817 causis
1242 1789 1435 1824 temporalibus
1444 1788 1574 1816 habentes
1581 1789 1749 1824 implicitum,

952 1839 999 1862 aut
1008 1835 1145 1863 erroribus
1155 1834 1331 1862 obcmcalum.
1345 1834 1426 1861 Aiunt
1438 1834 1508 1861 enitn
1517 1838 1633 1869 quatuor
1643 1835 1749 1869 species

951 1888 1012 1909 esse
1023 1881 1139 1913 virtutis,
1155 1880 1182 1908 id
1195 1884 1246 1913 est,
1260 1879 1401 1915 justitiam,
1416 1879 1599 1915 prudentiam,
1615 1878 1750 1908 fortitudi-

952 1935 1030 1960 nem,
1057 1926 1280 1962 temperantiam;
1303 1933 1364 1960 qme
1388 1926 1451 1953 licet
1479 1925 1557 1953 home
1578 1926 1647 1959 sint,
1674 1925 1749 1952 humi

952 1976 1042 1999 tamen
1057 1975 1173 2006 repunt,
1197 1975 1226 1999 et
1239 1978 1301 2005 erga
1316 1974 1423 1998 terrena
1443 1970 1572 2005 projectaa
1585 1974 1659 2003 sunt,
1685 1970 1749 1998 dum

952 2017 1078 2046 inferiora
1086 2017 1189 2045 coalesti
1199 2015 1305 2051 fastigio
1316 2016 1536 2051 comprobantur.
1552 2015 1749 2043 Fortitudinem

952 2071 1070 2098 namque
1084 2062 1224 2096 dixerunt,
1244 2062 1345 2090 luctam
1359 2061 1488 2090 adversus
1502 2069 1629 2096 carnem;
1646 2066 1750 2097 tempe-

952 2111 1079 2145 rantiam,
1099 2117 1159 2145 quae
1169 2110 1203 2137 de
1213 2108 1358 2137 aﬁ'ectuum
1373 2109 1454 2136 sumit
1468 2108 1654 2143 subjugatione
1665 2108 1749 2135 victo-

952 2157 1020 2185 riam
1032 2165 1039 2191 ;
1053 2156 1234 2192 prudentiam,
1250 2163 1309 2190 quae
1321 2155 1347 2182 in
1359 2154 1566 2182 conversatione
1576 2153 1646 2182 civili
1657 2157 1749 2188 optata

952 2203 1075 2231 continet
1085 2202 1223 2235 instituta;
1232 2200 1365 2236 justitiam
1374 2200 1503 2236 optimam
1515 2200 1748 2236 :equiportionem.

953 2248 1031 2276 Hunc
1044 2252 1145 2281 autem,
1161 2252 1191 2275 ut
1204 2247 1377 2283 putabantur,
1401 2246 1463 2273 vitae
1476 2246 1598 2273 ordinetn
1613 2246 1671 2279 lege
1685 2253 1745 2272 sau-

103 2298 154 2318 non
168 2295 213 2319 est
224 2292 304 2320 rebus
318 2292 501 2320 materialibus
516 2294 671 2327 obscurata,
687 2294 829 2329 omnisque
843 2302 901 2322 ma-
916 2291 940 2320 D
953 2297 1066 2326 xerunt,
1090 2292 1297 2321 immoderatum
1318 2296 1400 2327 atque
1426 2291 1547 2319 illicitum
1571 2291 1750 2326 reprimentes

103 2337 157 2365 lilia
172 2338 244 2365 bene
265 2338 444 2367 sentientibus
460 2347 514 2367 non
537 2339 672 2368 immerito
688 2339 812 2375 fugienda
824 2339 897 2375 judi-

102 2388 190 2418 utur,
216 2387 244 2411 ιιι
267 2387 331 2419 pote
352 2392 414 2419 quae
427 2392 443 2413 e
456 2385 567 2420 regione
590 2385 750 2414 adversetur
763 2386 898 2419 assentire,

102 2428 158 2464 ipsa
170 2434 266 2457 contra
277 2435 399 2457 naturam
410 2430 468 2459 sine
480 2430 647 2458 dubitatione
656 2431 806 2459 subsistens
817 2439 824 2458 :
838 2438 898 2458 nam

102 2474 171 2502 sicut
179 2474 205 2501 id
212 2475 282 2510 quod
292 2475 460 2503 utilissimum
469 2480 511 2503 est
518 2476 671 2504 necessarie
682 2475 898 2510 custodiendum,

103 2520 137 2547 ita
153 2520 225 2555 quod
240 2529 293 2548 non
308 2521 435 2556 expedit,
463 2521 509 2549 sed
524 2521 653 2557 probatur
666 2521 807 2549 adversum
817 2542 825 2555 ,
853 2526 901 2550 aut

102 2574 163 2594 cum
186 2571 283 2602 pta-sto
303 2572 358 2600 est,
383 2568 583 2602 repellendum,
610 2572 656 2594 aut
678 2567 701 2595 si
719 2568 849 2596 metuitur
866 2575 901 2595 ne

100 2611 222 2645 accidat,
243 2612 358 2640 sollicite
372 2613 587 2648 prtecavendum.
604 2613 716 2641 Virtutis
730 2613 821 2649 itaque
838 2621 900 2648 spe-

100 2658 156 2695 egtrs
185 2658 315 2692 plurimm.
344 2657 420 2686 lianc
442 2663 533 2686 autem
557 2659 630 2686 varie
654 2658 818 2686 deﬁnierunt
843 2658 901 2687 sive

99 2703 225 2736 gentiles,
241 2711 309 2738 quos
323 2712 400 2731 error
414 2704 551 2739 pra-locat,
568 2704 712 2739 lumenque
725 2704 900 2732 discretionis

100 2756 198 2775 eorum
211 2750 343 2783 ignoratio
357 2750 505 2778 divinitatis
520 2751 663 2784 obscurat;
679 2759 728 2779 seu
740 2750 896 2783 Christiani,

99 2795 143 2828 qui
170 2795 221 2822 ﬁde
240 2800 312 2823 recta
337 2797 434 2824 mentis
457 2797 552 2825 oeulos
574 2797 737 2824 illuminatos
755 2796 898 2829 habentes,

99 2840 187 2867 solem
208 2840 317 2874 iustitia:
341 2849 389 2876 per
411 2841 607 2870 confessionem
627 2842 726 2869 clarius
749 2842 896 2870 intuentur.

100 2883 137 2913 illi
154 2892 271 2923 namque
290 2886 317 2915 in
331 2886 387 2916 suis
401 2887 521 2917 consiliis
540 2887 612 2917 velut
634 2888 660 2916 in
675 2887 794 2917 tenebris
815 2888 896 2917 ober-

952 2338 1105 2375 ltujusmodi
1126 2337 1330 2367 deﬁnitionibus
1353 2338 1513 2373 appetitum.
1530 2337 1619 2364 Altum
1640 2345 1706 2364 vero
1722 2341 1750 2364 et

951 2386 1077 2423 praesenti
1092 2385 1146 2413 vita
1161 2385 1312 2419 sublimius,
1337 2391 1425 2418 neque
1443 2384 1575 2418 cogitare,
1600 2391 1686 2418 neque
1700 2383 1749 2409 de-

953 2439 1078 2468 promere
1091 2431 1243 2463 valuerunt,
1255 2431 1303 2457 sed
1319 2429 1454 2465 insipienti
1467 2434 1495 2457 et
1508 2430 1653 2457 obscurato
1666 2427 1750 2456 corde

952 2477 1008 2505 nixi
1032 2481 1095 2505 sunt
1108 2477 1250 2508 virtutem,
1276 2479 1405 2511 quantum
1420 2476 1452 2502 ad
1466 2483 1506 2508 se,
1528 2474 1674 2501 visibilibus
1689 2478 1749 2500 tan-

952 2521 1091 2549 tummodo
1114 2521 1193 2548 rebus
1216 2521 1364 2554 includere,
1389 2520 1454 2547 nihil
1474 2519 1499 2546 ei
1521 2519 1669 2546 tribuentes
1691 2518 1749 2545 exi-

952 2567 1053 2599 mium,
1078 2570 1107 2594 et
1119 2566 1222 2594 caelesti
1239 2565 1406 2593 habitatione
1421 2564 1594 2597 condignum.
1618 2563 1668 2596 Qui
1683 2570 1749 2590 vero

951 2620 1001 2649 per
1015 2611 1094 2640 ﬁdem
1109 2612 1273 2640 illutninatos
1288 2611 1388 2638 habent
1408 2609 1501 2637 Oculos
1516 2608 1613 2641 cordis,
1634 2616 1748 2643 quorum

951 2658 1049 2693 praesul
1071 2661 1153 2692 atque
1167 2657 1294 2692 magister
1309 2660 1351 2682 est
1372 2653 1542 2681 beatissimus
1557 2653 1664 2687 Paulus,
1687 2660 1748 2680 eam

950 2704 1082 2732 deﬁniunt
1096 2711 1156 2731 esse
1176 2703 1301 2730 virtutem
1323 2706 1382 2736 quae
1405 2708 1454 2727 nos
1478 2700 1511 2726 ad
1532 2698 1616 2727 Deum
1641 2706 1749 2734 semper

952 2750 1071 2782 elevans,
1096 2748 1253 2776 ordinanter
1276 2747 1343 2780 regit
1358 2747 1385 2773 in
1409 2746 1499 2773 terris.
1525 2745 1574 2773 llic
1596 2746 1677 2780 igitur
1699 2753 1748 2781 per

952 2797 1042 2825 Omnia
1056 2795 1217 2823 venerabilis
1239 2793 1383 2829 Apostolus
1399 2792 1496 2820 multas
1509 2792 1617 2827 quidun
1642 2793 1748 2827 species

951 2842 1058 2871 virtutis
1072 2844 1226 2874 enumerat,
1242 2841 1288 2868 sed
1304 2840 1437 2876 pnecipue
1452 2839 1540 2872 ﬁdem,
1556 2848 1642 2875 spem,
1659 2840 1746 2868 chari-

952 2891 1034 2916 tatem
1060 2886 1232 2916 commendat
1257 2894 1264 2913 :
1289 2893 1402 2924 quarum
1425 2884 1490 2915 ﬁdes
1515 2893 1596 2922 supra
1623 2889 1746 2914 naturam
