1958 3101
195 159 240 186 tll
843 154 1021 184 DIONYSWS
1039 154 1201 184 EXIGUL’S.

1787 154 1841 181 ης

194 216 291 242 merita
318 213 471 242 horninibus
493 213 565 240 bona
590 211 713 246 largitur,
738 210 917 238 invisibilibus
939 218 988 239 eos
1001 212 1025 243 Α
1040 211 1121 245 igitur
1142 209 1334 240 iudormitahili
1358 217 1423 238 cura
1447 216 1598 242 servemus,
1620 208 1655 236 ad
1683 208 1730 237 the
1744 217 1838 238 aur-rt

196 262 354 293 mlmiscens,
381 261 426 295 qui
442 259 531 287 adhuc
551 258 743 293 multiplicibus
757 257 874 285 obnoxia
889 258 994 292 passio-

198 309 275 335 uibus
290 307 443 335 indumenta
458 304 659 334 circutttt'eruut.
684 303 734 337 Qui
749 304 821 331 enim
835 304 995 339 angelorum

197 353 413 387 reliquarumque
430 358 620 385 corporearum
637 350 765 376 virtutum
790 354 913 376 naturam
929 357 993 384 pro-

198 399 276 433 positi
287 398 452 425 sublimitate
463 398 595 427 nesciunt,
613 396 710 422 huruut
725 395 892 430 disciplinam
904 395 993 422 homi-

198 445 275 472 nibus
287 444 333 478 qtti
349 444 504 478 gradiuntur
520 443 593 469 humi
612 447 638 470 et
663 442 818 469 volutantur
836 442 862 469 itt
886 442 997 476 pulvere

199 490 264 517 lides
277 490 417 521 attribuit;
440 489 522 521 regali
541 488 639 515 throno
655 493 682 514 et.
698 488 824 515 invisibili
847 488 891 521 qui
909 491 995 519 caret,

199 536 272 562 omni
289 535 373 562 forma
390 543 439 561 nos
453 534 593 565 exhibens,
618 538 774 567 certamque
790 532 997 561 “lustrationem

199 585 302 607 natura:
326 580 451 607 iucrcata:
472 586 580 612 semper
601 578 659 605 sine
681 578 756 604 initio
777 578 910 604 manentis
934 578 998 605 insi-

199 633 295 652 nuans.
321 625 386 657 Quae
405 624 487 651 etiam
511 623 682 656 fulgoreﬁuo
700 630 807 650 sensum
830 622 998 650 materialem

199 672 355 703 discutiens,
367 677 542 705 crassumque
552 677 583 696 ac
593 669 752 696 nebulosum
763 669 888 696 intuitum
900 672 998 695 nostra:

200 717 299 744 mentis
317 723 484 751 expugnans.
506 722 569 748 erga
590 715 634 741 illa
656 715 728 742 clare
747 714 915 748 conspicere,
938 721 999 748 quin

200 767 265 790 tunc
284 769 317 790 cx
338 766 416 797 parte
435 764 548 796 possunt
562 759 647 787 videri
667 767 726 787 eum
740 763 887 786 censentur
904 758 999 786 invisi-

200 809 208 835 l
220 808 276 841 ilia,
289 812 319 835 et
328 807 519 843 comprehendi
531 815 591 834 cuin
604 806 800 834 iuacccssibilia
812 813 871 833 csse
882 805 999 832 credun—

202 859 256 883 tur.
280 855 350 891 Spes
372 859 463 883 autem
488 863 542 882 non
563 854 671 888 dignata
695 854 816 886 somniis,
841 859 870 882 ut
890 854 998 886 dicitur,

1045 256 1106 283 tidei
1118 256 1217 283 mentis
1228 256 1321 285 oculos
1333 256 1433 290 jugiter
1446 256 1594 284 elcvantes.
1619 255 1690 289 Quid
1703 260 1793 283 autem
1804 256 1841 284 de

1044 301 1192 336 Scripturis
1219 302 1384 337 accepimus,
1409 302 1460 330 nisi
1487 301 1561 337 quod
1590 302 1659 329 Deus
1683 302 1767 329 verbo
1791 310 1840 330 suo

1046 348 1174 377 mundum
1187 348 1323 381 condidit,
1350 355 1379 375 et
1392 353 1545 376 creaturam
1560 355 1621 383 qum
1635 356 1687 376 non
1702 353 1761 376 erat
1776 357 1840 384 pru-

1045 394 1122 422 duxit
1133 402 1167 422 ex
1183 394 1289 422 nihilo?
1302 394 1336 421 Et
1354 395 1418 429 quia
1433 395 1551 422 naturali
1565 395 1623 429 lege
1637 395 1770 423 rationale
1784 397 1841 422 ant-

1046 439 1099 466 mal
1120 439 1279 470 honoravit,
1304 440 1384 467 datur
1404 440 1429 468 ei
1449 440 1620 472 mandatum,
1646 441 1760 475 utquod
1783 445 1844 468 erat

1047 485 1177 520 optimum
1204 494 1257 512 non
1277 486 1377 514 lateret
1398 487 1458 519 ejus
1484 486 1639 517 arbitrium.
1665 486 1711 513 sed
1736 486 1844 513 meliori

1048 531 1187 566 proposito
1204 531 1284 558 noxia
1306 531 1464 559 declinaret.
1486 531 1519 558 Bt
1536 532 1607 565 quod
1631 532 1676 559 ille
1694 536 1845 566 spontanea

1047 576 1187 604 voluntate
1199 577 1226 604 in
1240 577 1376 605 deteriora
1397 578 1548 612 prolapsus,
1573 586 1607 605 ex
1623 578 1703 605 terris
1725 578 1846 613 paradisi

1049 630 1096 656 per
1105 622 1313 651 inobedieutiam
1320 623 1410 656 jactus
1416 627 1467 654 est,
1478 623 1549 657 quod
1558 623 1673 658 denique
1681 631 1730 658 per
1742 629 1846 659 patres,

1049 669 1224 704 patriarchas,
1248 669 1350 703 legem,
1378 669 1485 703 judices
1499 674 1527 696 et
1541 670 1695 704 prophetas,
1720 674 1846 697 naturam

1049 713 1094 748 qui
1117 713 1243 740 formavit
1263 713 1402 744 instruxit,
1431 717 1460 740 ut
1479 717 1587 748 peccata
1602 714 1710 749 quidem
1724 718 1846 745 caveret.

1050 759 1083 786 ad
1098 758 1219 786 facienda
1232 767 1298 787 vero
1311 767 1371 794 qua:
1385 764 1457 787 recta
1472 764 1534 786 sunt
1547 759 1755 787 sollicitudinem
1767 767 1849 793 gere-

1051 809 1102 836 ret,
1114 804 1153 831 sic
1168 808 1196 831 ut
1210 804 1306 832 delicta
1322 804 1465 839 imperium
1479 813 1587 839 quoquc
1601 805 1678 832 nobis
1693 806 1849 833 volcntitus

1051 850 1217 883 obtinerent,
1232 854 1259 877 ct
1273 849 1370 878 horum
1383 858 1464 878 causa
1475 850 1597 880 diabolus
1608 850 1635 878 in
1648 856 1748 878 natunc
1759 851 1850 877 dest--

202 903 345 932 inbterere.
357 902 404 930 sed
417 901 520 929 credita
533 900 776 932 fortiterretinens,
787 900 814 927 in
824 900 999 934 pncscntibas
1015 896 1036 926 Β
1052 896 1120 922 \‘irel
1140 896 1250 923 exilium
1267 905 1274 923 :
1291 900 1319 923 ut
1338 900 1401 931 pote
1425 904 1486 923 cum
1507 896 1549 924 lex
1574 896 1704 924 naturalis
1724 897 1853 926 obsoleta

200 947 254 974 sibi
270 947 357 975 futura
370 947 426 981 jam
441 950 586 981 praeparat,
601 950 630 973 et
642 945 675 972 ad
696 945 890 973 excludendam
904 944 1000 972 dubie.-

202 997 303 1025 .tatem,
316 992 387 1027 quod
400 1000 450 1020 nec
463 992 549 1023 adest,
564 996 692 1026 tanquam
708 998 828 1025 pnescns
837 990 1002 1024 cogitatione

202 1038 403 1072 complectitur,
428 1037 480 1065 sub
503 1041 614 1072 aspectu
635 1044 705 1071 pone
729 1043 789 1069 qum
812 1035 1003 1069 prastolanttn'

201 1082 341 1110 adducens
350 1083 473 1110 adversa.
489 1081 526 1110 De
535 1081 633 1116 quibus
644 1088 705 1115 spes
714 1081 905 1115 impedimenta
918 1084 1004 1108 tratts-

201 1127 343 1163 grcdicns,
369 1127 569 1163 propemodum
595 1126 746 1154 visibilibus
774 1126 856 1154 rebus
882 1134 914 1153 ea
942 1133 1004 1160 qum

203 1173 391 1201 desiderantur
413 1173 545 1205 adnectit,
571 1171 671 1200 ﬂuxam
696 1172 827 1206 temporis
845 1171 1003 1200 inanitatem

203 1217 357 1245 futurorum
380 1217 527 1245 dilectione
549 1224 661 1252 prorsus
679 1223 856 1251 exsuperans.
879 1216 1004 1244 Charitas

203 1269 272 1290 vero
294 1265 397 1291 sancta
419 1261 558 1296 religionis
573 1265 672 1289 nostra:
685 1261 791 1289 culmen
806 1266 834 1289 et
845 1266 928 1297 caput
950 1266 1003 1290 est.

200 1307 257 1335 Per
271 1307 343 1335 lianc
363 1307 436 1334 enim
450 1306 533 1340 Deus,
549 1314 610 1334 cum
622 1313 743 1341 prmseus
763 1305 865 1340 iugiter
885 1310 959 1334 esset
977 1306 1004 1334 in

203 1353 295 1385 terris,
312 1352 346 1380 ad
358 1361 408 1380 nos
421 1361 470 1388 per
482 1360 591 1381 carnem
606 1352 700 1380 venire
714 1352 840 1387 dignatus
854 1356 905 1380 est.
924 1352 1005 1381 Utra-

207 1405 261 1433 que
275 1397 357 1432 igitur
367 1398 466 1426 merito
477 1397 528 1425 sibi
543 1397 717 1425 consentiunt
730 1406 737 1424 :
753 1397 818 1425 lides
831 1398 904 1425 enim
914 1397 1006 1425 chari-

207 1443 271 1470 tatis
282 1447 324 1470 est
333 1443 481 1477 speculum,
496 1447 525 1471 et
538 1442 657 1470 charitas
671 1442 730 1470 ﬁdei
743 1442 876 1478 probatur
888 1442 1007 1470 existere

205 1486 413 1515 ﬁrmamentum.
426 1487 567 1516 Credimus
580 1488 652 1523 quod
664 1488 735 1516 Deus
751 1488 869 1517 Veibum
880 1488 1005 1524 impossi-

205 1533 298 1561 hiliter
317 1533 473 1561 incarnatus
493 1537 551 1566 est;
575 1537 603 1561 et
624 1533 668 1569 pie
682 1532 838 1562 credimus:
855 1533 912 1561 haec
934 1533 1005 1560 enim

1053 940 1233 971 Sardi-secret.
1249 945 1276 968 ct
1289 941 1388 975 scripta
1398 941 1583 975 pneuricatio
1598 944 1766 975 retorperet;
1783 949 1851 975 pto—

1054 986 1142 1021 pbcta:
1151 994 1260 1021 quoque
1272 986 1341 1014 sicut
1353 986 1476 1014 homines
1485 990 1626 1014 monerent
1637 994 1696 1021 qua:
1710 990 1855 1021 oporteret

1054 1031 1130 1063 ﬁeri,
1157 1031 1206 1059 sed
1227 1032 1262 1059 ab
1278 1032 1435 1059 imminente
1450 1032 1568 1066 pernicie
1582 1031 1697 1059 liberare
1713 1039 1766 1059 non
1789 1040 1853 1066 pos-

1053 1082 1130 1111 sent;
1143 1078 1212 1105 Deus
1223 1078 1308 1106 forma
1320 1085 1426 1111 carens,
1439 1078 1497 1106 siue
1508 1078 1584 1109 initio
1593 1078 1855 1113 incircumscriptus,

1054 1127 1083 1150 et
1095 1123 1267 1158 omnipotens
1280 1122 1395 1151 Verbum
1412 1124 1437 1150 in
1453 1130 1536 1151 carne
1551 1123 1659 1150 veniens
1674 1123 1764 1159 (adest
1776 1124 1855 1151 cnim

1054 1167 1092 1195 illi
1115 1175 1195 1204 posse
1216 1168 1290 1203 quod
1312 1168 1389 1203 vult),
1414 1169 1528 1204 sumpsit
1554 1168 1667 1196 lin-mam
1688 1169 1761 1198 servi
1787 1177 1857 1197 caro

1053 1213 1154 1246 factus,
1180 1217 1259 1241 natus
1276 1221 1311 1241 ex
1328 1213 1445 1249 Virgine,
1470 1213 1564 1241 volens
1588 1214 1686 1249 ubique
1702 1219 1857 1242 monstrare

1054 1258 1119 1293 quia
1142 1258 1290 1286 secundum
1304 1259 1446 1287 veritatem
1469 1257 1528 1286 ﬁeri
1549 1258 1630 1286 homo
1656 1258 1779 1293 dignatus
1800 1262 1856 1286 est.

1055 1303 1183 1332 Naturam
1194 1304 1324 1339 siquidem
1338 1312 1509 1340 corpoream,
1521 1309 1548 1332 ct
1559 1304 1682 1338 exordia,
1695 1308 1723 1331 et
1734 1304 1856 1338 habitus,

1055 1349 1249 1384 passionesque
1277 1349 1431 1378 necessario
1458 1350 1667 1386 subsequuntur.
1695 1349 1753 1377 Non
1778 1350 1859 1378 enim

1056 1394 1122 1422 dicit
1136 1395 1300 1429 evangelista
1316 1394 1405 1430 (Joan.
1421 1394 1446 1431 ι)
1461 1395 1533 1429 quod
1560 1395 1588 1422 itt
1607 1395 1744 1423 hominem
1760 1395 1856 1430 pet-fev-

1056 1443 1130 1466 etum
1143 1439 1214 1467 Deus
1225 1439 1360 1473 ingressus
1373 1443 1428 1473 est,
1440 1440 1503 1474 quia
1517 1439 1602 1467 factus
1616 1444 1659 1468 est
1671 1448 1734 1468 caro
1748 1445 1858 1468 natura

1058 1489 1158 1513 nostrae
1172 1485 1319 1521 primordia
1334 1485 1390 1521 ipsa
1405 1487 1574 1521 contingens.
1590 1487 1666 1515 Sicut
1685 1487 1755 1515 enim
1770 1487 1860 1515 homo

1058 1531 1218 1559 naturaliter
1225 1531 1314 1558 editus
1323 1539 1375 1559 non
1387 1532 1477 1559 statim
1490 1532 1611 1567 procedit
1622 1532 1777 1567 operatione
1791 1541 1860 1567 per-

207 1578 273 1607 tldes
292 1579 386 1607 salutis
401 1585 500 1606 nostra:
528 1578 731 1607 fundamentum
747 1586 808 1607 esse
822 1578 1044 1616 cognoscitur.c
1058 1574 1154 1609 fectus,
1179 1576 1226 1605 sed
1245 1577 1361 1611 primum
1381 1577 1438 1612 ipsa
1457 1577 1590 1614 depositio
1610 1578 1721 1606 seminis
1740 1578 1860 1607 edicitur

204 1621 310 1651 idcirco
325 1631 387 1651 eum
406 1623 452 1658 qui
468 1627 579 1659 propter
593 1631 643 1651 nos
660 1623 779 1658 suscepit
797 1622 912 1650 formam
932 1623 1002 1650 servi

206 1668 352 1702 diligimus,
374 1668 421 1704 qui
443 1676 494 1696 nec
516 1672 619 1697 natum
633 1676 688 1695 suae
704 1667 783 1695 ullam
798 1668 1005 1698 mutabilitatem

206 1713 349 1746 sustinuit,
374 1721 423 1741 nec
438 1718 611 1748 augmentum
626 1713 750 1740 Trinitati
765 1713 889 1741 accessit.
912 1711 1005 1740 Omnis

207 1757 298 1793 itaque
311 1755 480 1786 Christianus
492 1759 536 1793 qui
551 1766 605 1786 non
620 1763 662 1785 est
674 1758 750 1786 dives
765 1758 826 1791 ﬁde,
840 1766 898 1794 spe,
914 1758 1004 1785 chari-

207 1810 272 1838 tate,
290 1806 315 1834 id
327 1806 398 1842 quod
413 1806 511 1834 dicitur
523 1814 577 1835 non
590 1811 649 1838 est;
672 1805 730 1839 sed,
747 1806 797 1833 etsi
810 1806 916 1834 videtur
926 1813 1004 1833 suum

207 1851 341 1886 castigare
360 1851 551 1887 corpusculum
575 1855 604 1880 et
626 1852 723 1879 anima:
746 1851 916 1886 passionibus
937 1851 1006 1879 liber

200 1905 278 1931 esse,
304 1897 331 1926 in
352 1898 482 1926 moralem
502 1897 688 1925 tantummodo
709 1897 836 1925 virtutem
852 1897 902 1925 iste
922 1896 1004 1932 proﬁ-

207 1943 291 1975 ciens.
316 1952 485 1979 nequaquam
499 1951 629 1972 coronam
643 1943 763 1972 victorize
777 1944 960 1979 consequitur,
976 1949 1006 1971 ut

209 1994 274 2025 pote
287 1989 333 2024 qui
348 1998 402 2017 non
416 1989 450 2017 ad
466 1990 538 2017 illam
551 1997 660 2025 semper
674 1991 838 2024 agnitionem
855 1990 1007 2019 Divinitatis

209 2034 376 2067 extenderit,
399 2042 459 2069 qua:
474 2043 590 2062 coronas
605 2035 698 2062 tribuit
719 2035 751 2063 iis
774 2035 819 2069 qui
834 2034 940 2063 fortiter
958 2043 1007 2070 per

208 2079 335 2106 virtutem
350 2079 496 2106 luctantur.
509 2079 627 2114 ideoque
642 2080 706 2107 lides
717 2087 778 2115 qua:
791 2080 910 2107 ontnium
927 2081 1007 2115 (sicut

210 2124 333 2160 praedixi)
347 2125 480 2152 bonorum
495 2129 576 2159 caput
590 2129 646 2158 est,
669 2129 792 2152 servetur
807 2125 917 2160 intacta,
942 2126 1007 2153 nihil

210 2171 333 2198 humanis
346 2170 581 2197 adinvcntionibus
596 2170 734 2198 dissonum
749 2170 905 2205 praeferens,
927 2171 1007 2198 nullis

210 2215 329 2251 profanis
352 2224 449 2244 vocum
474 2216 638 2244 novitatibus
662 2216 767 2244 turbida
784 2225 790 2243 :
807 2224 867 2251 qua“.
894 2224 1007 2247 manens

210 2259 279 2288 infra
295 2261 463 2294 evangelicos
480 2265 560 2295 atque
575 2261 738 2296 apostolicos
755 2262 893 2295 terminos.
911 2263 1008 2290 nullius

210 2305 342 2341 pervicaci
359 2305 448 2333 furore
464 2306 587 2333 violetur.
615 2306 728 2341 Propter
742 2307 810 2334 hanc
825 2307 898 2334 enim
911 2307 1004 2334 salvati

210 2358 313 2385 sumus,
328 2355 356 2378 et
380 2351 442 2378 huic
457 2351 483 2378 in
506 2351 667 2386 baptismate
682 2351 770 2386 lingua
786 2351 1004 2386 subscripsimus.

209 2394 329 2423 Altitudo
340 2395 471 2431 siquidem
485 2395 544 2422 lidei
556 2399 683 2423 cunctam
695 2395 856 2429 insurgentis
865 2396 1004 2423 audaciam

210 2441 444 2477 temeritatemque
466 2443 626 2477 prosternit,
654 2451 704 2470 nec
721 2443 864 2471 humanam
889 2448 1003 2476 tantum,

209 2487 256 2515 sed
271 2492 299 2514 et
314 2488 418 2514 illorum
433 2488 479 2522 qui
495 2491 589 2514 natura
605 2491 632 2514 et
647 2487 803 2523 incorporea
817 2489 1004 2520 sublimantur,

209 2533 240 2561 B.
255 2532 339 2560 Paulo
350 2533 456 2560 dicente
471 2532 542 2569 (Gal.
555 2533 580 2566 ι)
597 2541 603 2559 :
618 2533 669 2559 Aut
683 2533 704 2560 si
717 2541 776 2565 nos,
791 2537 838 2560 aut
849 2533 960 2567 angelus
971 2533 1006 2561 de

209 2579 284 2606 caelis
298 2578 520 2613 evangelizaverit
534 2578 610 2606 vobis
623 2582 720 2613 preter
732 2578 757 2605 id
768 2578 840 2612 quod
852 2578 1004 2613 accepistis,

209 2624 353 2652 anathema
378 2624 424 2652 sit.
454 2624 606 2652 Ministrare
633 2632 747 2658 namqtte
775 2629 938 2659 przcccptum
965 2628 1007 2652 est

209 2671 317 2705 angelo,
332 2679 385 2698 non
394 2671 489 2705 dogma
501 2678 675 2706 componere.
692 2669 723 2696 Et
736 2670 915 2705 periculosum
928 2670 1006 2698 nimis

210 2711 250 2744 est
266 2716 386 2750 singulis,
401 2724 455 2743 non
470 2717 502 2743 iis
516 2717 613 2752 quibus
627 2717 744 2743 ordinati
759 2720 821 2743 sunt
835 2724 1004 2751 permanere,

209 2761 257 2789 sed
272 2765 400 2796 appetere
415 2761 484 2789 velle
498 2769 579 2796 supra
594 2769 746 2789 mensuram
761 2769 821 2797 qua:
834 2761 943 2788 tuinime
959 2770 1007 2789 na-

210 2812 277 2835 tura:
290 2815 419 2835 concessa
434 2812 505 2835 sunt.
529 2808 645 2843 ldeoquc
659 2808 708 2835 etsi
720 2808 868 2835 substantia
884 2806 1007 2842 pnel‘crat

209 2853 273 2888 quid
289 2852 340 2880 ﬁde
355 2853 463 2887 dignum
477 2860 536 2880 esse
551 2852 684 2884 videatur,
711 2861 763 2880 non
779 2853 830 2880 crit
844 2852 1008 2887 receptibilis

206 2898 353 2929 ξ’..ηικψ
366 2898 566 2932 praedicationis
580 2898 729 2933 respondit.
755 2897 831 2932 Quod
852 2897 1006 2933 accepimus

1056 1629 1130 1654 caro,
1151 1620 1248 1649 deinde
1262 1629 1390 1656 processu
1405 1622 1534 1658 temporis
1548 1623 1601 1650 vim
1616 1623 1697 1651 sumit
1710 1631 1770 1658 qua:
1787 1631 1860 1652 coa-

1055 1667 1263 1695 summationem
1284 1675 1411 1696 sensuum
1431 1669 1672 1704 operationumque
1690 1670 1860 1697 contineat:

1056 1714 1092 1742 ita
1115 1714 1186 1742 Deus
1201 1714 1318 1743 Verbum
1337 1715 1394 1751 ipsa
1408 1715 1482 1743 initia
1497 1719 1524 1743 et
1537 1716 1654 1744 radicem
1669 1715 1798 1743 humana:
1816 1717 1860 1744 in-

1055 1760 1203 1788 stitutionis
1224 1761 1368 1795 attingens,
1395 1761 1510 1796 pritnum
1534 1762 1619 1788 factus
1639 1765 1682 1788 est
1700 1769 1773 1794 caro,
1804 1770 1859 1790 non

1056 1813 1211 1839 conversus,
1227 1806 1299 1842 quod
1312 1806 1393 1838 absit,
1405 1806 1431 1834 in
1444 1814 1562 1834 carnem.
1583 1805 1680 1833 Mansit
1695 1807 1766 1834 enim
1783 1807 1857 1835 divi-

1056 1851 1127 1879 nitas
1139 1851 1211 1879 onmi
1222 1851 1400 1879 mutabilitate
1410 1852 1542 1887 superior,
1555 1851 1617 1886 quia
1628 1851 1741 1879 mutatio
1753 1856 1861 1879 natum

1057 1897 1165 1926 ﬂuentis
1175 1902 1217 1925 est
1228 1897 1333 1933 passio;
1350 1898 1423 1926 illius
1434 1902 1522 1925 autetn
1536 1897 1662 1932 perennis
1671 1897 1861 1933 sempiterna:-

1056 1952 1109 1979 que
1121 1943 1157 1970 ita
1170 1951 1199 1970 se
1214 1942 1338 1971 habentis
1352 1944 1476 1971 essentia:
1487 1943 1624 1978 proprium
1638 1946 1686 1974 est,
1705 1946 1732 1969 ut
1748 1942 1860 1970 incom-

1057 1989 1193 2016 mutabilis
1202 1993 1365 2024 pcrseverrt.
1380 1988 1505 2023 Utrisque
1514 1989 1594 2023 igitur
1604 1988 1699 2015 divin-.c
1708 1988 1860 2022 Scriptura:

1057 2039 1163 2062 utentes
1183 2034 1302 2067 vocibus,
1318 2034 1432 2062 dicimus
1445 2035 1506 2070 quia
1520 2038 1547 2062 ct
1562 2042 1626 2062 caro
1640 2033 1726 2061 factus
1741 2038 1783 2061 est
1794 2054 1803 2066 ,
1830 2038 1858 2062 et

1058 2080 1171 2108 formam
1196 2081 1267 2108 servi
1291 2081 1405 2115 accepit.
1433 2080 1471 2108 Ex
1497 2085 1622 2116 utroque,
1648 2080 1693 2115 pie
1718 2080 1860 2108 intellecta

1057 2126 1160 2153 semina
1175 2126 1252 2153 nobis
1266 2126 1360 2153 salutis
1372 2126 1508 2153 existunt:
1520 2133 1569 2160 per
1581 2124 1607 2152 id
1621 2125 1691 2152 cnim
1705 2124 1778 2159 quod
1792 2125 1861 2152 V'cr-

1058 2172 1122 2199 bum
1136 2179 1199 2199 caro
1214 2170 1313 2199 factum
1327 2175 1379 2204 est,
1394 2171 1558 2198 individuum
1569 2178 1681 2198 summa:
1692 2170 1775 2204 ipsius
1792 2170 1862 2198 adu-

1059 2217 1176 2246 nationis
1187 2217 1351 2252 evangelista
1363 2217 1492 2244 declarat.
1509 2217 1584 2245 Sicut
1598 2217 1670 2244 enitn
1685 2215 1862 2251 singularitas

1060 2262 1086 2291 itt
1108 2263 1174 2291 duas
1195 2264 1396 2298 singularitates
1418 2263 1505 2291 dirimi
1530 2272 1583 2291 non
1599 2267 1688 2300 potest
1703 2264 1818 2298 (alioqui
1835 2264 1862 2291 iu

1061 2308 1109 2336 bas
1131 2308 1225 2341 divisa,
1245 2308 1302 2342 jam
1317 2317 1371 2335 non
1389 2308 1440 2335 crit
1454 2308 1633 2342 singularitas,
1656 2308 1703 2335 scd
1719 2309 1861 2344 dualitas),

1061 2353 1096 2380 ita
1124 2353 1194 2388 quod
1222 2361 1303 2380 unum
1326 2357 1368 2381 cst
1392 2353 1469 2387 juxta
1497 2361 1629 2382 summam
1653 2354 1861 2386 adunationem,

1060 2406 1228 2434 nequaquam
1244 2399 1269 2426 in
1285 2398 1338 2426 duo
1353 2399 1453 2434 poterit
1477 2399 1528 2426 ulla
1544 2399 1649 2427 ratione
1669 2399 1776 2434 partiri.
1806 2400 1860 2427 Per

1062 2444 1087 2471 id
1101 2449 1190 2471 autem
1205 2444 1277 2479 quod
1298 2443 1411 2473 formam
1426 2444 1496 2472 servi
1518 2445 1674 2480 assumpsit,
1700 2450 1806 2472 natum:
1820 2446 1862 2472 di-

1061 2489 1128 2517 vinzc
1144 2490 1400 2518 iucommutabiiitas
1423 2490 1563 2517 intimatur
1579 2499 1587 2518 :
1603 2491 1665 2525 quia
1689 2498 1770 2518 omne
1787 2492 1863 2526 quod

1060 2535 1104 2568 lit,
1130 2538 1176 2562 aut
1191 2542 1223 2562 ex
1239 2542 1272 2562 eo
1287 2535 1358 2569 quod
1377 2535 1505 2563 existeret
1520 2535 1619 2563 factum
1633 2540 1688 2567 cst,
1715 2540 1744 2562 ut
1758 2537 1863 2564 Curium

1059 2580 1131 2615 quod
1155 2584 1218 2607 ante
1234 2588 1287 2607 non
1308 2584 1380 2613 erat;
1403 2585 1448 2607 aut
1470 2588 1503 2608 cx
1524 2588 1557 2608 co
1571 2580 1642 2615 quod
1658 2585 1709 2614 est,
1735 2581 1761 2608 in
1788 2583 1863 2608 aliud

1059 2626 1234 2659 convertitttr,
1263 2630 1292 2653 ut
1316 2625 1414 2653 ﬂuenta
1440 2626 1489 2654 Nili
1511 2626 1626 2655 ﬂuminis
1652 2627 1676 2654 in
1699 2629 1864 2659 sanguinem

1060 2678 1233 2700 commutata.
1245 2673 1297 2700 Sed
1308 2677 1418 2706 uterque
1427 2673 1520 2700 modus
1532 2673 1626 2700 divin-.r
1637 2674 1685 2700 sub
1702 2675 1795 2700 tanlizu
1805 2683 1865 2708 pro-

1059 2717 1137 2744 batur
1150 2717 1313 2751 incougruns
1330 2726 1336 2744 :
1355 2725 1414 2743 nam
1430 2725 1481 2744 nec
1494 2726 1527 2744 ex
1543 2718 1603 2745 ullis
1613 2718 1783 2745 exstantibus
1799 2727 1865 2752 pm-

1059 2764 1153 2794 cessit,
1170 2771 1279 2797 semper
1294 2763 1352 2790 sine
1368 2763 1444 2790 initio
1458 2771 1636 2798 permanens;
1654 2772 1703 2791 nec
1718 2772 1750 2790 ex
1766 2764 1863 2798 aliqua

1060 2808 1171 2835 materia
1183 2816 1331 2835 conversus
1341 2813 1382 2836 est
1394 2809 1464 2836 Deus
1479 2809 1595 2836 Verbum
1608 2809 1633 2836 in
1647 2818 1694 2836 sua
1708 2810 1864 2837 incommu-

1061 2852 1192 2880 tabilitate
1217 2853 1373 2887 persistens.
1403 2854 1505 2882 idcirco
1530 2862 1578 2889 per
1602 2855 1660 2882 lucc
1690 2859 1717 2882 et
1744 2855 1864 2884 Deitatis

1061 2898 1370 2934 incommutabilitatetn,
1382 2904 1409 2928 et
1417 2899 1581 2928 individuum
1590 2900 1751 2939 sacramenti
1762 2900 1862 2929 divina
