3938 6196
270 338 383 395 v.3

996 332 1354 391 εριδτοωε
1392 334 1451 391 S.
1493 329 1739 391 PROCU
1776 327 1864 389 AC

1974 324 2258 386 RMENIOS
2288 329 2869 393 lNTERPRETATiO.

3460 343 3569 400 IN

263 455 552 524 Scriptura
579 460 823 513 testator,
856 451 1002 523 quod
1032 451 1233 506 factum
1264 459 1349 507 est
1375 449 1784 513 deumnstrans,
1808 450 1871 497 ct
1895 441 1948 503 Δ
1975 441 2185 499 tutinne
2212 446 2419 510 mundi,
2468 462 2574 519 qua
2605 448 2658 503 io
2688 450 2828 503 hanc
2857 449 3023 505 vitam
3046 458 3264 509 constat
3291 453 3571 514 hominem

263 546 421 617 quod
452 545 737 615 assumpsit
767 545 1045 598 insinuans
1073 560 1087 598 :
1115 551 1176 597 ut
1202 557 1301 613 per
1326 542 1591 613 primum,
1630 536 1871 606 singula-

265 639 492 693 ritatem
521 646 724 692 eamne
766 650 1013 707 persona
1045 635 1322 706 utriusque
1366 633 1738 697 commendet,
1773 646 1875 701 per

266 730 507 784 alterum
537 743 666 783 vero
697 726 1290 782 incommutabilitatem
1328 725 1639 781 substantiae
1677 724 1873 779 divina

268 821 609 893 pronuntiet.
638 820 783 875 Deus
804 819 973 889 igitur
991 817 1228 874 Verbum
1251 816 1423 872 factus
1442 827 1527 872 est
1554 818 1717 871 homo
1744 831 1872 885 pcr-

272 914 472 981 Iectns,
504 929 609 968 non
635 915 912 967 immutata
930 919 1125 967 natura
1154 911 1388 975 deitatis,
1420 910 1747 980 astipulante
1771 907 1873 962 mi-

274 1008 468 1063 raculo
493 1008 638 1078 quod
673 1006 1080 1076 intelligentiam
1108 1011 1307 1059 nostra:
1361 1002 1557 1057 mentis
1608 998 1820 1057 excedit
1853 1017 1868 1055 :

274 1100 509 1168 idipsum
542 1099 867 1168 percipimus
888 1096 1014 1164 fide,
1045 1111 1154 1151 non
1180 1094 1527 1163 inquisitione
1546 1094 1869 1164 colligimus.

271 1190 347 1245 Et
375 1191 548 1247 Laetus
568 1192 734 1245 imtno
762 1197 1025 1259 cognatus
1048 1187 1348 1243 secundum
1390 1201 1640 1251 carnem,
1688 1184 1871 1254 generi

269 1285 508 1340 salutem
540 1283 723 1337 tribuit
747 1297 845 1351 per
868 1279 1273 1336 similitudinem
1302 1278 1632 1349 paesionum,
1665 1275 1873 1346 peccati

270 1374 497 1446 gaudens
514 1374 762 1429 debitum
783 1371 1023 1436 solvens,
1052 1370 1180 1425 dum
1200 1384 1321 1441 quae
1343 1377 1470 1423 sunt
1497 1368 1730 1423 hominis
1752 1383 1873 1437 per-

270 1480 468 1535 pessus
488 1479 592 1533 pro
632 1463 881 1518 omnibus
909 1461 1157 1525 moritur,
1207 1461 1490 1516 destructis
1520 1468 1702 1516 autem
1747 1475 1875 1516 eum

266 1557 367 1626 qui
399 1555 631 1611 habebat
646 1555 842 1610 intortis
871 1554 1177 1624 imperium,
1210 1552 1264 1608 id
1290 1558 1375 1608 est
1394 1551 1703 1618 diabolum;
1732 1553 1875 1609 sicut

266 1650 616 1719 mitissimus
647 1650 793 1705 Deus
823 1666 838 1705 :
869 1649 1002 1720 legis
1030 1650 1192 1705 etiam
1221 1650 1365 1719 quod
1394 1659 1512 1704 erat
1540 1648 1874 1718 impossible

268 1740 554 1798 fee-itesse
582 1742 859 1812 possibile,
908 1756 1125 1797 onmem
1173 1741 1444 1811 implendo
1481 1740 1765 1809 justitiam,
1817 1748 1874 1794 et

1978 552 2099 594 esse
2117 537 2439 607 projectum,
2465 541 2610 596 aliud
2632 544 2734 596 iter
2753 542 3037 611 quisquam
3052 553 3250 613 praeter
3272 546 3375 601 hoc
3389 550 3570 606 carnis

1978 628 2255 699 ingressus
2280 639 2384 696 est,
2416 632 2704 687 ostendant
2728 633 3075 702 contentiosi,
3106 642 3163 689 ct
3192 644 3321 693 tunc
3350 636 3566 695 demum

1976 736 2072 775 sua
2094 720 2446 777 deliramenta
2476 731 2786 777 conterent.
2822 722 2878 778 Si
2902 739 3029 780 vero
3056 725 3157 780 ista
3178 734 3304 781 sunt
3324 743 3567 785 commu-

1978 812 2060 868 nis
2078 808 2281 867 uaturzc
2302 813 2590 883 primordia
2613 830 2625 865 :
2649 814 2785 868 Deus
2803 824 2982 871 autem
3007 815 3243 871 Verbum
3267 821 3567 874 secundum

1975 906 2258 961 veritatem
2284 905 2455 961 factus
2477 915 2561 961 cst
2583 906 2746 962 homo
2778 926 2791 960 :
2823 906 3142 963 conﬁtentes
3170 918 3438 978 naturam,
3470 929 3567 967 cur

1975 997 2276 1068 vituperant
2298 999 2601 1068 passionem
2614 1000 2637 1053 ?
2652 999 2889 1054 Alterum
2906 1001 3066 1070 igitur
3076 1002 3273 1070 eligant
3287 1020 3317 1057 e
3334 1004 3561 1071 duobus,

1975 1091 2461 1148 auteruhescentes
2481 1093 2549 1148 de
2568 1094 2927 1155 contumeliis,
2944 1094 3191 1164 abjurent
3214 1105 3480 1164 naturam,
3505 1111 3553 1153 et

1976 1181 2255 1237 Manichtei
2284 1182 2487 1240 morbis
2514 1182 2689 1238 επ·εαί
2719 1200 2839 1239 cum
2884 1185 3061 1255 impiis
3088 1186 3434 1255 deputentur,
3473 1200 3558 1243 :ttlt

1974 1272 2019 1327 si
2051 1271 2257 1327 lucrum
2286 1274 2431 1343 quod
2453 1281 2537 1329 est
2556 1289 2623 1329 ex
2654 1274 3026 1332 incarnatione
3052 1278 3352 1350 suscipiunt
3394 1281 3564 1335 faten-

1977 1370 2059 1417 tes
2103 1362 2481 1429 substantiam,
2532 1379 2638 1419 non
2671 1364 3068 1422 confundantur
3119 1367 3187 1423 de
3218 1370 3563 1440 ‘passionibus

1975 1470 2096 1525 qua:
2134 1455 2488 1510 substantiam
2534 1464 2958 1525 consequuntur.
3014 1458 3266 1514 Admiror
3293 1471 3348 1516 et
3376 1477 3562 1517 eorum

1976 1546 2301 1602 dementiam
2330 1548 2422 1618 qui
2452 1562 2591 1602 nova
2621 1547 2954 1618 deceptionis
2982 1549 3171 1605 itinera
3201 1551 3520 1621 gradiuntur
3550 1572 3561 1606 :

1975 1652 2078 1707 ego
2129 1653 2360 1710 namque
2397 1654 2561 1693 unum
2606 1638 2820 1706 Filium,
2871 1642 3013 1696 sicut
3052 1641 3278 1698 edoctus
3320 1659 3437 1699 sum
3477 1646 3565 1715 pic

1977 1742 2334 1799 cognoscens,
2378 1744 2537 1801 quem
2590 1729 2683 1786 Dei
2713 1731 3171 1799 Verbi,incarnati
3208 1734 3565 1791 substantiat-t

266 1831 802 1887 substantheuostra:
821 1833 1101 1903 pristinam
1112 1832 1449 1888 nobilitatem
1466 1831 1873 1899 claritatemque
1907 1835 1950 1893 Β
1979 1836 2099 1878 esse
2124 1818 2413 1892 proﬁteor;
2438 1838 2548 1877 uno
2574 1831 2757 1877 autem
2782 1825 3053 1880 existente
3080 1840 3147 1880 eo
3168 1827 3261 1895 qui
3290 1828 3565 1897 passiones

269 1924 515 1978 restituit
555 1938 654 1994 per
682 1923 787 1980 hoc
829 1924 973 1996 quod
1004 1925 1169 1980 homo
1217 1924 1393 1978 factus
1422 1932 1531 1991 est,
1582 1922 1871 1977 honoravit

268 2027 401 2068 eum
428 2028 591 2084 qustu
622 2014 738 2085 ipse
766 2014 834 2070 de
866 2023 1007 2071 terra
1038 2015 1384 2071 formaverat.
1419 2013 1568 2069 Unus
1598 2014 1761 2082 igitur
1787 2020 1872 2067 est

269 2102 467 2174 Filius,
492 2121 633 2161 unus
658 2114 742 2161 est
771 2106 1028 2161 Dominus
1058 2124 1072 2160 :
1105 2104 1425 2161 Trinitatem
1454 2119 1685 2173 namque
1712 2104 1870 2159 unius

546 2195 889 2264 enitiltemnr,
918 2205 1165 2269 quartam
1194 2198 1497 2254 nullatenus
1525 2196 1871 2253 admittentes

170 2329 188 2336 -
270 2288 330 2343 in
358 2286 627 2345 Trinitate
667 2304 975 2359 personam.
1023 2288 1159 2355 Sed,
1209 2297 1270 2344 ut
1308 2290 1560 2355 diximus,
1612 2303 1751 2344 unus
1787 2297 1871 2344 est

270 2379 445 2436 Filius
480 2380 600 2437 sine
653 2382 807 2436 initio
850 2382 920 2436 de
945 2382 1109 2437 Patre
1146 2390 1326 2449 natus,
1380 2396 1479 2452 per
1513 2396 1681 2451 quem
1730 2379 1869 2436 facta

272 2474 567 2545 "alimus.
593 2475 792 2530 secula
823 2492 840 2530 :
870 2489 1051 2530 ramos
1076 2490 1146 2530 ex
1186 2474 1367 2530 radice
1404 2473 1871 2544 consempiternus

272 2563 344 2620 de
372 2563 537 2621 Patre
560 2573 714 2622 ortus
741 2563 995 2622 ineffabili
1024 2565 1206 2631 modo,
1246 2565 1472 2621 verbum
1500 2565 1703 2621 mentis
1727 2565 1867 2620 inse-

270 2656 592 2728 parabiliter
610 2656 934 2727 procedens,
961 2667 1017 2713 et
1046 2658 1235 2712 intime
1264 2671 1606 2727 permanens.
1629 2657 1760 2711 Nam
1786 2662 1871 2710 ει-

272 2748 318 2803 si
353 2750 409 2801 in
434 2749 593 2803 terris
620 2748 767 2803 visus
794 2756 896 2815 est,
928 2748 1025 2805 sed
1050 2764 1162 2805 non
1187 2757 1267 2804 est
1298 2764 1329 2803 a
1351 2748 1598 2819 genitore
1624 2748 1865 2805 divisus:

274 2839 365 2895 hic
408 2839 578 2895 voluit
604 2840 813 2895 salvare
840 2854 1001 2910 quem
1030 2841 1301 2911 condidit,
1352 2841 1595 2911 quinimo
1620 2842 1869 2910 salvavit,

271 2928 516 2994 vulvam,
537 2944 878 2985 communem
903 2939 1106 2985 natura:
1122 2930 1341 3002 januam
1357 2972 1372 2997 ,
1401 2932 1687 3001 dignanter
1713 2933 1870 2988 inha-

271 3020 479 3085 bitans,
509 3036 670 3090 quam
696 3029 872 3077 etsua
900 3022 1258 3077 sanctiﬁcavit
1287 3024 1595 3094 praesentia,
1628 3030 1683 3079 et
1725 3024 1871 3078 nati-

268 3112 447 3167 vitate
473 3112 703 3181 signavit
740 3123 978 3184 partum,
1010 3116 1100 3185 qui
1130 3131 1291 3186 supra
1333 3124 1581 3171 naturam
1621 3124 1737 3180 est,
1786 3115 1871 3171 in-

1975 1912 2196 1984 pertulit
2240 1923 2404 1983 atque
2444 1914 2702 1970 miracula
2749 1926 3006 1985 operatus
3045 1924 3162 1986 est,
3207 1935 3311 1992 qua
3358 1923 3564 1979 ratione

1973 2006 2238 2061 diviniora
2266 2007 2514 2067 reticent.
2566 2006 2940 2065 humilioribus
2967 2007 3270 2080 derogant?
3308 2011 3381 2068 Ut
3422 2014 3564 2069 enim

1972 2095 2133 2151 tidem
2163 2094 2363 2152 faceret
2400 2096 2634 2151 Verbum
2664 2114 2889 2153 manens
2916 2100 3060 2169 quod
3088 2112 3235 2167 erat,
3284 2104 3457 2158 factus
3484 2115 3565 2159 est

1973 2203 2105 2245 caro
2154 2188 2335 2261 (learn.
2383 2190 2456 2261 ι),
2506 2189 2558 2244 id
2602 2198 2685 2245 est
2734 2189 2908 2246 infans
2953 2201 3011 2247 et
3057 2192 3222 2248 homo
3272 2195 3564 2265 perfectuc,

1971 2289 2125 2337 tanto
2158 2291 2511 2340 sacramento
2553 2282 2696 2339 nulla
2736 2284 3090 2341 conversione
3127 2286 3367 2353 violato;
3424 2288 3562 2342 idem

1974 2375 2089 2446 ipse
2115 2375 2429 2447 perﬁciebat
2457 2376 2717 2431 miracula
2754 2385 2811 2431 et
2840 2376 3064 2446 injurias
3084 2380 3421 2445 sustinebat,
3469 2397 3567 2450 per

1970 2462 2349 2539 signaquidem
2376 2467 2556 2522 divina
2587 2467 2848 2524 mansisse
2869 2468 2919 2523 id
2942 2470 3088 2539 quod
3114 2477 3232 2524 erat
3257 2471 3561 2535 insinuans,

1971 2576 2070 2631 per
2096 2559 2375 2632 passiones
2411 2568 2591 2615 autem
2622 2559 2819 2614 factum
2850 2558 2995 2629 quod
3035 2560 3362 2616 formaverat
3390 2565 3567 2618 mani-

1972 2651 2197 2707 festans.
2239 2648 2416 2706 Unum
2446 2651 2605 2719 igitur
2631 2650 2877 2706 eumdem
2910 2650 3102 2706 Filium
3132 2652 3482 2723 praedicamus
3511 2664 3566 2708 rt

1974 2738 2151 2798 Patris
2177 2742 2693 2812 consempiternum,
2740 2750 2797 2798 et
2822 2742 2873 2796 in
2899 2743 3203 2799 novissimis
3233 2744 3566 2815 temporibus

1972 2833 2477 2898 iucarnatum,nlbil
2509 2833 2867 2888 adulterinum
2897 2833 3092 2888 divinae
3121 2842 3324 2889 uatum:
3354 2836 3567 2907 penitus

1975 2927 2275 2982 inserentes
2306 2943 2318 2979 :
2352 2941 2458 2979 non
2504 2926 2646 2979 enim
2679 2932 2856 2994 potest
2883 2939 3002 2979 esse
3052 2924 3251 2993 aliquid
3280 2925 3332 2979 in
3362 2926 3560 2979 throno

1975 3017 2321 3090 superﬂuum.
2371 3017 2479 3072 Sed
2527 3016 2653 3072 ﬂlud
2698 3018 2823 3071 mihi
2875 3033 3247 3087 stepcnumero
3291 3018 3567 3089 vulgatum

1971 3107 2208 3166 fortasse
2233 3108 2541 3178 subjiciunt,
2571 3117 2852 3165 metentes
2871 3109 3212 3179 syllogismos
3240 3110 3568 3165 infirmiores

266 3203 840 3274 mprobensibiliter
869 3203 1065 3262 factmn
1088 3206 1363 3263 hominem
1389 3222 1449 3263 se
1471 3208 1869 3263 demonstrans.
1898 3206 1948 3271 Β
1976 3218 2189 3258 araneae
2214 3202 2325 3259 tela
2353 3222 2366 3257 :
2391 3201 2447 3259 Si
2466 3201 2708 3258 "Trinitas
2737 3211 2820 3259 est
2846 3202 3005 3258 unius
3021 3204 3289 3266 essentim,
3322 3202 3567 3273 profecto

240 3293 401 3350 ,κω
436 3295 599 3365 igitur
622 3296 760 3353 alter
785 3305 869 3353 est
894 3296 1159 3365 Christus,
1190 3308 1245 3355 et
1280 3299 1419 3356 alter
1443 3299 1585 3356 Deus
1612 3297 1873 3367 Verbum,

268 3386 426 3457 quod
450 3384 621 3454 absit;
646 3386 783 3444 duos
802 3388 947 3444 enim
975 3388 1113 3445 lilios
1136 3399 1325 3445 natura
1347 3389 1525 3446 divina
1546 3404 1658 3446 non
1682 3391 1869 3447 novit:

270 3488 420 3532 unus
448 3478 775 3547 unigenitum
801 3481 1014 3550 germit;
1060 3481 1151 3537 ubi
1181 3484 1327 3537 enim
1367 3498 1473 3539 non
1500 3491 1584 3540 est
1610 3498 1874 3554 generan-

268 3573 415 3625 tium
445 3572 660 3642 rapula,
707 3573 815 3629 illic
857 3574 1172 3645 qualitatem
1216 3589 1328 3630 non
1374 3575 1583 3646 poteris
1632 3575 1874 3631 invenire

273 3666 640 3722 nascentium.
692 3665 747 3721 in
779 3667 994 3723 nomine
1019 3666 1147 3723 Jesu
1175 3667 1373 3725 Christi
1400 3680 1561 3725 omne
1612 3678 1751 3738 genu
1779 3669 1871 3725 lle-

274 3755 451 3812 αῑωι-
467 3754 791 3826 εωιεειίυηι,
814 3760 1153 3815 terrestrium
1175 3769 1230 3816 et
1250 3758 1580 3815 infernorum
1596 3757 1759 3829 (Phil.
1786 3759 1868 3831 ιι).

272 3845 337 3901 Si
370 3847 509 3901 alter
525 3856 615 3903 est
641 3847 885 3906 Christus
930 3859 1125 3921 praeter
1162 3849 1367 3918 Deum,
1419 3866 1640 3907 necesse
1684 3859 1769 3908 est
1815 3862 1874 3908 ut

276 3953 451 4007 purus
480 3938 642 3993 homo
670 3940 740 3995 sit
766 3939 1028 4008 Christus,
1074 3951 1129 3998 et
1156 3941 1429 4013 quomodo
1451 3959 1575 3999 eum
1605 3944 1745 3999 ultra
1779 3962 1873 3999 na-

270 4038 418 4085 tur-.e
447 4032 692 4086 meritum
723 4033 963 4089 cmlcstia
994 4041 1336 4101 venerantur,
1386 4044 1443 4091 et
1481 4036 1531 4092 ei
1562 4036 1655 4106 qui
1696 4037 1875 4093 minor

270 4131 367 4176 est
396 4136 533 4189 genu
560 4123 815 4179 nectent?
840 4124 1124 4192 Quomodo
1152 4125 1315 4181 etiam
1342 4126 1672 4199 propheticis
1698 4134 1875 4183 atten-

270 4214 458 4268 dimus
485 4215 715 4270 oraculis
744 4216 1102 4273 clamantibus
1148 4219 1405 4288 quoniam
1436 4218 1578 4276 Deus
1606 4229 1792 4276 noster
1818 4221 1871 4277 in

270 4307 444 4360 terris
470 4308 636 4373 visus,
679 4317 734 4363 et
760 4324 882 4364 cum
910 4309 1219 4367 hominibus
1246 4321 1597 4369 conversatus
1625 4320 1709 4369 est
1736 4313 1871 4386 (Ba-

269 4398 430 4450 rnclt.
469 4398 584 4466 nt)?
625 4397 899 4454 Visionem
928 4414 1159 4469 namque
1185 4400 1313 4457 dicit
1342 4401 1609 4473 propheta
1646 4403 1876 4459 manife-

269 4489 566 4543 stationem
596 4504 715 4557 qum
744 4490 796 4544 in
824 4505 988 4547 carne
1016 4490 1155 4548 facta
1181 4502 1282 4558 est,
1314 4500 1371 4547 et
1398 4493 1869 4548 conversationem

1977 3296 2213 3355 Trinitas
2242 3298 2585 3371 impassibilis
2625 3304 2923 3368 permanet.
2975 3295 3130 3364 Quod
3158 3297 3202 3352 si
3249 3295 3484 3353 Trinitas
3512 3307 3568 3355 et

1975 3388 2119 3446 Deus
2141 3390 2374 3447 Verbum
2390 3388 2659 3445 Trinitate
2678 3389 3046 3459 conspicitur,
3075 3386 3416 3460 impassibilis
3437 3405 3566 3460 per-

1975 3492 2190 3544 manet.
2244 3491 2302 3538 et
2352 3481 2493 3536 Deus
2533 3479 2772 3536 Verbum
2821 3479 3163 3552 impassibilis
3213 3479 3563 3553 approbatur.

1974 3574 2126 3643 Quod
2152 3575 2197 3629 si
2222 3574 2362 3629 Deus
2386 3573 2621 3629 Verbum
2651 3571 2993 3643 impassibilis
3019 3581 3120 3636 est,
3153 3571 3457 3627 invenietur
3473 3571 3566 3640 qui

1974 3666 2263 3721 crucilixus
2291 3672 2374 3720 est
2400 3665 2540 3720 alter
2577 3673 2773 3736 prteter
2815 3663 3192 3735 impassibilem
3220 3662 3390 3719 Deum
3427 3660 3568 3716 Ver-

1973 3757 2120 3812 bum.
2140 3755 2281 3813 Vere
2306 3757 2439 3812 telas
2462 3765 2650 3811 tcxunt
2677 3771 2886 3810 aranea:
2906 3756 2996 3825 qui
3021 3754 3117 3810 ista
3142 3754 3485 3825 depromunt;
3514 3753 3567 3808 in

1975 3847 2129 3917 aquis
2174 3847 2415 3902 scribunt
2451 3847 2540 3916 qui
2580 3845 2976 3918 propositiones
3007 3844 3368 3914 ineptissimas
3395 3841 3562 3897 medi-

1976 3947 2187 4006 tantur;
2209 3938 2299 4009 qui
2318 3955 2437 3994 cum
2452 3954 2511 3993 se
2528 3938 2768 3993 dicerent
2787 3937 3076 4006 sapientes,
3099 3936 3246 3990 stulti
3271 3934 3393 3990 facti
3416 3944 3562 4003 sunt,

1974 4042 2029 4088 et
2048 4033 2390 4088 obscuratum
2412 4038 2498 4086 est
2521 4030 2778 4099 insipiens
2789 4044 2884 4085 cor
2904 4043 3091 4084 eorum
3108 4026 3284 4099 (Rom.
3300 4028 3338 4097 ι)
3359 4046 3370 4080 :
3394 4027 3567 4098 lippus

1975 4127 2116 4183 enim
2138 4125 2326 4182 oculus
2350 4124 2481 4179 solis
2508 4123 2686 4178 radios
2713 4137 2844 4194 pure
2869 4137 2973 4178 non
3000 4122 3212 4192 recipit,
3247 4131 3301 4177 et
3327 4122 3567 4177 inlirmus

1973 4218 2183 4273 animus
2209 4216 2547 4272 altitudinem
2578 4214 2700 4271 lidei
2730 4230 2837 4270 non
2869 4215 3013 4269 valet
3043 4215 3259 4268 intueri.
3308 4214 3444 4280 Quid
3470 4215 3567 4282 igi-

1975 4322 2063 4367 tur
2089 4310 2159 4366 ad
2183 4311 2283 4366 ista
2314 4326 2413 4364 nos
2428 4309 2655 4365 dicimus
2677 4306 2964 4377 3quooiam
2994 4305 3286 4361 secundum
3301 4305 3565 4359 rationem

1972 4403 2199 4459 Deitatis
2228 4411 2416 4457 sancta
2438 4401 2672 4456 Trinitas
2696 4410 2752 4455 et
2777 4399 2933 4453 unius
2978 4405 3056 4452 est
3087 4397 3352 4464 essentiaa,
3387 4404 3443 4451 et
3475 4397 3568 4450 int-

1976 4494 2242 4566 passibilis
2271 4500 2600 4563 perseverat.
2635 4491 2743 4546 Nec
2771 4490 2913 4545 enim
2940 4489 3183 4545 dicentes
3209 4488 3396 4543 Filium
3445 4505 3568 4559 pas-

269 4594 385 4645 tgua
431 4581 799 4650 temporaliter
836 4597 956 4637 cum
1004 4582 1312 4639 hominibus
1354 4593 1718 4641 commoratus
1763 4593 1864 4649 est,
1900 4589 1951 4648 D
1974 4600 2112 4650 sum,
2145 4584 2357 4639 ratione
2386 4583 2604 4640 deitatis
2655 4597 2778 4637 eum
2833 4596 3051 4653 passum
3074 4582 3356 4642 sentimus,
3388 4581 3567 4636 divina

268 4669 433 4732 cuius
461 4670 575 4724 sine
605 4670 801 4725 invidia
832 4672 1044 4728 bonitas
1071 4673 1290 4743 pietatis
1312 4688 1426 4730 suae
1453 4674 1747 4730 declaravit
1776 4675 1872 4729 ad-

246 4771 499 4833 ventum
532 4762 691 4831 :quia
708 4762 855 4817 sicut
882 4766 1243 4834 omnipotens,
1277 4774 1332 4821 et
1358 4767 1501 4836 quod
1532 4775 1648 4822 erat
1676 4766 1874 4822 mansit

271 4859 501 4921 pr=-pter
534 4867 618 4913 se,
668 4861 726 4906 et
766 4854 910 4924 quod
945 4855 1114 4910 voluit
1156 4855 1330 4912 factus
1369 4866 1450 4914 est
1491 4866 1714 4929 propter
1750 4875 1867 4915 nos.

269 4943 435 5009 Quod
464 4945 509 4998 si
538 4943 677 5000 forte
713 4962 947 5015 unquam
988 4947 1225 5003 scandali
1267 4963 1485 5004 causam
1526 4960 1874 5007 commovent

270 5034 516 5090 infauth
543 5036 865 5105 rudimenta,
921 5038 1054 5095 etin
1081 5040 1307 5111 pmsepi
1351 5040 1656 5111 reclinatio,
1704 5050 1868 5112 atque

272 5144 333 5182 in
376 5137 617 5200 tempore
640 5131 936 5186 secundum
963 5147 1181 5188 carnem
1207 5133 1499 5204 profectus,
1550 5149 1651 5191 nec
1674 5151 1782 5191 non
1811 5142 1867 5192 et

268 5221 421 5291 quod
446 5222 725 5279 dormierit
754 5225 804 5279 in
836 5226 980 5296 navi,
1008 5227 1152 5298 quod
1182 5241 1247 5283 ex
1277 5227 1469 5284 itinere
1498 5225 1748 5297 fatigatus
1770 5228 1861 5295 sit,

266 5314 418 5383 quod
448 5322 569 5382 post
593 5314 793 5384 jejunla
816 5317 1080 5384 esurierit,
1112 5317 1307 5389 illaque
1329 5319 1508 5374 omnia
1530 5334 1649 5390 qua:
1670 5334 1865 5374 secun-

265 5405 401 5458 dum
432 5407 711 5461 veritatem
760 5406 903 5463 facto
952 5409 1153 5465 homini
1197 5411 1536 5480 contigerunt
1567 5429 1580 5466 :
1613 5412 1860 5468 noverint

264 5497 365 5565 qni
408 5495 509 5550 ista
558 5497 988 5567 reprehendunt,
1041 5500 1185 5572 quod
1229 5502 1519 5557 humanam
1564 5512 1757 5572 negent
1807 5504 1860 5560 in

264 5584 487 5639 Christo
519 5596 793 5654 naturam;
827 5597 1081 5658 negantes
1107 5598 1286 5646 autem
1318 5600 1585 5660 naturam,
1626 5593 1861 5666 disposi—

264 5678 401 5733 linui
436 5678 656 5733 ιιιέηἰιηε
696 5679 953 5749 credunt;
985 5697 1091 5736 non
1136 5683 1416 5740 credentes
1460 5700 1591 5741 vero
1636 5684 1865 5757 disposi-

265 5770 424 5832 tioni,
457 5769 649 5830 salutis
669 5768 860 5826 its-mna
886 5772 1216 5839 perscnticnt
1244 5791 1255 5829 :
1283 5779 1339 5830 et
1371 5772 1417 5830 si
1441 5773 1584 5843 quod
1608 5790 1638 5833 a
1660 5777 1864 5834 consti-

1972 4673 2236 4743 siquidem
2262 4682 2455 4728 natura
2487 4674 2686 4727 nullam
2711 4689 2937 4734 prorsus
2986 4673 3181 4742 recipit
3222 4672 3524 4741 passionem
3553 4688 3568 4733 ;

1972 4765 2066 4819 sed
2099 4765 2417 4819 conﬁtentes
2448 4764 2618 4819 Deum
2652 4764 2890 4819 Verbum
2921 4780 3084 4819 unum
3099 4780 3162 4820 ex
3196 4762 3459 4820 Trinitate
3491 4762 3569 4814 in-

1974 4865 2277 4921 carnatum,
2313 4856 2596 4911 tribuimus
2624 4856 2955 4924 intelligendi
2986 4856 3263 4911 materiam
3291 4855 3353 4909 iis
3376 4852 3465 4923 qui
3511 4852 3569 4903 li.

1974 4945 2168 5001 deliter
2204 4948 2547 5002 sciscitantur
2577 4964 2673 5001 cur
2697 4948 2962 5002 incarnari
3016 4947 3262 5015 dignatus
3307 4953 3408 4999 est.
3434 4944 3569 5011 Quia

1976 5039 2121 5093 enim
2142 5038 2462 5093 decreverat
2491 5039 2635 5093 Deus
2665 5038 2895 5094 Verbum
2943 5040 3223 5092 destruere
3271 5037 3570 5105 passiones,

1976 5145 2205 5204 quarum
2244 5144 2392 5185 mors
2435 5132 2695 5187 terminus
2753 5132 3070 5191 habebatur,
3122 5128 3396 5198 suscipere
3442 5142 3570 5183 vero

1974 5228 2281 5299 passionem
2304 5225 2626 5281 inviolabilis
2657 5233 2847 5279 natura
2874 5239 2978 5278 non
3007 5230 3221 5292 poterat
3271 5221 3416 5291 (quia
3450 5237 3571 5275 om-

1980 5319 2065 5374 nis
2087 5318 2265 5389 passio
2293 5318 2454 5374 rebus
2482 5317 2801 5387 compositis
2826 5315 3109 5385 probatur
3158 5311 3355 5369 inferre
3406 5313 3571 5369 lucta-

1979 5427 2125 5477 men,
2156 5410 2209 5465 in
2239 5409 2469 5479 spiritali
2492 5417 2673 5463 autem
2705 5417 2758 5463 et
2783 5406 3036 5477 singulari
3068 5406 3367 5461 substantia
3422 5422 3573 5460 COlIl-

1980 5503 2179 5575 positio
2202 5501 2344 5556 nulla
2389 5512 2471 5556 est
2496 5518 2509 5554 :
2537 5515 2640 5555 nec
2682 5498 2809 5554 illud
2861 5499 3039 5570 passio
3084 5498 3445 5569 pertingebat,
3482 5497 3573 5552 ubi

1975 5592 2310 5663 compositio
2346 5607 2454 5645 non
2476 5598 2642 5655 erat),
2676 5590 2884 5653 volens,
2929 5598 2985 5645 ut
3014 5588 3252 5661 praedixi.
3297 5587 3574 5643 destruere

1981 5684 2264 5757 passiones
2286 5699 2410 5754 qua:
2436 5682 2701 5737 rationale
2756 5698 2952 5753 corpus
2988 5690 3390 5754 oppresserant,
3439 5697 3575 5752 qua-

1982 5788 2102 5831 rum
2131 5773 2381 5831 interitus
2408 5780 2525 5828 erat
2553 5786 2802 5844 suprema
2851 5773 3076 5830 munitio
3112 5773 3194 5845 (ut
3235 5772 3384 5829 novit
3436 5771 3584 5826 Deus
