3916 6202
422 338 527 404 ιιδ

1601 391 1605 395 ,
1690 308 2050 377 ῡιοιιινειυε
2085 308 2409 369 manus.

3582 303 3695 358 416

424 452 704 525 verbum),
731 456 1044 511 humum.
1070 463 1138 504 ει
1161 444 1397 513 Virgine,
1425 450 1480 499 ει
1508 438 1693 495 habitu
1730 435 2006 491 invenitur
2034 434 2080 494 Α
2109 434 2354 525 prolatus
2374 429 2458 525 est
2478 422 2683 525 dicens,
2707 420 2989 477 Nobiscum
3010 420 3150 476 Deus
3170 418 3335 525 (ραι.
3360 433 3466 525 vn;
3497 419 3691 478 lauit.

425 559 483 604 ut
493 550 655 603 homo
670 564 684 600 :
698 545 953 615 quoniam
964 543 1042 597 sic
1051 540 1332 597 exinanire
1344 553 1402 592 se
1412 536 1603 595 voluit.
1619 535 1846 588 formam
1864 543 2007 598 quo-

426 646 711 704 dammodo
748 644 887 700 servi
928 642 1225 711 suscipiens
1249 637 1470 710 (Philip.
1493 636 1577 702 tt),
1608 632 1804 687 nullam
1829 638 2010 683 tamen

428 744 974 815 circumscriptionem
1004 757 1112 797 sua:
1140 741 1353 795 deitatis
1381 738 1687 801 admittens,
1718 749 1815 804 per
1851 746 2012 802 quam

430 850 591 904 etiam
618 846 846 901 salutem
868 844 1013 899 omni
1054 844 1292 897 humano
1340 838 1521 907 generi
1575 835 1805 891 contulit
1853 845 2016 887 carne

430 965 525 1005 sua
552 948 829 1019 passiones
850 944 1230 1007 exterminans,
1254 940 1505 996 deitatem
1524 936 1796 1009 propriam
1827 934 2019 1003 impas-

432 1051 642 1107 sibilem
665 1063 907 1105 servans.
936 1044 1142 1101 Idcirco
1180 1042 1397 1098 Gabriel
1453 1041 1831 1095 auctoritatem
1856 1044 2020 1107 atque

432 1152 731 1224 potentiam
761 1148 1028 1205 nascentis
1055 1146 1355 1207 insinuans,
1382 1141 1561 1197 aiebat
1576 1138 1642 1195 ad
1670 1141 1909 1204 Mariam,
1939 1139 2024 1193 in—

434 1246 659 1317 quiens:
686 1243 897 1300 Salvum
920 1241 1074 1313 faciet
1096 1238 1339 1308 populant
1362 1251 1508 1288 suam
1536 1250 1568 1286 a
1596 1234 1822 1303 peccatis
1842 1246 2021 1285 eorum

440 1337 654 1410 (Matth.
684 1337 747 1403 ι).
771 1332 1006 1403 Populus
1034 1338 1216 1383 autem
1246 1343 1352 1381 non
1396 1333 1579 1395 potest
1630 1323 1861 1378 hominis
1882 1336 2023 1387 esse,

437 1428 534 1483 sed
556 1426 682 1491 Dei;
714 1440 813 1479 nec
839 1421 1094 1477 mundum
1124 1420 1191 1473 ab
1214 1415 1585 1485 iniquitatibus
1613 1412 1860 1481 eruitqui
1883 1412 2025 1466 hanc

441 1519 604 1573 vitam
630 1517 833 1586 pariter
858 1528 978 1569 cum
1008 1510 1357 1580 corruptione
1412 1504 1649 1569 intravit,
1702 1502 2028 1572 inculpabile

441 1623 550 1664 non
573 1606 776 1661 habens
797 1601 1089 1659 nativitatis
1114 1599 1415 1661 exordium,
1438 1596 1534 1653 sed
1557 1595 1857 1652 necessarie
1885 1594 2029 1648 Deus

441 1697 603 1757 simul
620 1704 675 1753 et
696 1699 858 1753 homo
887 1708 996 1750 non
1044 1692 1247 1747 divisus
1274 1690 1329 1745 in
1366 1689 1523 1755 duos,
1569 1686 1666 1742 sed
1706 1699 2032 1756 permanens

2113 539 2159 580 ις
2215 519 2340 574 Luc.
2398 518 2458 585 ι).
2534 515 2646 571 Cur
2698 524 2924 586 propter
2971 514 3239 569 nascentis
3295 514 3696 569 inclinationem

2114 611 2337 680 gloriam
2363 607 2623 678 parientis
2651 614 2935 661 attenuant
2953 609 2977 659 ϊ
2997 603 3105 659 Sed
3127 605 3231 659 bbe
3259 603 3501 659 fortassis
3527 620 3699 674 oppo-

2117 710 2251 758 nunt
2277 700 2566 755 dicentes:
2615 696 2787 752 Omne
2834 696 2980 767 quod
3017 697 3255 751 nascitur
3302 697 3579 764 generanti
3628 697 3703 752 si-

2118 792 2245 847 mile
2273 791 2676 860 comprobatur.
2704 788 2763 843 Si
2795 789 2955 857 igitur
2985 787 3152 842 homo
3176 795 3259 842 est
3304 802 3465 857 quem
3492 789 3706 856 genuit,

2120 884 2424 941 necessarie
2441 884 2533 953 qui
2563 900 2632 939 ex
2660 898 2724 938 ea
2755 891 2914 937 natus
2938 891 3024 939 est
3050 883 3214 937 homo
3235 890 3335 937 est.
3368 882 3528 949 Quasi
3558 884 3707 937 veri-

2121 976 2282 1031 simili
2312 974 2525 1031 ratione
2548 990 2643 1028 vos
2666 974 2767 1028 ista
2814 973 3149 1043 depromitis.
3191 971 3298 1027 Sed
3346 981 3471 1028 tunc
3517 988 3708 1043 parem

2123 1066 2224 1123 sibi
2255 1082 2353 1136 per
2371 1066 2551 1119 omnia
2574 1065 2883 1134 parturiens
2904 1064 3018 1119 edit
3043 1063 3258 1135 quando
3278 1064 3431 1133 juxta
3462 1083 3473 1117 ι
3495 1074 3708 1119 aturam

2125 1158 2388 1225 contingit
2426 1165 2484 1211 et
2530 1166 2734 1227 partus.
2794 1156 3065 1211 Naturalis
3111 1166 3291 1211 autem
3340 1159 3715 1227 parturitiouis

2125 1248 2409 1305 exordium
2429 1248 2706 1316 corruptio
2736 1255 2838 1307 est,
2864 1247 2987 1315 quia
3027 1256 3082 1301 et
3110 1247 3549 1303 connuixtionem
3573 1263 3715 1319 pac-

2127 1341 2288 1396 ce.lit.
2320 1338 2457 1394 Cum
2510 1348 2689 1392 autem
2736 1338 2894 1405 hujus
2952 1337 3284 1405 injuria‘nec
3324 1338 3559 1409 suspicio
3602 1348 3713 1410 est,

2130 1446 2289 1499 supra
2374 1430 2665 1484 humanum
2748 1428 3075 1483 intellectum
3152 1436 3365 1484 constat
3435 1446 3557 1485 esse
3608 1432 3715 1485 mi-

2128 1522 2389 1585 raculum,
2436 1520 2526 1574 ubi
2573 1530 2733 1589 supra
2809 1528 3056 1574 naturam
3108 1528 3294 1588 partus
3338 1530 3447 1588 est,
3493 1521 3563 1575 ibi
3620 1522 3715 1591 qui

2134 1614 2400 1678 nascitur,
2425 1612 2565 1667 Dens
2591 1620 2696 1666 est.
2723 1611 3056 1666 Conlitemur
3082 1611 3242 1679 igitur
3281 1625 3406 1667 eum
3456 1620 3511 1667 et
3558 1628 3718 1666 inun-

2133 1706 2260 1760 dum
2290 1704 2480 1760 iecisse
2526 1702 2594 1758 de
2623 1702 2808 1766 nihilo.
2841 1710 2895 1756 et
2924 1702 3094 1769 legem
3146 1701 3377 1767 dedisse,
3425 1703 3721 1772 prophetas

444 1804 602 1855 ιιηιιδι
634 1802 731 1859 Per
758 1785 811 1842 id
831 1785 973 1856 (lu0d
1005 1800 1073 1839 ει
1097 1781 1322 1837 munere
1361 1779 1617 1845 "350m",
1647 1778 1921 1833 hominem
1971 1790 2032 1831 ⁵⁸
2062 1807 2107 1866 Β
2134 1812 2351 1867 quoque
2394 1795 2714 1865 inspirasse,
2766 1801 2821 1848 et
2865 1793 3168 1849 novissimis
3225 1794 3561 1848 incarnatum
3597 1808 3723 1849 esse

443 1882 839 1942 demonstrans,
871 1893 967 1949 per
991 1877 1041 1933 id
1072 1886 1251 1931 autem
1272 1873 1417 1943 quod
1443 1873 1561 1927 sine
1588 1869 1825 1939 conjuge
1837 1877 1894 1923 et
1920 1884 2035 1922 ma-

447 1982 585 2027 trem
606 1971 1075 2033 servatintactam,
1094 1967 1261 2022 Deum
1285 1980 1506 2035 prorsus
1528 1962 1806 2016 insinuans
1826 1959 2034 2015 salvum

447 2062 577 2120 fecit
602 2064 855 2134 populum
886 2076 1063 2116 suum.
1104 2058 1242 2126 Qui?
1270 2055 1427 2111 Iesus
1462 2053 1725 2117 Christus,
1750 2052 1842 2122 qui
1886 2052 2037 2106 venit

450 2155 505 2209 in
529 2162 717 2219 terras,
742 2160 799 2207 et
825 2166 946 2206 cum
962 2148 1267 2204 hominibus
1290 2152 1643 2203 conversatus
1656 2152 1737 2198 est
1766 2142 2032 2214 (Bai-.111).

448 2247 508 2302 Si
529 2253 706 2301 autem
733 2244 977 2300 Christus
1022 2256 1189 2312 purus
1225 2241 1391 2295 homo
1414 2246 1517 2303 est,
1542 2246 1597 2293 et
1627 2252 1735 2291 non
1787 2236 1901 2306 ipse
1955 2243 2039 2290 est

450 2334 863 2396 DeusVerbum,
896 2330 1168 2401 quomodo
1190 2330 1241 2386 in
1268 2329 1532 2399 principio
1581 2328 1785 2383 creavit
1834 2326 2033 2393 omnia,

450 2445 574 2485 cum
606 2436 754 2492 tunc,
777 2434 836 2481 ut
864 2424 1010 2495 impii
1052 2430 1321 2487 asserunt,
1375 2437 1484 2475 non
1534 2420 1686 2474 erat?
1737 2418 1869 2474 Nam
1916 2434 2037 2473 cum

452 2522 756 2593 postremus
778 2519 830 2573 in
850 2517 1111 2573 creaturis
1132 2517 1294 2593 homo
1310 2515 1399 2577 sit,
1430 2514 1477 2577 si
1496 2512 1745 2568 Christus
1755 2512 1919 2566 homo
1941 2528 2039 2580 pu-

452 2592 547 2667 rus
574 2618 674 2675 est,
701 2616 916 2665 constat
942 2606 1085 2677 quod
1114 2592 1179 2661 ea
1199 2621 1320 2675 qua:
1347 2612 1474 2659 ante
1512 2618 1572 2659 se
1601 2611 1774 2666 erant,
1834 2615 2040 2669 nequa-

453 2718 617 2773 quam
642 2715 829 2757 creare
884 2699 1119 2769 potuerit
1148 2696 1293 2752 velut
1337 2693 1684 2765 postmodum
1732 2691 1924 2746 factus.
1975 2688 2043 2743 Et

455 2790 728 2863 quomodo
758 2787 956 2843 Paulus
984 2788 1182 2851 aiebat,
1217 2782 1366 2839 Unus
1393 2782 1652 2838 Dominus
1696 2779 1849 2835 Iesus
1885 2778 2043 2835 Chri-

454 2894 592 2948 stus.
622 2899 724 2954 per
748 2898 908 2954 quem
936 2880 1153 2935 omnia?
1180 2877 1237 2934 Si
1267 2885 1449 2933 autem
1480 2890 1576 2946 per
1603 2875 1871 2931 Christum
1902 2871 2041 2927 facta

456 2982 583 3031 sunt
606 2973 806 3041 omnia,
830 2970 1173 3027 manifestum
1222 2976 1307 3025 est
1332 2966 1477 3038 quod
1518 2964 1762 3023 Christus
1791 2963 1932 3019 Deus
1960 2969 2044 3019 est

456 3065 715 3133 Verbum,
739 3063 1067 3133 evangelista
1090 3068 1323 3118 testante
1355 3078 1367 3114 :
1400 3057 1467 3114 In
1498 3057 1751 3130 principio
1773 3064 1882 3110 erat
1914 3054 2045 3110 Ver-

458 3159 600 3228 bum,
613 3167 662 3213 et
688 3156 907 3213 Verbum
922 3164 1032 3210 erat
1049 3155 1186 3225 apud
1201 3153 1386 3219 Deum,
1415 3160 1465 3206 et
1480 3150 1620 3206 Deus
1651 3159 1766 3205 erat
1785 3147 2006 3203 Verbum
2020 3164 2043 3213 ;

462 3252 557 3306 hoc
572 3259 682 3304 erat
703 3251 759 3304 in
788 3249 1043 3319 principio
1058 3247 1196 3316 apud
1210 3244 1395 3299 Deum.
1424 3244 1615 3297 Omnia
1640 3260 1733 3315 per
1759 3243 1929 3313 ipsum
1958 3241 2042 3311 fa-

460 3351 544 3395 cta
570 3350 687 3395 sunt
717 3338 897 3411 (Joan.
929 3339 990 3408 ι).
1018 3335 1084 3393 Ει
1112 3337 1284 3408 ipsum
1310 3350 1527 3405 quoque
1556 3333 1754 3388 Paulus
1781 3334 2047 3403 interpre-

461 3438 583 3485 tans
623 3430 701 3484 ait
730 3446 744 3480 :
778 3426 926 3482 Unus
953 3426 1212 3481 Dominus
1260 3423 1416 3481 Iesus
1445 3424 1710 3488 Christus,
1760 3439 1860 3496 per
1884 3439 2044 3493 quem

463 3520 644 3576 omnia
675 3518 893 3590 (Colon.
920 3522 1055 3589 vin).
1073 3518 1251 3587 Quare
1278 3518 1494 3581 dicitur,
1526 3517 1783 3586 quoniam
1804 3515 2049 3573 Christus

463 3618 548 3665 est
566 3608 710 3665 Deus
732 3610 985 3666 Verbum.
1011 3610 1067 3665 Si
1098 3619 1278 3667 autem
1308 3611 1424 3666 illas
1452 3609 1731 3681 proferunt
1776 3623 1938 3664 voces
1963 3608 2048 3663 di-

465 3699 603 3755 vinis
618 3698 812 3756 litteris
834 3699 1208 3770 editasquibus
1234 3698 1479 3754 Christus
1506 3699 1669 3755 homo
1697 3705 1781 3753 est
1821 3697 2053 3768 appella-

467 3798 577 3862 ιιι,
602 3791 817 3848 dicente
844 3791 1005 3847 Petro
1031 3811 1044 3846 :
1073 3788 1254 3846 Iesum
1282 3806 1313 3845 a
1344 3790 1609 3846 Natareth
1638 3790 1809 3845 virum
1855 3804 2049 3859 appro-

467 3886 652 3942 batum
671 3901 703 3940 a
732 3885 844 3941 Deo
873 3887 927 3941 in
955 3885 1108 3965 vobis
1138 3886 1276 3957 (Act.
1310 3886 1391 3954 ιι).
1422 3883 1490 3938 Ει
1520 3883 1687 3939 Paulo
1717 3892 1949 3938 testante
1976 3881 2052 3935 si-

468 3978 705 4034 militer:
737 3976 795 4033 In
838 3981 954 4035 viro
984 3980 1037 4034 in
1086 3995 1194 4051 quo
1237 3978 1522 4051 prmlinivit
1574 3976 1734 4035 ﬁdem
1795 3986 2056 4049 prtestans

469 4071 719 4127 omnibus
752 4066 891 4140 (Act.
940 4087 1051 4129 xvit
1076 4070 1117 4144 ).
1146 4069 1212 4125 Et
1230 4072 1344 4141 ipso
1366 4071 1594 4128 Domino
1617 4070 1684 4127 de
1721 4086 1781 4127 se
1820 4070 2057 4125 claman-

473 4171 526 4218 te
559 4161 734 4229 :Quid
765 4164 1099 4233 mequzeritis
1126 4162 1375 4217 occidere
1390 4162 1663 4217 hominem
1690 4160 1871 4231 (Ioan.
1900 4162 2057 4230 vni)?

472 4250 730 4307 Noverint
754 4259 930 4306 autem
960 4267 1054 4323 per
1079 4251 1335 4306 incuriam
1370 4267 1428 4306 se
1450 4250 1737 4320 Scriptum:
1758 4261 1956 4307 sanctm
1978 4253 2060 4307 in-

475 4345 767 4415 telligentia
795 4345 1012 4415 privari,
1043 4352 1135 4398 aut
1161 4352 1308 4398 certe
1332 4359 1428 4413 per
1445 4344 1699 4397 malitiam
1723 4342 1916 4408 deseri,
1934 4344 2058 4413 quia

477 4436 645 4490 velint
673 4452 791 4505 qua:
819 4436 956 4490 bene
977 4436 1279 4506 conscripta
1309 4444 1452 4500 sunt,
1504 4432 1570 4489 ad
1600 4435 1872 4506 prepriam
1903 4434 2062 4490 reﬂe-

2140 1888 2492 1958 temporibus,
2524 1886 2799 1956 apostolos
2827 1886 2990 1940 etiam
3014 1886 3224 1942 misisse
3243 1885 3311 1939 ad
3339 1886 3566 1940 salutem
3588 1900 3723 1953 gen—

2137 1981 2270 2035 tium
2293 1988 2456 2051 atque
2479 1978 2819 2048 populorum.
2843 1976 3131 2045 aniamns
3180 1977 3362 2045 itaque
3385 1978 3609 2033 consilia
3631 1992 3724 2031 se-

2137 2072 2429 2138 ductionis,
2460 2071 2657 2124 llueuta
2688 2068 3062 2123 haereticorum
3110 2068 3231 2123 dico
3259 2070 3557 2138 perniciosa
3582 2069 3727 2123 Deo-

2137 2178 2245 2232 que
2276 2161 2489 2217 inimica
2517 2160 2787 2228 contagia,
2811 2158 2921 2213 Arii
2949 2158 3244 2223 vesaniam,
3290 2159 3380 2226 qui
3403 2157 3728 2212 Trinitatem

2140 2251 2550 2322 inseparabilem
2571 2249 2884 2313 substantiis
2910 2248 3128 2313 dividit;
3147 2249 3389 2304 Emiomii
3412 2249 3721 2313 audaciam,

2138 2345 2228 2414 qui
2255 2352 2498 2399 naturam
2523 2341 3120 2411 incompreltensibilem
3145 2342 3284 2395 intra
3305 2340 3585 2396 scientiam
3627 2343 3698 2394 hu

2140 2437 2687 2501 manitatisincludit;
2720 2435 2994 2493 Manichtei
3025 2436 3251 2498 rabiem,
3278 2437 3367 2518 qui
3421 2444 3737 2515 sequestrat

2142 2532 2208 2586 ab
2235 2530 2471 2585 essentia
2496 2529 2722 2583 Deitatis
2745 2538 2991 2582 sanctum
3013 2526 3291 2596 Spiritutn,
3316 2538 3373 2581 et
3397 2528 3736 2596 inseparabi-

2141 2621 2264 2689 liter
2289 2620 2693 2689 procedentem.
2738 2618 2847 2673 Nec
2877 2633 2982 2674 non
3002 2628 3057 2672 et
3079 2618 3219 2672 hanc
3242 2618 3603 2686 nuperrimain
3631 2633 3739 2671 no-

2144 2727 2377 2781 vamque
2426 2710 2816 2781 blasphemiam
2844 2725 2962 2779 quae
3013 2708 3317 2764 Judaeorum
3401 2710 3739 2779 Impietath

2145 2802 2513 2872 multipliciter
2539 2814 2865 2869 exsuperare
2889 2798 3236 2867 dignoscitur.
3270 2798 3347 2852 Illi
3372 2813 3604 2867 namque
3639 2798 3734 2852 Fi-

2145 2893 2273 2948 lium
2301 2900 2579 2962 negantes,
2603 2905 2810 2944 ramum
2840 2889 3082 2943 nituntur
3110 2904 3140 2943 a
3172 2888 3351 2943 radice
3391 2888 3731 2943 convellere.

2142 2982 2185 3039 Ii
2208 2999 2338 3038 vero
2359 2982 2485 3037 huic
2505 2980 2598 3051 qui
2627 2988 2728 3043 est,
2760 2978 2924 3034 alium
2947 2978 3440 3048 superinducentes,
3495 2979 3739 3033 inteme—

2145 3073 2371 3141 rabilem
2396 3069 2749 3127 substantiam
2779 3076 3034 3139 tanquam
3084 3066 3135 3122 in
3181 3066 3347 3122 fetum
3378 3067 3742 3135 multiplicem

2069 3185 2116 3249 ς
2145 3164 2423 3221 dill'amare
2475 3161 2829 3218 contendunt.
2899 3160 3149 3216 Dicamus
3195 3172 3326 3227 ergo
3372 3174 3492 3213 cum
3562 3156 3744 3213 Paulo

2145 3254 2361 3327 (Ephes.
2387 3252 2445 3321 ιι)
2466 3250 2741 3307 :Christus
2763 3257 2846 3305 est
2874 3264 2978 3319 pax
3010 3258 3215 3313 nostra,
3246 3248 3337 3317 qui
3361 3247 3483 3302 fecit
3506 3255 3745 3316 utraque

2146 3358 2331 3419 unum.
2361 3340 2602 3397 Judaeum
2633 3354 2867 3409 namque
2895 3346 2951 3392 et
2970 3337 3225 3407 gentilem
3276 3353 3371 3406 per
3408 3336 3746 3405 baptismum

2148 3434 2201 3490 in
2227 3448 2422 3488 novum
2463 3429 2741 3507 hominem
2787 3425 3119 3488 reformavit.
3168 3425 3498 3495 coniungens
3537 3426 3750 3483 virtute

2148 3538 2284 3595 quos
2303 3520 2643 3577 conversatio
2664 3519 3057 3589 sequestrabat.
3089 3516 3296 3573 Idcirco
3320 3526 3629 3589 repertores
3656 3535 3753 3576 no-

2149 3630 2229 3669 va:
2257 3611 2569 3683 impietatis,
2593 3609 2994 3665 damnationem
3042 3623 3161 3677 qum
3185 3608 3286 3663 sibi
3315 3609 3559 3664 imminet
3607 3626 3753 3666 con-

2152 3707 2483 3769 tremiscam,
2515 3702 2730 3772 quando
2761 3702 2813 3756 in
2846 3716 3007 3756 uuam
3038 3711 3339 3773 separatam
3368 3702 3576 3757 rediere
3603 3719 3750 3759 cou-
3829 3709 3843 3723 '

2154 3799 2412 3863 cordiam,
2437 3806 2492 3850 et
2517 3796 2606 3865 qui
2639 3795 2813 3848 univit
2839 3796 2890 3848 in
2918 3795 3047 3860 duo,
3077 3803 3336 3864 quantum
3367 3794 3435 3849 ad
3461 3796 3579 3851 illos
3610 3798 3753 3853 atti-

2157 3900 2269 3960 net,
2303 3890 2593 3946 derivatur.
2626 3886 2731 3942 Sed
2763 3886 2960 3941 omissa
2986 3886 3091 3955 iam
3121 3886 3428 3956 prolixitate
3451 3889 3751 3955 sermonis,

2156 3983 2223 4038 ad
2245 3979 2621 4051 compendium
2653 3978 2787 4033 recti
2817 3977 3081 4047 dogmatis
3118 3978 3352 4032 veniam.
3383 3977 3439 4033 Si
3481 3980 3604 4049 quis
3638 3981 3756 4036 vult

2160 4090 2319 4131 nosse
2350 4072 2614 4126 veraciter
2641 4068 2914 4138 quomodo
2972 4068 3111 4122 idem
3145 4068 3259 4138 ipse
3287 4069 3359 4123 sit
3386 4085 3521 4124 unus
3549 4078 3607 4124 et
3643 4088 3755 4127 non

2157 4166 2331 4221 solum
2358 4162 2521 4217 Filius
2552 4161 2777 4214 Abraha:
2808 4174 3051 4226 manens,
3075 4167 3129 4212 et
3153 4159 3203 4213 in
3230 4160 3758 4217 n0vissimis.secnn-

2160 4255 2285 4310 dum
2312 4268 2526 4311 carnem
2556 4250 2818 4320 sapientia
2843 4257 2898 4304 et
2924 4258 3083 4303 mtate
3113 4249 3419 4318 proliciens,
3475 4266 3601 4305 nam
3634 4252 3758 4306 dei-

2161 4356 2246 4403 tas
2266 4346 2382 4416 ejus
2411 4360 2626 4415 semper
2656 4343 2712 4398 id
2737 4342 2879 4412 quod
2906 4342 3201 4413 perfectura
3248 4351 3333 4404 est
3355 4343 3616 4413 possidet,
3672 4345 3760 4399 in—

2165 4445 2403 4507 terroget
2433 4434 2677 4503 Paulum,
2709 4441 2765 4489 et
2794 4434 2907 4504 ipse
2935 4434 3156 4503 pietatis
3182 4444 3577 4490 sacramentum
3637 4450 3761 4506 pro-

476 4536 624 4583 ctere
654 4528 992 4598 pravitatem.
1013 4527 1142 4582 Nam
1167 4536 1222 4581 et
1244 4528 1407 4583 homo
1442 4527 1735 4583 secundum
1777 4528 2059 4583 veritatem
2094 4557 2138 4614 ο
2165 4531 2305 4585 tinus
2328 4528 2611 4593 intonabit,
2643 4525 2933 4582 ostendens
2961 4524 3105 4595 quod
3128 4526 3291 4580 etiam
3330 4541 3401 4582 ex
3427 4524 3631 4583 Judzeis
3663 4543 3761 4582 or-

476 4618 672 4673 dicitnr
699 4618 958 4684 Christus,
990 4618 1083 4673 sed
1114 4618 1216 4673 hoc
1235 4619 1405 4674 factus
1432 4626 1531 4684 est,
1558 4620 1702 4689 quod
1755 4620 1902 4689 prius
1952 4635 2059 4674 non

476 4718 613 4774 erat,
647 4708 747 4763 nisi
778 4716 953 4764 tamen
985 4708 1143 4762 modo
1190 4708 1328 4763 Dens
1360 4727 1372 4761 :
1406 4709 1543 4762 sicut
1588 4710 1731 4764 enim
1789 4708 1930 4765 Deus
1980 4709 2061 4764 in-

478 4809 693 4858 creatus
721 4809 822 4865 est,
852 4802 930 4856 sic
948 4801 1084 4856 idem
1114 4802 1227 4871 ipse
1246 4801 1407 4856 homo
1436 4801 1704 4871 perfectus
1727 4810 1828 4867 est,
1861 4804 2062 4859 nullam

477 4893 835 4964 suspicionem
867 4891 1163 4962 phantasia:
1187 4907 1408 4962 prorsus
1436 4892 1743 4947 admittens.
1776 4892 1843 4947 Et
1870 4910 2063 4964 quem-

478 4985 765 5041 admodum
806 4994 890 5040 est
925 4982 1067 5039 Patri
1097 4983 1394 5039 secundum
1423 4984 1679 5041 deitatem
1709 4987 2067 5047 consubstan-

480 5077 641 5141 tialis,
663 5076 739 5133 sic
768 5076 909 5132 idem
931 5085 1134 5131 sancta:
1155 5074 1357 5145 Virgini
1378 5076 1672 5132 secundum
1695 5093 1911 5133 carnem
1933 5096 2063 5149 pro-

480 5167 638 5220 batur
665 5182 783 5223 esse
803 5166 1118 5232 consimilis,
1142 5166 1341 5235 ubique
1361 5167 1591 5223 veritate
1619 5168 1896 5224 relucente
1950 5186 2066 5242 my-

479 5257 650 5317 sterii,
675 5258 927 5329 omnique
955 5266 1161 5313 remota
1195 5258 1411 5327 penitus
1468 5257 1721 5315 falsitate.
1771 5258 1827 5315 Si
1882 5271 2063 5314 autem

481 5346 647 5402 Deum
676 5349 824 5417 virgo
843 5366 949 5405 non
977 5350 1182 5419 genuit,
1206 5365 1307 5405 nec
1333 5363 1528 5418 magno
1584 5350 1906 5406 censebatur
1926 5350 2066 5404 inta-

480 5454 565 5499 cta
594 5442 850 5498 miraculo
884 5462 896 5496 :
931 5447 1109 5501 multa:
1140 5446 1405 5515 siquidem
1453 5454 1507 5499 et
1538 5445 1656 5499 alia:
1711 5443 1961 5497 mulieres
1978 5426 2067 5512 ju-

481 5544 595 5589 stos
623 5535 818 5589 stucqu
868 5538 1225 5604 protulerunt.
1279 5537 1414 5592 Nam
1472 5536 1667 5605 lingua:
1716 5536 2062 5606 prepheticaa,

480 5623 899 5679 ineffabilitatem
918 5626 1071 5695 hujus
1081 5628 1404 5684 sacramenti
1423 5628 1689 5699 praecinet]
1699 5638 1794 5692 tes,
1818 5628 2031 5681 aiebant
2050 5645 2061 5679 :

480 5714 619 5768 Ecce
642 5716 789 5783 virgo
818 5716 867 5769 in
894 5724 1046 5771 utero
1074 5718 1361 5787 concipiet,
1386 5726 1440 5772 et
1469 5718 1641 5788 pariet
1665 5714 1880 5783 Filium,
1898 5725 1951 5768 et
1974 5730 2069 5769 vo-

438 5808 684 5864 Jeabitur
716 5822 910 5863 nomen
927 5806 1042 5866 eius
1060 5805 1395 5865 Emmanuel.
1445 5806 1601 5873 Quod
1655 5802 1872 5863 Gabriel
1894 5806 2062 5863 inter-

2168 4630 2252 4675 tus
2273 4618 2566 4675 secundum
2595 4632 2811 4673 carnem
2841 4616 2984 4671 Deus
3013 4617 3374 4686 sempiternus
3392 4618 3589 4672 existat
3630 4636 3647 4672 :
3683 4618 3765 4673 lo~

2166 4728 2339 4785 quens
2365 4712 2509 4767 enim
2538 4710 2607 4766 de
2628 4710 2867 4765 IIebneis
2906 4720 2963 4765 et
2989 4709 3243 4765 rebellem
3273 4712 3548 4767 nationem
3574 4712 3765 4782 ingra-

2171 4815 2385 4874 tamque
2404 4802 2739 4869 collaudans,
2772 4811 2994 4873 propter
3024 4802 3259 4858 radicem
3290 4804 3538 4858 videlicet
3574 4791 3783 4860 Abrao.

2167 4896 2314 4962 ham,
2342 4904 2398 4953 et
2453 4903 2676 4966 pr0pter
2722 4908 2906 4948 semen
2924 4893 3215 4959 Christum,
3265 4895 3338 4948 ita
3395 4898 3763 4963 pronuntiat:

2170 4984 2432 5053 Quorum,
2456 4985 2628 5055 inquit
2652 4984 2828 5056 (Rom.
2862 4984 2961 5053 ix).
2982 4992 3064 5039 est
3086 4984 3303 5054 adoptio
3353 4983 3599 5040 ﬁliorum.
3628 4986 3765 5042 Cla-

2172 5088 2284 5134 mat
2313 5078 2454 5134 enim
2505 5078 2556 5131 in
2590 5076 2908 5147 prophetis:
2940 5075 3107 5132 Filius
3160 5092 3312 5132 meus
3366 5079 3767 5147 pritnogeuitus

2170 5168 2333 5225 Israel
2363 5178 2417 5224 et
2455 5170 2647 5238 gloria.
2706 5168 2970 5222 Inﬁnitam
3018 5183 3249 5239 namque
3285 5168 3509 5239 gloriam
3552 5170 3635 5227 eis
3667 5172 3764 5238 qui

2169 5260 2382 5332 probati
2409 5268 2537 5314 tunc
2566 5266 2722 5314 erant
2748 5258 3007 5326 moribus,
3040 5250 3218 5313 divina
3246 5258 3529 5325 miracula
3574 5263 3769 5316 conio,

2170 5349 2387 5419 rebant,
2418 5357 2473 5403 et
2502 5356 2820 5405 testamenta
2852 5362 2947 5415 per
2973 5361 3091 5416 qua:
3131 5347 3357 5402 Abrahae
3378 5348 3765 5418 multiplicatio

2170 5440 2389 5495 seminis
2418 5447 2495 5492 est
2530 5437 2811 5508 promissa,
2842 5446 2897 5491 et
2921 5436 3179 5504 legislatio
3209 5450 3327 5505 qua:
3371 5435 3424 5489 in
3456 5447 3643 5495 nionte
3674 5438 3766 5493 di-

2170 5533 2281 5602 gito
2307 5531 2397 5586 Dei
2429 5530 2732 5600 conscripta
2761 5537 2862 5593 est,
2893 5538 2949 5583 et
2975 5516 3289 5596 obsequium
3311 5543 3417 5596 quo
3438 5528 3618 5583 divino
3640 5531 3767 5585 cul—

2173 5623 2247 5677 tui
2275 5618 2602 5686 serviebant,
2635 5628 2690 5673 et
2720 5618 2978 5688 promissa
3008 5617 3199 5685 quibus
3228 5617 3308 5671 vel
3339 5626 3482 5672 terra
3513 5618 3767 5674 Palmsti-

2172 5730 2238 5769 na
2261 5713 2341 5768 vel
2373 5720 2519 5767 certe
2541 5710 2842 5766 benedictio
2871 5709 2922 5764 in
2969 5708 3175 5765 semine
3220 5709 3447 5764 Abrahat
3501 5712 3763 5779 gentibus

2168 5807 2363 5865 collata
2407 5813 2499 5881 est
2535 5804 2798 5862 universis
2831 5820 2844 5856 :
2876 5816 3105 5872 quorum
3152 5800 3339 5860 Patres
3392 5802 3483 5873 qui
3537 5802 3588 5857 in
3652 5807 3760 5859 hac

2794 5922 2826 5941 κ
