3938 6196
213 320 303 374 lli
983 321 1070 376 DE
1098 317 1516 377 lNVENTlONE
1554 316 1825 379 CAPlTlS
1863 320 1922 379 Β.
1960 321 2245 383 JOANNIS
2284 321 2667 384 PROLOGUS.
3380 328 3489 387 ll!

210 436 501 506 ignorantia:
549 443 707 493 nocte
756 435 903 493 velut
963 437 1252 493 luminaria
1305 437 1429 494 ﬁdei
1483 438 1781 510 probantur
1806 439 1855 501 Α
1885 446 1943 493 ιιι
1966 439 2301 496 demonstret
2324 449 2382 495 ut
2406 442 2450 497 is
2476 442 2566 510 qui
2596 457 2695 496 nos
2734 442 2900 497 verbo
2928 445 3131 500 creavit
3153 461 3251 517 pro
3277 462 3370 504 sua
3403 449 3490 503 di-

208 529 380 596 exorti,
402 537 455 584 et
483 545 551 585 ex
587 530 783 599 quibus
804 527 1073 585 Christus.
1107 530 1216 585 Nec
1236 531 1289 585 in
1310 530 1375 586 iis
1404 531 1554 586 stetit
1579 527 1785 584 beatis-
1885 532 2131 599 vinitate,
2164 533 2280 602 jugi
2336 550 2365 588 a
2418 534 2573 588 nobis
2604 534 2811 589 honore
2835 534 3159 592 celebretur.
3218 537 3493 598 llabentes

207 623 353 676 simus
376 622 586 675 Paulus.
621 620 730 676 Nec
757 622 901 676 enim
928 636 996 675 ex
1020 636 1130 691 quo
1173 631 1359 692 partus
1387 621 1458 678 de
1494 621 1662 676 Maria
1718 635 1787 676 ex

207 726 264 766 eo
289 719 362 766 est
382 709 543 765 Verbi
574 710 691 766 sine
717 710 873 765 initio
927 712 1192 766 exstantis
1221 712 1473 767 essentia.
1497 710 1604 768 Sed
1659 726 1787 766 mox

206 803 364 860 intulit
378 800 670 858 secundum
683 811 991 868 carnem,ut
1004 802 1494 859 manifestationem
1513 818 1633 873 qua:
1647 801 1786 858 facta

208 901 275 950 est
300 894 345 946 in
369 907 552 957 carne,
580 909 687 947 non
715 893 860 947 illam
886 892 1225 948 nativitatem
1253 892 1488 948 divinam
1503 901 1788 948 :eternam-

206 1001 296 1057 que
318 985 599 1054 signiticet.
631 984 764 1052 Quis
793 986 956 1055 igitur
982 993 1129 1041 esset
1152 985 1240 1041 hic
1267 985 1533 1053 Christus,
1564 985 1654 1057 qui
1684 1000 1785 1039 na-

207 1088 371 1134 tusest
398 1094 466 1132 ex
496 1078 735 1147 Virgine,
761 1093 923 1148 quem
942 1078 1203 1149 spelunca
1228 1079 1373 1151 cepit
1417 1087 1477 1135 ut
1504 1093 1619 1134 rem
1667 1076 1789 1133 nul-

206 1172 292 1227 lius
315 1171 491 1241 pretii,
521 1171 614 1240 qui
645 1170 698 1225 in
723 1172 950 1243 praesepi
974 1171 1167 1241 jacuit,
1191 1172 1284 1241 qui
1313 1172 1611 1229 secundum
1664 1186 1787 1226 car-

204 1277 310 1316 nem
360 1261 698 1331 temporibus
734 1262 925 1329 crevit,
966 1263 1168 1333 quique
1212 1263 1281 1317 ad
1328 1262 1581 1319 inferiora
1628 1271 1787 1318 terra:

202 1351 537 1420 descendens,
569 1355 751 1410 omnia
778 1369 899 1425 qua:
928 1355 1110 1411 carnis
1139 1363 1265 1409 sunt
1314 1355 1549 1409 mirabili
1600 1355 1788 1425 digna-

202 1446 330 1502 tione
350 1446 633 1515 sustinuit,
663 1453 722 1500 ut
750 1444 913 1501 ﬁdem
943 1446 1148 1502 faceret
1175 1446 1301 1516 quia
1327 1446 1595 1501 veraciter
1622 1447 1786 1501 homo

202 1536 352 1593 factus
380 1546 492 1604 est,
518 1553 622 1593 nec
649 1537 807 1592 aliter
827 1552 946 1593 esse
973 1547 1170 1608 prteter
1197 1553 1319 1595 eum
1350 1537 1443 1608 qui
1488 1536 1785 1604 descendit,

202 1630 279 1687 ted
296 1629 436 1686 idem
460 1630 553 1700 qui
573 1628 852 1685 descendit
868 1629 983 1699 ipse
1006 1636 1090 1685 est
1109 1629 1201 1701 qui
1217 1628 1489 1684 ascendit:
1514 1626 1623 1684 no'n
1643 1630 1785 1684 enim

202 1723 329 1792 prius
351 1721 621 1784 ascendit,
643 1719 740 1775 sed
760 1720 1039 1776 descendit
1062 1737 1075 1773 :
1104 1728 1162 1775 ut
1190 1729 1318 1790 pote
1338 1720 1429 1790 qui
1447 1736 1555 1775 non
1580 1735 1647 1775 ex
1661 1736 1788 1791 pro-

1888 622 2077 693 itaque
2100 622 2376 679 Christum
2408 632 2463 679 et
2491 625 2834 689 existentem,
2884 634 2938 679 et
2968 623 3159 697 Deum,
3192 639 3247 684 et
3266 629 3490 686 benedi-

1887 723 2030 772 ctum
2056 716 2107 771 in
2133 717 2350 783 saecula,
2382 733 2703 772 veneremur
2730 733 2851 773 eum
2883 726 2940 772 ut
2967 718 3275 789 Dominum,
3303 721 3490 778 dicen-

1888 814 1970 862 tes
1993 808 2351 864 assertoribus
2376 815 2685 862 exterorum
2708 807 3020 877 dogmatum
3047 827 3059 862 :
3090 809 3146 865 Si
3194 812 3313 882 quis
3331 814 3489 884 spiri-

1888 906 2001 952 tum
2026 897 2224 953 Christi
2249 914 2355 953 non
2380 899 2559 961 habet,
2586 899 2673 953 hic
2702 915 2807 954 non
2850 908 2933 955 est
2961 915 3077 969 ejus
3120 900 3298 973 (Rom.
3331 908 3446 975 vttt)
3474 925 3487 959 :

1887 1005 1988 1046 nos
2009 1000 2188 1046 autem
2215 1006 2430 1046 sensum
2470 990 2668 1047 Christi
2697 992 2956 1048 habemus
2989 1012 3002 1048 :
3036 995 3239 1051 idcirco
3294 1006 3349 1052 et
3396 1014 3489 1052 εχ-

1887 1093 2194 1153 spectamus
2222 1082 2513 1137 adventum
2539 1082 2722 1151 gloria:
2752 1085 2930 1152 magni
2990 1084 3080 1140 Dei
3110 1094 3165 1140 et
3194 1085 3489 1143 Salvatoris

1888 1174 2059 1229 nostri
2086 1171 2214 1229 Jcsu
2244 1172 2460 1238 Christi,
2493 1177 2582 1245 qui
2615 1175 2700 1245 pie
2727 1176 2942 1245 quidem
2974 1177 3279 1233 viventibus
3304 1180 3488 1249 gloriae

1886 1263 2077 1319 reddet
2102 1279 2397 1332 coronam;
2431 1264 2497 1319 iis
2527 1272 2706 1319 autem
2730 1265 2819 1334 qui
2857 1268 3192 1322 exacerbant
3220 1283 3363 1335 eum,
3394 1286 3487 1324 au-

1889 1355 2057 1411 dacia:
2079 1372 2268 1411 eorum
2286 1356 2549 1426 condigna
2584 1358 2847 1413 restituet.
2880 1357 3003 1414 Haec
3026 1370 3218 1415 vestra:
3238 1362 3487 1418 charitati

1888 1447 2165 1516 dirigimus
2193 1464 2292 1518 pro
2308 1448 2504 1505 libellis
2527 1450 2735 1514 vestris,
2756 1464 2889 1519 quos
2905 1450 2970 1505 ad
2994 1466 3093 1505 nos
3110 1452 3381 1507 destinare
3403 1469 3481 1507 cu-

1888 1540 2068 1605 rastis,
2094 1549 2468 1596 asseverantes
2494 1541 2756 1610 quosdam
2786 1542 3070 1613 pestiferos
3093 1542 3337 1598 homines
3366 1558 3486 1597 vcr-

1891 1630 2082 1685 borum
2106 1640 2357 1702 portenta
2386 1632 2928 1702 promentesirruisse
2957 1643 3148 1688 vestrae
3177 1631 3493 1703 provincize.

1891 1721 2131 1775 volentes
2161 1721 2479 1791 quibusdam
2536 1724 2750 1793 scriptis
2778 1732 2835 1778 et
2890 1722 3323 1794 oppositionibus
3371 1722 3490 1779 falsi

201 1815 425 1879 motione
454 1812 597 1873 Deus
620 1822 727 1884 est,
756 1812 852 1868 sed
872 1822 1093 1884 propter
1121 1813 1546 1869 misericordiam
1570 1827 1675 1883 qua
1702 1814 1785 1868 in-
1824 1811 1867 1871 Β
1894 1814 2125 1870 nominis
2153 1815 2392 1870 scientia:
2421 1814 2720 1886 simplicem
2750 1823 2805 1869 et
2832 1814 3121 1870 infucatam
3150 1824 3311 1870 rectm
3369 1812 3489 1868 ﬁdei

202 1907 519 1977 digebamns,
543 1907 709 1965 homo
735 1907 1021 1977 dignanter
1054 1907 1279 1964 elTectus
1304 1917 1387 1964 est
1409 1909 1431 1964 ?
1450 1909 1572 1978 quis
1625 1917 1725 1973 est,
1757 1924 1789 1964 a

201 2016 277 2056 me
297 2001 433 2061 vela
463 1999 712 2073 quolibet
740 2001 848 2057 alio
877 2017 985 2057 non
1009 2002 1267 2071 requirat,
1299 2002 1394 2057 sed
1416 2002 1483 2058 ab
1506 2001 1785 2073 Apostolo,

202 2094 278 2162 qui
300 2092 493 2148 Filium
516 2108 613 2163 per
638 2092 1024 2149 revelationetn
1060 2093 1191 2149 dicit
1235 2092 1439 2161 Patris,
1491 2108 1612 2147 cum
1663 2092 1791 2149 dicit

203 2183 325 2254 (Gal.
354 2186 398 2251 ι)
436 2202 452 2238 ;
484 2182 619 2239 Cum
647 2191 830 2239 autem
882 2183 1084 2253 placuit
1131 2184 1180 2239 ei
1221 2184 1312 2254 qui
1357 2200 1445 2239 me
1489 2183 1791 2252 segregavit

202 2276 435 2339 dentem
458 2275 650 2343 matris
669 2290 825 2344 neat,
843 2284 899 2331 et
918 2276 1133 2331 vocavit
1162 2292 1259 2346 per
1279 2277 1510 2344 gratiam
1533 2290 1707 2340 suam,
1731 2284 1792 2330 ιιι

201 2369 460 2427 revelat-et
482 2367 679 2425 Filium
706 2383 864 2424 suum
894 2368 947 2423 in
974 2370 1100 2423 me?
1130 2367 1227 2423 Hic
1258 2383 1490 2438 namque
1524 2368 1644 2438 quis
1686 2376 1788 2433 est,

203 2457 339 2514 lusus
366 2456 931 2529 Christusveraciter
972 2458 1240 2525 edocebit,
1281 2458 1786 2531 exclamans(Rom.

200 2550 295 2620 Ix):
313 2549 391 2607 Ex
404 2548 866 2620 quibusChristus
878 2551 1170 2607 secundum
1182 2552 1517 2622 carnem,qui
1532 2560 1614 2608 est
1628 2567 1793 2624 super

201 2656 359 2698 orum:
382 2640 539 2698 Deus
560 2639 879 2699 benedictus
900 2641 956 2695 in
983 2642 1200 2696 saecula.
1252 2640 1377 2697 llmc
1407 2641 1557 2697 Pauli
1605 2643 1790 2708 verba,

199 2746 343 2802 quam
360 2733 778 2804 subreplionem
805 2733 1087 2789 calumnia:
1116 2749 1304 2788 eorum
1330 2734 1421 2803 qui
1468 2750 1631 2806 prava
1673 2732 1794 2788 dili-

201 2825 550 2891 snnlbabere
600 2824 968 2901 permittunt?
1021 2824 1167 2879 Dixit
1212 2825 1355 2878 enim
1389 2824 1684 2893 Christum,
1736 2833 1796 2879 ut

199 2916 441 2973 ostendat
461 2916 722 2988 quoniam
760 2914 1090 2971 secundunr
1113 2915 1398 2971 veritatem
1440 2914 1585 2971 Deus
1623 2916 1797 2972 factus

200 3016 274 3062 est
297 3008 506 3074 homo;
538 3006 676 3063 dixit
700 3021 835 3062 eum.
866 3022 936 3063 ex
986 3004 1186 3061 ludatis
1235 3007 1528 3063 secundum
1551 3021 1794 3076 carnem,

200 3104 251 3150 ut
276 3098 515 3152 insinuet
542 3096 670 3166 quia
703 3112 807 3151 non
838 3111 903 3150 ex
930 3096 1021 3151 illo
1050 3105 1295 3168 tempore
1322 3112 1430 3165 quo
1447 3105 1527 3151 est
1547 3096 1795 3151 incarna-

1893 1906 2347 1976 pnlchritudinem
2378 1908 2848 1975 constantiamque
2875 1914 3206 1977 pervertere.
3264 1905 3370 1960 Sed
3388 1920 3488 1975 ego

1891 2010 1989 2050 vos
2017 1996 2208 2050 iterum
2238 1995 2295 2049 Β.
2329 1995 2479 2051 Pauli
2520 1996 2697 2051 verbis
2720 1998 2986 2053 admoneo
3041 1997 3266 2066 (Colon.
3300 2017 3354 2057 ιι.
3381 2003 3442 2069 8)
3471 2040 3485 2053 .

1892 2085 2084 2141 Videte
2114 2101 2181 2141 ne
2210 2087 2329 2156 quis
2354 2102 2452 2141 vos
2478 2086 2711 2155 decipiat
2743 2102 2839 2155 per
2870 2088 3262 2159 philosophiam
3295 2099 3350 2146 et
3375 2091 3488 2144 ina—

1892 2192 2014 2231 nem
2043 2176 2309 2232 fallaciam
2338 2177 2634 2232 secundum
2666 2177 3005 2233 traditionem
3038 2180 3315 2233 hominum
3353 2197 3488 2235 vana

1893 2270 2329 2334 consultantium,
2362 2277 2417 2324 et
2446 2284 2554 2325 non
2590 2268 2884 2324 secundum
2935 2268 3229 2325 Christum.
3277 2270 3489 2324 Funda-

1892 2369 2131 2415 mentum
2160 2367 2345 2414 autem
2372 2357 2517 2414 aliud
2550 2366 2751 2415 sancta:
2798 2357 2920 2413 ﬁdei
2943 2375 3102 2415 nemo
3123 2370 3296 2431 potest
3324 2378 3488 2433 pone-

1893 2466 1952 2507 re
1981 2459 2176 2522 praeter
2206 2449 2258 2504 id
2289 2448 2432 2519 quod
2457 2448 2687 2519 positum
2718 2457 2823 2516 est,
2852 2449 2995 2520 quod
3026 2459 3110 2506 est
3136 2450 3378 2524 Christus
3401 2449 3488 2505 .lc-

1892 2559 2003 2599 sus.
2036 2541 2189 2597 State
2230 2542 2392 2609 igitur
2431 2541 2486 2596 in
2522 2557 2628 2597 uno
2663 2542 2854 2612 spiritu
2903 2542 3204 2607 unanimes,
3252 2543 3489 2597 collabo-

1894 2643 2075 2691 rantes
2122 2633 2245 2687 lidei
2295 2630 2603 2701 Evangelii,
2655 2641 2710 2686 et
2760 2634 2812 2686 in
2867 2632 3015 2687 nullo
3060 2632 3369 2687 terrcamini
3425 2633 3489 2687 ab

1894 2717 2219 2783 adversariis
2241 2725 2464 2798 (Philip.
2494 2725 2555 2797 ι),
2600 2726 2967 2781 custodientes
2998 2726 3312 2782 traditiones
3359 2743 3491 2798 quas

1895 2819 2201 2890 accepistis,
2232 2819 2346 2873 sive
2375 2833 2405 2871 a
2437 2818 2638 2872 sanctis
2667 2825 2723 2873 et
2748 2817 3071 2873 beatissimis
3096 2816 3365 2884 Patribus,
3398 2818 3491 2887 qui

1896 2913 2040 2985 apud
2083 2912 2314 2967 Niemam
2347 2910 2504 2966 fidem
2547 2911 2915 2980 promulgasse
2971 2919 3285 2977 noscuntur,
3339 2928 3433 2966 seu
3462 2928 3491 2967 a

1894 3006 2097 3061 sanctis
2121 3012 2179 3060 et
2206 3002 2525 3059 venerandis
2554 3002 2775 3068 Basilio,
2815 3002 3096 3073 Gregorio,
3160 3020 3223 3059 ac
3273 3005 3491 3076 reliquis

1896 3097 2087 3151 eadem
2137 3094 2535 3150 sentientibus:
2567 3107 2797 3161 quorum
2842 3094 3056 3148 nomina
3085 3093 3136 3148 in
3187 3094 3324 3149 libro
3373 3096 3492 3149 vitae

202 3198 292 3253 ms,
314 3188 557 3253 existat;
586 3187 868 3243 dixitcum
896 3187 987 3256 qui
1012 3195 1113 3250 est,
1141 3196 1200 3241 ut
1228 3202 1349 3242 eum
1376 3189 1491 3243 sine
1518 3188 1671 3242 initio
1693 3189 1788 3242 dc-
1817 3198 1864 3261 ς
1894 3187 2092 3257 scripta
2113 3194 2258 3241 sunt.
2288 3183 2515 3240 Omnem
2532 3183 2931 3240 fraternitatem
2982 3199 3102 3254 qua:
3138 3184 3415 3239 vobiscum
3440 3185 3492 3243 in

205 3281 354 3337 claret
378 3298 395 3348 ;
434 3279 571 3335 dixit
599 3290 723 3334 etnn
751 3292 916 3359 super
944 3279 1149 3346 omnia,
1176 3304 1181 3359 ς
1208 3287 1266 3332 ut
1292 3358 1295 3359 ν
1322 3280 1487 3334 totius
1531 3287 1796 3334 creatune

201 3368 478 3426 Dominum
509 3369 795 3441 praedicet:
822 3358 1103 3424 dixitcum
1138 3358 1444 3434 Dominum,
1488 3384 1557 3424 ne
1586 3369 1796 3439 passio-
1832 3414 1843 3421 _

201 3461 342 3517 libus
368 3461 672 3531 habituque
702 3460 932 3515 traducti
987 3460 1362 3514 intemeratam
1394 3459 1511 3529 ejus
1537 3458 1798 3513 audemus

203 3569 385 3625 negare
416 3554 778 3610 substantiam
808 3568 822 3620 ;
852 3552 991 3607 dixit
1015 3551 1387 3620 benedictum,
1431 3558 1490 3604 ut
1512 3546 1797 3604 adoremus

202 3659 313 3700 eum
334 3657 595 3718 tanquam
627 3647 1054 3717 omnipotentem
1085 3645 1417 3714 suppliciter,
1453 3659 1553 3698 nec
1581 3651 1639 3697 ut
1667 3658 1798 3697 con—

199 3752 400 3819 servum
420 3739 711 3796 calumniis
733 3738 1242 3810 appetamus;dixit
1287 3753 1411 3792 eum
1470 3738 1523 3792 in
1575 3736 1794 3798 smeula,

1895 3282 2111 3337 Christo
2133 3288 2237 3348 est,
2286 3292 2388 3349 ego
2410 3286 2467 3335 et
2494 3278 2585 3351 qui
2638 3294 2853 3335 mecum
2883 3288 3006 3334 sunt
3046 3279 3332 3350 plurimum
3360 3281 3493 3336 salu-

1890 3379 2005 3427 tam
2014 3387 2076 3427 IIS

1972 3464 2125 3538 [lla'c
2147 3465 2331 3519 desunt
2354 3466 2405 3518 in
2424 3462 2652 3535 σηπία]
2682 3463 2812 3518 Data
2834 3464 3330 3535 Constantinopol.,
3360 3481 3493 3519 con-

1898 3557 2075 3612 sulatu
2106 3555 2467 3627 piissimorum
2489 3555 2780 3611 Theodosii
2809 3558 3033 3627 August.
3079 3575 3111 3614 v
3159 3567 3215 3613 et
3257 3558 3498 3613 Valenti'

1903 3665 2047 3703 lllﬂlll
2079 3665 2150 3703 ιν.

352 3893 361 3894 ,
394 3893 421 3895 ἡ
1630 3893 3474 3916 ,,,,,,,-.....--.-......-....--..-.-.---.-.--.

596 3983 887 4041 DIONYSII
927 3981 1164 4039 EXIGUJ
1205 3982 1295 4037 DE
1331 3980 1744 4037 INVENTIUNE
1782 3976 2054 4034 CAPITIS
2092 3974 2338 4032 SANCTI
2379 3973 2665 4028 JUANNIS
2709 3971 3069 4027 BAPTISTE

1546 4131 2143 4206 PROLOGUS.

228 4284 235 4285 ί
264 4296 498 4352 Domino
540 4289 851 4349 venerando
896 4287 1028 4343 mihi
1052 4284 1357 4342 Gau'lentio
1385 4282 1566 4339 abbati
1592 4282 1798 4356 Diony-

195 4402 321 4442 stus.

260 4473 723 4532 Charissimorum
753 4471 998 4533 fratrum,
1049 4482 1187 4537 quos
1215 4481 1312 4536 per
1340 4465 1565 4533 gratiam
1596 4463 1795 4518 Christi

194 4568 401 4637 regitis,
453 4581 588 4622 cura
629 4563 974 4630 studiumque
1024 4559 1286 4629 compulit
1331 4565 1390 4611 ut
1436 4556 1627 4655 relatio
1679 4571 1797 4626 anc
1832 4600 1853 4655 Ι

193 4657 258 4713 de
286 4657 612 4712 inventione
644 4653 839 4724 capitis
864 4652 923 4705 Β.
951 4648 1174 4706 Joannis
1198 4648 1448 4717 Baptista:
1470 4644 1658 4701 Graeco
1682 4661 1797 4701 ser-

196 4764 356 4805 mone
384 4745 699 4815 conscripta
729 4751 832 4807 est,
863 4741 1053 4796 Latino
1095 4755 1194 4810 per
1220 4754 1307 4793 me
1338 4737 1653 4791 redderetur
1684 4736 1799 4790 elo-

190 4841 319 4909 quio
347 4859 360 4893 :
388 4838 726 4895 conveniens
755 4850 875 4891 esse
903 4833 1165 4898 dicentes,
1191 4839 1250 4885 ut
1279 4830 1332 4884 in
1357 4829 1522 4883 natali
1552 4827 1601 4897 ej
1628 4844 1668 4882 :s
1690 4842 1798 4897 quo

191 4934 367 4999 major
395 4932 455 4985 in
484 4930 627 4984 natis
656 4928 940 4982 mulierum
985 4937 1146 4979 nemo
1175 4922 1426 4986 surrexit,
1462 4920 1575 4975 lucc
1604 4920 1796 4974 relatio

187 5039 305 5091 qua:
352 5022 429 5077 de
477 5021 572 5075 illo
626 5018 873 5083 traditur,
923 5014 1136 5087 populis
1196 5012 1440 5066 ﬁdelibus
1494 5011 1792 5065 intitnetur.

189 5114 473 5185 Promptis
487 5113 649 5181 igitur
676 5108 869 5164 animis
898 5108 951 5162 in
982 5105 1157 5176 spatio
1198 5103 1321 5158 licet
1347 5102 1493 5157 brevi
1525 5098 1673 5169 quod
1698 5114 1796 5169 po-

183 5209 455 5264 scebatur
482 5202 739 5274 explicui,
766 5201 1002 5255 maxime
1037 5207 1092 5253 et
1120 5198 1245 5266 quia
1281 5193 1625 5248 sanctitatem
1652 5201 1796 5245 tuam

185 5302 290 5356 hoc
331 5300 488 5355 idem
528 5297 646 5352 ﬁeri
678 5292 819 5350 velle
865 5290 1115 5363 cognovi.
1155 5288 1265 5343 Nec
1309 5287 1414 5342 hoc
1460 5286 1577 5340 sine
1617 5284 1798 5339 divino

182 5401 317 5447 nutu
352 5400 576 5461 gestuin
621 5400 740 5442 esse
777 5381 1085 5455 perspicio:
1113 5388 1168 5436 et
1208 5378 1348 5434 idem
1386 5384 1606 5431 sanctus
1632 5372 1799 5429 Joan-

183 5500 279 5538 nes
323 5480 568 5553 prmvius
619 5477 831 5533 Domini
869 5474 1112 5531 veritatis
1156 5486 1354 5543 praeco,
1411 5468 1797 5539 prophetarum

1901 4282 2161 4349 tulerunt,
2196 4277 2319 4335 dein
2349 4276 2588 4333 ablatum
2618 4275 2916 4343 Emcsenae,
2950 4275 3017 4332 de
3064 4278 3247 4335 multis
3279 4278 3492 4349 ignora-

1901 4386 2015 4429 tum
2061 4371 2417 4443 temporibus,
2447 4371 2573 4425 item
2614 4370 2895 4425 monachis
2949 4386 3009 4427 se
3053 4372 3377 4441 declaravit;
3422 4375 3493 4435 ita

1902 4482 2045 4521 nunc
2070 4463 2251 4520 ofﬁcio
2290 4464 2698 4531 monachorum,
2728 4463 2976 4533 quamvis
3024 4464 3327 4536 humilium,
3353 4468 3493 4528 hanc

1901 4558 1969 4612 de
2015 4572 2073 4611 se
2104 4554 2363 4610 Romanis
2392 4554 2671 4610 historiam
2712 4555 3059 4612 manifestare
3102 4557 3351 4627 dignatus
3388 4568 3492 4615 est.

1904 4649 2238 4715 Venerandi,
2287 4648 2484 4715 credo,
2538 4647 2801 4718 propositi
2856 4647 3161 4703 delectatur
3201 4650 3495 4720 obsequio,

1902 4748 2169 4810 quatenus
2217 4755 2311 4809 per
2357 4753 2452 4793 eos
2498 4739 2590 4808 qui
2633 4738 2957 4806 singularem
2989 4748 3267 4795 sectantur
3306 4741 3491 4807 vitam,

1904 4848 2057 4887 suam
2088 4833 2141 4886 in
2184 4830 2398 4886 Christo
2424 4829 2687 4900 panderet
2717 4830 2965 4899 gloriam.
2994 4829 3062 4885 Et
3101 4832 3203 4887 hoc
3242 4832 3491 4898 dicimus,

1904 4939 2013 4977 non
2043 4922 2186 4993 quod
2228 4921 2384 4977 nobis
2412 4920 2638 4990 alicujus
2678 4922 2953 4991 phrclaraa
2991 4924 3184 4977 mentis
3222 4923 3494 4977 conscien-

1905 5018 2037 5071 tiam
2068 5017 2358 5071 insolenter
2390 5031 2721 5085 arrogemus,
2754 5018 2849 5071 sed
2877 5016 3019 5085 quod
3047 5031 3143 5087 per
3167 5017 3333 5085 sepia
3356 5031 3494 5087 pra-

1907 5108 2043 5162 fcrat
2065 5108 2330 5178 professio
2359 5120 2602 5163 sanctum
2634 5110 2888 5174 studium,
2920 5109 3044 5163 licet
3088 5108 3262 5163 eidem
3308 5119 3492 5167 nostra

1905 5200 2174 5256 desidiosa
2230 5200 2574 5255 conversatio
2615 5216 2723 5254 non
2778 5207 3038 5269 tequetur.
3092 5197 3318 5265 Qualem
3364 5216 3494 5258 vero

1907 5299 2033 5345 tunc
2065 5290 2205 5345 idem
2233 5291 2577 5345 beatissimus
2603 5291 2845 5358 exegerit
2871 5290 2993 5345 vitae
3024 5289 3269 5360 modum,
3289 5300 3345 5348 et
3374 5293 3495 5364 quis

1907 5381 2106 5452 poterit
2148 5382 2396 5450 ignorare
2440 5377 2715 5434 ﬁdelium?
2746 5379 2875 5434 Nam
2916 5392 3108 5451 praeter
3156 5381 3301 5436 illam
3330 5383 3496 5442 divini

1904 5472 2143 5529 muneris
2188 5470 2440 5525 eximiam
2470 5471 2795 5539 largitatem,
2828 5488 2933 5542 qua
2964 5472 3033 5529 de
3078 5473 3496 5543 repromissione

181 5575 410 5632 culmen
445 5572 709 5635 manium,
763 5570 1147 5637 institutorque
1197 5561 1610 5627 monachorum,
1661 5560 1802 5616 sicut
1903 5566 2198 5629 cbnccptus
2220 5566 2324 5626 est,
2354 5567 2410 5613 et
2439 5559 2614 5615 adhuc
2654 5561 2791 5615 intra
2821 5572 3064 5616 materna
3103 5563 3391 5617 conclusus
3418 5564 3496 5617 vi-

183 5670 452 5737 pritnitus
502 5681 560 5722 se
608 5662 886 5720 monachis
935 5658 1193 5721 ostendit,
1236 5654 1326 5725 qui
1374 5653 1800 5708 sacratissimum

182 5767 350 5830 caput
377 5757 505 5827 eius
526 5757 593 5813 de
615 5756 779 5812 domo
804 5752 1033 5809 llerodis
1048 5745 1319 5813 quondam
1348 5744 1490 5813 regis
1513 5743 1661 5814 impii
1684 5761 1801 5800 sus-

1903 5663 2078 5714 scera,
2121 5647 2189 5699 de
2224 5654 2378 5701 utero
2405 5662 2567 5715 quem
2599 5646 2906 5705 fecundavit
2956 5650 3213 5716 sterilem,
3244 5651 3296 5705 in
3344 5662 3495 5707 utero

1904 5745 2105 5800 sanctae
2128 5734 2362 5807 Virginis
2381 5740 2603 5807 agnovit
2625 5741 2988 5801 universitatis
3014 5745 3326 5800 Auctorem.
3359 5744 3492 5798 Z‘me-
