3916 6202
396 350 411 359 .
445 289 551 346 ιιι

1783 276 2137 339 momsms
2174 276 2496 371 sxtcuus.
3034 276 3035 279 ‘
3593 288 3680 344 an

414 425 417 427 '
448 405 633 464 rliudit
669 422 763 464 vas
791 421 962 478 Ipsum
990 404 1164 461 mellis
1188 420 1349 475 super
1374 418 1563 459 manus
1594 417 1759 467 meas,
1790 413 1844 457 et
1883 401 2048 454 inter-

2165 399 2313 471 λύραν
2338 393 2399 452 οὗ
2428 398 2579 468 ἤμην.
2611 398 2697 453 Καὶ
2717 395 2937 470 ἔμφοϐος
2965 397 3251 470 γενόμενος,
3275 403 3535 479 ἐσφράγισα
3560 422 3690 483 ἔμπα·
3734 429 3737 432 '

444 500 632 572 rogavi
678 514 802 554 eum
832 496 1017 552 dicens
1046 514 1059 550 :
1098 514 1117 548 ι
1154 496 1381 551 Domine
1408 502 1595 550 sancte
1619 492 1877 561 Joannes,
1892 491 2049 548 'unde

449 591 519 645 ad
550 609 652 649 nos
676 590 907 647 venisti?
934 609 954 643 ι
990 589 1092 657 Qui
1121 589 1436 659 respondit:
1465 609 1485 641 ι
1515 588 1591 643 De
1617 587 1843 644 Sebaste
1868 586 2043 642 veni.»

459 682 718 745 Praeibam
748 680 906 749 igitur
933 694 1077 747 eum,
1104 686 1161 735 et
1191 687 1300 733 tam
1342 678 1457 749 ipse
1499 692 1662 747 quam
1695 677 1786 748 qui
1823 692 1944 732 cum
1984 690 2051 731 eo

456 782 609 832 erant
625 771 847 841 ingressi
862 778 989 827 sunt
1009 769 1061 824 in
1086 770 1477 826 monasterium
1499 777 1764 835 nostrum,
1779 777 1835 823 et
1854 768 2050 831 iterum

456 878 552 919 vas
580 862 756 918 mellis
792 861 925 917 fudit
949 876 1114 932 super
1142 877 1331 916 manus
1361 876 1529 915 meas.
1561 861 1803 929 Cumque
1830 872 1932 928 ego
1958 858 2055 913 de-

458 954 699 1009 tulissem
738 952 1168 1008 benedictionem
1218 953 1335 1022 ejus
1386 952 1452 1006 ad
1499 951 1776 1022 superiora
1818 950 2053 1015 triclinii,

457 1042 573 1113 ipse
601 1043 824 1097 intravit
862 1043 913 1097 in
952 1042 1281 1107 oratorium;
1313 1050 1372 1097 et
1408 1057 1532 1098 cum
1561 1041 1958 1098 descendissem
1988 1042 2055 1096 ad

458 1136 755 1191 oratorium
790 1135 881 1190 ubi
919 1142 1054 1199 erat,
1083 1149 1213 1190 ecce
1240 1134 1397 1189 video
1416 1133 1735 1189 columnam
1764 1132 1901 1202 ignis
1934 1141 2058 1187 ante

460 1241 604 1279 eum.
664 1222 733 1278 Et
789 1224 954 1278 nimio
1006 1238 1207 1294 pavore
1250 1231 1556 1291 correptus,
1606 1222 1873 1277 excitatus
1919 1238 2056 1277 sum.

462 1316 589 1373 l'est
618 1317 734 1372 lucc
772 1324 974 1381 autem,
992 1316 1314 1388 priusquam
1350 1314 1506 1369 nobis
1549 1314 1746 1369 ostium
1787 1321 2061 1368 monaste-

462 1413 529 1468 rii
585 1413 675 1467 ubi
721 1420 837 1467 erat
888 1419 1132 1467 sanctum
1194 1410 1498 1482 depositum
1554 1410 1710 1465 nobis
1757 1408 2060 1464 traderetur

462 1504 518 1557 in
570 1503 773 1559 sanctis
812 1501 1141 1574 jejuniorum
1190 1501 1408 1569 diebus,
1463 1501 1553 1557 ubi
1607 1501 1786 1557 cibum
1838 1514 2061 1569 vespere

461 1596 810 1666 sumpsimus,
841 1605 897 1650 ct
934 1594 1043 1650 dixi
1090 1594 1158 1649 ad
1192 1595 1383 1650 fratres
1420 1603 1653 1655 nostros.
1684 1591 2077 1661 Unusquisque

462 1694 702 1741 vestrum
732 1684 972 1755 psalmos
1000 1700 1126 1740 suos
1154 1688 1351 1739 iterare
1372 1700 1485 1739 non
1517 1683 1770 1752 negligat.
1799 1680 1867 1735 Et
1893 1680 2059 1736 relin—

2152 492 2259 548 τόν.
2304 493 2405 547 Καὶ
2455 491 2561 548 ὶδοὺ
2600 499 2879 568 προηγεῖτο
2927 491 2953 546 ὁ
2998 493 3148 552 αὐτὸς
3178 496 3352 573 ἀστήρ,
3392 502 3471 554 καί
3509 505 3694 562 eici;ti

2152 584 2435 640 ἀκολουθῶν
2462 586 2623 657 αὐτῷ,
2666 584 2859 657 μέχρις
2883 579 2943 636 οὗ
2990 580 3123 641 ἔστη
3164 584 3249 638 ἐπὶ
3273 595 3361 646 τῆς
3403 590 3583 661 κόγχης
3619 604 3692 649 ταῦ

2154 676 2426 741 σπηλαίου,
2452 675 2511 730 οὗ
2536 674 2594 735 ἧν
2621 678 2651 735 ἠ
2831 680 3020 749 κορυφὴ
3056 683 3147 729 τοῦ
3177 675 3452 754 Προδρόμου
3478 688 3555 737 καὶ
3580 694 3696 741 nm-

2154 774 2332 823 τιστοῦ
2365 764 2614 822 Ἰωάννου.
2638 766 2763 839 Ἐγώ
2792 765 2843 821 δὲ
2882 774 3050 822 ταῦτα
3088 770 3257 824 πάντα
3285 773 3584 847 θεασάμενις.
3611 803 3697 836 πα-

2157 869 2408 934 ραχρῆμα
2436 860 2797 935 προσεκύνησα
2815 866 2894 927 τῷ
2924 866 3121 934 Κυριῷ,
3150 864 3317 915 πεσὼν
3345 865 3425 915 ἐπί
3450 866 3613 920 κοιλίην
3636 873 3700 923 ἔπι

2156 952 2341 1012 πολλάς
2371 952 2508 1027 ὧρας
2525 967 2538 978 '
2561 950 2729 1004 λαϐὼν
2756 947 2808 1004 δέ
2833 951 3085 1021 θυμίαμα.
3110 954 3189 1005 mi
3211 952 3393 1022 βαλὼν,
3422 953 3623 1025 δεόμενος
3638 976 3703 1017 καί

2160 1042 2483 1114 παρακαλῶν,
2505 1045 2767 1116 κρατήσας
2797 1042 2994 1116 ὀρύγων
3016 1044 3235 1118 ἠρξάμην
3262 1054 3509 1101 σναττειδ.
3536 1053 3613 1102 Καὶ
3638 1049 3705 1103 εὗο

2158 1156 2246 1209 ρον
2278 1137 2355 1190 τὸν
2379 1136 2532 1190 τόπον
2575 1132 2951 1207 ᾠκοδομημένον
2992 1136 3095 1189 άπὸ
3136 1134 3326 1210 δαρτῆς
3362 1139 3617 1201 ἀσϐέστου,
3640 1148 3712 1199 καὶ

2159 1226 2627 1291 πενταπαλαίστου,
2654 1229 2739 1281 καί
2775 1223 2896 1281 ὅσον
2922 1228 2942 1281 ἐ
2954 1230 3021 1299 γὼ
3054 1225 3323 1289 ἔσκαπτον.
3363 1225 3492 1299 ἦχος
3513 1234 3587 1285 καί
3607 1238 3709 1286 ξιτ-3·

2160 1338 2256 1377 πος
2286 1314 2558 1372 ἀπεδίδοτο
2584 1317 2762 1389 μέγας,
2794 1318 2864 1377 ὡς
2886 1316 2986 1371 άπὸ
3012 1315 3210 1392 ὑδρίας.

2235 1410 2333 1460 Καὶ
2358 1406 2487 1478 μετά
2507 1405 2565 1461 τὸ
2594 1406 2793 1475 σκάψαι
2820 1426 2905 1477 με,
2951 1409 3035 1461 καί
3085 1407 3334 1462 magna»
3357 1406 3463 1464 ἴσον
3503 1416 3584 1465 τοῦ
3617 1410 3711 1467 56:2-

2161 1518 2305 1567 φους,
2337 1494 2482 1573 εὗρον
2520 1498 2864 1568 ἐκκεχυμένον
2906 1498 2975 1559 ὥς
3013 1494 3181 1568 ἄμμον
3207 1499 3450 1570 χαλκοῦν.
3484 1506 3563 1556 Καί
3604 1506 3713 1572 μετὰ

2162 1596 2331 1643 ταῦτα
2354 1592 2525 1661 καμὼν
2551 1588 2710 1645 πολλά
2736 1588 2878 1659 μόλις
2901 1587 3136 1649 ἐδυνήθην
3159 1600 3505 1667 ἀποχωρῆσαι
3529 1598 3609 1652 τήν
3626 1593 3714 1664 ἆμ-

2163 1700 2274 1748 μον.
2298 1682 2391 1733 Καὶ
2417 1680 2549 1748 μετά
2575 1685 2743 1733 ταῦτα
2771 1678 2936 1743 ἐξῆλθε
2975 1682 3070 1734 σὺν
3107 1688 3173 1754 τῇ
3216 1678 3369 1752 ἄμμῳ
3395 1686 3591 1759 κεραμὶς
3621 1687 3716 1753 μία.

463 1785 695 1844 quentes
744 1791 830 1831 me
876 1776 927 1831 in
979 1776 1249 1841 triclinio,
1291 1775 1689 1831 descenderunt
1736 1772 1805 1828 ad
1852 1773 2059 1828 initium

2165 1774 2258 1825 Καὶ
2282 1772 2522 1828 ὑποκάτω
2568 1780 2661 1835 τῆς
2707 1771 2988 1848 κεραμίδος,
3031 1771 3167 1836 πλάξ
3196 1774 3489 1848 μαρμάρου.
3522 1778 3604 1828 καί
3626 1796 3718 1849 γρε-

462 1867 622 1922 scalae
657 1882 778 1938 qua:
815 1866 881 1920 ad
920 1875 1146 1935 utraque
1193 1866 1517 1921 monasteria
1546 1852 1783 1934 respicit.
1815 1860 2060 1931 Cumque

464 1957 837 2014 consedissent
874 1964 936 2012 ut
974 1959 1235 2013 iterarent
1270 1956 1528 2026 psalmos,
1562 1954 1630 2008 ad
1668 1952 1947 2009 dexteram
1982 1953 2060 2007 le-

465 2067 600 2107 vans
628 2052 816 2106 oculos
858 2066 987 2105 suos
1016 2050 1182 2104 frater
1222 2048 1440 2105 lsaacus
1479 2047 1655 2117 ignem
1696 2044 1828 2099 vidit
1868 2043 2059 2099 ardere

466 2143 521 2197 in
550 2142 747 2197 tabulis
774 2143 897 2198 ostii
937 2141 1207 2211 spelunca:
1244 2141 1335 2196 ubi
1362 2146 1481 2195 erat
1508 2137 1871 2195 venerandum
1900 2142 2060 2207 caput

464 2233 638 2291 sancti
665 2232 890 2289 Joannis
928 2232 1183 2304 Baptista:
1221 2231 1537 2302 repositum.
1569 2229 1723 2297 Quod
1753 2244 1875 2285 cum
1902 2228 2059 2282 vidis-

464 2333 552 2381 set
583 2325 766 2389 frater,
791 2324 1112 2379 exclamavit
1138 2332 1194 2379 et
1218 2322 1353 2377 dixit
1378 2341 1390 2376 :
1423 2342 1442 2374 ι
1472 2322 1699 2376 Domine
1724 2320 1817 2386 mi,
1843 2319 2061 2374 domine

466 2418 568 2487 mi,
605 2417 657 2471 in
705 2416 844 2471 ostio
884 2416 1158 2485 spelunca:
1205 2415 1343 2483 ignis
1384 2428 1641 2469 accensus
1669 2420 1771 2467 est.
1809 2430 1827 2464 ι
1862 2408 1928 2464 Et
1958 2423 2060 2479 ego

465 2508 720 2580 respondi
748 2525 761 2561 :
795 2526 813 2559 ι
847 2505 924 2561 Ne
954 2507 1164 2572 timeas,
1199 2504 1387 2575 frater,
1414 2506 1511 2563 sed
1539 2505 1784 2561 muniens
1814 2512 1868 2560 te
1890 2504 2061 2574 signa-

459 2598 589 2655 culo
619 2595 837 2663 Christi,
864 2598 1061 2654 ibidem
1092 2613 1397 2669 persevera.
1438 2617 1459 2650 ι
1494 2597 1711 2653 Fratres
1740 2605 1921 2653 autem
1948 2611 2060 2667 pra:

462 2693 668 2749 timore
712 2692 1028 2749 claudentes
1077 2693 1293 2757 ostium,
1325 2693 1394 2748 ad
1430 2707 1517 2748 me
1551 2693 1751 2749 conciti
1792 2708 2058 2764 pervene-

463 2794 611 2840 runt.
644 2784 759 2854 Ego
788 2800 918 2840 vero
962 2785 1274 2857 mysterium
1304 2799 1704 2854 recognoscens
1733 2800 1798 2840 ex
1842 2785 2059 2841 visioni-

466 2876 570 2931 bus
590 2875 722 2931 mihi
750 2884 876 2931 ante
903 2878 1235 2941 monstratis,
1260 2875 1372 2932 dixi
1400 2876 1467 2932 ad
1489 2891 1584 2933 eos
1609 2895 1622 2932 :
1652 2895 1672 2929 ι
1701 2876 1780 2933 Ne
1806 2876 2056 2942 timeatis,

466 2968 664 3023 fratres
690 2967 819 3035 mei,
845 2967 971 3037 quia
1001 2967 1105 3023 hoc
1141 2968 1296 3023 nobis
1335 2983 1652 3040 prosperum
1687 2966 1850 3023 faciet
1877 2966 2060 3023 Domi-

453 3080 590 3122 .nns.
620 3084 641 3119 ε
670 3064 798 3122 Post
822 3066 936 3122 dies
961 3074 1141 3123 autem
1162 3068 1401 3138 quinque
1424 3067 1727 3124 Maxentius
1755 3076 1811 3123 et
1838 3066 2060 3137 Stepha-

462 3178 571 3220 nus
608 3164 943 3220 venerabiles
970 3165 1271 3237 presbyteri
1298 3165 1752 3229 arcbimandritm,
1782 3165 2062 3222 venientes

465 3256 536 3312 ad
577 3264 826 3312 sanctum
867 3257 1182 3327 episcopum
1218 3256 1491 3312 dominico
1528 3256 1615 3312 die
1655 3271 1903 3327 vespere,
1933 3270 2062 3326 sug-

454 3354 749 3415 gesserunt
790 3346 841 3402 ei
890 3347 1073 3402 omnia
1112 3346 1180 3403 de
1222 3348 1339 3417 ipsa
1393 3348 1682 3418 spelunca,
1722 3363 1841 3419 qua:
1880 3350 2062 3405 cohae-

466 3439 623 3494 rebat
668 3439 998 3495 monasterio
1046 3448 1253 3503 nostro,
1299 3448 1357 3495 ut
1392 3450 1680 3509 utrumque
1707 3442 1907 3511 pariter
1934 3442 2063 3512 jun-

467 3538 714 3600 geretur;
773 3530 1041 3601 jussitque
1090 3532 1193 3587 hoc
1240 3531 1527 3602 episcopus
1579 3531 1714 3588 ﬁeri.
1784 3533 1884 3590 Cui
1932 3535 2066 3589 dixit

467 3619 779 3692 Stephanus
817 3622 1144 3694 presbyter:
1195 3640 1214 3673 ι
1267 3621 1347 3677 Ex
1392 3631 1663 3694 prtecepto
1709 3633 1896 3680 nostro
1945 3639 2066 3680 cras

462 3721 680 3771 mature
718 3715 872 3770 trado
906 3716 1217 3786 speluncam
1254 3716 1408 3772 fratri
1453 3716 1725 3774 Marcello.
1764 3736 1781 3770 ι
1816 3717 1882 3772 Et
1908 3734 2067 3775 mane

467 3806 790 3874 perveniens
832 3806 1054 3883 tradidit
1095 3807 1254 3865 nobis
1304 3808 1481 3879 ipsum
1528 3809 1917 3865 monasterium
1966 3810 2067 3864 sub

466 3897 749 3966 prmsentia
792 3898 1235 3970 presbyterorum
1280 3898 1525 3967 Palladii,
1570 3898 1736 3967 Petri,
1776 3899 2065 3965 Gennadii,

468 3996 525 4041 et
550 3984 844 4057 Stephani,
873 3989 1306 4045 archimandrita:
1334 3991 1649 4048 monasterii
1685 3989 2066 4061 Betbgalorum

467 4078 585 4153 [αι.
601 4078 1058 4152 Betbgaalorum].
1070 4079 1145 4134 Et
1157 4082 1408 4151 aperiens
1419 4083 1615 4138 ostium
1629 4081 1774 4153 quod
1785 4092 1902 4138 erat
1911 4083 2069 4140 obse-

466 4181 663 4243 ratum,
680 4172 851 4237 simul
890 4172 1117 4243 ingressi
1154 4189 1340 4230 sumus
1386 4182 1441 4229 et
1481 4175 1824 4231 adoravimus
1867 4176 2070 4249 [oravi-

465 4263 629 4337 mus].
666 4264 866 4320 Videns
912 4271 1095 4320 autem
1142 4264 1325 4320 locum
1373 4264 1533 4322 nimis
1572 4280 1695 4321 esse
1738 4267 2063 4336 neglectum,

466 4354 803 4410 commonuit
831 4361 889 4408 ut
912 4352 1243 4422 diligentiam
1275 4354 1441 4425 ipsius
1464 4354 1814 4412 haberemus.
1843 4354 1910 4410 Et
1941 4372 2067 4426 pro-

466 4447 638 4504 fectus
676 4458 761 4503 est
802 4447 941 4503 idem
985 4446 1294 4518 Stephanus
1338 4449 1645 4521 presbyter,
1684 4450 1753 4505 ad
1798 4448 2064 4507 visitanda

2163 1865 2338 1934 μάσας
2359 1869 2447 1923 τήν
2468 1865 2655 1926 πλάκα,
2681 1861 2829 1934 εὖρον
2855 1870 2944 1924 τήν
2974 1864 3181 1937 ὑδρίαν.
3212 1871 3301 1923 καί
3322 1871 3449 1938 μετὰ
3480 1869 3622 1942 φόϐου
3656 1872 3718 1925 καί

2161 1956 2351 2031 τρόμου
2383 1957 2565 2017 εὐθέως
2602 1957 2769 2012 λαϐὼν
2792 1958 2982 2028 λύχνον
3003 1962 3086 2013 καί
3113 1962 3368 2032 θυμίαμα.
3409 1965 3490 2016 καί
3525 1983 3717 2035 προσκυ-

2162 2052 2318 2107 νήσας
2344 2047 2510 2111 πάλιν,
2540 2048 2670 2119 μετά
2694 2055 2864 2104 ταῦτα
2888 2050 3121 2120 ἐκάλυψα
3151 2058 3245 2111 τὴν
3267 2053 3417 2111 «em
3438 2050 3619 2126 ὑδρίαν.
3647 2055 3720 2109 Καὶ

2161 2141 2410 2213 παραυτά
2434 2144 2763 2215 παρεγίνοντο
2784 2142 2911 2216 πρὸς
2932 2143 3066 2212 ἡμᾶς
3091 2144 3138 2197 οἶ
3166 2146 3288 2218 περὶ
3314 2145 3396 2199 τὸν
3422 2143 3721 2220 ἀρχιμανδρίο

2160 2253 2251 2290 την
2278 2235 2365 2287 καί
2391 2230 2613 2287 διάκονον
2668 2231 2943 2289 Γεννάδιον.
2988 2237 3086 2289 Καί
3117 2239 3400 2307 συντυχὼν
3426 2258 3507 2305 μοι
3540 2235 3617 2290 ἐπί
3645 2237 3721 2289 θὺ-

2161 2342 2256 2395 ραν
2294 2329 2385 2378 τοῦ
2415 2324 2665 2382 σπηλαίου
2686 2363 2701 2389 ,
2734 2320 2845 2379 εἶπέ
2872 2346 2959 2395 μοι
2986 2341 2999 2355 '
3032 2342 3053 2375 ί
3094 2333 3278 2402 Δεῦρο,
3319 2329 3601 2399 εἰσέλθωμεν
3636 2326 3723 2383 ἔσω

2162 2416 2449 2488 ἀμφότεροι.
2466 2432 2485 2467 ι
2513 2417 2599 2470 Καὶ
2624 2417 2754 2487 μετά
2780 2418 2839 2473 τὸ
2868 2415 3131 2483 εὔξασθαι,
3162 2418 3321 2476 ἴδωκέ
3341 2442 3423 2492 μοι
3446 2424 3524 2477 τὸν
3544 2424 3724 2477 ἀσπασ-

2161 2507 2256 2577 μὸν
2280 2510 2361 2561 καί
2388 2502 2501 2561 εἶπέ
2525 2527 2614 2577 μοι
2642 2523 2655 2537 ’
2691 2525 2709 2557 t
2745 2504 2951 2584 Ὀραμα
2984 2505 3115 2564 εἶδον
3148 2512 3338 2577 ἐκεῖσε,
3381 2515 3446 2573 ὡς
3472 2511 3545 2569 ὅτι
3579 2513 3662 2587 ἐγώ
3678 2534 3722 2568 τι

2164 2601 2245 2652 καί
2272 2600 2337 2652 σὺ
2361 2598 2644 2669 ἑστήκαμεν
2678 2600 2730 2652 ἐν
2767 2607 2840 2672 τῷ
2883 2600 3094 2656 ἐνταῦθα
3139 2604 3402 2675 σπηλαίῳ,
3431 2607 3538 2669 καί,
3565 2606 3721 2677 φησίν,

2163 2687 2329 2766 ἄρτων
2355 2691 2537 2750 πλῆθος
2564 2691 2797 2747 ἀπέκειτο
2828 2692 2874 2744 ἐν
2900 2700 2971 2763 τῷ
3008 2694 3233 2749 ἐνταῦθα
3262 2694 3493 2768 σπηλαίῳ
3522 2696 3726 2768 κιθαρῶν

2163 2791 2226 2843 ὡς
2255 2783 2279 2837 ὁ
2306 2783 2461 2844 ἥλιος.
2512 2786 2605 2840 Καί
2647 2788 2786 2862 μερὶς
2833 2786 3002 2840 ἐπάνω
3049 2789 3239 2842 αὐτῶν.
3288 2792 3375 2845 καί
3405 2787 3509 2843 ἰδοῦ
3540 2786 3724 2858 δύναμιν

2162 2876 2355 2930 πολλῶν
2386 2878 2659 2948 ἀνθρώπων
2690 2880 3078 2951 νατερχομένων
3124 2880 3174 2933 ἐν
3224 2889 3299 2953 τῷ
3338 2882 3473 2953 αὖτῷ
3518 2879 3724 2948 σπηλαίῳ

2164 2970 2249 3023 καί
2272 2968 2548 3039 ἐλάμϐανον
2576 2969 2697 3044 παρ’
2724 2970 2861 3042 ἡμῶν
2889 2972 2989 3024 άπὸ
3033 2978 3133 3024 τῶν
3168 2974 3537 3047 προειρημένων
3561 2968 3723 3046 ἄρτων.

2164 3062 2267 3114 Καὶ
2297 3059 2457 3121 οὕτως
2484 3062 2573 3114 οῦκ
2608 3061 2897 3132 ἐξέλειψαν,
2938 3065 3021 3116 καί
3060 3063 3104 3117 oi
3130 3060 3389 3142 ἅνθρωποι
3425 3064 3726 3136 λαμϐάνοντες

2085 3141 2135 3207 C
2165 3153 2255 3207 οὐκ
2283 3153 2603 3216 ἐπαύσαντο,
2631 3155 2719 3206 καί
2748 3153 2885 3223 ἡμῶν
2927 3155 3243 3211 ἡττηθέντων
3277 3157 3380 3211 άπὸ
3427 3163 3521 3211 τῶν
3558 3155 3728 3209 πολᾶἑν

2167 3239 2357 3313 ὄχλων,
2385 3242 2599 3317 ἤρξαντο
2619 3243 2663 3297 οἶ
2682 3240 2826 3318 ἄρτοι
2856 3245 3092 3301 πέτεσθαι
3120 3250 3212 3301 ἐπί
3235 3249 3330 3310 τάς
3350 3251 3486 3320 ἡμῶν
3513 3256 3724 3322 χεῖραςοι

2167 3339 2259 3392 Καὶ
2310 3338 2439 3407 μετά
2483 3338 2542 3392 τὸ
2589 3334 2930 3407 διηγήσασθαι
2976 3340 3129 3393 αὑτὸν
3177 3346 3269 3401 τήν
3319 3340 3495 3416 ὅρασιν
3532 3341 3725 3401 ταύτην,

2168 3430 2311 3505 ἔφην’
2347 3449 2367 3483 t
2404 3429 2558 3486 Καλόν
2586 3450 2680 3486 σου
2709 3434 2765 3486 τὸ
2796 3429 2983 3507 Spain.
3020 3451 3038 3483 ι
3077 3437 3169 3488 Καὶ
3196 3432 3529 3508 λογισάμενος
3551 3476 3565 3498 ,
3592 3430 3728 3494 εἶπον,

2175 3542 2193 3573 ι
2225 3526 2284 3577 Τί
2312 3523 2447 3578 τελεῖ
2467 3530 2616 3578 τοῦτο
2644 3525 2704 3577 τὸ
2733 3521 2922 3601 ὅραμα;
2956 3541 2975 3575 ι
3005 3528 3094 3579 Καὶ
3141 3528 3298 3582 πάλιν
3320 3527 3651 3601 λογισάμενος,
3675 3520 3731 3577 ιῖ-

2168 3637 2286 3680 πον,
2322 3632 2340 3665 t
2368 3611 2485 3669 Ὀτι
2512 3616 2567 3669 ἐκ
2599 3621 2690 3669 τοῦ
2720 3621 2849 3670 Θεοῦ
2890 3617 3006 3671 ἐστι
3048 3623 3208 3673 τοῦτο
3262 3621 3322 3675 τὸ
3379 3618 3563 3694 ὅραμα.
3601 3635 3618 3668 1
3652 3617 3733 3669 Καί

2167 3709 2321 3775 γνοὺς
2355 3704 2433 3762 ὄτι
2459 3708 2513 3759 ἐκ
2534 3712 2628 3760 τοῦ
2662 3713 2790 3761 Θεοῦ
2819 3709 3055 3781 ὑπάρχει
3078 3748 3094 3774 ,
3154 3710 3467 3781 άπεκςίλυξια
3506 3710 3630 3779 αὑτῷ
3659 3711 3733 3765 τήν

2168 3797 2451 3868 ἐπιφάνειαν
2488 3801 2577 3851 τοῦ
2627 3794 2773 3869 ἁγίου
2800 3794 3052 3853 Ἰωάννου.
3107 3804 3205 3855 Καί
3254 3804 3500 3874 παραυτά
3544 3802 3734 3858 άκοὺσαε

2169 3886 2332 3948 imo;
2363 3885 2552 3957 ἔμεινε.
2584 3891 2672 3941 Καί
2690 3889 2876 3962 ἤρξατο
2896 3889 3239 3964 παρακαλεῖν,
3272 3910 3290 3944 t
3326 3900 3421 3946 Ποῦ
3453 3894 3582 3948 ἔστιν
3621 3886 3735 3945 ὀτό-

2170 3996 2295 4046 ποςς
2335 3997 2353 4030 υ
2390 3977 2518 4051 Ἐ’γώ
2557 3977 2612 4035 δὲ
2649 3991 2982 4058 παραχρῆμα
3012 3982 3262 4050 ὑπέδειξα
3308 3988 3466 4061 αὐτῷ.
3516 3988 3597 4041 sui
3634 3982 3737 4054 μετά

2169 4076 2338 4127 ταῦτα
2366 4072 2623 4145 ἐξήλθομεν
2661 4073 2955 4150 ἀμφότεροι,
2988 4078 3074 4129 καί
3111 4076 3411 4152 ἐλογιζόμην
3440 4082 3489 4134 τί
3523 4078 3737 4150 ἐφεῦομιν

2170 4174 2405 4225 ποιῆσαι.
2439 4170 2529 4221 Καὶ
2555 4168 2823 4225 ὶσκόπησα
2862 4169 3111 4246 πρότερον
3141 4172 3380 4227 ἀπελθεῖν
3403 4216 3418 4240 ,
3459 4177 3539 4227 καί
3571 4174 3737 4226 (21:07a-

2170 4256 2328 4329 λόψαι
2356 4266 2428 4331 τῷ
2458 4261 2629 4333 πλπίᾳ
2649 4262 2900 4329 Στεφάνω,
2934 4268 3007 4331 τῷ
3036 4262 3435 4339 άρχιμοινδρίτῃ
3481 4267 3568 4319 τοῦ
3596 4274 3736 4335 Λαρω-

2171 4356 2309 4421 μίου,
2335 4352 2415 4406 ἵνα
2436 4352 2585 4411 αὗτὸς
2622 4354 2849 4425 γνωρίσῃ
2884 4359 2957 4423 τῷ
2988 4352 3285 4428 ἐπισκόπῳ.
3336 4359 3425 4410 Καὶ
3478 4354 3739 4409 ἀπελθόντες

2171 4445 2222 4501 ἐν
2241 4454 2315 4519 τῷ
2344 4448 2658 4521 μοναστηρίῳ
2686 4447 2855 4509 αὑτοῦ,
2888 4452 2981 4500 οὐκ
3003 4447 3219 4521 εὕρομεν
3250 4451 3408 4504 αὑτὸν
3430 4447 3513 4504 διά
3538 4448 3590 4501 τὸ
3616 4443 3743 4499 ἀπελ-

471 4540 797 4599 monasteria
824 4554 945 4610 qure
971 4547 1126 4596 erant
1151 4541 1205 4595 in
1235 4542 1431 4597 villulis
1457 4543 1772 4598 constituta.
1796 4540 1912 4612 Ego
1935 4558 2059 4597 vero

2166 4541 2263 4592 θεῖν
2289 4538 2437 4593 αὐτὸν
2464 4539 2513 4590 ἐν
2543 4545 2654 4597 τοῖς
2699 4538 3004 4613 ἐπιχωρίοις
3049 4544 3444 4617 μοναστηρίοις.
3489 4541 3573 4593 Καί
3608 4539 3652 4591 ἐν
3684 4540 3743 4605 τῷ

473 4633 774 4703 Marcellus,
808 4649 1086 4690 assumens
1120 4633 1335 4704 fratres,
1383 4635 1524 4706 οωρί
1566 4634 1900 4705 diligentiam
1946 4649 2064 4689 mo-

467 4724 706 4780 nasterio
723 4724 869 4795 quod
884 4725 1040 4782 nobis
1060 4724 1242 4780 datum
1263 4725 1443 4781 fuerat
1457 4725 1768 4797 impendere
1794 4725 1915 4799 [al.,
1937 4723 2062 4779 dili-

464 4824 658 4889 genter
700 4815 1055 4888 impendere].
1104 4817 1349 4887 Dumque
1398 4816 1515 4873 loca
1562 4817 1674 4887 ipsa
1719 4815 2057 4880 mundamus,

468 4910 688 4965 veniens
700 4907 909 4975 Petrus,
925 4911 1205 4980 presbyter
1226 4910 1329 4964 loci
1360 4909 1764 4975 Bethmamatis,
1793 4908 1867 4961 ait
1892 4907 2056 4960 mihi:

472 5023 489 5052 ε
526 5001 851 5073 Stephanus,
893 5000 1306 5056 archimandrita
1345 4998 1777 5065 Betbgaalorum,
1810 5005 2061 5069 precatur

465 5106 522 5150 nt
568 5106 790 5166 propter
819 5097 1101 5151 Dominum
1153 5096 1429 5151 nobiscum
1460 5096 1644 5151 venias
1680 5095 1746 5151 ad
1777 5104 2065 5151 monasten

463 5186 607 5240 rium
652 5186 795 5241 beati
838 5185 1083 5241 Carterii.
1126 5205 1143 5238 ι
1185 5184 1251 5239 Et
1295 5186 1547 5258 respondi
1594 5202 1681 5242 me
1720 5188 1906 5243 venire
1948 5204 2051 5248 non

464 5288 647 5344 posse,
674 5276 799 5345 quia
830 5276 1158 5347 diligentiam
1202 5277 1325 5333 loco
1370 5276 1502 5332 mihi
1536 5277 1824 5333 commisso
1854 5277 2045 5348 depen.

478 5370 646 5425 lerem
675 5386 690 5423 :
718 5370 811 5438 qui
848 5372 1107 5441 compulit
1145 5386 1231 5426 me
1269 5386 1454 5427 secum
1490 5369 1779 5441 proficisci.
1817 5370 2049 5440 Cumque

463 5476 816 5533 pergeremus
865 5461 1085 5532 pariter,
1118 5463 1204 5516 aio
1247 5461 1314 5515 ad
1355 5476 1516 5516 eum:
1554 5480 1574 5512 ι
1610 5460 1977 5516 Ascendamns
2004 5470 2050 5518 et

467 5552 761 5608 salutemus
782 5551 1087 5625 Cyriacum,
1118 5554 1400 5610 diaconem
1424 5562 1479 5608 ct
1508 5551 2003 5608 archimandritatn.
2036 5573 2051 5604 ι

469 5642 942 5716 Ascendentesque
962 5652 1015 5700 et
1040 5645 1337 5700 salutantes
1361 5660 1507 5713 eum,
1538 5643 1800 5714 cmpimus
1823 5645 1901 5698 ire
1920 5644 2056 5699 velle

456 5733 528 5789 ad
554 5735 872 5805 prmdictum
904 5738 1287 5793 monasterium
1332 5737 1476 5795 beati
1523 5736 1768 5793 Cartcrii.
1816 5736 2059 5809 Dixitque

2168 4632 2304 4701 ἡμᾶς
2339 4630 2589 4684 ἐπανιέναι
2636 4630 2837 4695 ἐκεῖθεν,
2879 4630 3182 4703 ἐλογισάμην
3222 4632 3646 4703 μεταπέμψεσθαι
3677 4628 3744 4679 τὸν

2167 4722 2388 4779 διάκονον
2418 4723 2657 4799 κυριακὸν
2685 4721 3097 4798 άρχιμανδρίτην
3119 4733 3221 4779 τῶν
3250 4726 3302 4779 ἐν
3332 4734 3410 4798 τῷ
3438 4726 3557 4797 ἱερῷ
3584 4762 3597 4786 ,
3636 4722 3743 4774 ἁπο-

2166 4815 2391 4886 καλὺψαι
2421 4817 2559 4885 αὑτῷ
2587 4815 2646 4869 τό
2684 4820 2969 4891 μυστήριον
3023 4825 3115 4877 τῆς
3166 4817 3471 4889 ἐπιφανείας
3510 4821 3595 4870 τοῦ
3625 4812 3745 4883 ἁγίου

2165 4907 2420 4962 Ἰωὸωνου.
2456 4909 2544 4959 Καὶ
2570 4906 2763 4960 ἀπέστε
2784 4905 2851 4960 λα
2878 4907 2964 4961 τὸν
2996 4904 3207 4977 ἀδελφὸν
3235 4905 3499 4962 Ἰσαάκιον
3519 4947 3531 4962 .
3581 4902 3743 4957 εἰπών’

2172 5017 2190 5048 ε
2230 4996 2524 5058 Σπουδαίως
2564 5005 2854 5072 παραγενοῦ
2894 4998 2990 5058 ἕως
3028 5001 3191 5070 ἡμῶν.
3233 5018 3259 5051 r
3303 5002 3397 5054 Καὶ
3443 5004 3534 5054 τοῦ
3564 4993 3747 5065 άδελςοῧ

2165 5090 2485 5156 ἀπελθόντος,
2519 5091 2603 5144 καί
2631 5090 2861 5149 εἰπόντος
2906 5091 3067 5160 αὑτῷ,
3098 5099 3447 5167 παραχρῆμα
3474 5088 3747 5144 ὑπακούσας

2165 5183 2493 5256 παρεγένετο.
2538 5188 2698 5251 Ἦμῶν
2746 5180 2800 5235 δέ
2840 5185 3226 5247 ἀσπασαμένων
3277 5185 3457 5248 αὑτὸν,
3494 5184 3578 5236 καί
3623 5176 3750 5233 αὐτὸς

2168 5270 2467 5345 ἀπήγγειλεν
2494 5273 2612 5339 ἡμῖν
2636 5272 2692 5324 τὸ
2714 5268 2909 5345 ὅραμα,
2943 5268 3145 5335 ὃεῖδεν,
3178 5268 3206 5325 ὃ
3239 5276 3325 5326 ναί
3372 5270 3431 5332 ἦν
3476 5273 3750 5341 συμφωννῦι

2165 5370 2239 5436 τῷ
2258 5361 2481 5434 ὁράματι
2506 5366 2595 5415 τοῦ
2627 5358 2855 5416 διακόνου
2878 5360 3160 5417 Γενναδίου.
3193 5364 3376 5433 Εὑχήν
3394 5360 3448 5418 δέ
3470 5366 3751 5421 ποιήσαντες

2167 5456 2513 5527 ἐγνωρίσαμεν
2558 5454 2695 5523 αὑτῷ
2732 5460 2823 5512 τήν
2844 5453 3160 5525 ἀποκάλυψιν
3189 5461 3287 5509 τοῦ
3331 5454 3482 5526 άγίου
3504 5452 3711 5507 Ἰωάννου
3735 5486 3749 5507 ο

2167 5551 2251 5603 καί
2278 5545 2393 5619 ἔφη’
2431 5565 2448 5597 t
2482 5550 2543 5601 Τί
2585 5547 2762 5618 ὀφείλεὶ
2808 5549 3077 5619 γενέσθαις
3105 5565 3121 5597 ο
3156 5549 3251 5601 Καὶ
3296 5542 3444 5603 εἷπον
3474 5548 3592 5617 ἐγώ,
3629 5561 3647 5596 t
3682 5539 3750 5597 5.1

2166 5638 2411 5717 συμφέρει
2434 5640 2681 5712 γνωοίσαι
2716 5646 2790 5707 τῷ
2823 5637 3083 5710 ἐπισκόπῳ
3110 5641 3229 5714 περὶ
3253 5641 3469 5694 τούτου.
3504 5639 3603 5690 Καὶ
3623 5634 3750 5688 πάλιν

2175 5730 2409 5808 μεθέντες
2438 5730 2520 5789 ὅτι
2544 5734 2604 5788 οὑ
2632 5731 2935 5809 παρεγένετο
2966 5730 2991 5788 ὁ
3021 5735 3216 5795 πατιίας
3253 5733 3501 5807 Στέφανος
3540 5729 3566 5786 ὁ
3599 5731 3751 5805 προιδ-
