3916 6202
484 345 581 401 431
1787 339 2146 399 DIONYSIUS
2184 340 2506 399 EXIGUUS.
3665 338 3763 396 639

454 474 463 503 ι
559 459 627 514 Et
656 467 1007 530 posteaquam
1054 458 1164 514 fodi
1202 465 1260 512 et
1286 457 1536 513 descendi
1569 472 1740 528 usque
1778 458 1845 512 ad
1883 458 2082 525 solum,
2130 456 2307 527 reperi
2357 456 2501 511 velut
2536 468 2757 509 arenam
2794 468 2859 508 ex
2891 468 2998 509 :ere
3027 454 3217 520 fusam,
3269 454 3599 523 multumque
3621 452 3733 509 labe

489 566 636 615 rans,
668 550 757 604 vix
781 565 997 604 arenam
1030 549 1179 619 potui
1210 560 1571 620 sequestrare.
1601 550 1732 606 Post
1761 550 1878 606 luce
1908 558 2088 605 autem
2130 563 2290 603 arena
2340 547 2573 613 sublata,
2618 562 2722 599 una
2760 547 2936 614 tegula
2978 547 3153 616 major
3178 552 3449 618 apparuit.
3483 544 3627 600 Hanc
3652 563 3759 601 sus-

486 641 726 714 pendens
762 641 940 695 inveni
970 644 1068 696 sub
1114 657 1179 697 ea
1209 642 1445 696 tabulam
1489 656 1882 710 marmoream;
1958 642 2307 711 tabulamque
2351 640 2711 712 suspendens,
2766 639 3009 712 liydiiam
3050 642 3245 711 reperi.
3274 641 3445 703 Hanc,
3473 654 3589 695 cum
3630 650 3757 697 metu

485 740 544 786 et
586 731 887 786 reverentia
937 730 1117 787 lumen
1168 732 1491 802 accendens,
1520 748 1583 788 ac
1620 735 1899 789 incensum
1940 748 2148 804 ponens
2190 732 2245 786 in
2275 730 2568 799 thuribulo,
2612 731 2829 801 palpavi
2877 731 3179 800 diligenter,
3223 740 3277 787 et
3324 734 3552 787 adorans
3600 735 3758 787 Domi-

488 840 640 891 num,
674 823 874 880 diutius
896 827 1155 882 attonitus
1182 828 1374 891 mansi,
1405 827 1756 899 hydriamque
1796 834 2040 882 sanetam
2080 840 2266 881 rursus
2319 824 2529 894 operui.
2582 822 2780 878 Statim
2834 838 2966 878 vero
3001 823 3154 878 Venit
3203 824 3269 878 ad
3324 837 3424 878 nos
3478 823 3763 879 Gennadius

490 918 747 973 diaconus
775 925 832 972 et
872 917 1312 985 archimandrita,
1360 918 1705 988 salutan‘sque
1751 934 1839 974 me
1889 918 1956 973 ad
2004 918 2202 974 ostium
2257 918 2549 988 speluncae,
2589 916 2725 971 dixit
2777 916 2931 979 mihi,
2986 918 3128 981 veni,
3184 931 3395 986 precor,
3458 916 3765 971 itttroeamus

485 1011 541 1065 in
583 1010 893 1080 speluncam
925 1010 1143 1080 pariter.
1179 1009 1245 1064 Et
1275 1020 1624 1080 posteaquam
1665 1011 1738 1065 ibi
1779 1010 2120 1065 adoravimus
2146 1010 2273 1083 [al.,
2308 1008 2601 1079 oravimus]
2622 1008 2779 1075 ,dedit
2805 1008 2938 1062 mihi
2971 1008 3120 1077 pacis
3144 1006 3411 1073 osculum,
3452 1018 3506 1062 et
3532 1007 3766 1061 fratribus

486 1101 653 1167 meis,
696 1109 753 1155 et
795 1102 907 1167 ait,
960 1119 978 1151 ι
1008 1101 1075 1155 de
1113 1099 1383 1170 Capereto
1428 1100 1754 1155 monasterio
1812 1116 1936 1155 meo
1982 1114 2155 1170 nuper
2197 1100 2421 1167 adveni,
2459 1098 2571 1154 vidi
2616 1107 2795 1154 autem
2850 1099 2961 1152 tale
3006 1098 3296 1153 somnium.
3354 1098 3515 1163 Quasi
3569 1098 3764 1166 utrique

488 1190 763 1244 stabanms
798 1190 852 1243 in
877 1188 1113 1257 quodam
1144 1203 1328 1258 specu,
1366 1189 1421 1243 in
1461 1204 1570 1259 quo
1616 1187 2089 1243 mundissimorum
2127 1204 2327 1259 panum
2375 1189 2530 1244 sicuti
2577 1187 2660 1243 sol
2705 1201 2823 1242 erat
2867 1202 3059 1255 magna
3086 1188 3263 1257 capia,
3290 1197 3345 1241 et
3369 1189 3547 1258 portio
3590 1204 3759 1258 supcr-

484 1282 660 1351 posita
691 1281 933 1350 panibus.
966 1279 1227 1335 lmmensa
1254 1295 1384 1336 vero
1416 1280 1575 1351 |adde
1614 1277 1715 1348 vis]
1745 1278 1931 1348 populi
1964 1278 2231 1341 veniebat,
2282 1287 2339 1333 et
2364 1278 2611 1332 sumebat
2657 1292 2725 1332 ex
2774 1277 2921 1347 ipsis.
2946 1278 3056 1333 Nec
3105 1276 3444 1346 deficiebant,
3471 1294 3569 1334 nec
3599 1294 3754 1345 cessa-

486 1376 617 1427 bant
657 1373 904 1427 homines
942 1373 1035 1441 qui
1075 1381 1417 1441 acceperant.
1443 1370 1670 1439 Jamque
1711 1371 1869 1424 nobis
1898 1385 2007 1439 pra:
2036 1370 2379 1425 multitudine
2404 1369 2680 1424 turbarum
2717 1369 3111 1438 delleientibus,
3143 1380 3426 1439 coeperunt
3464 1386 3627 1439 panes
3654 1384 3763 1425 evo

485 1468 600 1521 lare
627 1482 790 1535 super
818 1481 1005 1521 manus
1037 1475 1270 1529 nostras,
1296 1477 1355 1521 et
1380 1467 1456 1521 ita
1504 1467 1875 1537 percipiebant
1894 1479 2089 1521 omnes
2114 1470 2382 1533 quotquot
2408 1463 2473 1516 ad
2504 1464 2646 1517 hanc
2671 1463 2911 1517 muneris
2933 1463 3157 1531 gratiam
3186 1461 3545 1517 continebant.
3574 1480 3591 1513 ι
3627 1459 3768 1514 Post.

486 1573 648 1625 quam
684 1572 813 1611 vero
843 1559 1025 1613 retulit
1065 1560 1191 1613 mihi
1215 1559 1503 1625 somnium,
1537 1573 1637 1621 ego
1679 1558 1953 1629 reapondi,
1984 1576 2001 1607 ι
2022 1556 2229 1610 Bonum
2246 1564 2338 1610 est
2363 1556 2508 1624 quod
2536 1554 2739 1610 vidisti.
2761 1573 2779 1606 ι
2811 1552 2878 1607 Et
2907 1554 3213 1622 recogitans
3240 1554 3383 1631 apud
3410 1553 3769 1623 memetipsum

486 1652 613 1722 quid
641 1653 742 1708 sibi
774 1653 933 1707 vellet
970 1654 1084 1709 hmc
1114 1655 1273 1719 visio,
1314 1668 1635 1723 rursumque
1682 1662 2020 1724 pertractans
2050 1666 2113 1707 ea
2141 1666 2262 1719 qua:
2310 1657 2719 1719 praecesserant,
2771 1649 2881 1703 dixi
2928 1648 3055 1717 quia
3104 1649 3240 1703 visio
3286 1648 3388 1701 ista
3419 1662 3485 1701 ex
3516 1645 3628 1701 Deo
3672 1656 3767 1700 est.

487 1749 675 1803 Sciens
704 1757 884 1803 autent
913 1750 1034 1818 quia
1059 1748 1315 1805 divinitus
1339 1752 1437 1805 ista
1483 1751 1843 1817 contigerant,
1890 1746 2119 1803 iudicavi
2155 1746 2387 1816 qualiter
2437 1753 2656 1799 sanctus
2685 1743 2920 1799 Joannes
2961 1743 3199 1814 Baptista
3237 1758 3498 1812 apparere
3539 1743 3772 1809 dignatus

487 1850 599 1907 est;
631 1842 721 1910 qui
752 1859 895 1905 mox,
928 1852 987 1895 ut
1007 1843 1234 1908 aulivit,
1263 1844 1459 1897 mansit
1486 1843 1782 1907 attonitus,
1809 1850 1866 1896 et
1894 1855 2053 1895 orare
2081 1839 2245 1907 coepit
2262 1848 2324 1891 ut
2352 1838 2403 1891 ei
2450 1837 2626 1891 locum
2669 1837 3032 1903 ostenderem,
3062 1834 3207 1904 quod
3247 1843 3303 1889 et
3340 1832 3459 1890 feci.
3496 1833 3625 1889 Post
3668 1835 3771 1887 haec

488 1938 686 2003 egressi
739 1953 924 1994 smnus
964 1939 1196 2007 utrique,
1234 1946 1291 1992 et
1329 1937 1459 2007 quid
1493 1944 1769 2008 oporteret
1809 1935 1922 1989 ﬁeri
1976 1933 2361 1996 tractabamus,
2413 1932 2693 1997 visumque
2722 1936 2805 1983 est
2844 1928 2981 1981 mihi
3010 1936 3069 1981 ut
3098 1928 3244 1996 prius
3284 1926 3439 1993 irem,
3482 1936 3541 1980 et
3584 1925 3774 1979 indica-

488 2048 601 2085 rem
632 2032 908 2101 Stephano
935 2033 1257 2104 presbytero
1306 2042 1362 2086 ct
1388 2030 1819 2087 archimandritas
1858 2026 2175 2082 monasterii
2210 2022 2354 2095 quod
2390 2023 2694 2093 appellatur
2743 2020 3108 2074 Claramnium
3155 2018 3275 2090 [al.,
3326 2016 3677 2088 Daramium],
3728 2024 3775 2069 ct

489 2143 584 2197 per
612 2127 786 2197 ipsum
819 2128 1185 2182 manifestaret
1212 2129 1490 2198 episcopo.
1533 2126 1602 2179 Et
1628 2125 1907 2180 venientes
1932 2121 2003 2177 ad
2050 2120 2436 2176 monasterium
2460 2117 2598 2187 ejus,
2623 2133 2737 2171 non
2764 2130 2886 2171 eum
2913 2114 3233 2185 reperimus.
3274 2112 3491 2167 Abierat
3526 2113 3688 2177 enim,
3725 2120 3777 2165 ut

488 2216 739 2278 diximus,
770 2218 825 2270 in
840 2218 1169 2272 monasteria
1198 2232 1318 2285 qum
1346 2225 1500 2271 erant
1522 2216 1576 2271 in
1599 2215 1759 2284 agris,
1778 2226 1853 2268 ex
1875 2226 1946 2268 eo
1972 2210 2062 2266 die
2086 2225 2194 2281 quo
2220 2210 2378 2264 nobis
2398 2208 2624 2262 dederat
2644 2205 3031 2261 monasterium
3052 2212 3107 2259 et
3123 2204 3319 2259 ostium
3337 2205 3611 2273 spelunca:
3638 2212 3776 2275 pate-

488 2310 708 2366 fecerat.
741 2309 982 2378 Cumque
1008 2310 1208 2377 egressi
1240 2308 1540 2372 fuissemus,
1570 2305 1775 2376 placuit
1799 2314 1863 2360 nt
1886 2316 2243 2359 evocaremus
2272 2301 2340 2355 ad
2371 2315 2471 2356 nos
2493 2300 2774 2366 Cyriacum
2806 2296 3089 2352 diaconum
3123 2306 3176 2351 et
3205 2295 3701 2359 archimandritam.
3731 2309 3777 2353 et

489 2402 851 2455 revelaremus
875 2400 924 2454 ei
949 2398 1259 2469 mysterium
1280 2414 1380 2468 per
1396 2399 1541 2466 quod
1570 2397 1725 2452 nobis
1746 2404 1962 2452 sanctus
1984 2394 2219 2449 Joannes
2245 2405 2512 2462 apparere
2532 2388 2785 2459 dignatus
2811 2398 2911 2444 est.
2953 2386 3195 2445 Misimus
3221 2400 3401 2445 autem
3430 2390 3497 2445 ad
3525 2406 3652 2445 eum
3679 2389 3777 2443 fta-

491 2498 627 2544 trem
656 2490 948 2553 lsaacium,
978 2490 1218 2542 dicentes
1249 2505 1262 2541 :
1301 2506 1320 2539 ι
1359 2486 1489 2541 Veni
1541 2486 1607 2540 ad
1654 2501 1755 2542 nos
1800 2485 2071 2541 celeriter.
2101 2504 2118 2536 ι
2153 2483 2231 2537 Ad
2279 2497 2440 2552 quem
2464 2497 2591 2537 eum
2626 2480 2797 2534 frater
2836 2482 3099 2547 venisset,
3130 2480 3455 2550 dixissetque
3503 2483 3580 2550 ei,
3626 2484 3779 2551 proti-

489 2599 593 2638 nus
626 2584 886 2639 obediens
929 2582 1096 2638 venit.
1129 2583 1300 2649 Quem
1340 2596 1461 2636 cum
1495 2581 1918 2645 salutassemus,
1952 2577 2206 2633 iudicavit
2234 2578 2386 2631 nobis
2411 2574 2679 2631 somnium
2722 2573 2866 2643 quod
2920 2575 3070 2643 vidit,
3116 2584 3339 2645 eratque
3381 2587 3689 2628 consonans
3712 2574 3781 2626 vi-

498 2674 640 2728 sioni
663 2688 825 2744 quam
854 2670 1164 2727 Gennadius
1188 2671 1455 2727 diamnus
1483 2669 1615 2725 milii
1658 2670 1937 2725 retulerat.
1978 2668 2045 2722 Et
2084 2680 2207 2723 cum
2250 2680 2583 2731 orassemus,
2613 2682 2740 2719 mox
2794 2666 2841 2719 ei
2891 2666 3279 2720 revelationem
3328 2663 3501 2719 sancti
3546 2661 3782 2734 Baptista:

489 2762 713 2820 Joannis
756 2765 1102 2820 manifestare
1149 2768 1478 2830 erravimus,
1504 2770 1565 2818 et
1595 2762 1672 2817 ait
1711 2779 1724 2814 :
1765 2780 1786 2813 ‹
1814 2760 2128 2831 Cogitemus
2151 2760 2283 2829 quid
2332 2758 2445 2814 fieri
2487 2758 2703 2814 debeat.
2740 2778 2757 2811 ι
2793 2758 2865 2813 Et
2910 2774 3010 2829 ego
3051 2759 3182 2822 dixi,
3235 2778 3254 2811 ‹
3291 2757 3427 2813 Puto
3466 2759 3785 2813 conveniens

490 2873 614 2914 esse
645 2865 703 2911 ut
746 2858 852 2912 hoc
878 2858 1283 2912 innotescamus
1316 2856 1597 2927 episeopo.
1632 2874 1650 2906 ι
1690 2836 2033 2923 Rursumque
2053 2860 2447 2920 cognoscentes
2476 2852 2620 2921 quod
2644 2866 2792 2920 sarpe
2820 2861 3151 2906 memoratus
3180 2850 3487 2922 Stephanus
3522 2849 3785 2921 presbyter

500 2957 555 2998 et
583 2945 1000 3001 archimandrita
1027 2945 1095 3000 de
1122 2957 1252 3014 agro
1277 2960 1387 3000 non
1416 2952 1658 3009 venerat,
1684 2944 1985 2998 mansimus
2002 2940 2200 2996 diebus
2220 2941 2459 3010 quinque
2476 2949 2832 3011 posteaquam
2855 2942 3112 2996 revelatio
3137 2942 3291 2995 nobis
3319 2950 3543 2997 ostensa
3573 2950 3671 2995 est.
3702 2940 3786 2993 Dic

502 3054 635 3095 vero
657 3038 1009 3094 sabbatorum
1026 3048 1151 3108 post
1173 3038 1454 3093 meridiem
1477 3036 1792 3091 sedentibus
1819 3042 1981 3104 atque
2008 3034 2492 3089 sermocinantibus
2516 3034 2694 3098 nobis,
2728 3034 3003 3103 ingressus
3029 3046 3112 3090 est
3146 3035 3210 3089 ad
3243 3051 3339 3089 nos
3366 3033 3554 3089 Salius
3582 3031 3787 3106 [Salius]

498 3129 840 3185 collectarius
874 3137 928 3183 et
951 3128 1110 3183 Maris
1134 3128 1257 3203 [al.,
1288 3127 1508 3199 Marius]
1538 3127 1799 3197 Linopola
1822 3124 2162 3193 Lechtarius,
2189 3134 2245 3181 et
2268 3126 2439 3181 inutili
2474 3125 2766 3180 turmiscum
2794 3128 3053 3182 mutinae
3081 3135 3439 3182 recesserunt.
3472 3125 3596 3195 Ego
3625 3134 3789 3181 autem

494 3219 606 3273 dixi
635 3216 783 3273 fratri
812 3217 1037 3284 lsaacio,
1067 3226 1126 3271 ut
1155 3226 1279 3288 post
1313 3234 1409 3274 eos
1438 3219 1634 3274 ostium
1662 3217 1956 3273 clauderet.
1996 3215 2242 3285 itemque
2270 3216 2632 3271 residemibus
2656 3217 2814 3271 nobis
2834 3225 2889 3272 et
2909 3218 3272 3287 loquentibus,
3308 3218 3380 3271 ita
3424 3232 3553 3272 sum
3583 3226 3791 3288 repente

495 3309 813 3365 verberatus
849 3311 902 3363 in
955 3310 1199 3377 genibus,
1236 3320 1297 3364 ut
1340 3318 1486 3363 totus
1526 3310 1855 3373 incurvarer,
1887 3323 1990 3363 nec
2020 3322 2236 3379 possem
2266 3310 2488 3364 omnino
2516 3322 2840 3379 consurgere
2874 3312 2962 3366 vel
2990 3311 3117 3381 quid
3159 3314 3336 3383 operis
3376 3312 3630 3382 implere.
3657 3311 3792 3367 Tunc

496 3401 650 3454 aiunt
678 3399 744 3453 ad
774 3414 861 3453 me
888 3397 1199 3455 Gennadius
1224 3409 1280 3453 et
1303 3398 1561 3469 Cyriacus
1588 3398 1849 3453 diaconus
1872 3407 1925 3454 et
1946 3398 2376 3454 archimandrita:
2399 3418 2413 3453 2
2454 3418 2472 3451 ι
2508 3399 2697 3456 Nonne
2726 3401 2958 3457 diximus
2984 3402 3109 3467 tibi,
3137 3402 3255 3458 Noli
3280 3420 3466 3459 moras
3501 3405 3789 3465 innectere,

498 3489 594 3543 sed
621 3505 828 3552 eamus,
859 3497 913 3544 et
942 3490 994 3544 in
1026 3489 1272 3544 notitiam
1301 3490 1542 3560 episcopi
1576 3490 1931 3559 deponamus,
1958 3492 2089 3562 quia
2131 3492 2412 3562 presbyter
2449 3493 2756 3563 Stephanus
2795 3492 2991 3550 dicitur
3026 3497 3261 3552 nondum
3293 3499 3605 3555 advenisse.
3644 3519 3660 3551 ι
3694 3496 3794 3568 Ego

498 3597 633 3637 vero
681 3581 852 3635 mansi
900 3582 1252 3638 vehementer
1277 3581 1526 3637 afﬂictus.
1555 3581 1661 3651 Ipsi
1692 3590 1873 3637 autem
1904 3582 2266 3653 veSpertinum
2302 3584 2641 3640 celebrantes
2699 3581 2956 3649 eiiciam,
2993 3587 3215 3656 ingressi
3250 3597 3374 3643 sunt
3411 3590 3505 3645 ubi
3536 3590 3791 3661 iacebam,

498 3680 553 3726 et
594 3669 1063 3736 denuntiaverunt,
1114 3672 1375 3739 dicentes,
1433 3692 1451 3725 ι
1484 3671 1844 3741 Jurejurando
1886 3674 2247 3730 satisfecitnus
2276 3684 2466 3729 sancto
2505 3674 2717 3743 Joanni,
2753 3679 3105 3748 suscipientes
3135 3696 3419 3751 personam
3463 3692 3622 3737 tuam
3664 3680 3794 3751 quod

497 3778 712 3819 omnem
742 3778 958 3819 causam
989 3780 1108 3819 cras
1147 3775 1271 3820 ante
1299 3766 1429 3820 solis
1453 3774 1630 3821 ortum
1660 3780 1757 3834 per
1791 3774 1842 3820 te
1872 3764 1989 3837 [per
2014 3776 2065 3822 te
2085 3782 2205 3821 cras
2226 3777 2411 3822 autem
2434 3767 2553 3824 sole
2572 3779 2702 3825 orto
2731 3781 2827 3838 per
2847 3776 2927 3835 te,
2960 3768 3091 3841 etc.]
3120 3782 3411 3842 cognoscet
3437 3775 3744 3843 episcopus.
3776 3790 3789 3821 ι

498 3853 567 3908 Et
610 3867 712 3922 ego
759 3855 1033 3924 respondi,
1072 3875 1089 3907 ι
1124 3854 1273 3911 Bene
1304 3855 1593 3910 admodum
1626 3855 1846 3923 fecistis,
1874 3858 1984 3912 hoc
2029 3857 2170 3912 idem
2209 3858 2621 3927 promittentes;
2655 3877 2679 3912 τ
2724 3870 2779 3915 ct
2827 3864 3070 3931 protinus
3118 3878 3147 3917 a
3200 3864 3479 3918 doloribus
3543 3863 3795 3918 relevatus

499 3964 638 4003 sum.
681 3947 940 4017 Sequenti
964 3958 1144 4004 autem
1177 3950 1264 4005 die
1303 3950 1577 4007 dominico
1607 3952 1766 4007 simul
1794 3968 1922 4007 cum
1948 3952 2185 4006 diacono
2203 3950 2437 4024 (Syriaco
2457 3962 2513 4007 et
2540 3950 2755 4008 Iuliano
2781 3958 3048 4013 monacho
3078 3959 3374 4025 venientes,
3400 3958 3675 4029 episcopo
3697 3957 3795 4026 jam

503 4048 629 4109 post
656 4042 950 4095 matutinas
978 4041 1255 4096 orationes
1283 4040 1351 4096 de
1380 4041 1608 4097 ecclesia
1652 4050 1788 4096 tunc
1815 4041 2114 4109 egredienti
2164 4042 2543 4109 suggessimus,
2576 4044 2841 4113 dicentes,
2890 4048 3015 4115 quia
3060 4056 3278 4103 sanctus
3307 4040 3550 4103 Joannes
3574 4048 3797 4117 Baptista

511 4129 782 4185 revelatus
808 4140 909 4185 est.
939 4131 1060 4201 Ipse
1088 4147 1223 4186 vero
1247 4131 1581 4201 stupefactus
1620 4132 1694 4187 ait
1724 4150 1736 4185 :
1776 4150 1795 4182 ‹
1827 4131 2015 4194 Nullus
2042 4131 2152 4187 hoc
2189 4133 2364 4199 novit,
2398 4142 2459 4187 et
2484 4134 2604 4202 quis
2648 4144 2885 4190 vestrum
2927 4138 3122 4191 audeat
3168 4137 3526 4207 contingere?
3562 4158 3581 4191 ›
3639 4137 3797 4191 Dixit-

501 4236 608 4288 que
638 4222 688 4276 ei
717 4221 974 4293 Cyriacus
1002 4223 1259 4278 diaconus
1292 4239 1305 4274 :
1337 4241 1355 4273 ι
1390 4220 1616 4287 Quando
1646 4222 1829 4276 venire
1848 4221 2133 4290 dignaris?
2164 4242 2183 4275 ι
2219 4230 2273 4277 et
2296 4222 2403 4288 ille,
2436 4242 2455 4275 ε
2485 4238 2624 4289 cras,
2650 4224 2845 4293 inquit,
2879 4225 3181 4280 adveniam.
3214 4245 3231 4278 ι
3263 4224 3491 4281 Postera
3525 4236 3699 4283 autem
3724 4226 3798 4279 die

516 4328 641 4365 cum
666 4314 993 4384 presbyteris
1020 4322 1079 4366 et
1120 4312 1363 4368 diaconis
1394 4313 1677 4382 episcopus
1702 4313 1868 4379 venit,
1902 4318 1957 4366 et
1982 4313 2249 4368 intrantes
2276 4313 2341 4368 ad
2369 4314 2575 4381 iocum,
2608 4316 2948 4385 procidentcs
2984 4318 3042 4372 in
3066 4316 3233 4372 facies
3259 4332 3383 4373 suas
3421 4316 3797 4374 adoraveruut.

510 4404 752 4460 Malchus
774 4407 892 4478 [ul.,
920 4403 1217 4475 Malechus]
1239 4415 1419 4460 autem
1441 4405 1742 4476 presbyter,
1762 4420 1902 4458 unus
1913 4419 1989 4459 ex
2010 4404 2093 4458 his
2113 4406 2342 4474 quicum
2360 4408 2620 4479 episcopo
2638 4420 2922 4478 venerant,
2953 4409 3237 4465 inﬁdeliter
3258 4420 3452 4475 motus,
3485 4415 3597 4467 ait:
3620 4433 3638 4464 ι
3665 4412 3801 4467 Unde

518 4498 623 4551 hoc
652 4506 858 4551 certum
889 4506 991 4563 est,
1027 4498 1171 4568 quod
1194 4508 1361 4568 caput
1387 4498 1736 4554 l’rtecursoris
1771 4498 2005 4553 existat?
2040 4517 2061 4551 υ
2105 4496 2433 4569 Mittensqu
2470 4516 2685 4557 manum
2732 4512 2796 4558 ut
2836 4505 3176 4574 contingeret
3210 4507 3479 4577 hydriam,
3529 4506 3801 4563 confestim

508 4588 739 4655 exaruit,
767 4590 1100 4659 adhaesitqne
1130 4606 1316 4646 manus
1335 4591 1453 4661 eius
1472 4592 1699 4662 hydrina,
1724 4605 1821 4644 nec
1842 4605 1959 4644 eam
1986 4590 2275 4646 extrahere
2300 4593 2489 4647 Valuit.
2516 4594 2781 4650 lustauter
2801 4604 2982 4649 autem
3009 4596 3075 4650 ab
3102 4596 3351 4650 omnibus
3371 4598 3629 4653 oratione
3655 4598 3799 4659 facta,

508 4682 822 4750 cunctisque
850 4682 1274 4752 gloriﬁcantibus
1304 4684 1494 4750 Deum,
1529 4692 1690 4752 atque
1716 4684 2061 4752 precantibus
2105 4698 2205 4751 pro
2229 4697 2331 4747 eo,
2364 4685 2450 4737 vix
2502 4685 2715 4739 tandem
2763 4685 2977 4754 quidem
3010 4698 3226 4741 manuni
3268 4687 3441 4757 potuit
3472 4687 3803 4743 abstrahere.

505 4769 600 4825 sed
633 4771 704 4823 ita
730 4773 1024 4840 permansit
1052 4773 1304 4829 invalida.
1336 4773 1640 4842 Episcoilus
1680 4782 1883 4837 autem,
1910 4784 2035 4827 eum
2069 4773 2330 4828 universis
2360 4775 2449 4844 qui
2476 4787 2661 4831 secum
2687 4784 2869 4845 erant,
2902 4776 3168 4846 accipiens
3199 4778 3441 4848 hydriam
3472 4795 3601 4833 cum
3628 4788 3803 4833 sancto

506 4865 762 4920 thesauro
787 4864 856 4918 ibi
886 4867 1143 4935 reposito,
1174 4867 1389 4921 interim
1417 4869 1465 4921 iu
1490 4867 1739 4923 diaconio
1760 4906 1774 4928 ,
1804 4867 1855 4921 id
1880 4875 1961 4920 est
1986 4867 2036 4920 in
2052 4869 2353 4923 secretario
2380 4869 2626 4924 ecclesia:
2657 4870 2970 4937 collocavit,
3004 4872 3178 4928 donec
3201 4873 3569 4928 aediﬁcaretur
3598 4874 3805 4928 basilica

510 4960 563 5011 in
596 4960 815 5013 nomine
844 4959 980 5028 ejus.
1014 4958 1142 5026 Quae
1183 4960 1274 5013 ubi
1317 4957 1553 5029 perfecta
1581 4969 1684 5023 est,
1716 4974 1840 5013 cum
1873 4958 1987 5013 dies
2014 4968 2215 5013 sancta:
2242 4958 2603 5027 depositionis
2632 4961 2747 5029 ejus
2779 4962 3023 5027 instaret,
3048 4963 3302 5031 apparuit
3332 4971 3555 5018 sanctus
3583 4962 3807 5016 Joannes

510 5052 559 5104 ei
611 5052 769 5121 cujus
825 5068 1017 5108 manus
1060 5060 1296 5119 aruerat,
1329 5052 1514 5106 dicens
1541 5069 1552 5104 :
1592 5050 1656 5104 In
1681 5052 1793 5120 ipsa
1823 5052 2165 5117 processione,
2186 5064 2305 5102 cum
2331 5051 2392 5118 ﬁt
2421 5051 2691 5121 depositio,
2725 5069 2857 5123 pone
2885 5068 3094 5106 manum
3121 5060 3260 5106 tatam
3291 5071 3442 5123 super
3468 5055 3739 5125 hydriam,
3768 5063 3808 5103 ct

508 5140 684 5193 atatim
728 5139 1016 5196 sanabitur.
1048 5140 1163 5196 lloc
1191 5150 1373 5196 autem
1405 5156 1527 5197 cum
1562 5140 1795 5204 fecisset,
1829 5140 2075 5193 restituta
2103 5147 2188 5193 est
2206 5139 2457 5207 pristinae
2476 5143 2720 5197 sanitati.
2744 5148 2773 5181 τι
2798 5143 2966 5198 ‘Facta
2998 5154 3081 5199 est
3106 5144 3164 5199 S.
3193 5145 3416 5199 Joannis
3454 5142 3810 5199 Praecursoris

512 5249 576 5289 ac
622 5236 879 5305 Baptista:
921 5237 1190 5309 depositio
1221 5236 1274 5291 in
1320 5236 1436 5306 ejus
1464 5235 1668 5305 templo
1692 5235 1896 5290 mensis
1933 5232 2190 5289 Oetobris
2238 5237 2493 5303 vigesima
2534 5246 2715 5303 sexta,
2763 5254 2906 5293 anno
2950 5239 3077 5307 765,
3108 5239 3403 5293 indictione
3434 5247 3619 5303 sexta,
3653 5239 3809 5306 impe-

514 5327 757 5379 rantibus
797 5328 1061 5395 religiosis
1086 5328 1296 5397 piisque
1340 5343 1405 5382 ac
1452 5326 1772 5383 orthodoxis
1818 5325 2069 5395 Augustis
2108 5322 2485 5381 Valentiniano
2522 5327 2741 5384 Juuiore
2780 5344 2844 5385 ae
2870 5330 3163 5396 Mardia‘ue,
3196 5329 3523 5401 principibus
3560 5330 3810 5384 memoria

518 5417 841 5485 sempiterna
889 5420 1059 5488 dignis
1100 5439 1111 5472 :
1146 5420 1212 5474 ad
1238 5420 1449 5474 laudern
1485 5428 1537 5473 et
1566 5420 1794 5486 gloriam
1826 5420 2002 5484 magni
2028 5416 2129 5472 Dei
2159 5432 2221 5472 ac
2242 5417 2538 5475 Salvatoris
2571 5422 2735 5477 nostri
2762 5419 2888 5478 Jcsu
2921 5422 3141 5487 Chiisti,
3187 5421 3272 5475 Cui
3310 5422 3475 5490 gloria
3506 5437 3639 5476 cum
3688 5421 3812 5475 inte-

520 5516 727 5562 mernto
762 5505 920 5562 Patre
949 5511 1393 5580 sanctis-sitimque
1423 5525 1486 5564 ac
1512 5509 1723 5565 vivilico
1745 5509 1969 5579 Spiritu,
2002 5506 2055 5560 in
2085 5509 2279 5565 sarcula
2309 5514 2645 5567 saewlorum.
2680 5510 2870 5567 Amen.

595 5715 619 5742 ἰ
642 5704 745 5779 llic
771 5704 964 5779 desinit
988 5705 1227 5779 Dionysii
1260 5704 1449 5779 Exigui
1478 5705 1887 5779 interpretatio,
1905 5720 2026 5773 quae
2053 5707 2329 5776 suppletur
2354 5723 2417 5762 ex
2438 5706 2499 5761 Π.
2520 5707 2575 5760 Ρ.
2596 5706 2878 5763 Combelis.
2899 5741 2970 5751 ——
2999 5706 3297 5779 Seqneutcs
3329 5716 3507 5762 autem
3539 5720 3818 5763 sermones

520 5778 609 5834 hic
637 5778 687 5831 in
720 5775 1031 5846 appendicis
1063 5774 1231 5829 viCcni
1263 5778 1569 5831 exscribere
1594 5774 1814 5842 placuit.
1849 5776 2005 5829 Eutr.
2122 5774 2131 5775 ί
2158 5774 2168 5776 “
2830 5810 2831 5813 η
