  <div class='ocr_page' id='page_1' title='image "/cluster/home/n/w/nwhite01/storage/ocr_20150623/67/hvd.32044073505273/225.png"; bbox 0 0 3938 6196; ppageno 0'>
   <div class='ocr_carea' id='block_1_1' title="bbox 331 379 436 437">
    <p class='ocr_par' dir='ltr' id='par_1_1' title="bbox 331 379 436 437">
     <span class='ocr_line' id='line_1_1' title="bbox 331 379 436 437; baseline -0.029 0"><span class='ocrx_word' id='word_1_1' title='bbox 331 379 436 437; x_wconf 70' lang='grc'><strong>435</strong></span> 
     </span>
    </p>
   </div>
   <div class='ocr_carea' id='block_1_2' title="bbox 1567 375 2276 438">
    <p class='ocr_par' dir='ltr' id='par_1_2' title="bbox 1567 375 2276 438">
     <span class='ocr_line' id='line_1_2' title="bbox 1567 375 2276 438; baseline -0.007 0"><span class='ocrx_word' id='word_1_2' title='bbox 1567 375 1923 438; x_wconf 76' lang='lat' dir='ltr'><strong>DlONYSIUS</strong></span> <span class='ocrx_word' id='word_1_3' title='bbox 1959 375 2276 436; x_wconf 75' lang='lat' dir='ltr'><strong>EXIGUUS.</strong></span> 
     </span>
    </p>
   </div>
   <div class='ocr_carea' id='block_1_3' title="bbox 3498 384 3604 442">
    <p class='ocr_par' dir='ltr' id='par_1_3' title="bbox 3498 384 3604 442">
     <span class='ocr_line' id='line_1_3' title="bbox 3498 384 3604 442; baseline 0.019 -2"><span class='ocrx_word' id='word_1_4' title='bbox 3498 384 3604 442; x_wconf 66' lang='grc'><strong>438</strong></span> 
     </span>
    </p>
   </div>
   <div class='ocr_carea' id='block_1_4' title="bbox 322 491 1929 572">
    <p class='ocr_par' dir='ltr' id='par_1_4' title="bbox 322 493 1901 571">
     <span class='ocr_line' id='line_1_4' title="bbox 322 493 1901 571; baseline -0.013 -8"><span class='ocrx_word' id='word_1_5' title='bbox 322 508 582 564; x_wconf 84' lang='lat' dir='ltr'><strong>lissimum</strong></span> <span class='ocrx_word' id='word_1_6' title='bbox 611 502 772 571; x_wconf 80' lang='lat' dir='ltr'><strong>vulgo</strong></span> <span class='ocrx_word' id='word_1_7' title='bbox 799 501 1155 570; x_wconf 80' lang='lat' dir='ltr'><strong>inaspectum,</strong></span> <span class='ocrx_word' id='word_1_8' title='bbox 1214 496 1495 561; x_wconf 90' lang='lat' dir='ltr'><strong>intactum,</strong></span> <span class='ocrx_word' id='word_1_9' title='bbox 1529 493 1901 548; x_wconf 86' lang='lat' dir='ltr'><strong>inaccessum:</strong></span> 
     </span>
    </p>
   </div>
   <div class='ocr_carea' id='block_1_5' title="bbox 2035 491 3605 572">
    <p class='ocr_par' dir='ltr' id='par_1_5' title="bbox 2035 492 3605 572">
     <span class='ocr_line' id='line_1_5' title="bbox 2035 492 3605 572; baseline 0.005 -28"><span class='ocrx_word' id='word_1_10' title='bbox 2035 492 2141 545; x_wconf 78' lang='grc' dir='ltr'>ἐίου</span> <span class='ocrx_word' id='word_1_11' title='bbox 2169 493 2582 563; x_wconf 79' lang='grc' dir='ltr'>οἰκονομήσαντος</span> <span class='ocrx_word' id='word_1_12' title='bbox 2611 496 2844 571; x_wconf 65' lang='grc' dir='ltr'>ηίρυκος,</span> <span class='ocrx_word' id='word_1_13' title='bbox 2868 493 2950 547; x_wconf 80' lang='grc' dir='ltr'>ἶνα</span> <span class='ocrx_word' id='word_1_14' title='bbox 2972 497 3040 566; x_wconf 75' lang='grc' dir='ltr'>μὴ</span> <span class='ocrx_word' id='word_1_15' title='bbox 3078 500 3152 569; x_wconf 80' lang='grc' dir='ltr'><strong>τῷ</strong></span> <span class='ocrx_word' id='word_1_16' title='bbox 3179 492 3339 572; x_wconf 71' lang='grc' dir='ltr'>ῥᾳδίῳ</span> <span class='ocrx_word' id='word_1_17' title='bbox 3365 504 3457 558; x_wconf 73' lang='grc' dir='ltr'>τῆς</span> <span class='ocrx_word' id='word_1_18' title='bbox 3486 506 3605 557; x_wconf 43' lang='lat' dir='ltr'><strong>am?</strong></span> 
     </span>
    </p>
   </div>
   <div class='ocr_carea' id='block_1_6' title="bbox 322 579 1905 662">
    <p class='ocr_par' dir='ltr' id='par_1_6' title="bbox 322 579 1905 662">
     <span class='ocr_line' id='line_1_6' title="bbox 322 579 1905 662; baseline -0.011 -11"><span class='ocrx_word' id='word_1_19' title='bbox 322 597 398 651; x_wconf 84' lang='lat' dir='ltr'><strong>sic</strong></span> <span class='ocrx_word' id='word_1_20' title='bbox 426 595 562 649; x_wconf 86' lang='lat' dir='ltr'><strong>forte</strong></span> <span class='ocrx_word' id='word_1_21' title='bbox 590 590 811 662; x_wconf 83' lang='lat' dir='ltr'><strong>provide</strong></span> <span class='ocrx_word' id='word_1_22' title='bbox 848 587 1166 657; x_wconf 87' lang='lat' dir='ltr'><strong>disponente</strong></span> <span class='ocrx_word' id='word_1_23' title='bbox 1202 584 1384 640; x_wconf 90' lang='lat' dir='ltr'><strong>divino</strong></span> <span class='ocrx_word' id='word_1_24' title='bbox 1414 596 1680 654; x_wconf 66' lang='lat' dir='ltr'><strong>praecone,</strong></span> <span class='ocrx_word' id='word_1_25' title='bbox 1736 596 1803 637; x_wconf 91' lang='lat' dir='ltr'><strong>ne</strong></span> <span class='ocrx_word' id='word_1_26' title='bbox 1829 579 1905 633; x_wconf 56' lang='lat' dir='ltr'><strong>fac</strong></span> 
     </span>
    </p>
   </div>
   <div class='ocr_carea' id='block_1_7' title="bbox 322 672 1910 751">
    <p class='ocr_par' dir='ltr' id='par_1_7' title="bbox 322 672 1910 751">
     <span class='ocr_line' id='line_1_7' title="bbox 322 672 1910 751; baseline -0.011 -9"><span class='ocrx_word' id='word_1_27' title='bbox 322 686 413 742; x_wconf 87' lang='lat' dir='ltr'><strong>cili</strong></span> <span class='ocrx_word' id='word_1_28' title='bbox 462 684 603 738; x_wconf 87' lang='lat' dir='ltr'><strong>illius</strong></span> <span class='ocrx_word' id='word_1_29' title='bbox 656 679 1030 751; x_wconf 83' lang='lat' dir='ltr'><strong>possessione,</strong></span> <span class='ocrx_word' id='word_1_30' title='bbox 1084 675 1257 732; x_wconf 80' lang='lat' dir='ltr'><strong>facilis</strong></span> <span class='ocrx_word' id='word_1_31' title='bbox 1307 689 1524 745; x_wconf 90' lang='lat' dir='ltr'><strong>quoque</strong></span> <span class='ocrx_word' id='word_1_32' title='bbox 1578 672 1736 729; x_wconf 87' lang='lat' dir='ltr'><strong>nobis</strong></span> <span class='ocrx_word' id='word_1_33' title='bbox 1762 679 1910 728; x_wconf 92' lang='lat' dir='ltr'><strong>esset</strong></span> 
     </span>
    </p>
   </div>
   <div class='ocr_carea' id='block_1_8' title="bbox 324 766 1908 843">
    <p class='ocr_par' dir='ltr' id='par_1_8' title="bbox 324 766 1908 843">
     <span class='ocr_line' id='line_1_8' title="bbox 324 766 1908 843; baseline -0.007 -12"><span class='ocrx_word' id='word_1_34' title='bbox 324 776 539 831; x_wconf 85' lang='lat' dir='ltr'><strong>amissio</strong></span> <span class='ocrx_word' id='word_1_35' title='bbox 586 780 1061 843; x_wconf 87' lang='lat' dir='ltr'><strong>contemptumque</strong></span> <span class='ocrx_word' id='word_1_36' title='bbox 1114 768 1486 835; x_wconf 85' lang='lat' dir='ltr'><strong>desiderium;</strong></span> <span class='ocrx_word' id='word_1_37' title='bbox 1527 766 1727 835; x_wconf 85' lang='lat' dir='ltr'><strong>alioqui</strong></span> <span class='ocrx_word' id='word_1_38' title='bbox 1775 780 1908 820; x_wconf 90' lang='lat' dir='ltr'><strong>vero</strong></span> 
     </span>
    </p>
   </div>
   <div class='ocr_carea' id='block_1_9' title="bbox 324 856 1910 927">
    <p class='ocr_par' dir='ltr' id='par_1_9' title="bbox 324 856 1910 927">
     <span class='ocr_line' id='line_1_9' title="bbox 324 856 1910 927; baseline -0.008 -5"><span class='ocrx_word' id='word_1_39' title='bbox 324 869 486 922; x_wconf 85' lang='lat' dir='ltr'><strong>etiam</strong></span> <span class='ocrx_word' id='word_1_40' title='bbox 516 865 876 920; x_wconf 82' lang='lat' dir='ltr'><strong>invalesccnte</strong></span> <span class='ocrx_word' id='word_1_41' title='bbox 923 862 991 917; x_wconf 90' lang='lat' dir='ltr'><strong>ab</strong></span> <span class='ocrx_word' id='word_1_42' title='bbox 1047 861 1313 916; x_wconf 86' lang='lat' dir='ltr'><strong>idolorum</strong></span> <span class='ocrx_word' id='word_1_43' title='bbox 1341 858 1487 915; x_wconf 90' lang='lat' dir='ltr'><strong>cultu</strong></span> <span class='ocrx_word' id='word_1_44' title='bbox 1533 856 1910 927; x_wconf 84' lang='lat' dir='ltr'><strong>persecutione</strong></span> 
     </span>
    </p>
   </div>
   <div class='ocr_carea' id='block_1_10' title="bbox 324 947 1912 1018">
    <p class='ocr_par' dir='ltr' id='par_1_10' title="bbox 324 947 1912 1018">
     <span class='ocr_line' id='line_1_10' title="bbox 324 947 1912 1018; baseline -0.008 -6"><span class='ocrx_word' id='word_1_45' title='bbox 324 956 635 1012; x_wconf 77' lang='lat' dir='ltr'><strong>auctoribus</strong></span> <span class='ocrx_word' id='word_1_46' title='bbox 657 953 990 1009; x_wconf 91' lang='lat' dir='ltr'><strong>Diocletiano</strong></span> <span class='ocrx_word' id='word_1_47' title='bbox 1031 958 1089 1007; x_wconf 90' lang='lat' dir='ltr'><strong>et</strong></span> <span class='ocrx_word' id='word_1_48' title='bbox 1115 950 1465 1018; x_wconf 74' lang='lat' dir='ltr'><strong>Maximiano,</strong></span> <span class='ocrx_word' id='word_1_49' title='bbox 1496 947 1638 1003; x_wconf 84' lang='lat' dir='ltr'><strong>haud</strong></span> <span class='ocrx_word' id='word_1_50' title='bbox 1667 962 1767 1017; x_wconf 86' lang='lat' dir='ltr'><strong>par</strong></span> <span class='ocrx_word' id='word_1_51' title='bbox 1794 953 1912 1002; x_wconf 90' lang='lat' dir='ltr'><strong>erat</strong></span> 
     </span>
    </p>
   </div>
   <div class='ocr_carea' id='block_1_11' title="bbox 328 1037 1910 1111">
    <p class='ocr_par' dir='ltr' id='par_1_11' title="bbox 328 1037 1910 1111">
     <span class='ocr_line' id='line_1_11' title="bbox 328 1037 1910 1111; baseline -0.007 -10"><span class='ocrx_word' id='word_1_52' title='bbox 328 1055 385 1101; x_wconf 89' lang='lat' dir='ltr'><strong>ut</strong></span> <span class='ocrx_word' id='word_1_53' title='bbox 406 1047 496 1100; x_wconf 89' lang='lat' dir='ltr'><strong>vili</strong></span> <span class='ocrx_word' id='word_1_54' title='bbox 526 1045 802 1101; x_wconf 83' lang='lat' dir='ltr'><strong>hominum</strong></span> <span class='ocrx_word' id='word_1_55' title='bbox 832 1043 1014 1111; x_wconf 77' lang='lat' dir='ltr'><strong>generi</strong></span> <span class='ocrx_word' id='word_1_56' title='bbox 1042 1041 1222 1097; x_wconf 87' lang='lat' dir='ltr'><strong>nobile</strong></span> <span class='ocrx_word' id='word_1_57' title='bbox 1266 1040 1539 1097; x_wconf 88' lang='lat' dir='ltr'><strong>cimelium</strong></span> <span class='ocrx_word' id='word_1_58' title='bbox 1571 1037 1910 1110; x_wconf 85' lang='lat' dir='ltr'><strong>proderetur,</strong></span> 
     </span>
    </p>
   </div>
   <div class='ocr_carea' id='block_1_12' title="bbox 327 1130 1916 1211">
    <p class='ocr_par' dir='ltr' id='par_1_12' title="bbox 327 1130 1916 1211">
     <span class='ocr_line' id='line_1_12' title="bbox 327 1130 1916 1211; baseline -0.008 -15"><span class='ocrx_word' id='word_1_59' title='bbox 327 1155 393 1196; x_wconf 82' lang='lat' dir='ltr'><strong>ac</strong></span> <span class='ocrx_word' id='word_1_60' title='bbox 420 1140 599 1211; x_wconf 87' lang='lat' dir='ltr'><strong>porcis</strong></span> <span class='ocrx_word' id='word_1_61' title='bbox 654 1138 1029 1208; x_wconf 87' lang='lat' dir='ltr'><strong>projiceretur,</strong></span> <span class='ocrx_word' id='word_1_62' title='bbox 1078 1134 1223 1205; x_wconf 89' lang='lat' dir='ltr'><strong>quod</strong></span> <span class='ocrx_word' id='word_1_63' title='bbox 1250 1133 1538 1203; x_wconf 79' lang='lat' dir='ltr'><strong>margarita</strong></span> <span class='ocrx_word' id='word_1_64' title='bbox 1592 1131 1737 1188; x_wconf 91' lang='lat' dir='ltr'><strong>omni</strong></span> <span class='ocrx_word' id='word_1_65' title='bbox 1769 1130 1916 1185; x_wconf 87' lang='lat' dir='ltr'><strong>illus-</strong></span> 
     </span>
    </p>
   </div>
   <div class='ocr_carea' id='block_1_13' title="bbox 330 1228 1919 1299">
    <p class='ocr_par' dir='ltr' id='par_1_13' title="bbox 330 1228 1919 1299">
     <span class='ocr_line' id='line_1_13' title="bbox 330 1228 1919 1299; baseline -0.009 -9"><span class='ocrx_word' id='word_1_66' title='bbox 330 1234 465 1290; x_wconf 85' lang='lat' dir='ltr'><strong>trius</strong></span> <span class='ocrx_word' id='word_1_67' title='bbox 485 1232 759 1289; x_wconf 82' lang='lat' dir='ltr'><strong>existeret.</strong></span> <span class='ocrx_word' id='word_1_68' title='bbox 793 1229 945 1294; x_wconf 87' lang='lat' dir='ltr'><strong>Eam,</strong></span> <span class='ocrx_word' id='word_1_69' title='bbox 982 1238 1132 1299; x_wconf 89' lang='lat' dir='ltr'><strong>puto,</strong></span> <span class='ocrx_word' id='word_1_70' title='bbox 1158 1228 1228 1283; x_wconf 91' lang='lat' dir='ltr'><strong>ob</strong></span> <span class='ocrx_word' id='word_1_71' title='bbox 1256 1241 1477 1283; x_wconf 87' lang='lat' dir='ltr'><strong>causam</strong></span> <span class='ocrx_word' id='word_1_72' title='bbox 1506 1239 1716 1281; x_wconf 86' lang='lat' dir='ltr'><strong>sacrum</strong></span> <span class='ocrx_word' id='word_1_73' title='bbox 1755 1228 1919 1292; x_wconf 88' lang='lat' dir='ltr'><strong>caput</strong></span> 
     </span>
    </p>
   </div>
   <div class='ocr_carea' id='block_1_14' title="bbox 328 1315 1915 1388">
    <p class='ocr_par' dir='ltr' id='par_1_14' title="bbox 328 1315 1915 1388">
     <span class='ocr_line' id='line_1_14' title="bbox 328 1315 1915 1388; baseline -0.008 -7"><span class='ocrx_word' id='word_1_74' title='bbox 328 1324 657 1381; x_wconf 83' lang='lat' dir='ltr'><strong>occultatum</strong></span> <span class='ocrx_word' id='word_1_75' title='bbox 678 1321 895 1385; x_wconf 86' lang='lat' dir='ltr'><strong>mansit,</strong></span> <span class='ocrx_word' id='word_1_76' title='bbox 928 1329 989 1376; x_wconf 86' lang='lat' dir='ltr'><strong>ut</strong></span> <span class='ocrx_word' id='word_1_77' title='bbox 1014 1320 1175 1388; x_wconf 87' lang='lat' dir='ltr'><strong>vulgo</strong></span> <span class='ocrx_word' id='word_1_78' title='bbox 1203 1319 1518 1383; x_wconf 89' lang='lat' dir='ltr'><strong>nesciretur,</strong></span> <span class='ocrx_word' id='word_1_79' title='bbox 1551 1331 1652 1372; x_wconf 93' lang='lat' dir='ltr'><strong>nec</strong></span> <span class='ocrx_word' id='word_1_80' title='bbox 1680 1315 1915 1384; x_wconf 87' lang='lat' dir='ltr'><strong>seipsum</strong></span> 
     </span>
    </p>
   </div>
   <div class='ocr_carea' id='block_1_15' title="bbox 330 1407 1915 1488">
    <p class='ocr_par' dir='ltr' id='par_1_15' title="bbox 330 1407 1915 1488">
     <span class='ocr_line' id='line_1_15' title="bbox 330 1407 1915 1488; baseline -0.008 -15"><span class='ocrx_word' id='word_1_81' title='bbox 330 1416 606 1488; x_wconf 83' lang='lat' dir='ltr'><strong>proderet.</strong></span> <span class='ocrx_word' id='word_1_82' title='bbox 635 1416 730 1471; x_wconf 90' lang='lat' dir='ltr'><strong>Sin</strong></span> <span class='ocrx_word' id='word_1_83' title='bbox 770 1415 873 1469; x_wconf 91' lang='lat' dir='ltr'><strong>alia</strong></span> <span class='ocrx_word' id='word_1_84' title='bbox 902 1413 1200 1470; x_wconf 86' lang='lat' dir='ltr'><strong>abstrusior</strong></span> <span class='ocrx_word' id='word_1_85' title='bbox 1226 1425 1389 1467; x_wconf 86' lang='lat' dir='ltr'><strong>causa</strong></span> <span class='ocrx_word' id='word_1_86' title='bbox 1441 1416 1525 1466; x_wconf 88' lang='lat' dir='ltr'><strong>est</strong></span> <span class='ocrx_word' id='word_1_87' title='bbox 1553 1424 1649 1465; x_wconf 92' lang='lat' dir='ltr'><strong>cur</strong></span> <span class='ocrx_word' id='word_1_88' title='bbox 1670 1407 1915 1463; x_wconf 88' lang='lat' dir='ltr'><strong>occulta-</strong></span> 
     </span>
    </p>
   </div>
   <div class='ocr_carea' id='block_1_16' title="bbox 333 1499 1919 1577">
    <p class='ocr_par' dir='ltr' id='par_1_16' title="bbox 333 1499 1919 1577">
     <span class='ocr_line' id='line_1_16' title="bbox 333 1499 1919 1577; baseline -0.008 -11"><span class='ocrx_word' id='word_1_89' title='bbox 333 1519 517 1577; x_wconf 88' lang='lat' dir='ltr'><strong>retur,</strong></span> <span class='ocrx_word' id='word_1_90' title='bbox 574 1523 639 1565; x_wconf 90' lang='lat' dir='ltr'><strong>ac</strong></span> <span class='ocrx_word' id='word_1_91' title='bbox 701 1508 1067 1564; x_wconf 78' lang='lat' dir='ltr'><strong>inventionem</strong></span> <span class='ocrx_word' id='word_1_92' title='bbox 1120 1502 1394 1570; x_wconf 74' lang='lat' dir='ltr'><strong>diﬁerret,</strong></span> <span class='ocrx_word' id='word_1_93' title='bbox 1448 1501 1698 1558; x_wconf 81' lang='lat' dir='ltr'><strong>noverint</strong></span> <span class='ocrx_word' id='word_1_94' title='bbox 1745 1500 1780 1554; x_wconf 90' lang='lat' dir='ltr'><strong>ii</strong></span> <span class='ocrx_word' id='word_1_95' title='bbox 1826 1499 1919 1569; x_wconf 90' lang='lat' dir='ltr'><strong>qui</strong></span> 
     </span>
    </p>
   </div>
   <div class='ocr_carea' id='block_1_17' title="bbox 332 1591 1921 1670">
    <p class='ocr_par' dir='ltr' id='par_1_17' title="bbox 332 1591 1921 1670">
     <span class='ocr_line' id='line_1_17' title="bbox 332 1591 1921 1670; baseline -0.007 -14"><span class='ocrx_word' id='word_1_96' title='bbox 332 1600 540 1670; x_wconf 81' lang='lat' dir='ltr'><strong>majora</strong></span> <span class='ocrx_word' id='word_1_97' title='bbox 566 1606 917 1667; x_wconf 89' lang='lat' dir='ltr'><strong>contuentur,</strong></span> <span class='ocrx_word' id='word_1_98' title='bbox 962 1612 1028 1652; x_wconf 89' lang='lat' dir='ltr'><strong>ac</strong></span> <span class='ocrx_word' id='word_1_99' title='bbox 1067 1595 1471 1652; x_wconf 81' lang='lat' dir='ltr'><strong>sublimioribus</strong></span> <span class='ocrx_word' id='word_1_100' title='bbox 1499 1591 1737 1647; x_wconf 87' lang='lat' dir='ltr'><strong>animum</strong></span> <span class='ocrx_word' id='word_1_101' title='bbox 1769 1591 1921 1646; x_wconf 88' lang='lat' dir='ltr'><strong>adhi-</strong></span> 
     </span>
    </p>
   </div>
   <div class='ocr_carea' id='block_1_18' title="bbox 332 1694 484 1749">
    <p class='ocr_par' dir='ltr' id='par_1_18' title="bbox 332 1694 484 1749">
     <span class='ocr_line' id='line_1_18' title="bbox 332 1694 484 1749; baseline -0.007 0"><span class='ocrx_word' id='word_1_102' title='bbox 332 1694 484 1749; x_wconf 82' lang='lat' dir='ltr'><strong>bent.</strong></span> 
     </span>
    </p>
   </div>
   <div class='ocr_carea' id='block_1_19' title="bbox 401 1786 1922 1862">
    <p class='ocr_par' dir='ltr' id='par_1_19' title="bbox 401 1786 1922 1862">
     <span class='ocr_line' id='line_1_19' title="bbox 401 1786 1922 1862; baseline -0.007 -12"><span class='ocrx_word' id='word_1_103' title='bbox 401 1794 537 1850; x_wconf 89' lang='lat' dir='ltr'><strong>Cum</strong></span> <span class='ocrx_word' id='word_1_104' title='bbox 554 1807 687 1848; x_wconf 84' lang='lat' dir='ltr'><strong>vero</strong></span> <span class='ocrx_word' id='word_1_105' title='bbox 710 1790 823 1862; x_wconf 89' lang='lat' dir='ltr'><strong>jam</strong></span> <span class='ocrx_word' id='word_1_106' title='bbox 844 1799 1057 1860; x_wconf 86' lang='lat' dir='ltr'><strong>tempus</strong></span> <span class='ocrx_word' id='word_1_107' title='bbox 1082 1797 1361 1860; x_wconf 83' lang='lat' dir='ltr'><strong>appeteret</strong></span> <span class='ocrx_word' id='word_1_108' title='bbox 1380 1803 1488 1859; x_wconf 91' lang='lat' dir='ltr'><strong>quo</strong></span> <span class='ocrx_word' id='word_1_109' title='bbox 1510 1786 1639 1842; x_wconf 90' lang='lat' dir='ltr'><strong>illud</strong></span> <span class='ocrx_word' id='word_1_110' title='bbox 1664 1786 1922 1855; x_wconf 83' lang='lat' dir='ltr'><strong>detegen-</strong></span> 
     </span>
    </p>
   </div>
   <div class='ocr_carea' id='block_1_20' title="bbox 2010 586 3606 665">
    <p class='ocr_par' dir='ltr' id='par_1_20' title="bbox 2010 586 3606 665">
     <span class='ocr_line' id='line_1_20' title="bbox 2010 586 3606 665; baseline 0.006 -25"><span class='ocrx_word' id='word_1_111' title='bbox 2010 605 2161 652; x_wconf 86' lang='grc' dir='ltr'>σεως,</span> <span class='ocrx_word' id='word_1_112' title='bbox 2192 586 2368 665; x_wconf 72' lang='grc' dir='ltr'>ῥᾳδίαν</span> <span class='ocrx_word' id='word_1_113' title='bbox 2408 591 2485 645; x_wconf 80' lang='grc' dir='ltr'><strong>καί</strong></span> <span class='ocrx_word' id='word_1_114' title='bbox 2512 594 2602 647; x_wconf 75' lang='grc' dir='ltr'><strong>τήν</strong></span> <span class='ocrx_word' id='word_1_115' title='bbox 2644 589 2900 647; x_wconf 67' lang='grc' dir='ltr'>ἀποϐολὴν</span> <span class='ocrx_word' id='word_1_116' title='bbox 2944 586 3171 660; x_wconf 73' lang='grc' dir='ltr'>ἔχοιμεν.</span> <span class='ocrx_word' id='word_1_117' title='bbox 3204 592 3291 645; x_wconf 83' lang='grc' dir='ltr'><strong>καί</strong></span> <span class='ocrx_word' id='word_1_118' title='bbox 3332 591 3416 647; x_wconf 80' lang='grc' dir='ltr'><strong>τόν</strong></span> <span class='ocrx_word' id='word_1_119' title='bbox 3451 593 3606 650; x_wconf 65' lang='grc' dir='ltr'>πόθον</span> 
     </span>
    </p>
   </div>
   <div class='ocr_carea' id='block_1_21' title="bbox 2012 677 3607 758">
    <p class='ocr_par' dir='ltr' id='par_1_21' title="bbox 2012 677 3607 758">
     <span class='ocr_line' id='line_1_21' title="bbox 2012 677 3607 758; baseline 0.002 -24"><span class='ocrx_word' id='word_1_120' title='bbox 2012 679 2462 756; x_wconf 77' lang='grc' dir='ltr'>εὐκαταφρόνητον.</span> <span class='ocrx_word' id='word_1_121' title='bbox 2493 677 2683 741; x_wconf 78' lang='grc' dir='ltr'>’Δλλως</span> <span class='ocrx_word' id='word_1_122' title='bbox 2710 701 2766 735; x_wconf 82' lang='grc' dir='ltr'><strong>τε</strong></span> <span class='ocrx_word' id='word_1_123' title='bbox 2814 682 2900 735; x_wconf 83' lang='grc' dir='ltr'><strong>καί</strong></span> <span class='ocrx_word' id='word_1_124' title='bbox 2931 689 3021 741; x_wconf 78' lang='grc' dir='ltr'><strong>τῆς</strong></span> <span class='ocrx_word' id='word_1_125' title='bbox 3064 680 3467 758; x_wconf 79' lang='grc' dir='ltr'>εἰδωλολατρείας</span> <span class='ocrx_word' id='word_1_126' title='bbox 3498 686 3607 738; x_wconf 84' lang='grc' dir='ltr'>ἐπι-</span> 
     </span>
    </p>
   </div>
   <div class='ocr_carea' id='block_1_22' title="bbox 2013 773 3608 847">
    <p class='ocr_par' dir='ltr' id='par_1_22' title="bbox 2013 773 3608 847">
     <span class='ocr_line' id='line_1_22' title="bbox 2013 773 3608 847; baseline 0.001 -21"><span class='ocrx_word' id='word_1_127' title='bbox 2013 773 2325 847; x_wconf 65' lang='grc' dir='ltr'>κρατούσης.</span> <span class='ocrx_word' id='word_1_128' title='bbox 2355 775 2413 833; x_wconf 75' lang='grc' dir='ltr'>ἢν</span> <span class='ocrx_word' id='word_1_129' title='bbox 2441 774 2487 828; x_wconf 81' lang='lat' dir='ltr'><strong>el</strong></span> <span class='ocrx_word' id='word_1_130' title='bbox 2513 776 2638 847; x_wconf 76' lang='grc' dir='ltr'>ἀμφί</span> <span class='ocrx_word' id='word_1_131' title='bbox 2671 774 3012 832; x_wconf 81' lang='grc' dir='ltr'>Διοκλητιανόν</span> <span class='ocrx_word' id='word_1_132' title='bbox 3033 776 3119 827; x_wconf 83' lang='grc' dir='ltr'><strong>καί</strong></span> <span class='ocrx_word' id='word_1_133' title='bbox 3142 775 3442 845; x_wconf 75' lang='grc' dir='ltr'>Μαξιμιανόν</span> <span class='ocrx_word' id='word_1_134' title='bbox 3468 775 3608 847; x_wconf 70' lang='grc' dir='ltr'>ἦγεν-</span> 
     </span>
    </p>
   </div>
   <div class='ocr_carea' id='block_1_23' title="bbox 2013 862 3612 941">
    <p class='ocr_par' dir='ltr' id='par_1_23' title="bbox 2013 862 3612 941">
     <span class='ocr_line' id='line_1_23' title="bbox 2013 862 3612 941; baseline 0.003 -24"><span class='ocrx_word' id='word_1_135' title='bbox 2013 884 2125 937; x_wconf 84' lang='grc' dir='ltr'>ραν,</span> <span class='ocrx_word' id='word_1_136' title='bbox 2158 865 2249 918; x_wconf 89' lang='grc' dir='ltr'><strong>οὐκ</strong></span> <span class='ocrx_word' id='word_1_137' title='bbox 2278 862 2384 920; x_wconf 74' lang='grc' dir='ltr'>ἔδει</span> <span class='ocrx_word' id='word_1_138' title='bbox 2405 872 2517 926; x_wconf 86' lang='grc' dir='ltr'>τοῖς</span> <span class='ocrx_word' id='word_1_139' title='bbox 2546 865 2743 936; x_wconf 79' lang='grc' dir='ltr'><strong>ἀτίμοις</strong></span> <span class='ocrx_word' id='word_1_140' title='bbox 2768 866 3101 941; x_wconf 69' lang='grc' dir='ltr'>φανερώσθαι</span> <span class='ocrx_word' id='word_1_141' title='bbox 3141 867 3198 920; x_wconf 78' lang='grc' dir='ltr'>τὸ</span> <span class='ocrx_word' id='word_1_142' title='bbox 3234 867 3417 936; x_wconf 84' lang='grc' dir='ltr'>τίμιον,</span> <span class='ocrx_word' id='word_1_143' title='bbox 3447 869 3517 927; x_wconf 83' lang='grc' dir='ltr'>ὦς</span> <span class='ocrx_word' id='word_1_144' title='bbox 3546 862 3612 920; x_wconf 75' lang='grc' dir='ltr'><strong>ἂν</strong></span> 
     </span>
    </p>
   </div>
   <div class='ocr_carea' id='block_1_24' title="bbox 2016 954 3610 1032">
    <p class='ocr_par' dir='ltr' id='par_1_24' title="bbox 2016 954 3610 1032">
     <span class='ocr_line' id='line_1_24' title="bbox 2016 954 3610 1032; baseline -0.002 -19"><span class='ocrx_word' id='word_1_145' title='bbox 2016 959 2085 1024; x_wconf 75' lang='grc' dir='ltr'>μὴ</span> <span class='ocrx_word' id='word_1_146' title='bbox 2118 962 2224 1015; x_wconf 87' lang='grc' dir='ltr'>τοῖς</span> <span class='ocrx_word' id='word_1_147' title='bbox 2249 957 2370 1009; x_wconf 88' lang='grc' dir='ltr'>κυσί</span> <span class='ocrx_word' id='word_1_148' title='bbox 2398 954 2560 1014; x_wconf 80' lang='grc' dir='ltr'>δοθείη</span> <span class='ocrx_word' id='word_1_149' title='bbox 2596 957 2654 1011; x_wconf 79' lang='grc' dir='ltr'>τὸ</span> <span class='ocrx_word' id='word_1_150' title='bbox 2691 954 2855 1028; x_wconf 83' lang='grc' dir='ltr'>ἅγιον,</span> <span class='ocrx_word' id='word_1_151' title='bbox 2886 958 2967 1009; x_wconf 83' lang='grc' dir='ltr'><strong>καί</strong></span> <span class='ocrx_word' id='word_1_152' title='bbox 2992 963 3101 1016; x_wconf 90' lang='grc' dir='ltr'>τοῖς</span> <span class='ocrx_word' id='word_1_153' title='bbox 3135 957 3336 1030; x_wconf 84' lang='grc' dir='ltr'>χοίροις</span> <span class='ocrx_word' id='word_1_154' title='bbox 3359 956 3518 1032; x_wconf 77' lang='grc' dir='ltr'>ῥιφείη</span> <span class='ocrx_word' id='word_1_155' title='bbox 3546 958 3610 1010; x_wconf 82' lang='grc' dir='ltr'><strong>τό</strong></span> 
     </span>
    </p>
   </div>
   <div class='ocr_carea' id='block_1_25' title="bbox 2015 1042 3611 1122">
    <p class='ocr_par' dir='ltr' id='par_1_25' title="bbox 2015 1042 3611 1122">
     <span class='ocr_line' id='line_1_25' title="bbox 2015 1042 3611 1122; baseline -0.003 -22"><span class='ocrx_word' id='word_1_156' title='bbox 2015 1045 2205 1106; x_wconf 85' lang='grc' dir='ltr'>παντός</span> <span class='ocrx_word' id='word_1_157' title='bbox 2231 1046 2549 1122; x_wconf 69' lang='grc' dir='ltr'>μαργαρίτου</span> <span class='ocrx_word' id='word_1_158' title='bbox 2574 1044 2922 1118; x_wconf 77' lang='grc' dir='ltr'>λαμπρότερον</span> <span class='ocrx_word' id='word_1_159' title='bbox 2941 1058 2953 1071; x_wconf 89' lang='grc'><strong>·</strong></span> <span class='ocrx_word' id='word_1_160' title='bbox 2980 1042 3063 1099; x_wconf 86' lang='grc' dir='ltr'><strong>διά</strong></span> <span class='ocrx_word' id='word_1_161' title='bbox 3100 1050 3266 1099; x_wconf 81' lang='grc' dir='ltr'>ταῦτα</span> <span class='ocrx_word' id='word_1_162' title='bbox 3294 1050 3415 1116; x_wconf 83' lang='grc' dir='ltr'>γοῦν</span> <span class='ocrx_word' id='word_1_163' title='bbox 3441 1048 3471 1102; x_wconf 81' lang='grc' dir='ltr'>ἡ</span> <span class='ocrx_word' id='word_1_164' title='bbox 3497 1046 3611 1120; x_wconf 80' lang='grc' dir='ltr'><strong>ίερά</strong></span> 
     </span>
    </p>
   </div>
   <div class='ocr_carea' id='block_1_26' title="bbox 2018 1134 3610 1207">
    <p class='ocr_par' dir='ltr' id='par_1_26' title="bbox 2018 1134 3610 1207">
     <span class='ocr_line' id='line_1_26' title="bbox 2018 1134 3610 1207; baseline 0.001 -19"><span class='ocrx_word' id='word_1_165' title='bbox 2018 1134 2221 1207; x_wconf 70' lang='grc' dir='ltr'>κεφαλὴ,</span> <span class='ocrx_word' id='word_1_166' title='bbox 2245 1136 2313 1195; x_wconf 82' lang='grc' dir='ltr'>ὡς</span> <span class='ocrx_word' id='word_1_167' title='bbox 2342 1137 2449 1206; x_wconf 81' lang='grc' dir='ltr'>ἰμοί</span> <span class='ocrx_word' id='word_1_168' title='bbox 2473 1136 2626 1200; x_wconf 79' lang='grc' dir='ltr'>δοκιῖ,</span> <span class='ocrx_word' id='word_1_169' title='bbox 2652 1136 2970 1207; x_wconf 64' lang='grc' dir='ltr'>κρυπτομέιη</span> <span class='ocrx_word' id='word_1_170' title='bbox 2994 1136 3269 1206; x_wconf 73' lang='grc' dir='ltr'>ἐτύγχανε,</span> <span class='ocrx_word' id='word_1_171' title='bbox 3289 1134 3610 1189; x_wconf 68' lang='grc' dir='ltr'><strong>λανθάνουσα</strong></span> 
     </span>
    </p>
   </div>
   <div class='ocr_carea' id='block_1_27' title="bbox 2018 1226 3611 1301">
    <p class='ocr_par' dir='ltr' id='par_1_27' title="bbox 2018 1226 3611 1301">
     <span class='ocr_line' id='line_1_27' title="bbox 2018 1226 3611 1301; baseline 0 -18"><span class='ocrx_word' id='word_1_172' title='bbox 2018 1234 2139 1289; x_wconf 79' lang='grc' dir='ltr'><strong>τούς</strong></span> <span class='ocrx_word' id='word_1_173' title='bbox 2164 1228 2396 1294; x_wconf 84' lang='grc' dir='ltr'>πολλούς,</span> <span class='ocrx_word' id='word_1_174' title='bbox 2424 1230 2511 1282; x_wconf 82' lang='grc' dir='ltr'><strong>καί</strong></span> <span class='ocrx_word' id='word_1_175' title='bbox 2553 1230 2654 1299; x_wconf 88' lang='grc' dir='ltr'><strong>οὐχ</strong></span> <span class='ocrx_word' id='word_1_176' title='bbox 2686 1228 2866 1286; x_wconf 72' lang='grc' dir='ltr'>ἑαυτήν</span> <span class='ocrx_word' id='word_1_177' title='bbox 2911 1226 3288 1301; x_wconf 70' lang='grc' dir='ltr'>διεκφαίνουσα.</span> <span class='ocrx_word' id='word_1_178' title='bbox 3330 1232 3390 1283; x_wconf 78' lang='grc' dir='ltr'><strong>Εἰ</strong></span> <span class='ocrx_word' id='word_1_179' title='bbox 3432 1227 3485 1282; x_wconf 81' lang='grc' dir='ltr'><strong>δὲ</strong></span> <span class='ocrx_word' id='word_1_180' title='bbox 3525 1232 3611 1283; x_wconf 82' lang='grc' dir='ltr'><strong>καί</strong></span> 
     </span>
    </p>
   </div>
   <div class='ocr_carea' id='block_1_28' title="bbox 2018 1316 3609 1395">
    <p class='ocr_par' dir='ltr' id='par_1_28' title="bbox 2018 1316 3609 1395">
     <span class='ocr_line' id='line_1_28' title="bbox 2018 1316 3609 1395; baseline 0 -22"><span class='ocrx_word' id='word_1_181' title='bbox 2018 1321 2151 1375; x_wconf 88' lang='grc' dir='ltr'><strong>κατά</strong></span> <span class='ocrx_word' id='word_1_182' title='bbox 2190 1316 2334 1375; x_wconf 78' lang='grc' dir='ltr'>ἄλλον</span> <span class='ocrx_word' id='word_1_183' title='bbox 2378 1320 2561 1395; x_wconf 88' lang='grc' dir='ltr'>τρόπον</span> <span class='ocrx_word' id='word_1_184' title='bbox 2604 1319 3010 1395; x_wconf 80' lang='grc' dir='ltr'>ἀπορῥητότερον</span> <span class='ocrx_word' id='word_1_185' title='bbox 3055 1320 3356 1395; x_wconf 74' lang='grc' dir='ltr'>ἓκρύπτετο,</span> <span class='ocrx_word' id='word_1_186' title='bbox 3398 1323 3480 1374; x_wconf 88' lang='grc' dir='ltr'><strong>καί</strong></span> <span class='ocrx_word' id='word_1_187' title='bbox 3519 1328 3609 1378; x_wconf 70' lang='grc' dir='ltr'>τήν</span> 
     </span>
    </p>
   </div>
   <div class='ocr_carea' id='block_1_29' title="bbox 2020 1411 3610 1493">
    <p class='ocr_par' dir='ltr' id='par_1_29' title="bbox 2020 1411 3610 1493">
     <span class='ocr_line' id='line_1_29' title="bbox 2020 1411 3610 1493; baseline 0 -23"><span class='ocrx_word' id='word_1_188' title='bbox 2020 1418 2222 1493; x_wconf 76' lang='grc' dir='ltr'><strong><em>εὕρεσιν</em></strong></span> <span class='ocrx_word' id='word_1_189' title='bbox 2247 1418 2559 1481; x_wconf 49' lang='grc' dir='ltr'>ἀνεβάλλετο,</span> <span class='ocrx_word' id='word_1_190' title='bbox 2589 1414 2767 1472; x_wconf 80' lang='grc' dir='ltr'>εἷδοιεν</span> <span class='ocrx_word' id='word_1_191' title='bbox 2798 1411 2857 1470; x_wconf 87' lang='grc' dir='ltr'><strong>ἀν</strong></span> <span class='ocrx_word' id='word_1_192' title='bbox 2882 1416 2927 1470; x_wconf 88' lang='grc' dir='ltr'><strong>οἱ</strong></span> <span class='ocrx_word' id='word_1_193' title='bbox 2954 1417 3019 1472; x_wconf 89' lang='grc' dir='ltr'><strong>τά</strong></span> <span class='ocrx_word' id='word_1_194' title='bbox 3046 1421 3203 1488; x_wconf 82' lang='grc' dir='ltr'>μείζω</span> <span class='ocrx_word' id='word_1_195' title='bbox 3229 1417 3483 1488; x_wconf 69' lang='grc' dir='ltr'>θεώμενοι,</span> <span class='ocrx_word' id='word_1_196' title='bbox 3522 1420 3610 1472; x_wconf 86' lang='grc' dir='ltr'><strong>καί</strong></span> 
     </span>
    </p>
   </div>
   <div class='ocr_carea' id='block_1_30' title="bbox 2020 1510 2912 1581">
    <p class='ocr_par' dir='ltr' id='par_1_30' title="bbox 2020 1510 2912 1581">
     <span class='ocr_line' id='line_1_30' title="bbox 2020 1510 2912 1581; baseline -0.002 -16"><span class='ocrx_word' id='word_1_197' title='bbox 2020 1519 2127 1571; x_wconf 88' lang='grc' dir='ltr'>τοῖς</span> <span class='ocrx_word' id='word_1_198' title='bbox 2154 1510 2481 1581; x_wconf 72' lang='grc' dir='ltr'><strong>ὑψηλοτέροις</strong></span> <span class='ocrx_word' id='word_1_199' title='bbox 2502 1510 2912 1569; x_wconf 75' lang='grc' dir='ltr'>ὲπιϐατεύοντες.</span> 
     </span>
    </p>
   </div>
   <div class='ocr_carea' id='block_1_31' title="bbox 2092 1619 3611 1697">
    <p class='ocr_par' dir='ltr' id='par_1_31' title="bbox 2092 1619 3611 1697">
     <span class='ocr_line' id='line_1_31' title="bbox 2092 1619 3611 1697; baseline -0.001 -21"><span class='ocrx_word' id='word_1_200' title='bbox 2092 1620 2227 1676; x_wconf 82' lang='grc' dir='ltr'>Ἐπεί</span> <span class='ocrx_word' id='word_1_201' title='bbox 2256 1619 2309 1677; x_wconf 78' lang='grc' dir='ltr'>δί</span> <span class='ocrx_word' id='word_1_202' title='bbox 2338 1621 2507 1676; x_wconf 87' lang='grc' dir='ltr'>λοιπόν</span> <span class='ocrx_word' id='word_1_203' title='bbox 2534 1619 2639 1677; x_wconf 78' lang='grc' dir='ltr'>ἔδει</span> <span class='ocrx_word' id='word_1_204' title='bbox 2668 1623 2753 1675; x_wconf 86' lang='grc' dir='ltr'><strong>καί</strong></span> <span class='ocrx_word' id='word_1_205' title='bbox 2777 1622 3111 1697; x_wconf 70' lang='grc' dir='ltr'>φανεροῖωθαι</span> <span class='ocrx_word' id='word_1_206' title='bbox 3140 1622 3331 1680; x_wconf 82' lang='grc' dir='ltr'>ταύτην</span> <span class='ocrx_word' id='word_1_207' title='bbox 3354 1660 3371 1685; x_wconf 87' lang='grc'><strong>,</strong></span> <span class='ocrx_word' id='word_1_208' title='bbox 3394 1624 3481 1675; x_wconf 82' lang='grc' dir='ltr'><strong>καί</strong></span> <span class='ocrx_word' id='word_1_209' title='bbox 3508 1629 3611 1677; x_wconf 80' lang='grc' dir='ltr'><strong>τῶν</strong></span> 
     </span>
    </p>
   </div>
   <div class='ocr_carea' id='block_1_32' title="bbox 2021 1709 3609 1789">
    <p class='ocr_par' dir='ltr' id='par_1_32' title="bbox 2021 1709 3609 1789">
     <span class='ocr_line' id='line_1_32' title="bbox 2021 1709 3609 1789; baseline 0.001 -24"><span class='ocrx_word' id='word_1_210' title='bbox 2021 1720 2112 1773; x_wconf 78' lang='grc' dir='ltr'>τῆς</span> <span class='ocrx_word' id='word_1_211' title='bbox 2137 1721 2228 1784; x_wconf 86' lang='grc' dir='ltr'><strong>γῆς</strong></span> <span class='ocrx_word' id='word_1_212' title='bbox 2259 1718 2567 1789; x_wconf 76' lang='grc' dir='ltr'>κρυπτήρων</span> <span class='ocrx_word' id='word_1_213' title='bbox 2595 1710 3071 1776; x_wconf 76' lang='grc' dir='ltr'>ἀνακαλύπτεσθαι,</span> <span class='ocrx_word' id='word_1_214' title='bbox 3097 1709 3212 1767; x_wconf 75' lang='grc' dir='ltr'>τότε</span> <span class='ocrx_word' id='word_1_215' title='bbox 3244 1713 3328 1765; x_wconf 58' lang='lat' dir='ltr'><strong>xii</strong></span> <span class='ocrx_word' id='word_1_216' title='bbox 3354 1720 3609 1789; x_wconf 75' lang='grc' dir='ltr'>φανεροῦ-</span> 
     </span>
    </p>
   </div>
   <div class='ocr_carea' id='block_1_33' title="bbox 2022 1798 3613 1880">
    <p class='ocr_par' dir='ltr' id='par_1_33' title="bbox 2022 1798 3613 1880">
     <span class='ocr_line' id='line_1_33' title="bbox 2022 1798 3613 1880; baseline 0.001 -22"><span class='ocrx_word' id='word_1_217' title='bbox 2022 1825 2129 1868; x_wconf 85' lang='grc' dir='ltr'>ται,</span> <span class='ocrx_word' id='word_1_218' title='bbox 2161 1806 2242 1857; x_wconf 82' lang='grc' dir='ltr'><strong>καί</strong></span> <span class='ocrx_word' id='word_1_219' title='bbox 2285 1803 2605 1873; x_wconf 81' lang='grc' dir='ltr'>κρυπτομένη</span> <span class='ocrx_word' id='word_1_220' title='bbox 2659 1802 3108 1880; x_wconf 43' lang='grc' dir='ltr'>ἀνακαλύπτεταιῇ</span> <span class='ocrx_word' id='word_1_221' title='bbox 3153 1802 3256 1856; x_wconf 85' lang='grc' dir='ltr'>καθ’</span> <span class='ocrx_word' id='word_1_222' title='bbox 3279 1798 3333 1855; x_wconf 80' lang='grc' dir='ltr'>ὃν</span> <span class='ocrx_word' id='word_1_223' title='bbox 3379 1799 3480 1879; x_wconf 74' lang='grc' dir='ltr'>ἄρα</span> <span class='ocrx_word' id='word_1_224' title='bbox 3521 1807 3613 1861; x_wconf 74' lang='grc' dir='ltr'><strong>καί</strong></span> 
     </span>
    </p>
   </div>
   <div class='ocr_carea' id='block_1_34' title="bbox 331 1865 1929 1975">
    <p class='ocr_par' dir='ltr' id='par_1_34' title="bbox 331 1880 1918 1955">
     <span class='ocr_line' id='line_1_34' title="bbox 331 1880 1918 1955; baseline -0.004 -14"><span class='ocrx_word' id='word_1_225' title='bbox 331 1887 457 1942; x_wconf 91' lang='lat' dir='ltr'><strong>dum</strong></span> <span class='ocrx_word' id='word_1_226' title='bbox 487 1892 651 1952; x_wconf 85' lang='lat' dir='ltr'><strong>esset,</strong></span> <span class='ocrx_word' id='word_1_227' title='bbox 683 1899 859 1955; x_wconf 80' lang='lat' dir='ltr'><strong>exque</strong></span> <span class='ocrx_word' id='word_1_228' title='bbox 904 1892 1063 1939; x_wconf 73' lang='lat' dir='ltr'><strong>term</strong></span> <span class='ocrx_word' id='word_1_229' title='bbox 1093 1882 1309 1938; x_wconf 84' lang='lat' dir='ltr'><strong>latebris</strong></span> <span class='ocrx_word' id='word_1_230' title='bbox 1348 1880 1773 1953; x_wconf 88' lang='lat' dir='ltr'><strong>producendum,</strong></span> <span class='ocrx_word' id='word_1_231' title='bbox 1806 1889 1918 1935; x_wconf 91' lang='lat' dir='ltr'><strong>tum</strong></span> 
     </span>
    </p>
   </div>
   <div class='ocr_carea' id='block_1_35' title="bbox 2035 1865 3613 1975">
    <p class='ocr_par' dir='ltr' id='par_1_35' title="bbox 2035 1895 3613 1975">
     <span class='ocr_line' id='line_1_35' title="bbox 2035 1895 3613 1975; baseline 0.001 -24"><span class='ocrx_word' id='word_1_232' title='bbox 2035 1897 2215 1973; x_wconf 76' lang='grc' dir='ltr'>χρόνον</span> <span class='ocrx_word' id='word_1_233' title='bbox 2258 1900 2338 1951; x_wconf 84' lang='grc' dir='ltr'><strong>καί</strong></span> <span class='ocrx_word' id='word_1_234' title='bbox 2379 1897 2566 1970; x_wconf 83' lang='grc' dir='ltr'><strong>τρόπον</strong></span> <span class='ocrx_word' id='word_1_235' title='bbox 2592 1895 2617 1952; x_wconf 89' lang='grc' dir='ltr'><strong>ό</strong></span> <span class='ocrx_word' id='word_1_236' title='bbox 2647 1895 2838 1955; x_wconf 83' lang='grc' dir='ltr'>ταύτην</span> <span class='ocrx_word' id='word_1_237' title='bbox 2867 1899 3161 1975; x_wconf 76' lang='grc' dir='ltr'>φανερώσας</span> <span class='ocrx_word' id='word_1_238' title='bbox 3208 1895 3449 1955; x_wconf 78' lang='grc' dir='ltr'>εὐόόκησε</span> <span class='ocrx_word' id='word_1_239' title='bbox 3470 1914 3485 1928; x_wconf 90' lang='grc'>⁶</span> <span class='ocrx_word' id='word_1_240' title='bbox 3526 1901 3613 1952; x_wconf 85' lang='grc' dir='ltr'><strong>καί</strong></span> 
     </span>
    </p>
   </div>
   <div class='ocr_carea' id='block_1_36' title="bbox 333 1970 1917 2049">
    <p class='ocr_par' dir='ltr' id='par_1_36' title="bbox 333 1970 1917 2049">
     <span class='ocr_line' id='line_1_36' title="bbox 333 1970 1917 2049; baseline -0.004 -17"><span class='ocrx_word' id='word_1_241' title='bbox 333 1992 551 2049; x_wconf 85' lang='lat' dir='ltr'><strong>quoque</strong></span> <span class='ocrx_word' id='word_1_242' title='bbox 596 1976 885 2046; x_wconf 77' lang='lat' dir='ltr'><strong>detegitur,</strong></span> <span class='ocrx_word' id='word_1_243' title='bbox 936 1989 1076 2044; x_wconf 91' lang='lat' dir='ltr'><strong>eque</strong></span> <span class='ocrx_word' id='word_1_244' title='bbox 1125 1971 1348 2028; x_wconf 88' lang='lat' dir='ltr'><strong>latebris</strong></span> <span class='ocrx_word' id='word_1_245' title='bbox 1402 1970 1751 2043; x_wconf 87' lang='lat' dir='ltr'><strong>producitur,</strong></span> <span class='ocrx_word' id='word_1_246' title='bbox 1809 1984 1917 2041; x_wconf 87' lang='lat' dir='ltr'><strong>quo</strong></span> 
     </span>
    </p>
   </div>
   <div class='ocr_carea' id='block_1_37' title="bbox 335 2063 1918 2141">
    <p class='ocr_par' dir='ltr' id='par_1_37' title="bbox 335 2063 1918 2141">
     <span class='ocr_line' id='line_1_37' title="bbox 335 2063 1918 2141; baseline -0.005 -17"><span class='ocrx_word' id='word_1_247' title='bbox 335 2082 575 2141; x_wconf 87' lang='lat' dir='ltr'><strong>tempore</strong></span> <span class='ocrx_word' id='word_1_248' title='bbox 603 2084 667 2125; x_wconf 89' lang='lat' dir='ltr'><strong>ac</strong></span> <span class='ocrx_word' id='word_1_249' title='bbox 693 2068 854 2124; x_wconf 89' lang='lat' dir='ltr'><strong>modo</strong></span> <span class='ocrx_word' id='word_1_250' title='bbox 882 2066 931 2122; x_wconf 90' lang='lat' dir='ltr'><strong>ei</strong></span> <span class='ocrx_word' id='word_1_251' title='bbox 959 2066 1114 2121; x_wconf 90' lang='lat' dir='ltr'><strong>libuit</strong></span> <span class='ocrx_word' id='word_1_252' title='bbox 1140 2064 1231 2136; x_wconf 91' lang='lat' dir='ltr'><strong>qui</strong></span> <span class='ocrx_word' id='word_1_253' title='bbox 1258 2063 1673 2134; x_wconf 87' lang='lat' dir='ltr'><strong>producebatur.</strong></span> <span class='ocrx_word' id='word_1_254' title='bbox 1698 2064 1777 2118; x_wconf 87' lang='lat' dir='ltr'><strong>Ac</strong></span> <span class='ocrx_word' id='word_1_255' title='bbox 1800 2063 1918 2131; x_wconf 89' lang='lat' dir='ltr'><strong>qui-</strong></span> 
     </span>
    </p>
   </div>
   <div class='ocr_carea' id='block_1_38' title="bbox 333 2152 1920 2230">
    <p class='ocr_par' dir='ltr' id='par_1_38' title="bbox 333 2152 1920 2230">
     <span class='ocr_line' id='line_1_38' title="bbox 333 2152 1920 2230; baseline -0.005 -16"><span class='ocrx_word' id='word_1_256' title='bbox 333 2163 455 2216; x_wconf 89' lang='lat' dir='ltr'><strong>dem</strong></span> <span class='ocrx_word' id='word_1_257' title='bbox 487 2160 745 2230; x_wconf 88' lang='lat' dir='ltr'><strong>temporis</strong></span> <span class='ocrx_word' id='word_1_258' title='bbox 773 2173 837 2213; x_wconf 89' lang='lat' dir='ltr'><strong>ea</strong></span> <span class='ocrx_word' id='word_1_259' title='bbox 866 2157 1071 2227; x_wconf 88' lang='lat' dir='ltr'><strong>epocha</strong></span> <span class='ocrx_word' id='word_1_260' title='bbox 1101 2154 1218 2220; x_wconf 89' lang='lat' dir='ltr'><strong>fuit,</strong></span> <span class='ocrx_word' id='word_1_261' title='bbox 1242 2170 1363 2210; x_wconf 91' lang='lat' dir='ltr'><strong>cum</strong></span> <span class='ocrx_word' id='word_1_262' title='bbox 1391 2152 1780 2209; x_wconf 87' lang='lat' dir='ltr'><strong>Constantinus</strong></span> <span class='ocrx_word' id='word_1_263' title='bbox 1807 2152 1920 2207; x_wconf 85' lang='lat' dir='ltr'><strong>Ma-</strong></span> 
     </span>
    </p>
   </div>
   <div class='ocr_carea' id='block_1_39' title="bbox 333 2244 1919 2321">
    <p class='ocr_par' dir='ltr' id='par_1_39' title="bbox 333 2244 1919 2321">
     <span class='ocr_line' id='line_1_39' title="bbox 333 2244 1919 2321; baseline -0.006 -13"><span class='ocrx_word' id='word_1_264' title='bbox 333 2264 468 2321; x_wconf 86' lang='lat' dir='ltr'><strong>gnus</strong></span> <span class='ocrx_word' id='word_1_265' title='bbox 493 2250 704 2321; x_wconf 90' lang='lat' dir='ltr'><strong>imperii</strong></span> <span class='ocrx_word' id='word_1_266' title='bbox 733 2255 949 2319; x_wconf 90' lang='lat' dir='ltr'><strong>sceptra</strong></span> <span class='ocrx_word' id='word_1_267' title='bbox 991 2247 1331 2316; x_wconf 88' lang='lat' dir='ltr'><strong>suscepisset.</strong></span> <span class='ocrx_word' id='word_1_268' title='bbox 1360 2244 1515 2312; x_wconf 90' lang='lat' dir='ltr'><strong>Quod</strong></span> <span class='ocrx_word' id='word_1_269' title='bbox 1539 2260 1669 2300; x_wconf 90' lang='lat' dir='ltr'><strong>vero</strong></span> <span class='ocrx_word' id='word_1_270' title='bbox 1698 2244 1769 2299; x_wconf 82' lang='lat' dir='ltr'><strong>ad</strong></span> <span class='ocrx_word' id='word_1_271' title='bbox 1799 2260 1919 2299; x_wconf 89' lang='lat' dir='ltr'><strong>mo-</strong></span> 
     </span>
    </p>
   </div>
   <div class='ocr_carea' id='block_1_40' title="bbox 332 2335 1919 2406">
    <p class='ocr_par' dir='ltr' id='par_1_40' title="bbox 332 2335 1919 2406">
     <span class='ocr_line' id='line_1_40' title="bbox 332 2335 1919 2406; baseline -0.004 -8"><span class='ocrx_word' id='word_1_272' title='bbox 332 2344 459 2398; x_wconf 90' lang='lat' dir='ltr'><strong>dum</strong></span> <span class='ocrx_word' id='word_1_273' title='bbox 507 2341 719 2405; x_wconf 86' lang='lat' dir='ltr'><strong>attinet,</strong></span> <span class='ocrx_word' id='word_1_274' title='bbox 750 2339 1028 2394; x_wconf 80' lang='lat' dir='ltr'><strong>videamus</strong></span> <span class='ocrx_word' id='word_1_275' title='bbox 1078 2350 1314 2405; x_wconf 88' lang='lat' dir='ltr'><strong>quonam</strong></span> <span class='ocrx_word' id='word_1_276' title='bbox 1332 2335 1440 2406; x_wconf 89' lang='lat' dir='ltr'><strong>jam</strong></span> <span class='ocrx_word' id='word_1_277' title='bbox 1483 2335 1665 2401; x_wconf 92' lang='lat' dir='ltr'><strong>modo,</strong></span> <span class='ocrx_word' id='word_1_278' title='bbox 1699 2349 1763 2391; x_wconf 91' lang='lat' dir='ltr'><strong>ac</strong></span> <span class='ocrx_word' id='word_1_279' title='bbox 1781 2350 1919 2405; x_wconf 84' lang='lat' dir='ltr'><strong>quo-</strong></span> 
     </span>
    </p>
   </div>
   <div class='ocr_carea' id='block_1_41' title="bbox 335 2427 1924 2503">
    <p class='ocr_par' dir='ltr' id='par_1_41' title="bbox 335 2427 1924 2503">
     <span class='ocr_line' id='line_1_41' title="bbox 335 2427 1924 2503; baseline -0.006 -12"><span class='ocrx_word' id='word_1_280' title='bbox 335 2451 454 2491; x_wconf 87' lang='lat' dir='ltr'><strong>rum</strong></span> <span class='ocrx_word' id='word_1_281' title='bbox 484 2449 649 2503; x_wconf 87' lang='lat' dir='ltr'><strong>opera</strong></span> <span class='ocrx_word' id='word_1_282' title='bbox 678 2433 747 2487; x_wconf 89' lang='lat' dir='ltr'><strong>sit</strong></span> <span class='ocrx_word' id='word_1_283' title='bbox 769 2430 1189 2495; x_wconf 81' lang='lat' dir='ltr'><strong>manifestatum,</strong></span> <span class='ocrx_word' id='word_1_284' title='bbox 1214 2427 1552 2497; x_wconf 88' lang='lat' dir='ltr'><strong>primamque</strong></span> <span class='ocrx_word' id='word_1_285' title='bbox 1576 2427 1717 2481; x_wconf 88' lang='lat' dir='ltr'><strong>hanc</strong></span> <span class='ocrx_word' id='word_1_286' title='bbox 1741 2427 1924 2481; x_wconf 83' lang='lat' dir='ltr'><strong>inven-</strong></span> 
     </span>
    </p>
   </div>
   <div class='ocr_carea' id='block_1_42' title="bbox 337 2520 898 2581">
    <p class='ocr_par' dir='ltr' id='par_1_42' title="bbox 337 2520 898 2581">
     <span class='ocr_line' id='line_1_42' title="bbox 337 2520 898 2581; baseline -0.007 -3"><span class='ocrx_word' id='word_1_287' title='bbox 337 2526 538 2581; x_wconf 86' lang='lat' dir='ltr'><strong>tionem</strong></span> <span class='ocrx_word' id='word_1_288' title='bbox 564 2529 778 2578; x_wconf 89' lang='lat' dir='ltr'><strong>nactum</strong></span> <span class='ocrx_word' id='word_1_289' title='bbox 808 2520 898 2576; x_wconf 87' lang='lat' dir='ltr'><strong>sit.</strong></span> 
     </span>
    </p>
   </div>
   <div class='ocr_carea' id='block_1_43' title="bbox 408 2627 1923 2703">
    <p class='ocr_par' dir='ltr' id='par_1_43' title="bbox 408 2627 1923 2703">
     <span class='ocr_line' id='line_1_43' title="bbox 408 2627 1923 2703; baseline -0.003 -15"><span class='ocrx_word' id='word_1_290' title='bbox 408 2633 526 2690; x_wconf 89' lang='lat' dir='ltr'><strong>Duo</strong></span> <span class='ocrx_word' id='word_1_291' title='bbox 550 2632 768 2703; x_wconf 89' lang='lat' dir='ltr'><strong>quidam</strong></span> <span class='ocrx_word' id='word_1_292' title='bbox 790 2630 1040 2687; x_wconf 86' lang='lat' dir='ltr'><strong>monachi</strong></span> <span class='ocrx_word' id='word_1_293' title='bbox 1070 2644 1134 2686; x_wconf 88' lang='lat' dir='ltr'><strong>ex</strong></span> <span class='ocrx_word' id='word_1_294' title='bbox 1166 2628 1387 2686; x_wconf 87' lang='lat' dir='ltr'><strong>Oriente</strong></span> <span class='ocrx_word' id='word_1_295' title='bbox 1415 2627 1640 2699; x_wconf 89' lang='lat' dir='ltr'><strong>profecti</strong></span> <span class='ocrx_word' id='word_1_296' title='bbox 1667 2627 1923 2683; x_wconf 80' lang='lat' dir='ltr'><strong>Hieroso-</strong></span> 
     </span>
    </p>
   </div>
   <div class='ocr_carea' id='block_1_44' title="bbox 340 2719 1924 2797">
    <p class='ocr_par' dir='ltr' id='par_1_44' title="bbox 340 2719 1924 2797">
     <span class='ocr_line' id='line_1_44' title="bbox 340 2719 1924 2797; baseline -0.004 -17"><span class='ocrx_word' id='word_1_297' title='bbox 340 2726 537 2797; x_wconf 77' lang='lat' dir='ltr'><strong>lymam</strong></span> <span class='ocrx_word' id='word_1_298' title='bbox 565 2724 808 2790; x_wconf 84' lang='lat' dir='ltr'><strong>veniunt,</strong></span> <span class='ocrx_word' id='word_1_299' title='bbox 830 2721 1007 2779; x_wconf 90' lang='lat' dir='ltr'><strong>studio</strong></span> <span class='ocrx_word' id='word_1_300' title='bbox 1027 2719 1238 2778; x_wconf 84' lang='lat' dir='ltr'><strong>visendi</strong></span> <span class='ocrx_word' id='word_1_301' title='bbox 1268 2720 1594 2777; x_wconf 87' lang='lat' dir='ltr'><strong>dominicum</strong></span> <span class='ocrx_word' id='word_1_302' title='bbox 1620 2721 1924 2792; x_wconf 90' lang='lat' dir='ltr'><strong>sepulcrum</strong></span> 
     </span>
    </p>
   </div>
   <div class='ocr_carea' id='block_1_45' title="bbox 341 2812 1925 2884">
    <p class='ocr_par' dir='ltr' id='par_1_45' title="bbox 341 2812 1925 2884">
     <span class='ocr_line' id='line_1_45' title="bbox 341 2812 1925 2884; baseline -0.004 -11"><span class='ocrx_word' id='word_1_303' title='bbox 341 2834 404 2873; x_wconf 88' lang='lat' dir='ltr'><strong>ac</strong></span> <span class='ocrx_word' id='word_1_304' title='bbox 433 2832 585 2873; x_wconf 91' lang='lat' dir='ltr'><strong>sacra</strong></span> <span class='ocrx_word' id='word_1_305' title='bbox 616 2814 724 2871; x_wconf 90' lang='lat' dir='ltr'><strong>illic</strong></span> <span class='ocrx_word' id='word_1_306' title='bbox 765 2816 881 2871; x_wconf 90' lang='lat' dir='ltr'><strong>loca</strong></span> <span class='ocrx_word' id='word_1_307' title='bbox 904 2814 1083 2869; x_wconf 87' lang='lat' dir='ltr'><strong>omnia</strong></span> <span class='ocrx_word' id='word_1_308' title='bbox 1116 2812 1396 2869; x_wconf 86' lang='lat' dir='ltr'><strong>lustrandi.</strong></span> <span class='ocrx_word' id='word_1_309' title='bbox 1423 2812 1590 2868; x_wconf 84' lang='lat' dir='ltr'><strong>Alteri</strong></span> <span class='ocrx_word' id='word_1_310' title='bbox 1621 2828 1806 2868; x_wconf 91' lang='lat' dir='ltr'><strong>eorum</strong></span> <span class='ocrx_word' id='word_1_311' title='bbox 1831 2828 1925 2884; x_wconf 92' lang='lat' dir='ltr'><strong>ap-</strong></span> 
     </span>
    </p>
   </div>
   <div class='ocr_carea' id='block_1_46' title="bbox 343 2906 1923 2982">
    <p class='ocr_par' dir='ltr' id='par_1_46' title="bbox 343 2906 1923 2982">
     <span class='ocr_line' id='line_1_46' title="bbox 343 2906 1923 2982; baseline -0.003 -17"><span class='ocrx_word' id='word_1_312' title='bbox 343 2925 535 2982; x_wconf 81' lang='lat' dir='ltr'><strong>parens</strong></span> <span class='ocrx_word' id='word_1_313' title='bbox 577 2909 788 2965; x_wconf 89' lang='lat' dir='ltr'><strong>divinus</strong></span> <span class='ocrx_word' id='word_1_314' title='bbox 814 2906 1153 2964; x_wconf 75' lang='lat' dir='ltr'><strong>Prmeursor:</strong></span> <span class='ocrx_word' id='word_1_315' title='bbox 1185 2906 1268 2962; x_wconf 85' lang='lat' dir='ltr'><strong>Ad</strong></span> <span class='ocrx_word' id='word_1_316' title='bbox 1296 2906 1525 2963; x_wconf 76' lang='lat' dir='ltr'><strong>Herodis</strong></span> <span class='ocrx_word' id='word_1_317' title='bbox 1546 2907 1703 2980; x_wconf 79' lang='lat' dir='ltr'><strong>regis,</strong></span> <span class='ocrx_word' id='word_1_318' title='bbox 1731 2907 1923 2977; x_wconf 89' lang='lat' dir='ltr'><strong>inquit,</strong></span> 
     </span>
    </p>
   </div>
   <div class='ocr_carea' id='block_1_47' title="bbox 343 2997 1927 3071">
    <p class='ocr_par' dir='ltr' id='par_1_47' title="bbox 343 2997 1927 3071">
     <span class='ocr_line' id='line_1_47' title="bbox 343 2997 1927 3071; baseline -0.003 -14"><span class='ocrx_word' id='word_1_319' title='bbox 343 3002 551 3058; x_wconf 79' lang='lat' dir='ltr'><strong>domum</strong></span> <span class='ocrx_word' id='word_1_320' title='bbox 578 2997 729 3055; x_wconf 83' lang='lat' dir='ltr'><strong>ambo</strong></span> <span class='ocrx_word' id='word_1_321' title='bbox 769 3000 1010 3070; x_wconf 82' lang='lat' dir='ltr'><strong>profecti,</strong></span> <span class='ocrx_word' id='word_1_322' title='bbox 1054 3006 1210 3067; x_wconf 78' lang='lat' dir='ltr'><strong>caput</strong></span> <span class='ocrx_word' id='word_1_323' title='bbox 1252 3014 1419 3053; x_wconf 83' lang='lat' dir='ltr'><strong>meum</strong></span> <span class='ocrx_word' id='word_1_324' title='bbox 1450 2997 1629 3064; x_wconf 80' lang='lat' dir='ltr'><strong>tollite,</strong></span> <span class='ocrx_word' id='word_1_325' title='bbox 1655 3000 1793 3071; x_wconf 84' lang='lat' dir='ltr'><strong>quod</strong></span> <span class='ocrx_word' id='word_1_326' title='bbox 1820 3000 1927 3054; x_wconf 83' lang='lat' dir='ltr'><strong>illic</strong></span> 
     </span>
    </p>
   </div>
   <div class='ocr_carea' id='block_1_48' title="bbox 344 3088 1929 3151">
    <p class='ocr_par' dir='ltr' id='par_1_48' title="bbox 344 3088 1929 3151">
     <span class='ocr_line' id='line_1_48' title="bbox 344 3088 1929 3151; baseline -0.004 0"><span class='ocrx_word' id='word_1_327' title='bbox 344 3096 441 3151; x_wconf 78' lang='lat' dir='ltr'><strong>loci</strong></span> <span class='ocrx_word' id='word_1_328' title='bbox 467 3092 559 3150; x_wconf 76' lang='lat' dir='ltr'><strong>sub</strong></span> <span class='ocrx_word' id='word_1_329' title='bbox 606 3102 743 3148; x_wconf 81' lang='lat' dir='ltr'><strong>terra</strong></span> <span class='ocrx_word' id='word_1_330' title='bbox 784 3090 1047 3147; x_wconf 82' lang='lat' dir='ltr'><strong>conditum</strong></span> <span class='ocrx_word' id='word_1_331' title='bbox 1073 3098 1171 3144; x_wconf 75' lang='lat' dir='ltr'><strong>est.</strong></span> <span class='ocrx_word' id='word_1_332' title='bbox 1201 3088 1298 3146; x_wconf 92' lang='lat' dir='ltr'><strong>Illo</strong></span> <span class='ocrx_word' id='word_1_333' title='bbox 1329 3089 1481 3146; x_wconf 82' lang='lat' dir='ltr'><strong>fratri</strong></span> <span class='ocrx_word' id='word_1_334' title='bbox 1519 3089 1777 3146; x_wconf 80' lang='lat' dir='ltr'><strong>visionem</strong></span> <span class='ocrx_word' id='word_1_335' title='bbox 1806 3106 1929 3145; x_wconf 89' lang='lat' dir='ltr'><strong>nar-</strong></span> 
     </span>
    </p>
   </div>
   <div class='ocr_carea' id='block_1_49' title="bbox 344 3181 1929 3255">
    <p class='ocr_par' dir='ltr' id='par_1_49' title="bbox 344 3181 1929 3255">
     <span class='ocr_line' id='line_1_49' title="bbox 344 3181 1929 3255; baseline -0.003 -13"><span class='ocrx_word' id='word_1_336' title='bbox 344 3194 519 3253; x_wconf 85' lang='lat' dir='ltr'><strong>rante,</strong></span> <span class='ocrx_word' id='word_1_337' title='bbox 552 3185 777 3255; x_wconf 89' lang='lat' dir='ltr'><strong>ipsoque</strong></span> <span class='ocrx_word' id='word_1_338' title='bbox 824 3190 881 3239; x_wconf 93' lang='lat' dir='ltr'><strong>et</strong></span> <span class='ocrx_word' id='word_1_339' title='bbox 930 3181 1088 3236; x_wconf 85' lang='lat' dir='ltr'><strong>tidem</strong></span> <span class='ocrx_word' id='word_1_340' title='bbox 1118 3181 1411 3251; x_wconf 86' lang='lat' dir='ltr'><strong>abnuente,</strong></span> <span class='ocrx_word' id='word_1_341' title='bbox 1440 3196 1505 3237; x_wconf 87' lang='lat' dir='ltr'><strong>ac</strong></span> <span class='ocrx_word' id='word_1_342' title='bbox 1550 3196 1673 3237; x_wconf 92' lang='lat' dir='ltr'><strong>cum</strong></span> <span class='ocrx_word' id='word_1_343' title='bbox 1702 3192 1929 3251; x_wconf 90' lang='lat' dir='ltr'><strong>uterque</strong></span> 
     </span>
    </p>
   </div>
   <div class='ocr_carea' id='block_1_50' title="bbox 344 3274 1928 3348">
    <p class='ocr_par' dir='ltr' id='par_1_50' title="bbox 344 3274 1928 3348">
     <span class='ocr_line' id='line_1_50' title="bbox 344 3274 1928 3348; baseline -0.003 -14"><span class='ocrx_word' id='word_1_344' title='bbox 344 3294 452 3348; x_wconf 90' lang='lat' dir='ltr'><strong>quo</strong></span> <span class='ocrx_word' id='word_1_345' title='bbox 468 3276 604 3348; x_wconf 89' lang='lat' dir='ltr'><strong>jussi</strong></span> <span class='ocrx_word' id='word_1_346' title='bbox 631 3283 785 3332; x_wconf 91' lang='lat' dir='ltr'><strong>erant</strong></span> <span class='ocrx_word' id='word_1_347' title='bbox 809 3274 959 3329; x_wconf 88' lang='lat' dir='ltr'><strong>adire</strong></span> <span class='ocrx_word' id='word_1_348' title='bbox 981 3280 1383 3341; x_wconf 87' lang='lat' dir='ltr'><strong>cunctarentur,</strong></span> <span class='ocrx_word' id='word_1_349' title='bbox 1413 3274 1607 3328; x_wconf 89' lang='lat' dir='ltr'><strong>iterum</strong></span> <span class='ocrx_word' id='word_1_350' title='bbox 1632 3274 1846 3343; x_wconf 89' lang='lat' dir='ltr'><strong>utrique</strong></span> <span class='ocrx_word' id='word_1_351' title='bbox 1868 3289 1928 3331; x_wconf 91' lang='lat' dir='ltr'><strong>se</strong></span> 
     </span>
    </p>
   </div>
   <div class='ocr_carea' id='block_1_51' title="bbox 345 3364 1929 3436">
    <p class='ocr_par' dir='ltr' id='par_1_51' title="bbox 345 3364 1929 3436">
     <span class='ocr_line' id='line_1_51' title="bbox 345 3364 1929 3436; baseline -0.004 -9"><span class='ocrx_word' id='word_1_352' title='bbox 345 3372 580 3427; x_wconf 79' lang='lat' dir='ltr'><strong>Joannes</strong></span> <span class='ocrx_word' id='word_1_353' title='bbox 623 3370 819 3424; x_wconf 89' lang='lat' dir='ltr'><strong>sistens</strong></span> <span class='ocrx_word' id='word_1_354' title='bbox 840 3367 1028 3422; x_wconf 91' lang='lat' dir='ltr'><strong>eadem</strong></span> <span class='ocrx_word' id='word_1_355' title='bbox 1062 3364 1235 3435; x_wconf 87' lang='lat' dir='ltr'><strong>jubet,</strong></span> <span class='ocrx_word' id='word_1_356' title='bbox 1269 3366 1519 3436; x_wconf 88' lang='lat' dir='ltr'><strong>acuitque</strong></span> <span class='ocrx_word' id='word_1_357' title='bbox 1545 3364 1817 3421; x_wconf 82' lang='lat' dir='ltr'><strong>affectum.</strong></span> <span class='ocrx_word' id='word_1_358' title='bbox 1848 3365 1929 3421; x_wconf 92' lang='lat' dir='ltr'><strong>llli</strong></span> 
     </span>
    </p>
   </div>
   <div class='ocr_carea' id='block_1_52' title="bbox 346 3455 1929 3531">
    <p class='ocr_par' dir='ltr' id='par_1_52' title="bbox 346 3455 1929 3531">
     <span class='ocr_line' id='line_1_52' title="bbox 346 3455 1929 3531; baseline -0.003 -13"><span class='ocrx_word' id='word_1_359' title='bbox 346 3461 602 3523; x_wconf 86' lang='lat' dir='ltr'><strong>continuo</strong></span> <span class='ocrx_word' id='word_1_360' title='bbox 631 3459 857 3531; x_wconf 90' lang='lat' dir='ltr'><strong>profecti</strong></span> <span class='ocrx_word' id='word_1_361' title='bbox 911 3473 975 3513; x_wconf 90' lang='lat' dir='ltr'><strong>ac</strong></span> <span class='ocrx_word' id='word_1_362' title='bbox 1013 3457 1159 3528; x_wconf 90' lang='lat' dir='ltr'><strong>pleni</strong></span> <span class='ocrx_word' id='word_1_363' title='bbox 1188 3455 1381 3512; x_wconf 82' lang='lat' dir='ltr'><strong>fiducia</strong></span> <span class='ocrx_word' id='word_1_364' title='bbox 1422 3457 1642 3528; x_wconf 89' lang='lat' dir='ltr'><strong>(quippe</strong></span> <span class='ocrx_word' id='word_1_365' title='bbox 1670 3457 1822 3527; x_wconf 91' lang='lat' dir='ltr'><strong>queis</strong></span> <span class='ocrx_word' id='word_1_366' title='bbox 1848 3458 1929 3513; x_wconf 88' lang='lat' dir='ltr'><strong>vi-</strong></span> 
     </span>
    </p>
   </div>
   <div class='ocr_carea' id='block_1_53' title="bbox 347 3546 1930 3625">
    <p class='ocr_par' dir='ltr' id='par_1_53' title="bbox 347 3546 1930 3625">
     <span class='ocr_line' id='line_1_53' title="bbox 347 3546 1930 3625; baseline -0.004 -16"><span class='ocrx_word' id='word_1_367' title='bbox 347 3569 439 3609; x_wconf 88' lang='lat' dir='ltr'><strong>sus</strong></span> <span class='ocrx_word' id='word_1_368' title='bbox 467 3553 580 3625; x_wconf 87' lang='lat' dir='ltr'><strong>ipse</strong></span> <span class='ocrx_word' id='word_1_369' title='bbox 601 3549 908 3607; x_wconf 67' lang='lat' dir='ltr'><strong>Prazcursor</strong></span> <span class='ocrx_word' id='word_1_370' title='bbox 938 3549 1040 3604; x_wconf 89' lang='lat' dir='ltr'><strong>iter</strong></span> <span class='ocrx_word' id='word_1_371' title='bbox 1061 3546 1381 3619; x_wconf 81' lang='lat' dir='ltr'><strong>expediret),</strong></span> <span class='ocrx_word' id='word_1_372' title='bbox 1413 3548 1591 3605; x_wconf 91' lang='lat' dir='ltr'><strong>locum</strong></span> <span class='ocrx_word' id='word_1_373' title='bbox 1637 3549 1819 3605; x_wconf 89' lang='lat' dir='ltr'><strong>statim</strong></span> <span class='ocrx_word' id='word_1_374' title='bbox 1849 3548 1930 3604; x_wconf 82' lang='lat' dir='ltr'><strong>el-</strong></span> 
     </span>
    </p>
   </div>
   <div class='ocr_carea' id='block_1_54' title="bbox 349 3637 1933 3711">
    <p class='ocr_par' dir='ltr' id='par_1_54' title="bbox 349 3637 1933 3711">
     <span class='ocr_line' id='line_1_54' title="bbox 349 3637 1933 3711; baseline -0.003 -13"><span class='ocrx_word' id='word_1_375' title='bbox 349 3644 577 3709; x_wconf 89' lang='lat' dir='ltr'><strong>fodiunt,</strong></span> <span class='ocrx_word' id='word_1_376' title='bbox 606 3656 671 3697; x_wconf 87' lang='lat' dir='ltr'><strong>ac</strong></span> <span class='ocrx_word' id='word_1_377' title='bbox 716 3649 879 3711; x_wconf 86' lang='lat' dir='ltr'><strong>caput</strong></span> <span class='ocrx_word' id='word_1_378' title='bbox 907 3638 1165 3708; x_wconf 85' lang='lat' dir='ltr'><strong>educunt,</strong></span> <span class='ocrx_word' id='word_1_379' title='bbox 1194 3638 1339 3710; x_wconf 89' lang='lat' dir='ltr'><strong>quod</strong></span> <span class='ocrx_word' id='word_1_380' title='bbox 1367 3638 1513 3694; x_wconf 87' lang='lat' dir='ltr'><strong>velut</strong></span> <span class='ocrx_word' id='word_1_381' title='bbox 1562 3638 1696 3694; x_wconf 89' lang='lat' dir='ltr'><strong>lucis</strong></span> <span class='ocrx_word' id='word_1_382' title='bbox 1724 3637 1933 3708; x_wconf 85' lang='lat' dir='ltr'><strong>fulgore</strong></span> 
     </span>
    </p>
   </div>
   <div class='ocr_carea' id='block_1_55' title="bbox 350 3727 1933 3801">
    <p class='ocr_par' dir='ltr' id='par_1_55' title="bbox 350 3727 1933 3801">
     <span class='ocr_line' id='line_1_55' title="bbox 350 3727 1933 3801; baseline -0.003 -11"><span class='ocrx_word' id='word_1_383' title='bbox 350 3733 615 3801; x_wconf 87' lang='lat' dir='ltr'><strong>rutilaret,</strong></span> <span class='ocrx_word' id='word_1_384' title='bbox 638 3729 1048 3801; x_wconf 88' lang='lat' dir='ltr'><strong>suavissimique</strong></span> <span class='ocrx_word' id='word_1_385' title='bbox 1073 3728 1256 3785; x_wconf 90' lang='lat' dir='ltr'><strong>odoris</strong></span> <span class='ocrx_word' id='word_1_386' title='bbox 1283 3727 1633 3798; x_wconf 81' lang='lat' dir='ltr'><strong>fragrantiam</strong></span> <span class='ocrx_word' id='word_1_387' title='bbox 1662 3744 1727 3785; x_wconf 92' lang='lat' dir='ltr'><strong>ac</strong></span> <span class='ocrx_word' id='word_1_388' title='bbox 1775 3729 1933 3785; x_wconf 91' lang='lat' dir='ltr'><strong>nullis</strong></span> 
     </span>
    </p>
   </div>
   <div class='ocr_carea' id='block_1_56' title="bbox 349 3820 1934 3895">
    <p class='ocr_par' dir='ltr' id='par_1_56' title="bbox 349 3820 1934 3895">
     <span class='ocr_line' id='line_1_56' title="bbox 349 3820 1934 3895; baseline -0.003 -15"><span class='ocrx_word' id='word_1_389' title='bbox 349 3825 528 3883; x_wconf 87' lang='lat' dir='ltr'><strong>verbis</strong></span> <span class='ocrx_word' id='word_1_390' title='bbox 591 3822 967 3895; x_wconf 88' lang='lat' dir='ltr'><strong>explicabilem</strong></span> <span class='ocrx_word' id='word_1_391' title='bbox 1040 3820 1291 3892; x_wconf 86' lang='lat' dir='ltr'><strong>spiraret.</strong></span> <span class='ocrx_word' id='word_1_392' title='bbox 1359 3820 1632 3893; x_wconf 79' lang='lat' dir='ltr'><strong>Missaque</strong></span> <span class='ocrx_word' id='word_1_393' title='bbox 1690 3822 1745 3877; x_wconf 91' lang='lat' dir='ltr'><strong>in</strong></span> <span class='ocrx_word' id='word_1_394' title='bbox 1816 3837 1934 3877; x_wconf 85' lang='lat' dir='ltr'><strong>sac-</strong></span> 
     </span>
    </p>
   </div>
   <div class='ocr_carea' id='block_1_57' title="bbox 351 3914 1930 3986">
    <p class='ocr_par' dir='ltr' id='par_1_57' title="bbox 351 3914 1930 3986">
     <span class='ocr_line' id='line_1_57' title="bbox 351 3914 1930 3986; baseline -0.004 -11"><span class='ocrx_word' id='word_1_395' title='bbox 351 3920 532 3976; x_wconf 89' lang='lat' dir='ltr'><strong>culum</strong></span> <span class='ocrx_word' id='word_1_396' title='bbox 582 3916 850 3975; x_wconf 90' lang='lat' dir='ltr'><strong>cilicinum</strong></span> <span class='ocrx_word' id='word_1_397' title='bbox 892 3916 1081 3986; x_wconf 87' lang='lat' dir='ltr'><strong>capite</strong></span> <span class='ocrx_word' id='word_1_398' title='bbox 1129 3916 1228 3985; x_wconf 89' lang='lat' dir='ltr'><strong>(ita</strong></span> <span class='ocrx_word' id='word_1_399' title='bbox 1269 3924 1399 3986; x_wconf 89' lang='lat' dir='ltr'><strong>puto</strong></span> <span class='ocrx_word' id='word_1_400' title='bbox 1445 3915 1613 3971; x_wconf 90' lang='lat' dir='ltr'><strong>visum</strong></span> <span class='ocrx_word' id='word_1_401' title='bbox 1658 3914 1930 3985; x_wconf 72' lang='lat' dir='ltr'><strong>Baptistm,</strong></span> 
     </span>
    </p>
   </div>
   <div class='ocr_carea' id='block_1_58' title="bbox 350 4004 1937 4080">
    <p class='ocr_par' dir='ltr' id='par_1_58' title="bbox 350 4004 1937 4080">
     <span class='ocr_line' id='line_1_58' title="bbox 350 4004 1937 4080; baseline -0.003 -15"><span class='ocrx_word' id='word_1_402' title='bbox 350 4010 550 4080; x_wconf 89' lang='lat' dir='ltr'><strong>quippe</strong></span> <span class='ocrx_word' id='word_1_403' title='bbox 569 4008 660 4078; x_wconf 91' lang='lat' dir='ltr'><strong>qui</strong></span> <span class='ocrx_word' id='word_1_404' title='bbox 690 4008 802 4078; x_wconf 88' lang='lat' dir='ltr'><strong>ipse</strong></span> <span class='ocrx_word' id='word_1_405' title='bbox 830 4007 952 4078; x_wconf 90' lang='lat' dir='ltr'><strong>pilis</strong></span> <span class='ocrx_word' id='word_1_406' title='bbox 975 4005 1169 4062; x_wconf 86' lang='lat' dir='ltr'><strong>cameli</strong></span> <span class='ocrx_word' id='word_1_407' title='bbox 1196 4020 1394 4075; x_wconf 86' lang='lat' dir='ltr'><strong>corpus</strong></span> <span class='ocrx_word' id='word_1_408' title='bbox 1420 4004 1777 4074; x_wconf 88' lang='lat' dir='ltr'><strong>contegeret),</strong></span> <span class='ocrx_word' id='word_1_409' title='bbox 1811 4005 1937 4061; x_wconf 88' lang='lat' dir='ltr'><strong>inde</strong></span> 
     </span>
    </p>
   </div>
   <div class='ocr_carea' id='block_1_59' title="bbox 351 4094 1936 4166">
    <p class='ocr_par' dir='ltr' id='par_1_59' title="bbox 351 4094 1936 4166">
     <span class='ocr_line' id='line_1_59' title="bbox 351 4094 1936 4166; baseline -0.001 -13"><span class='ocrx_word' id='word_1_410' title='bbox 351 4099 694 4156; x_wconf 87' lang='lat' dir='ltr'><strong>recedebant.</strong></span> <span class='ocrx_word' id='word_1_411' title='bbox 728 4099 859 4152; x_wconf 89' lang='lat' dir='ltr'><strong>Dum</strong></span> <span class='ocrx_word' id='word_1_412' title='bbox 890 4107 1070 4153; x_wconf 92' lang='lat' dir='ltr'><strong>autem</strong></span> <span class='ocrx_word' id='word_1_413' title='bbox 1101 4099 1203 4152; x_wconf 91' lang='lat' dir='ltr'><strong>iter</strong></span> <span class='ocrx_word' id='word_1_414' title='bbox 1230 4097 1463 4160; x_wconf 86' lang='lat' dir='ltr'><strong>habent,</strong></span> <span class='ocrx_word' id='word_1_415' title='bbox 1498 4095 1689 4165; x_wconf 85' lang='lat' dir='ltr'><strong>figulus</strong></span> <span class='ocrx_word' id='word_1_416' title='bbox 1715 4094 1936 4166; x_wconf 85' lang='lat' dir='ltr'><strong>quidam</strong></span> 
     </span>
    </p>
   </div>
   <div class='ocr_carea' id='block_1_60' title="bbox 355 4184 1939 4254">
    <p class='ocr_par' dir='ltr' id='par_1_60' title="bbox 355 4184 1939 4254">
     <span class='ocr_line' id='line_1_60' title="bbox 355 4184 1939 4254; baseline -0.001 -11"><span class='ocrx_word' id='word_1_417' title='bbox 355 4189 407 4245; x_wconf 90' lang='lat' dir='ltr'><strong>in</strong></span> <span class='ocrx_word' id='word_1_418' title='bbox 436 4188 558 4244; x_wconf 91' lang='lat' dir='ltr'><strong>illos</strong></span> <span class='ocrx_word' id='word_1_419' title='bbox 598 4186 839 4252; x_wconf 89' lang='lat' dir='ltr'><strong>incurrit,</strong></span> <span class='ocrx_word' id='word_1_420' title='bbox 868 4187 1031 4241; x_wconf 92' lang='lat' dir='ltr'><strong>homo</strong></span> <span class='ocrx_word' id='word_1_421' title='bbox 1061 4194 1302 4241; x_wconf 86' lang='lat' dir='ltr'><strong>extrema</strong></span> <span class='ocrx_word' id='word_1_422' title='bbox 1346 4184 1661 4243; x_wconf 82' lang='lat' dir='ltr'><strong>conflictans</strong></span> <span class='ocrx_word' id='word_1_423' title='bbox 1699 4194 1939 4254; x_wconf 87' lang='lat' dir='ltr'><strong>egestate</strong></span> 
     </span>
    </p>
   </div>
   <div class='ocr_carea' id='block_1_61' title="bbox 353 4276 1939 4347">
    <p class='ocr_par' dir='ltr' id='par_1_61' title="bbox 353 4276 1939 4347">
     <span class='ocr_line' id='line_1_61' title="bbox 353 4276 1939 4347; baseline -0.004 -10"><span class='ocrx_word' id='word_1_424' title='bbox 353 4292 668 4347; x_wconf 77' lang='lat' dir='ltr'><strong>summeque</strong></span> <span class='ocrx_word' id='word_1_425' title='bbox 696 4277 907 4332; x_wconf 78' lang='lat' dir='ltr'><strong>afﬂictis</strong></span> <span class='ocrx_word' id='word_1_426' title='bbox 932 4278 1112 4331; x_wconf 91' lang='lat' dir='ltr'><strong>rebus.</strong></span> <span class='ocrx_word' id='word_1_427' title='bbox 1142 4276 1210 4331; x_wconf 84' lang='lat' dir='ltr'><strong>iis</strong></span> <span class='ocrx_word' id='word_1_428' title='bbox 1232 4278 1414 4345; x_wconf 85' lang='lat' dir='ltr'><strong>itaque</strong></span> <span class='ocrx_word' id='word_1_429' title='bbox 1441 4292 1561 4331; x_wconf 90' lang='lat' dir='ltr'><strong>cum</strong></span> <span class='ocrx_word' id='word_1_430' title='bbox 1591 4278 1939 4346; x_wconf 80' lang='lat' dir='ltr'><strong>occurrisset,</strong></span> 
     </span>
    </p>
   </div>
   <div class='ocr_carea' id='block_1_62' title="bbox 355 4366 1941 4440">
    <p class='ocr_par' dir='ltr' id='par_1_62' title="bbox 355 4366 1941 4440">
     <span class='ocr_line' id='line_1_62' title="bbox 355 4366 1941 4440; baseline -0.003 -13"><span class='ocrx_word' id='word_1_431' title='bbox 355 4380 521 4440; x_wconf 85' lang='lat' dir='ltr'><strong>utque</strong></span> <span class='ocrx_word' id='word_1_432' title='bbox 559 4368 788 4436; x_wconf 85' lang='lat' dir='ltr'><strong>assolet,</strong></span> <span class='ocrx_word' id='word_1_433' title='bbox 816 4368 917 4422; x_wconf 66' lang='lat' dir='ltr'><strong>via:</strong></span> <span class='ocrx_word' id='word_1_434' title='bbox 955 4366 1058 4422; x_wconf 91' lang='lat' dir='ltr'><strong>illis</strong></span> <span class='ocrx_word' id='word_1_435' title='bbox 1102 4367 1281 4422; x_wconf 91' lang='lat' dir='ltr'><strong>socius</strong></span> <span class='ocrx_word' id='word_1_436' title='bbox 1325 4366 1665 4432; x_wconf 88' lang='lat' dir='ltr'><strong>accessisset,</strong></span> <span class='ocrx_word' id='word_1_437' title='bbox 1716 4368 1941 4422; x_wconf 69' lang='lat' dir='ltr'><strong>sarcina:</strong></span> 
     </span>
    </p>
   </div>
   <div class='ocr_carea' id='block_1_63' title="bbox 354 4459 1938 4532">
    <p class='ocr_par' dir='ltr' id='par_1_63' title="bbox 354 4459 1938 4532">
     <span class='ocr_line' id='line_1_63' title="bbox 354 4459 1938 4532; baseline 0 -15"><span class='ocrx_word' id='word_1_438' title='bbox 354 4476 570 4532; x_wconf 91' lang='lat' dir='ltr'><strong>quoque</strong></span> <span class='ocrx_word' id='word_1_439' title='bbox 598 4460 777 4515; x_wconf 89' lang='lat' dir='ltr'><strong>socius</strong></span> <span class='ocrx_word' id='word_1_440' title='bbox 801 4460 1002 4528; x_wconf 81' lang='lat' dir='ltr'><strong>existit,</strong></span> <span class='ocrx_word' id='word_1_441' title='bbox 1020 4460 1197 4529; x_wconf 88' lang='lat' dir='ltr'><strong>jussus</strong></span> <span class='ocrx_word' id='word_1_442' title='bbox 1218 4459 1284 4514; x_wconf 89' lang='lat' dir='ltr'><strong>ab</strong></span> <span class='ocrx_word' id='word_1_443' title='bbox 1305 4460 1382 4515; x_wconf 91' lang='lat' dir='ltr'><strong>eis</strong></span> <span class='ocrx_word' id='word_1_444' title='bbox 1404 4467 1620 4531; x_wconf 91' lang='lat' dir='ltr'><strong>portare</strong></span> <span class='ocrx_word' id='word_1_445' title='bbox 1641 4459 1938 4517; x_wconf 90' lang='lat' dir='ltr'><strong>sacculum.</strong></span> 
     </span>
    </p>
   </div>
   <div class='ocr_carea' id='block_1_64' title="bbox 355 4552 1940 4621">
    <p class='ocr_par' dir='ltr' id='par_1_64' title="bbox 355 4552 1940 4621">
     <span class='ocr_line' id='line_1_64' title="bbox 355 4552 1940 4621; baseline 0 -12"><span class='ocrx_word' id='word_1_446' title='bbox 355 4553 517 4610; x_wconf 86' lang='lat' dir='ltr'><strong>Stulti</strong></span> <span class='ocrx_word' id='word_1_447' title='bbox 545 4552 791 4608; x_wconf 90' lang='lat' dir='ltr'><strong>homines</strong></span> <span class='ocrx_word' id='word_1_448' title='bbox 831 4567 894 4608; x_wconf 92' lang='lat' dir='ltr'><strong>ac</strong></span> <span class='ocrx_word' id='word_1_449' title='bbox 924 4553 1069 4607; x_wconf 89' lang='lat' dir='ltr'><strong>leves</strong></span> <span class='ocrx_word' id='word_1_450' title='bbox 1096 4553 1185 4621; x_wconf 85' lang='lat' dir='ltr'><strong>qui</strong></span> <span class='ocrx_word' id='word_1_451' title='bbox 1215 4554 1413 4608; x_wconf 85' lang='lat' dir='ltr'><strong>bonum</strong></span> <span class='ocrx_word' id='word_1_452' title='bbox 1444 4569 1600 4609; x_wconf 92' lang='lat' dir='ltr'><strong>suum</strong></span> <span class='ocrx_word' id='word_1_453' title='bbox 1628 4569 1694 4609; x_wconf 92' lang='lat' dir='ltr'><strong>ac</strong></span> <span class='ocrx_word' id='word_1_454' title='bbox 1721 4554 1940 4610; x_wconf 86' lang='lat' dir='ltr'><strong>thesau-</strong></span> 
     </span>
    </p>
   </div>
   <div class='ocr_carea' id='block_1_65' title="bbox 1952 3237 2001 3300">
    <p class='ocr_par' dir='ltr' id='par_1_65' title="bbox 1952 3237 2001 3300">
     <span class='ocr_line' id='line_1_65' title="bbox 1952 3237 2001 3300; baseline 0 0"><span class='ocrx_word' id='word_1_455' title='bbox 1952 3237 2001 3300; x_wconf 85' lang='lat' dir='ltr'><strong><em>C</em></strong></span> 
     </span>
    </p>
   </div>
   <div class='ocr_carea' id='block_1_66' title="bbox 2024 1988 3611 2066">
    <p class='ocr_par' dir='ltr' id='par_1_66' title="bbox 2024 1988 3611 2066">
     <span class='ocr_line' id='line_1_66' title="bbox 2024 1988 3611 2066; baseline 0.002 -21"><span class='ocrx_word' id='word_1_456' title='bbox 2024 1990 2213 2061; x_wconf 80' lang='grc' dir='ltr'>χρόνος</span> <span class='ocrx_word' id='word_1_457' title='bbox 2228 1994 2337 2062; x_wconf 82' lang='grc' dir='ltr'>μὲν,</span> <span class='ocrx_word' id='word_1_458' title='bbox 2357 1988 2437 2045; x_wconf 84' lang='grc' dir='ltr'>ὅτε</span> <span class='ocrx_word' id='word_1_459' title='bbox 2467 1991 2532 2045; x_wconf 85' lang='grc' dir='ltr'><strong>τά</strong></span> <span class='ocrx_word' id='word_1_460' title='bbox 2563 1999 2801 2066; x_wconf 81' lang='grc' dir='ltr'>σκῆπτρα</span> <span class='ocrx_word' id='word_1_461' title='bbox 2828 1999 2919 2052; x_wconf 76' lang='grc' dir='ltr'>τῆς</span> <span class='ocrx_word' id='word_1_462' title='bbox 2942 1991 3206 2063; x_wconf 75' lang='grc' dir='ltr'><strong>βασιλείας</strong></span> <span class='ocrx_word' id='word_1_463' title='bbox 3236 1999 3611 2061; x_wconf 54' lang='lat' dir='ltr'><strong>Immaturae:</strong></span> 
     </span>
    </p>
   </div>
   <div class='ocr_carea' id='block_1_67' title="bbox 2022 2078 3609 2157">
    <p class='ocr_par' dir='ltr' id='par_1_67' title="bbox 2022 2078 3609 2157">
     <span class='ocr_line' id='line_1_67' title="bbox 2022 2078 3609 2157; baseline 0.001 -22"><span class='ocrx_word' id='word_1_464' title='bbox 2022 2080 2049 2135; x_wconf 87' lang='grc' dir='ltr'><strong>ό</strong></span> <span class='ocrx_word' id='word_1_465' title='bbox 2086 2082 2243 2154; x_wconf 82' lang='grc' dir='ltr'>μέγας</span> <span class='ocrx_word' id='word_1_466' title='bbox 2281 2081 2554 2153; x_wconf 73' lang='grc' dir='ltr'>ἀνείληφεν.</span> <span class='ocrx_word' id='word_1_467' title='bbox 2575 2078 2783 2154; x_wconf 80' lang='grc' dir='ltr'>Ἰδωμεν</span> <span class='ocrx_word' id='word_1_468' title='bbox 2813 2079 2867 2136; x_wconf 78' lang='grc' dir='ltr'><strong>δί</strong></span> <span class='ocrx_word' id='word_1_469' title='bbox 2888 2084 2975 2136; x_wconf 83' lang='grc' dir='ltr'><strong>καί</strong></span> <span class='ocrx_word' id='word_1_470' title='bbox 2993 2084 3103 2137; x_wconf 90' lang='grc' dir='ltr'>τίνα</span> <span class='ocrx_word' id='word_1_471' title='bbox 3132 2082 3261 2142; x_wconf 83' lang='grc' dir='ltr'>αὐτη</span> <span class='ocrx_word' id='word_1_472' title='bbox 3287 2086 3374 2138; x_wconf 89' lang='grc' dir='ltr'><strong>τόν</strong></span> <span class='ocrx_word' id='word_1_473' title='bbox 3399 2081 3609 2157; x_wconf 78' lang='grc' dir='ltr'>τρόπον,</span> 
     </span>
    </p>
   </div>
   <div class='ocr_carea' id='block_1_68' title="bbox 2022 2170 3609 2249">
    <p class='ocr_par' dir='ltr' id='par_1_68' title="bbox 2022 2170 3609 2249">
     <span class='ocr_line' id='line_1_68' title="bbox 2022 2170 3609 2249; baseline 0.001 -23"><span class='ocrx_word' id='word_1_474' title='bbox 2022 2174 2107 2226; x_wconf 81' lang='grc' dir='ltr'><strong>καί</strong></span> <span class='ocrx_word' id='word_1_475' title='bbox 2146 2178 2254 2233; x_wconf 83' lang='grc' dir='ltr'><strong>πῶς</strong></span> <span class='ocrx_word' id='word_1_476' title='bbox 2289 2170 2379 2230; x_wconf 71' lang='grc' dir='ltr'><strong>ἤδη</strong></span> <span class='ocrx_word' id='word_1_477' title='bbox 2421 2176 2504 2226; x_wconf 81' lang='grc' dir='ltr'><strong>καί</strong></span> <span class='ocrx_word' id='word_1_478' title='bbox 2553 2173 2697 2243; x_wconf 87' lang='grc' dir='ltr'>παρά</span> <span class='ocrx_word' id='word_1_479' title='bbox 2735 2195 2881 2227; x_wconf 87' lang='grc' dir='ltr'>τινων</span> <span class='ocrx_word' id='word_1_480' title='bbox 2925 2175 2995 2234; x_wconf 85' lang='grc' dir='ltr'>εἰς</span> <span class='ocrx_word' id='word_1_481' title='bbox 3038 2174 3321 2249; x_wconf 77' lang='grc' dir='ltr'>φανίρωσίν</span> <span class='ocrx_word' id='word_1_482' title='bbox 3368 2195 3422 2229; x_wconf 89' lang='grc' dir='ltr'><strong>τε</strong></span> <span class='ocrx_word' id='word_1_483' title='bbox 3474 2177 3609 2245; x_wconf 72' lang='grc' dir='ltr'>ἥκει,</span> 
     </span>
    </p>
   </div>
   <div class='ocr_carea' id='block_1_69' title="bbox 2024 2265 3248 2339">
    <p class='ocr_par' dir='ltr' id='par_1_69' title="bbox 2024 2265 3248 2339">
     <span class='ocr_line' id='line_1_69' title="bbox 2024 2265 3248 2339; baseline -0.002 -20"><span class='ocrx_word' id='word_1_484' title='bbox 2024 2268 2106 2319; x_wconf 61' lang='grc' dir='ltr'><strong>καί</strong></span> <span class='ocrx_word' id='word_1_485' title='bbox 2132 2267 2338 2339; x_wconf 82' lang='grc' dir='ltr'>πρώτην</span> <span class='ocrx_word' id='word_1_486' title='bbox 2384 2267 2576 2323; x_wconf 66' lang='grc' dir='ltr'>τ’κῦτην</span> <span class='ocrx_word' id='word_1_487' title='bbox 2605 2267 2888 2339; x_wconf 79' lang='grc' dir='ltr'>ἀνευρίσκει</span> <span class='ocrx_word' id='word_1_488' title='bbox 2910 2270 3000 2325; x_wconf 69' lang='grc' dir='ltr'><strong>τήν</strong></span> <span class='ocrx_word' id='word_1_489' title='bbox 3029 2265 3248 2339; x_wconf 77' lang='grc' dir='ltr'>εὕρεσιν.</span> 
     </span>
    </p>
   </div>
   <div class='ocr_carea' id='block_1_70' title="bbox 2094 2354 3614 2433">
    <p class='ocr_par' dir='ltr' id='par_1_70' title="bbox 2094 2354 3614 2433">
     <span class='ocr_line' id='line_1_70' title="bbox 2094 2354 3614 2433; baseline 0.002 -23"><span class='ocrx_word' id='word_1_490' title='bbox 2094 2358 2328 2426; x_wconf 74' lang='grc' dir='ltr'>Μοναχοί</span> <span class='ocrx_word' id='word_1_491' title='bbox 2354 2377 2484 2417; x_wconf 86' lang='grc' dir='ltr'>τινες</span> <span class='ocrx_word' id='word_1_492' title='bbox 2512 2354 2623 2421; x_wconf 82' lang='grc' dir='ltr'>δύο,</span> <span class='ocrx_word' id='word_1_493' title='bbox 2655 2365 2744 2416; x_wconf 80' lang='grc' dir='ltr'>τῆς</span> <span class='ocrx_word' id='word_1_494' title='bbox 2790 2356 2919 2416; x_wconf 77' lang='grc' dir='ltr'>ἔώας</span> <span class='ocrx_word' id='word_1_495' title='bbox 2947 2355 3248 2433; x_wconf 80' lang='grc' dir='ltr'>ὁρμώμενοι,</span> <span class='ocrx_word' id='word_1_496' title='bbox 3277 2359 3361 2412; x_wconf 87' lang='grc' dir='ltr'><strong>καί</strong></span> <span class='ocrx_word' id='word_1_497' title='bbox 3388 2358 3515 2432; x_wconf 81' lang='grc' dir='ltr'>πρὸς</span> <span class='ocrx_word' id='word_1_498' title='bbox 3542 2359 3614 2413; x_wconf 84' lang='grc' dir='ltr'><strong>τά</strong></span> 
     </span>
    </p>
   </div>
   <div class='ocr_carea' id='block_1_71' title="bbox 2024 2446 3613 2524">
    <p class='ocr_par' dir='ltr' id='par_1_71' title="bbox 2024 2446 3613 2524">
     <span class='ocr_line' id='line_1_71' title="bbox 2024 2446 3613 2524; baseline 0.002 -23"><span class='ocrx_word' id='word_1_499' title='bbox 2024 2446 2353 2522; x_wconf 82' lang='grc' dir='ltr'>Ἰεροσόλυμα</span> <span class='ocrx_word' id='word_1_500' title='bbox 2387 2450 2746 2521; x_wconf 69' lang='grc' dir='ltr'>ἀφικνούμενοι,</span> <span class='ocrx_word' id='word_1_501' title='bbox 2776 2449 2848 2522; x_wconf 77' lang='grc' dir='ltr'><strong>ἔφ’</strong></span> <span class='ocrx_word' id='word_1_502' title='bbox 2936 2452 3020 2505; x_wconf 77' lang='grc' dir='ltr'><strong>τὸν</strong></span> <span class='ocrx_word' id='word_1_503' title='bbox 3057 2452 3210 2524; x_wconf 73' lang='grc' dir='ltr'>τάφον</span> <span class='ocrx_word' id='word_1_504' title='bbox 3236 2458 3326 2505; x_wconf 84' lang='grc' dir='ltr'>τοῦ</span> <span class='ocrx_word' id='word_1_505' title='bbox 3355 2449 3613 2506; x_wconf 75' lang='grc' dir='ltr'>δεσπότου</span> 
     </span>
    </p>
   </div>
   <div class='ocr_carea' id='block_1_72' title="bbox 2026 2538 3616 2618">
    <p class='ocr_par' dir='ltr' id='par_1_72' title="bbox 2026 2538 3616 2618">
     <span class='ocr_line' id='line_1_72' title="bbox 2026 2538 3616 2618; baseline 0.004 -26"><span class='ocrx_word' id='word_1_506' title='bbox 2026 2538 2170 2605; x_wconf 77' lang='grc' dir='ltr'>ἰδεῖν,</span> <span class='ocrx_word' id='word_1_507' title='bbox 2201 2542 2286 2594; x_wconf 83' lang='grc' dir='ltr'><strong>καί</strong></span> <span class='ocrx_word' id='word_1_508' title='bbox 2328 2541 2393 2595; x_wconf 89' lang='grc' dir='ltr'><strong>τά</strong></span> <span class='ocrx_word' id='word_1_509' title='bbox 2441 2541 2601 2594; x_wconf 68' lang='grc' dir='ltr'>ἐκεῖσε</span> <span class='ocrx_word' id='word_1_510' title='bbox 2633 2540 2840 2596; x_wconf 81' lang='grc' dir='ltr'>ἅπαντα</span> <span class='ocrx_word' id='word_1_511' title='bbox 2888 2542 3180 2618; x_wconf 73' lang='grc' dir='ltr'>ἱστορῆσαι.</span> <span class='ocrx_word' id='word_1_512' title='bbox 3230 2544 3423 2597; x_wconf 87' lang='grc' dir='ltr'>τούτων</span> <span class='ocrx_word' id='word_1_513' title='bbox 3468 2544 3538 2597; x_wconf 70' lang='lat' dir='ltr'><strong>ivi</strong></span> <span class='ocrx_word' id='word_1_514' title='bbox 3586 2543 3616 2599; x_wconf 83' lang='grc' dir='ltr'><strong>ὃ</strong></span> 
     </span>
    </p>
   </div>
   <div class='ocr_carea' id='block_1_73' title="bbox 2026 2631 3614 2711">
    <p class='ocr_par' dir='ltr' id='par_1_73' title="bbox 2026 2631 3614 2711">
     <span class='ocr_line' id='line_1_73' title="bbox 2026 2631 3614 2711; baseline 0.003 -26"><span class='ocrx_word' id='word_1_515' title='bbox 2026 2635 2155 2694; x_wconf 80' lang='grc' dir='ltr'>θεῖος</span> <span class='ocrx_word' id='word_1_516' title='bbox 2194 2634 2445 2705; x_wconf 73' lang='grc' dir='ltr'>ἐπιφανείς</span> <span class='ocrx_word' id='word_1_517' title='bbox 2488 2631 2795 2710; x_wconf 84' lang='grc' dir='ltr'>Πρόδρομος,</span> <span class='ocrx_word' id='word_1_518' title='bbox 2830 2635 2996 2708; x_wconf 81' lang='grc' dir='ltr'>«Πρός</span> <span class='ocrx_word' id='word_1_519' title='bbox 3044 2641 3133 2695; x_wconf 74' lang='grc' dir='ltr'>τήν</span> <span class='ocrx_word' id='word_1_520' title='bbox 3172 2634 3414 2711; x_wconf 75' lang='grc' dir='ltr'>Ἡρώδου,</span> <span class='ocrx_word' id='word_1_521' title='bbox 3461 2639 3614 2707; x_wconf 74' lang='grc' dir='ltr'>φησί,</span> 
     </span>
    </p>
   </div>
   <div class='ocr_carea' id='block_1_74' title="bbox 2026 2723 3617 2798">
    <p class='ocr_par' dir='ltr' id='par_1_74' title="bbox 2026 2723 3617 2798">
     <span class='ocr_line' id='line_1_74' title="bbox 2026 2723 3617 2798; baseline -0.001 -16"><span class='ocrx_word' id='word_1_522' title='bbox 2026 2732 2116 2782; x_wconf 88' lang='grc' dir='ltr'><strong>τού</strong></span> <span class='ocrx_word' id='word_1_523' title='bbox 2164 2726 2411 2797; x_wconf 75' lang='grc' dir='ltr'>βασιλέως</span> <span class='ocrx_word' id='word_1_524' title='bbox 2459 2724 2731 2798; x_wconf 78' lang='grc' dir='ltr'>ἀμφότεροι</span> <span class='ocrx_word' id='word_1_525' title='bbox 2793 2723 2983 2784; x_wconf 82' lang='grc' dir='ltr'>οἴκησιν</span> <span class='ocrx_word' id='word_1_526' title='bbox 3034 2726 3297 2789; x_wconf 78' lang='grc' dir='ltr'>ἀπιόντες,</span> <span class='ocrx_word' id='word_1_527' title='bbox 3346 2732 3436 2783; x_wconf 72' lang='grc' dir='ltr'>τήν</span> <span class='ocrx_word' id='word_1_528' title='bbox 3488 2728 3617 2798; x_wconf 72' lang='grc' dir='ltr'>ίμὴν</span> 
     </span>
    </p>
   </div>
   <div class='ocr_carea' id='block_1_75' title="bbox 2028 2813 3619 2888">
    <p class='ocr_par' dir='ltr' id='par_1_75' title="bbox 2028 2813 3619 2888">
     <span class='ocr_line' id='line_1_75' title="bbox 2028 2813 3619 2888; baseline -0.001 -19"><span class='ocrx_word' id='word_1_529' title='bbox 2028 2817 2188 2869; x_wconf 77' lang='grc' dir='ltr'>ἐκεῖσε</span> <span class='ocrx_word' id='word_1_530' title='bbox 2224 2814 2446 2886; x_wconf 78' lang='grc' dir='ltr'>κειμένην</span> <span class='ocrx_word' id='word_1_531' title='bbox 2478 2816 2578 2869; x_wconf 83' lang='grc' dir='ltr'>ὐπὸ</span> <span class='ocrx_word' id='word_1_532' title='bbox 2604 2823 2695 2888; x_wconf 84' lang='grc' dir='ltr'>γῆν</span> <span class='ocrx_word' id='word_1_533' title='bbox 2723 2815 2944 2869; x_wconf 73' lang='grc' dir='ltr'>ἀνέλεσθε</span> <span class='ocrx_word' id='word_1_534' title='bbox 2975 2814 3196 2887; x_wconf 64' lang='grc' dir='ltr'>κεφαλήν·</span> <span class='ocrx_word' id='word_1_535' title='bbox 3230 2834 3249 2866; x_wconf 71' lang='grc' dir='ltr'><strong>ι</strong></span> <span class='ocrx_word' id='word_1_536' title='bbox 3282 2817 3349 2876; x_wconf 80' lang='grc' dir='ltr'><strong>ὡς</strong></span> <span class='ocrx_word' id='word_1_537' title='bbox 3383 2813 3429 2869; x_wconf 75' lang='grc' dir='ltr'><strong>δ’</strong></span> <span class='ocrx_word' id='word_1_538' title='bbox 3471 2813 3619 2875; x_wconf 69' lang='grc' dir='ltr'>ότήν</span> 
     </span>
    </p>
   </div>
   <div class='ocr_carea' id='block_1_76' title="bbox 2030 2902 3620 2977">
    <p class='ocr_par' dir='ltr' id='par_1_76' title="bbox 2030 2902 3620 2977">
     <span class='ocr_line' id='line_1_76' title="bbox 2030 2902 3620 2977; baseline 0.002 -19"><span class='ocrx_word' id='word_1_539' title='bbox 2030 2905 2281 2959; x_wconf 78' lang='grc' dir='ltr'>ὀπτασίαν</span> <span class='ocrx_word' id='word_1_540' title='bbox 2330 2902 2448 2959; x_wconf 76' lang='grc' dir='ltr'>ἰδών</span> <span class='ocrx_word' id='word_1_541' title='bbox 2494 2912 2567 2975; x_wconf 85' lang='grc' dir='ltr'>τῷ</span> <span class='ocrx_word' id='word_1_542' title='bbox 2616 2903 2773 2965; x_wconf 71' lang='grc' dir='ltr'>πέλας</span> <span class='ocrx_word' id='word_1_543' title='bbox 2816 2905 3007 2962; x_wconf 85' lang='grc' dir='ltr'>ταύτην</span> <span class='ocrx_word' id='word_1_544' title='bbox 3056 2905 3331 2977; x_wconf 70' lang='grc' dir='ltr'>ἐμήνυσεν,</span> <span class='ocrx_word' id='word_1_545' title='bbox 3386 2904 3414 2960; x_wconf 91' lang='grc' dir='ltr'><strong>ό</strong></span> <span class='ocrx_word' id='word_1_546' title='bbox 3457 2903 3503 2961; x_wconf 77' lang='grc' dir='ltr'><strong>δ’</strong></span> <span class='ocrx_word' id='word_1_547' title='bbox 3552 2903 3620 2966; x_wconf 69' lang='grc' dir='ltr'>ἦν</span> 
     </span>
    </p>
   </div>
   <div class='ocr_carea' id='block_1_77' title="bbox 2031 2990 3622 3071">
    <p class='ocr_par' dir='ltr' id='par_1_77' title="bbox 2031 2990 3622 3071">
     <span class='ocr_line' id='line_1_77' title="bbox 2031 2990 3622 3071; baseline 0.003 -25"><span class='ocrx_word' id='word_1_548' title='bbox 2031 2993 2367 3060; x_wconf 77' lang='grc' dir='ltr'>ἐπιδοιάςων,</span> <span class='ocrx_word' id='word_1_549' title='bbox 2423 2998 2504 3049; x_wconf 87' lang='grc' dir='ltr'><strong>καί</strong></span> <span class='ocrx_word' id='word_1_550' title='bbox 2561 2994 2834 3070; x_wconf 67' lang='grc' dir='ltr'>ἀμςιότεροι</span> <span class='ocrx_word' id='word_1_551' title='bbox 2880 2994 3006 3071; x_wconf 81' lang='grc' dir='ltr'>πρὸς</span> <span class='ocrx_word' id='word_1_552' title='bbox 3059 3000 3149 3054; x_wconf 68' lang='grc' dir='ltr'>τήν</span> <span class='ocrx_word' id='word_1_553' title='bbox 3197 2990 3358 3067; x_wconf 76' lang='grc' dir='ltr'>ἄφιξιν</span> <span class='ocrx_word' id='word_1_554' title='bbox 3411 2994 3622 3066; x_wconf 75' lang='grc' dir='ltr'>διαμέλ-</span> 
     </span>
    </p>
   </div>
   <div class='ocr_carea' id='block_1_78' title="bbox 2030 3080 3625 3160">
    <p class='ocr_par' dir='ltr' id='par_1_78' title="bbox 2030 3080 3625 3160">
     <span class='ocr_line' id='line_1_78' title="bbox 2030 3080 3625 3160; baseline 0.003 -22"><span class='ocrx_word' id='word_1_555' title='bbox 2030 3085 2218 3148; x_wconf 82' lang='grc' dir='ltr'>λοντες,</span> <span class='ocrx_word' id='word_1_556' title='bbox 2267 3080 2410 3146; x_wconf 74' lang='grc' dir='ltr'>αὐθις</span> <span class='ocrx_word' id='word_1_557' title='bbox 2454 3086 2753 3160; x_wconf 77' lang='grc' dir='ltr'>ἀμφοτέροις</span> <span class='ocrx_word' id='word_1_558' title='bbox 2807 3086 2994 3145; x_wconf 75' lang='grc' dir='ltr'>ίπὲστη</span> <span class='ocrx_word' id='word_1_559' title='bbox 3042 3088 3107 3140; x_wconf 86' lang='grc' dir='ltr'><strong>τά</strong></span> <span class='ocrx_word' id='word_1_560' title='bbox 3156 3087 3289 3142; x_wconf 82' lang='grc' dir='ltr'><strong>αὐτά</strong></span> <span class='ocrx_word' id='word_1_561' title='bbox 3327 3086 3477 3147; x_wconf 79' lang='grc' dir='ltr'>δηλῶν</span> <span class='ocrx_word' id='word_1_562' title='bbox 3525 3091 3625 3143; x_wconf 68' lang='grc' dir='ltr'>καὶ</span> 
     </span>
    </p>
   </div>
   <div class='ocr_carea' id='block_1_79' title="bbox 2032 3174 3625 3257">
    <p class='ocr_par' dir='ltr' id='par_1_79' title="bbox 2032 3174 3625 3257">
     <span class='ocr_line' id='line_1_79' title="bbox 2032 3174 3625 3257; baseline 0.004 -27"><span class='ocrx_word' id='word_1_563' title='bbox 2032 3182 2121 3237; x_wconf 75' lang='grc' dir='ltr'><strong>τήν</strong></span> <span class='ocrx_word' id='word_1_564' title='bbox 2170 3174 2329 3249; x_wconf 73' lang='grc' dir='ltr'>ὁρμήν</span> <span class='ocrx_word' id='word_1_565' title='bbox 2390 3179 2718 3257; x_wconf 69' lang='grc' dir='ltr'>παραθήγων.</span> <span class='ocrx_word' id='word_1_566' title='bbox 2771 3177 2830 3233; x_wconf 71' lang='grc' dir='ltr'><strong>Οἳ</strong></span> <span class='ocrx_word' id='word_1_567' title='bbox 2868 3181 2955 3233; x_wconf 87' lang='grc' dir='ltr'><strong>καί</strong></span> <span class='ocrx_word' id='word_1_568' title='bbox 2987 3187 3312 3254; x_wconf 73' lang='grc' dir='ltr'>παραχρῆμα</span> <span class='ocrx_word' id='word_1_569' title='bbox 3350 3182 3434 3236; x_wconf 87' lang='grc' dir='ltr'><strong>τόν</strong></span> <span class='ocrx_word' id='word_1_570' title='bbox 3459 3181 3625 3237; x_wconf 80' lang='grc' dir='ltr'>τόπον</span> 
     </span>
    </p>
   </div>
   <div class='ocr_carea' id='block_1_80' title="bbox 2033 3269 3628 3349">
    <p class='ocr_par' dir='ltr' id='par_1_80' title="bbox 2033 3269 3628 3349">
     <span class='ocr_line' id='line_1_80' title="bbox 2033 3269 3628 3349; baseline 0.004 -27"><span class='ocrx_word' id='word_1_571' title='bbox 2033 3269 2423 3338; x_wconf 78' lang='grc' dir='ltr'>καταλαϐόντες,</span> <span class='ocrx_word' id='word_1_572' title='bbox 2461 3274 2544 3328; x_wconf 88' lang='grc' dir='ltr'><strong>καί</strong></span> <span class='ocrx_word' id='word_1_573' title='bbox 2592 3273 2813 3345; x_wconf 78' lang='grc' dir='ltr'>θάρσους</span> <span class='ocrx_word' id='word_1_574' title='bbox 2854 3273 3283 3335; x_wconf 82' lang='grc' dir='ltr'>ὐποπλησθὲντες”</span> <span class='ocrx_word' id='word_1_575' title='bbox 3330 3269 3473 3344; x_wconf 83' lang='grc' dir='ltr'>εἶχον</span> <span class='ocrx_word' id='word_1_576' title='bbox 3512 3277 3628 3349; x_wconf 76' lang='grc' dir='ltr'>γὰρ</span> 
     </span>
    </p>
   </div>
   <div class='ocr_carea' id='block_1_81' title="bbox 2031 3362 3629 3439">
    <p class='ocr_par' dir='ltr' id='par_1_81' title="bbox 2031 3362 3629 3439">
     <span class='ocr_line' id='line_1_81' title="bbox 2031 3362 3629 3439; baseline 0.004 -24"><span class='ocrx_word' id='word_1_577' title='bbox 2031 3362 2118 3416; x_wconf 75' lang='grc' dir='ltr'><strong>τόν</strong></span> <span class='ocrx_word' id='word_1_578' title='bbox 2160 3362 2453 3436; x_wconf 69' lang='grc' dir='ltr'>ἐπιφανέντα</span> <span class='ocrx_word' id='word_1_579' title='bbox 2478 3368 2569 3422; x_wconf 71' lang='grc' dir='ltr'>τήν</span> <span class='ocrx_word' id='word_1_580' title='bbox 2610 3364 2784 3437; x_wconf 72' lang='grc' dir='ltr'>τρίϐον</span> <span class='ocrx_word' id='word_1_581' title='bbox 2830 3365 3008 3424; x_wconf 86' lang='grc' dir='ltr'>αὐτοῖς</span> <span class='ocrx_word' id='word_1_582' title='bbox 3054 3363 3374 3438; x_wconf 81' lang='grc' dir='ltr'>όμαλίζοντα·</span> <span class='ocrx_word' id='word_1_583' title='bbox 3406 3367 3629 3439; x_wconf 75' lang='grc' dir='ltr'>ἀνορύτο</span> 
     </span>
    </p>
   </div>
   <div class='ocr_carea' id='block_1_82' title="bbox 2033 3454 3624 3531">
    <p class='ocr_par' dir='ltr' id='par_1_82' title="bbox 2033 3454 3624 3531">
     <span class='ocr_line' id='line_1_82' title="bbox 2033 3454 3624 3531; baseline 0.003 -24"><span class='ocrx_word' id='word_1_584' title='bbox 2033 3454 2180 3507; x_wconf 85' lang='grc' dir='ltr'>τουσί</span> <span class='ocrx_word' id='word_1_585' title='bbox 2206 3474 2261 3509; x_wconf 87' lang='grc' dir='ltr'><strong>τε</strong></span> <span class='ocrx_word' id='word_1_586' title='bbox 2290 3454 2373 3509; x_wconf 86' lang='grc' dir='ltr'><strong>τόν</strong></span> <span class='ocrx_word' id='word_1_587' title='bbox 2398 3454 2555 3510; x_wconf 88' lang='grc' dir='ltr'>τόπον</span> <span class='ocrx_word' id='word_1_588' title='bbox 2595 3455 2760 3517; x_wconf 82' lang='grc' dir='ltr'>εὐθύς,</span> <span class='ocrx_word' id='word_1_589' title='bbox 2792 3458 2876 3509; x_wconf 87' lang='grc' dir='ltr'><strong>καί</strong></span> <span class='ocrx_word' id='word_1_590' title='bbox 2904 3459 2994 3514; x_wconf 70' lang='grc' dir='ltr'>τὴν</span> <span class='ocrx_word' id='word_1_591' title='bbox 3037 3454 3245 3527; x_wconf 66' lang='grc' dir='ltr'>κεφαλὴν</span> <span class='ocrx_word' id='word_1_592' title='bbox 3291 3457 3624 3531; x_wconf 65' lang='grc' dir='ltr'>ἀναφέρουσι,</span> 
     </span>
    </p>
   </div>
   <div class='ocr_carea' id='block_1_83' title="bbox 2034 3543 3630 3619">
    <p class='ocr_par' dir='ltr' id='par_1_83' title="bbox 2034 3543 3630 3619">
     <span class='ocr_line' id='line_1_83' title="bbox 2034 3543 3630 3619; baseline 0.002 -19"><span class='ocrx_word' id='word_1_593' title='bbox 2034 3552 2136 3617; x_wconf 81' lang='grc' dir='ltr'><strong>φῶς</strong></span> <span class='ocrx_word' id='word_1_594' title='bbox 2163 3543 2262 3601; x_wconf 78' lang='grc' dir='ltr'>οἷον</span> <span class='ocrx_word' id='word_1_595' title='bbox 2287 3550 2372 3602; x_wconf 87' lang='grc' dir='ltr'><strong>καί</strong></span> <span class='ocrx_word' id='word_1_596' title='bbox 2408 3546 2665 3619; x_wconf 86' lang='grc' dir='ltr'>διαύγειαν</span> <span class='ocrx_word' id='word_1_597' title='bbox 2700 3548 3120 3617; x_wconf 80' lang='grc' dir='ltr'>ἀναλάμπουσαν,</span> <span class='ocrx_word' id='word_1_598' title='bbox 3150 3550 3232 3602; x_wconf 89' lang='grc' dir='ltr'><strong>καί</strong></span> <span class='ocrx_word' id='word_1_599' title='bbox 3258 3546 3466 3602; x_wconf 81' lang='grc' dir='ltr'>εὐωδίαν</span> <span class='ocrx_word' id='word_1_600' title='bbox 3490 3550 3630 3603; x_wconf 73' lang='grc' dir='ltr'>ἀνοι-</span> 
     </span>
    </p>
   </div>
   <div class='ocr_carea' id='block_1_84' title="bbox 2034 3635 3633 3715">
    <p class='ocr_par' dir='ltr' id='par_1_84' title="bbox 2034 3635 3633 3715">
     <span class='ocr_line' id='line_1_84' title="bbox 2034 3635 3633 3715; baseline 0.003 -24"><span class='ocrx_word' id='word_1_601' title='bbox 2034 3637 2342 3708; x_wconf 80' lang='grc' dir='ltr'>πίμπουσαν</span> <span class='ocrx_word' id='word_1_602' title='bbox 2370 3635 2603 3715; x_wconf 79' lang='grc' dir='ltr'>ἆρῤητον.</span> <span class='ocrx_word' id='word_1_603' title='bbox 2638 3638 2695 3692; x_wconf 77' lang='grc' dir='ltr'><strong>Οἳ</strong></span> <span class='ocrx_word' id='word_1_604' title='bbox 2734 3637 2794 3698; x_wconf 73' lang='grc' dir='ltr'>δή</span> <span class='ocrx_word' id='word_1_605' title='bbox 2836 3642 2922 3693; x_wconf 86' lang='grc' dir='ltr'><strong>καί</strong></span> <span class='ocrx_word' id='word_1_606' title='bbox 2958 3648 3062 3699; x_wconf 88' lang='grc' dir='ltr'>τοῖς</span> <span class='ocrx_word' id='word_1_607' title='bbox 3088 3640 3145 3693; x_wconf 71' lang='grc' dir='ltr'>ἑκ</span> <span class='ocrx_word' id='word_1_608' title='bbox 3172 3648 3370 3715; x_wconf 80' lang='grc' dir='ltr'>τριχῶν</span> <span class='ocrx_word' id='word_1_609' title='bbox 3396 3640 3633 3709; x_wconf 64' lang='grc' dir='ltr'>καμηλου</span> 
     </span>
    </p>
   </div>
   <div class='ocr_carea' id='block_1_85' title="bbox 2037 3726 3629 3807">
    <p class='ocr_par' dir='ltr' id='par_1_85' title="bbox 2037 3726 3629 3807">
     <span class='ocr_line' id='line_1_85' title="bbox 2037 3726 3629 3807; baseline 0.002 -25"><span class='ocrx_word' id='word_1_610' title='bbox 2037 3731 2316 3803; x_wconf 89' lang='grc' dir='ltr'>μαρσίποις</span> <span class='ocrx_word' id='word_1_611' title='bbox 2361 3732 2623 3803; x_wconf 72' lang='grc' dir='ltr'>ἐνθέμενοι,</span> <span class='ocrx_word' id='word_1_612' title='bbox 2675 3728 2818 3794; x_wconf 82' lang='grc' dir='ltr'>δόξαν</span> <span class='ocrx_word' id='word_1_613' title='bbox 2858 3726 2998 3801; x_wconf 70' lang='grc' dir='ltr'>οἶμαι</span> <span class='ocrx_word' id='word_1_614' title='bbox 3046 3737 3195 3787; x_wconf 75' lang='grc' dir='ltr'>τοῦτο</span> <span class='ocrx_word' id='word_1_615' title='bbox 3235 3740 3307 3800; x_wconf 82' lang='grc' dir='ltr'>τῷ</span> <span class='ocrx_word' id='word_1_616' title='bbox 3333 3740 3629 3807; x_wconf 72' lang='grc' dir='ltr'>Βαπτιστῇ,</span> 
     </span>
    </p>
   </div>
   <div class='ocr_carea' id='block_1_86' title="bbox 2038 3818 3633 3895">
    <p class='ocr_par' dir='ltr' id='par_1_86' title="bbox 2038 3818 3633 3895">
     <span class='ocr_line' id='line_1_86' title="bbox 2038 3818 3633 3895; baseline 0.003 -22"><span class='ocrx_word' id='word_1_617' title='bbox 2038 3818 2127 3876; x_wconf 84' lang='grc' dir='ltr'><strong>ἆτε</strong></span> <span class='ocrx_word' id='word_1_618' title='bbox 2150 3823 2231 3876; x_wconf 85' lang='grc' dir='ltr'><strong>καί</strong></span> <span class='ocrx_word' id='word_1_619' title='bbox 2260 3824 2402 3894; x_wconf 80' lang='grc' dir='ltr'>αὐτῷ</span> <span class='ocrx_word' id='word_1_620' title='bbox 2436 3823 2563 3895; x_wconf 85' lang='grc' dir='ltr'>θριξὶ</span> <span class='ocrx_word' id='word_1_621' title='bbox 2591 3821 2811 3892; x_wconf 77' lang='grc' dir='ltr'>καμήλου</span> <span class='ocrx_word' id='word_1_622' title='bbox 2840 3822 3132 3893; x_wconf 78' lang='grc' dir='ltr'>σκιπομίνῳ</span> <span class='ocrx_word' id='word_1_623' title='bbox 3162 3823 3221 3877; x_wconf 64' lang='grc' dir='ltr'><strong>τό</strong></span> <span class='ocrx_word' id='word_1_624' title='bbox 3248 3829 3416 3891; x_wconf 77' lang='grc' dir='ltr'>σῶμα,</span> <span class='ocrx_word' id='word_1_625' title='bbox 3443 3824 3633 3877; x_wconf 76' lang='grc' dir='ltr'>ἐκεῖθεν</span> 
     </span>
    </p>
   </div>
   <div class='ocr_carea' id='block_1_87' title="bbox 2039 3908 3634 3989">
    <p class='ocr_par' dir='ltr' id='par_1_87' title="bbox 2039 3908 3634 3989">
     <span class='ocr_line' id='line_1_87' title="bbox 2039 3908 3634 3989; baseline 0.001 -23"><span class='ocrx_word' id='word_1_626' title='bbox 2039 3908 2179 3968; x_wconf 77' lang='grc' dir='ltr'>οὗτοι</span> <span class='ocrx_word' id='word_1_627' title='bbox 2207 3912 2413 3987; x_wconf 81' lang='grc' dir='ltr'>ἀνίστρε</span> <span class='ocrx_word' id='word_1_628' title='bbox 2452 3933 2503 3965; x_wconf 90' lang='grc' dir='ltr'><strong>ον</strong></span> <span class='ocrx_word' id='word_1_629' title='bbox 2552 3912 2905 3987; x_wconf 80' lang='grc' dir='ltr'>Ὀδοιπορούσι</span> <span class='ocrx_word' id='word_1_630' title='bbox 2932 3911 2985 3968; x_wconf 79' lang='grc' dir='ltr'><strong>δὲ</strong></span> <span class='ocrx_word' id='word_1_631' title='bbox 3029 3917 3222 3975; x_wconf 82' lang='grc' dir='ltr'>αὐτοῖς.</span> <span class='ocrx_word' id='word_1_632' title='bbox 3255 3916 3500 3989; x_wconf 82' lang='grc' dir='ltr'>κεραμεύς</span> <span class='ocrx_word' id='word_1_633' title='bbox 3540 3937 3634 3976; x_wconf 79' lang='grc' dir='ltr'><strong>τις</strong></span> 
     </span>
    </p>
   </div>
   <div class='ocr_carea' id='block_1_88' title="bbox 2039 3999 3638 4077">
    <p class='ocr_par' dir='ltr' id='par_1_88' title="bbox 2039 3999 3638 4077">
     <span class='ocr_line' id='line_1_88' title="bbox 2039 3999 3638 4077; baseline 0 -21"><span class='ocrx_word' id='word_1_634' title='bbox 2039 4002 2168 4056; x_wconf 86' lang='grc' dir='ltr'><strong>κατά</strong></span> <span class='ocrx_word' id='word_1_635' title='bbox 2211 4006 2298 4060; x_wconf 66' lang='grc' dir='ltr'><strong>τήν</strong></span> <span class='ocrx_word' id='word_1_636' title='bbox 2339 4000 2451 4056; x_wconf 84' lang='grc' dir='ltr'>όδόν</span> <span class='ocrx_word' id='word_1_637' title='bbox 2481 4001 2799 4074; x_wconf 75' lang='grc' dir='ltr'>ἐντυγχάνει.</span> <span class='ocrx_word' id='word_1_638' title='bbox 2829 3999 2881 4063; x_wconf 83' lang='grc' dir='ltr'>ὃς</span> <span class='ocrx_word' id='word_1_639' title='bbox 2909 4006 2988 4056; x_wconf 88' lang='grc' dir='ltr'><strong>καί</strong></span> <span class='ocrx_word' id='word_1_640' title='bbox 3017 4007 3163 4077; x_wconf 80' lang='grc' dir='ltr'>πενίᾳ</span> <span class='ocrx_word' id='word_1_641' title='bbox 3192 4005 3393 4074; x_wconf 71' lang='grc' dir='ltr'>ἐσχάτῃ</span> <span class='ocrx_word' id='word_1_642' title='bbox 3418 4004 3638 4071; x_wconf 70' lang='grc' dir='ltr'><strong>συ·.έξη⁹</strong></span> 
     </span>
    </p>
   </div>
   <div class='ocr_carea' id='block_1_89' title="bbox 2042 4093 3644 4168">
    <p class='ocr_par' dir='ltr' id='par_1_89' title="bbox 2042 4093 3644 4168">
     <span class='ocr_line' id='line_1_89' title="bbox 2042 4093 3644 4168; baseline 0.001 -23"><span class='ocrx_word' id='word_1_643' title='bbox 2042 4096 2126 4147; x_wconf 86' lang='grc' dir='ltr'><strong>καί</strong></span> <span class='ocrx_word' id='word_1_644' title='bbox 2164 4095 2354 4168; x_wconf 82' lang='grc' dir='ltr'>ἀπορίᾳ</span> <span class='ocrx_word' id='word_1_645' title='bbox 2391 4093 2713 4151; x_wconf 83' lang='grc' dir='ltr'>συνείληπτο.</span> <span class='ocrx_word' id='word_1_646' title='bbox 2744 4096 2957 4154; x_wconf 81' lang='grc' dir='ltr'>Τούτοις</span> <span class='ocrx_word' id='word_1_647' title='bbox 2998 4096 3153 4155; x_wconf 81' lang='grc' dir='ltr'>αὐτὸς</span> <span class='ocrx_word' id='word_1_648' title='bbox 3181 4101 3511 4157; x_wconf 58' lang='grc' dir='ltr'>συναντήσας,</span> <span class='ocrx_word' id='word_1_649' title='bbox 3543 4099 3644 4152; x_wconf 73' lang='grc' dir='ltr'>καὶ</span> 
     </span>
    </p>
   </div>
   <div class='ocr_carea' id='block_1_90' title="bbox 2041 4180 3643 4257">
    <p class='ocr_par' dir='ltr' id='par_1_90' title="bbox 2041 4180 3643 4257">
     <span class='ocr_line' id='line_1_90' title="bbox 2041 4180 3643 4257; baseline 0.003 -21"><span class='ocrx_word' id='word_1_650' title='bbox 2041 4180 2183 4243; x_wconf 84' lang='grc' dir='ltr'>όδοῦ,</span> <span class='ocrx_word' id='word_1_651' title='bbox 2211 4180 2289 4238; x_wconf 80' lang='grc' dir='ltr'>οἶα</span> <span class='ocrx_word' id='word_1_652' title='bbox 2318 4184 2465 4248; x_wconf 73' lang='grc' dir='ltr'>εἰκός,</span> <span class='ocrx_word' id='word_1_653' title='bbox 2491 4187 2817 4247; x_wconf 78' lang='grc' dir='ltr'>κοινωνήσας,</span> <span class='ocrx_word' id='word_1_654' title='bbox 2836 4185 3058 4243; x_wconf 84' lang='grc' dir='ltr'>κοινωνός</span> <span class='ocrx_word' id='word_1_655' title='bbox 3078 4187 3267 4257; x_wconf 75' lang='grc' dir='ltr'>γίνεται</span> <span class='ocrx_word' id='word_1_656' title='bbox 3290 4190 3374 4239; x_wconf 86' lang='grc' dir='ltr'><strong>καί</strong></span> <span class='ocrx_word' id='word_1_657' title='bbox 3401 4192 3488 4241; x_wconf 82' lang='grc' dir='ltr'>τοῦ</span> <span class='ocrx_word' id='word_1_658' title='bbox 3510 4188 3643 4241; x_wconf 74' lang='grc' dir='ltr'>ἐπι-</span> 
     </span>
    </p>
   </div>
   <div class='ocr_carea' id='block_1_91' title="bbox 2042 4274 3639 4351">
    <p class='ocr_par' dir='ltr' id='par_1_91' title="bbox 2042 4274 3639 4351">
     <span class='ocr_line' id='line_1_91' title="bbox 2042 4274 3639 4351; baseline 0.004 -25"><span class='ocrx_word' id='word_1_659' title='bbox 2042 4274 2308 4347; x_wconf 65' lang='grc' dir='ltr'>φερομένου</span> <span class='ocrx_word' id='word_1_660' title='bbox 2334 4276 2623 4349; x_wconf 84' lang='grc' dir='ltr'>μαρσίπου,</span> <span class='ocrx_word' id='word_1_661' title='bbox 2654 4274 2926 4344; x_wconf 81' lang='grc' dir='ltr'>βαστάζειν</span> <span class='ocrx_word' id='word_1_662' title='bbox 2956 4275 3079 4348; x_wconf 80' lang='grc' dir='ltr'>παρ’</span> <span class='ocrx_word' id='word_1_663' title='bbox 3104 4277 3265 4330; x_wconf 86' lang='grc' dir='ltr'>αὐτῶν</span> <span class='ocrx_word' id='word_1_664' title='bbox 3291 4283 3639 4351; x_wconf 75' lang='grc' dir='ltr'>προτραπεὶς.</span> 
     </span>
    </p>
   </div>
   <div class='ocr_carea' id='block_1_92' title="bbox 2044 4360 3645 4440">
    <p class='ocr_par' dir='ltr' id='par_1_92' title="bbox 2044 4360 3645 4440">
     <span class='ocr_line' id='line_1_92' title="bbox 2044 4360 3645 4440; baseline 0.002 -24"><span class='ocrx_word' id='word_1_665' title='bbox 2044 4365 2253 4425; x_wconf 77' lang='grc' dir='ltr'>Εὐήθεις</span> <span class='ocrx_word' id='word_1_666' title='bbox 2276 4360 2413 4420; x_wconf 80' lang='grc' dir='ltr'>οὗτοι</span> <span class='ocrx_word' id='word_1_667' title='bbox 2438 4367 2520 4417; x_wconf 88' lang='grc' dir='ltr'><strong>καί</strong></span> <span class='ocrx_word' id='word_1_668' title='bbox 2548 4371 2738 4436; x_wconf 76' lang='grc' dir='ltr'>κοῦφοι,</span> <span class='ocrx_word' id='word_1_669' title='bbox 2770 4366 3006 4438; x_wconf 73' lang='grc' dir='ltr'>σφέτερον</span> <span class='ocrx_word' id='word_1_670' title='bbox 3035 4365 3215 4436; x_wconf 83' lang='grc' dir='ltr'>ἀγαθόν</span> <span class='ocrx_word' id='word_1_671' title='bbox 3244 4364 3397 4440; x_wconf 75' lang='grc' dir='ltr'>ἑτέρῳ</span> <span class='ocrx_word' id='word_1_672' title='bbox 3418 4368 3645 4421; x_wconf 68' lang='grc' dir='ltr'>ἀπονει-</span> 
     </span>
    </p>
   </div>
   <div class='ocr_carea' id='block_1_93' title="bbox 2043 4454 3647 4527">
    <p class='ocr_par' dir='ltr' id='par_1_93' title="bbox 2043 4454 3647 4527">
     <span class='ocr_line' id='line_1_93' title="bbox 2043 4454 3647 4527; baseline 0.002 -20"><span class='ocrx_word' id='word_1_673' title='bbox 2043 4458 2276 4525; x_wconf 76' lang='grc' dir='ltr'>μάμενοι.</span> <span class='ocrx_word' id='word_1_674' title='bbox 2310 4458 2401 4509; x_wconf 69' lang='grc' dir='ltr'><strong>Καὶ</strong></span> <span class='ocrx_word' id='word_1_675' title='bbox 2443 4454 2469 4510; x_wconf 88' lang='grc' dir='ltr'><strong>ό</strong></span> <span class='ocrx_word' id='word_1_676' title='bbox 2504 4458 2592 4527; x_wconf 74' lang='grc' dir='ltr'>μέν</span> <span class='ocrx_word' id='word_1_677' title='bbox 2617 4457 2766 4515; x_wconf 82' lang='grc' dir='ltr'>πένης</span> <span class='ocrx_word' id='word_1_678' title='bbox 2795 4454 3044 4518; x_wconf 73' lang='grc' dir='ltr'>ὲϐάσταζε</span> <span class='ocrx_word' id='word_1_679' title='bbox 3086 4460 3156 4526; x_wconf 70' lang='grc' dir='ltr'>μή</span> <span class='ocrx_word' id='word_1_680' title='bbox 3192 4455 3335 4517; x_wconf 78' lang='grc' dir='ltr'>εἰδώς</span> <span class='ocrx_word' id='word_1_681' title='bbox 3371 4458 3427 4512; x_wconf 88' lang='grc' dir='ltr'>τὸ</span> <span class='ocrx_word' id='word_1_682' title='bbox 3455 4464 3647 4527; x_wconf 70' lang='grc' dir='ltr'>κειμή-</span> 
     </span>
    </p>
   </div>
   <div class='ocr_carea' id='block_1_94' title="bbox 2044 4544 3648 4622">
    <p class='ocr_par' dir='ltr' id='par_1_94' title="bbox 2044 4544 3648 4622">
     <span class='ocr_line' id='line_1_94' title="bbox 2044 4544 3648 4622; baseline 0.001 -23"><span class='ocrx_word' id='word_1_683' title='bbox 2044 4547 2173 4599; x_wconf 73' lang='grc' dir='ltr'>λιον*</span> <span class='ocrx_word' id='word_1_684' title='bbox 2205 4544 2319 4600; x_wconf 67' lang='grc' dir='ltr'>οὐδὲ</span> <span class='ocrx_word' id='word_1_685' title='bbox 2348 4549 2447 4621; x_wconf 82' lang='grc' dir='ltr'><strong>γάρ</strong></span> <span class='ocrx_word' id='word_1_686' title='bbox 2476 4548 2749 4618; x_wconf 74' lang='grc' dir='ltr'>ἐγνώρισαν</span> <span class='ocrx_word' id='word_1_687' title='bbox 2776 4553 2931 4601; x_wconf 79' lang='grc' dir='ltr'>τοῦτο</span> <span class='ocrx_word' id='word_1_688' title='bbox 2960 4548 3148 4600; x_wconf 72' lang='lat' dir='ltr'><strong>r&#39;zrt&#39;vet.</strong></span> <span class='ocrx_word' id='word_1_689' title='bbox 3178 4545 3237 4600; x_wconf 79' lang='grc' dir='ltr'>Ὀ</span> <span class='ocrx_word' id='word_1_690' title='bbox 3266 4545 3318 4601; x_wconf 81' lang='grc' dir='ltr'><em>δέ</em></span> <span class='ocrx_word' id='word_1_691' title='bbox 3346 4549 3467 4605; x_wconf 72' lang='grc' dir='ltr'>θεῖος</span> <span class='ocrx_word' id='word_1_692' title='bbox 3496 4550 3648 4622; x_wconf 84' lang='grc' dir='ltr'>Πρό-</span> 
     </span>
    </p>
   </div>
   <div class='ocr_carea' id='block_1_95' title="bbox 355 4608 3649 4717">
    <p class='ocr_par' dir='ltr' id='par_1_95' title="bbox 355 4608 3649 4717">
     <span class='ocr_line' id='line_1_95' title="bbox 355 4608 3649 4717; baseline -0.002 -14"><span class='ocrx_word' id='word_1_693' title='bbox 355 4661 475 4703; x_wconf 89' lang='lat' dir='ltr'><strong>rum</strong></span> <span class='ocrx_word' id='word_1_694' title='bbox 517 4643 671 4700; x_wconf 90' lang='lat' dir='ltr'><strong>alteri</strong></span> <span class='ocrx_word' id='word_1_695' title='bbox 701 4645 1002 4700; x_wconf 84' lang='lat' dir='ltr'><strong>tribuerint.</strong></span> <span class='ocrx_word' id='word_1_696' title='bbox 1052 4646 1129 4701; x_wconf 84' lang='lat' dir='ltr'><strong>Ac</strong></span> <span class='ocrx_word' id='word_1_697' title='bbox 1173 4645 1387 4717; x_wconf 86' lang='lat' dir='ltr'><strong>quidem</strong></span> <span class='ocrx_word' id='word_1_698' title='bbox 1434 4647 1678 4714; x_wconf 89' lang='lat' dir='ltr'><strong>gestabat</strong></span> <span class='ocrx_word' id='word_1_699' title='bbox 1716 4662 1941 4717; x_wconf 89' lang='lat' dir='ltr'><strong>pauper,</strong></span> <span class='ocrx_word' id='word_1_700' title='bbox 1970 4608 2025 4670; x_wconf 68' lang='grc' dir='ltr'><strong><em>Β</em></strong></span> <span class='ocrx_word' id='word_1_701' title='bbox 2050 4636 2238 4712; x_wconf 58' lang='lat' dir='ltr'><strong>amator</strong></span> <span class='ocrx_word' id='word_1_702' title='bbox 2262 4640 2427 4711; x_wconf 79' lang='grc' dir='ltr'>τούτῳ</span> <span class='ocrx_word' id='word_1_703' title='bbox 2453 4640 2844 4712; x_wconf 50' lang='lat' dir='ltr'><strong>imperarit-Just</strong></span> <span class='ocrx_word' id='word_1_704' title='bbox 2871 4641 2956 4692; x_wconf 86' lang='grc' dir='ltr'><strong>καί</strong></span> <span class='ocrx_word' id='word_1_705' title='bbox 2982 4638 3238 4700; x_wconf 64' lang='lat' dir='ltr'><strong>luat-relic</strong></span> <span class='ocrx_word' id='word_1_706' title='bbox 3266 4638 3418 4717; x_wconf 71' lang='grc' dir='ltr'>ἴγρινε</span> <span class='ocrx_word' id='word_1_707' title='bbox 3442 4641 3649 4697; x_wconf 80' lang='grc' dir='ltr'>τούτου</span> 
     </span>
    </p>
   </div>
   <div class='ocr_carea' id='block_1_96' title="bbox 356 4736 1944 4807">
    <p class='ocr_par' dir='ltr' id='par_1_96' title="bbox 356 4736 1944 4807">
     <span class='ocr_line' id='line_1_96' title="bbox 356 4736 1944 4807; baseline -0.001 -13"><span class='ocrx_word' id='word_1_708' title='bbox 356 4754 480 4794; x_wconf 83' lang='lat' dir='ltr'><strong>cum</strong></span> <span class='ocrx_word' id='word_1_709' title='bbox 509 4736 778 4795; x_wconf 90' lang='lat' dir='ltr'><strong>cimelium</strong></span> <span class='ocrx_word' id='word_1_710' title='bbox 809 4736 910 4807; x_wconf 89' lang='lat' dir='ltr'><strong>ipsi</strong></span> <span class='ocrx_word' id='word_1_711' title='bbox 958 4736 1214 4791; x_wconf 90' lang='lat' dir='ltr'><strong>creditum</strong></span> <span class='ocrx_word' id='word_1_712' title='bbox 1247 4736 1320 4790; x_wconf 88' lang='lat' dir='ltr'><strong>illi</strong></span> <span class='ocrx_word' id='word_1_713' title='bbox 1367 4737 1605 4806; x_wconf 84' lang='lat' dir='ltr'><strong>ignotum</strong></span> <span class='ocrx_word' id='word_1_714' title='bbox 1636 4745 1812 4803; x_wconf 89' lang='lat' dir='ltr'><strong>esset;</strong></span> <span class='ocrx_word' id='word_1_715' title='bbox 1846 4754 1944 4793; x_wconf 91' lang='lat' dir='ltr'><strong>nec</strong></span> 
     </span>
    </p>
   </div>
   <div class='ocr_carea' id='block_1_97' title="bbox 355 4828 1943 4888">
    <p class='ocr_par' dir='ltr' id='par_1_97' title="bbox 355 4828 1943 4888">
     <span class='ocr_line' id='line_1_97' title="bbox 355 4828 1943 4888; baseline -0.002 0"><span class='ocrx_word' id='word_1_716' title='bbox 355 4832 502 4888; x_wconf 91' lang='lat' dir='ltr'><strong>enim</strong></span> <span class='ocrx_word' id='word_1_717' title='bbox 531 4830 778 4886; x_wconf 89' lang='lat' dir='ltr'><strong>monachi</strong></span> <span class='ocrx_word' id='word_1_718' title='bbox 808 4829 1189 4886; x_wconf 76' lang='lat' dir='ltr'><strong>indicaverunt.</strong></span> <span class='ocrx_word' id='word_1_719' title='bbox 1239 4830 1455 4885; x_wconf 90' lang='lat' dir='ltr'><strong>Divinus</strong></span> <span class='ocrx_word' id='word_1_720' title='bbox 1482 4839 1661 4886; x_wconf 91' lang='lat' dir='ltr'><strong>autem</strong></span> <span class='ocrx_word' id='word_1_721' title='bbox 1703 4828 1943 4885; x_wconf 71' lang='lat' dir='ltr'><strong>Prmeur-</strong></span> 
     </span>
    </p>
   </div>
   <div class='ocr_carea' id='block_1_98' title="bbox 357 4921 1942 4992">
    <p class='ocr_par' dir='ltr' id='par_1_98' title="bbox 357 4921 1942 4992">
     <span class='ocr_line' id='line_1_98' title="bbox 357 4921 1942 4992; baseline -0.003 -12"><span class='ocrx_word' id='word_1_722' title='bbox 357 4938 451 4980; x_wconf 80' lang='lat' dir='ltr'><strong>sor</strong></span> <span class='ocrx_word' id='word_1_723' title='bbox 478 4923 552 4978; x_wconf 90' lang='lat' dir='ltr'><strong>illi</strong></span> <span class='ocrx_word' id='word_1_724' title='bbox 599 4935 865 4992; x_wconf 86' lang='lat' dir='ltr'><strong>apparens</strong></span> <span class='ocrx_word' id='word_1_725' title='bbox 886 4963 901 4988; x_wconf 91' lang='lat'><strong>,</strong></span> <span class='ocrx_word' id='word_1_726' title='bbox 929 4936 1051 4976; x_wconf 88' lang='lat' dir='ltr'><strong>cum</strong></span> <span class='ocrx_word' id='word_1_727' title='bbox 1081 4931 1136 4977; x_wconf 89' lang='lat' dir='ltr'><strong>et</strong></span> <span class='ocrx_word' id='word_1_728' title='bbox 1162 4921 1361 4991; x_wconf 89' lang='lat' dir='ltr'><strong>oppido</strong></span> <span class='ocrx_word' id='word_1_729' title='bbox 1391 4922 1563 4978; x_wconf 91' lang='lat' dir='ltr'><strong>eidem</strong></span> <span class='ocrx_word' id='word_1_730' title='bbox 1600 4922 1942 4977; x_wconf 90' lang='lat' dir='ltr'><strong>commodum</strong></span> 
     </span>
    </p>
   </div>
   <div class='ocr_carea' id='block_1_99' title="bbox 359 5010 1944 5083">
    <p class='ocr_par' dir='ltr' id='par_1_99' title="bbox 359 5010 1944 5083">
     <span class='ocr_line' id='line_1_99' title="bbox 359 5010 1944 5083; baseline 0.001 -16"><span class='ocrx_word' id='word_1_731' title='bbox 359 5015 529 5069; x_wconf 81' lang='lat' dir='ltr'><strong>visum</strong></span> <span class='ocrx_word' id='word_1_732' title='bbox 558 5020 704 5068; x_wconf 86' lang='lat' dir='ltr'><strong>esset</strong></span> <span class='ocrx_word' id='word_1_733' title='bbox 731 5021 790 5067; x_wconf 92' lang='lat' dir='ltr'><strong>ut</strong></span> <span class='ocrx_word' id='word_1_734' title='bbox 820 5010 895 5066; x_wconf 93' lang='lat' dir='ltr'><strong>illi</strong></span> <span class='ocrx_word' id='word_1_735' title='bbox 938 5027 1131 5065; x_wconf 90' lang='lat' dir='ltr'><strong>munus</strong></span> <span class='ocrx_word' id='word_1_736' title='bbox 1180 5011 1417 5077; x_wconf 91' lang='lat' dir='ltr'><strong>cederet,</strong></span> <span class='ocrx_word' id='word_1_737' title='bbox 1452 5020 1562 5066; x_wconf 89' lang='lat' dir='ltr'><strong>tum</strong></span> <span class='ocrx_word' id='word_1_738' title='bbox 1611 5012 1770 5067; x_wconf 91' lang='lat' dir='ltr'><strong>docet</strong></span> <span class='ocrx_word' id='word_1_739' title='bbox 1816 5012 1944 5083; x_wconf 90' lang='lat' dir='ltr'><strong>quid</strong></span> 
     </span>
    </p>
   </div>
   <div class='ocr_carea' id='block_1_100' title="bbox 358 5102 1943 5174">
    <p class='ocr_par' dir='ltr' id='par_1_100' title="bbox 358 5102 1943 5174">
     <span class='ocr_line' id='line_1_100' title="bbox 358 5102 1943 5174; baseline -0.002 -13"><span class='ocrx_word' id='word_1_740' title='bbox 358 5106 629 5161; x_wconf 86' lang='lat' dir='ltr'><strong>occultum</strong></span> <span class='ocrx_word' id='word_1_741' title='bbox 653 5112 846 5174; x_wconf 90' lang='lat' dir='ltr'><strong>gestet,</strong></span> <span class='ocrx_word' id='word_1_742' title='bbox 880 5110 992 5158; x_wconf 92' lang='lat' dir='ltr'><strong>tum</strong></span> <span class='ocrx_word' id='word_1_743' title='bbox 1015 5119 1134 5158; x_wconf 92' lang='lat' dir='ltr'><strong>cum</strong></span> <span class='ocrx_word' id='word_1_744' title='bbox 1162 5103 1253 5157; x_wconf 86' lang='lat' dir='ltr'><strong>illo</strong></span> <span class='ocrx_word' id='word_1_745' title='bbox 1283 5102 1465 5172; x_wconf 82' lang='lat' dir='ltr'><strong>fugere</strong></span> <span class='ocrx_word' id='word_1_746' title='bbox 1482 5102 1654 5172; x_wconf 86' lang='lat' dir='ltr'><strong>jubet.</strong></span> <span class='ocrx_word' id='word_1_747' title='bbox 1686 5103 1778 5158; x_wconf 90' lang='lat' dir='ltr'><strong>llle</strong></span> <span class='ocrx_word' id='word_1_748' title='bbox 1805 5105 1943 5158; x_wconf 90' lang='lat' dir='ltr'><strong>clam</strong></span> 
     </span>
    </p>
   </div>
   <div class='ocr_carea' id='block_1_101' title="bbox 359 5194 1945 5263">
    <p class='ocr_par' dir='ltr' id='par_1_101' title="bbox 359 5194 1945 5263">
     <span class='ocr_line' id='line_1_101' title="bbox 359 5194 1945 5263; baseline 0.001 -14"><span class='ocrx_word' id='word_1_749' title='bbox 359 5197 645 5250; x_wconf 89' lang='lat' dir='ltr'><strong>comitibus</strong></span> <span class='ocrx_word' id='word_1_750' title='bbox 672 5196 822 5251; x_wconf 89' lang='lat' dir='ltr'><strong>ocius</strong></span> <span class='ocrx_word' id='word_1_751' title='bbox 860 5194 994 5263; x_wconf 89' lang='lat' dir='ltr'><strong>fugit</strong></span> <span class='ocrx_word' id='word_1_752' title='bbox 1039 5202 1246 5249; x_wconf 87' lang='lat' dir='ltr'><strong>tantum</strong></span> <span class='ocrx_word' id='word_1_753' title='bbox 1285 5209 1464 5249; x_wconf 86' lang='lat' dir='ltr'><strong>secum</strong></span> <span class='ocrx_word' id='word_1_754' title='bbox 1509 5203 1797 5263; x_wconf 82' lang='lat' dir='ltr'><strong>exportans</strong></span> <span class='ocrx_word' id='word_1_755' title='bbox 1823 5196 1945 5250; x_wconf 92' lang='lat' dir='ltr'><strong>the-</strong></span> 
     </span>
    </p>
   </div>
   <div class='ocr_carea' id='block_1_102' title="bbox 362 5286 1943 5357">
    <p class='ocr_par' dir='ltr' id='par_1_102' title="bbox 362 5286 1943 5357">
     <span class='ocr_line' id='line_1_102' title="bbox 362 5286 1943 5357; baseline -0.001 -16"><span class='ocrx_word' id='word_1_756' title='bbox 362 5301 618 5353; x_wconf 86' lang='lat' dir='ltr'><strong>saurum;</strong></span> <span class='ocrx_word' id='word_1_757' title='bbox 651 5289 732 5343; x_wconf 94' lang='lat' dir='ltr'><strong>cui</strong></span> <span class='ocrx_word' id='word_1_758' title='bbox 764 5290 853 5343; x_wconf 90' lang='lat' dir='ltr'><strong>ille</strong></span> <span class='ocrx_word' id='word_1_759' title='bbox 899 5287 1152 5356; x_wconf 89' lang='lat' dir='ltr'><strong>deinceps</strong></span> <span class='ocrx_word' id='word_1_760' title='bbox 1200 5286 1479 5341; x_wconf 88' lang='lat' dir='ltr'><strong>innumera</strong></span> <span class='ocrx_word' id='word_1_761' title='bbox 1525 5286 1664 5341; x_wconf 90' lang='lat' dir='ltr'><strong>bona</strong></span> <span class='ocrx_word' id='word_1_762' title='bbox 1705 5288 1943 5357; x_wconf 89' lang='lat' dir='ltr'><strong>peperit;</strong></span> 
     </span>
    </p>
   </div>
   <div class='ocr_carea' id='block_1_103' title="bbox 363 5377 1947 5447">
    <p class='ocr_par' dir='ltr' id='par_1_103' title="bbox 363 5377 1947 5447">
     <span class='ocr_line' id='line_1_103' title="bbox 363 5377 1947 5447; baseline 0.004 -19"><span class='ocrx_word' id='word_1_763' title='bbox 363 5377 562 5433; x_wconf 80' lang='lat' dir='ltr'><strong>divitiis</strong></span> <span class='ocrx_word' id='word_1_764' title='bbox 597 5379 839 5447; x_wconf 88' lang='lat' dir='ltr'><strong>pollenti,</strong></span> <span class='ocrx_word' id='word_1_765' title='bbox 869 5395 931 5435; x_wconf 91' lang='lat' dir='ltr'><strong>ac</strong></span> <span class='ocrx_word' id='word_1_766' title='bbox 974 5378 1162 5434; x_wconf 88' lang='lat' dir='ltr'><strong>faustis</strong></span> <span class='ocrx_word' id='word_1_767' title='bbox 1205 5379 1374 5433; x_wconf 90' lang='lat' dir='ltr'><strong>utenti</strong></span> <span class='ocrx_word' id='word_1_768' title='bbox 1415 5378 1601 5443; x_wconf 88' lang='lat' dir='ltr'><strong>rebus,</strong></span> <span class='ocrx_word' id='word_1_769' title='bbox 1633 5379 1947 5447; x_wconf 87' lang='lat' dir='ltr'><strong>cunctisque</strong></span> 
     </span>
    </p>
   </div>
   <div class='ocr_carea' id='block_1_104' title="bbox 364 5468 1947 5539">
    <p class='ocr_par' dir='ltr' id='par_1_104' title="bbox 364 5468 1947 5539">
     <span class='ocr_line' id='line_1_104' title="bbox 364 5468 1947 5539; baseline 0.001 -17"><span class='ocrx_word' id='word_1_770' title='bbox 364 5468 483 5525; x_wconf 83' lang='lat' dir='ltr'><strong>aliis</strong></span> <span class='ocrx_word' id='word_1_771' title='bbox 508 5482 763 5539; x_wconf 88' lang='lat' dir='ltr'><strong>prospere</strong></span> <span class='ocrx_word' id='word_1_772' title='bbox 783 5469 831 5523; x_wconf 92' lang='lat' dir='ltr'><strong>ei</strong></span> <span class='ocrx_word' id='word_1_773' title='bbox 860 5470 1192 5526; x_wconf 88' lang='lat' dir='ltr'><strong>cedentibus.</strong></span> <span class='ocrx_word' id='word_1_774' title='bbox 1235 5469 1365 5536; x_wconf 88' lang='lat' dir='ltr'><strong>Quia</strong></span> <span class='ocrx_word' id='word_1_775' title='bbox 1406 5483 1535 5524; x_wconf 87' lang='lat' dir='ltr'><strong>vero</strong></span> <span class='ocrx_word' id='word_1_776' title='bbox 1564 5468 1808 5524; x_wconf 89' lang='lat' dir='ltr'><strong>humanis</strong></span> <span class='ocrx_word' id='word_1_777' title='bbox 1833 5469 1947 5538; x_wconf 91' lang='lat' dir='ltr'><strong>jam</strong></span> 
     </span>
    </p>
   </div>
   <div class='ocr_carea' id='block_1_105' title="bbox 365 5559 1949 5629">
    <p class='ocr_par' dir='ltr' id='par_1_105' title="bbox 365 5559 1949 5629">
     <span class='ocr_line' id='line_1_105' title="bbox 365 5559 1949 5629; baseline -0.002 -13"><span class='ocrx_word' id='word_1_778' title='bbox 365 5576 681 5617; x_wconf 77' lang='lat' dir='ltr'><strong>excessurus</strong></span> <span class='ocrx_word' id='word_1_779' title='bbox 706 5570 842 5625; x_wconf 85' lang='lat' dir='ltr'><strong>erat,</strong></span> <span class='ocrx_word' id='word_1_780' title='bbox 873 5562 1045 5616; x_wconf 89' lang='lat' dir='ltr'><strong>sorori</strong></span> <span class='ocrx_word' id='word_1_781' title='bbox 1066 5577 1177 5616; x_wconf 71' lang='lat' dir='ltr'><strong>sua:</strong></span> <span class='ocrx_word' id='word_1_782' title='bbox 1199 5576 1390 5615; x_wconf 90' lang='lat' dir='ltr'><strong>munus</strong></span> <span class='ocrx_word' id='word_1_783' title='bbox 1419 5567 1535 5615; x_wconf 93' lang='lat' dir='ltr'><strong>tuto</strong></span> <span class='ocrx_word' id='word_1_784' title='bbox 1564 5560 1618 5615; x_wconf 87' lang='lat' dir='ltr'><strong>in</strong></span> <span class='ocrx_word' id='word_1_785' title='bbox 1647 5559 1825 5616; x_wconf 90' lang='lat' dir='ltr'><strong>arcula</strong></span> <span class='ocrx_word' id='word_1_786' title='bbox 1851 5573 1949 5629; x_wconf 84' lang='lat' dir='ltr'><strong>po-</strong></span> 
     </span>
    </p>
   </div>
   <div class='ocr_carea' id='block_1_106' title="bbox 365 5651 1945 5724">
    <p class='ocr_par' dir='ltr' id='par_1_106' title="bbox 365 5651 1945 5724">
     <span class='ocr_line' id='line_1_106' title="bbox 365 5651 1945 5724; baseline -0.001 -16"><span class='ocrx_word' id='word_1_787' title='bbox 365 5654 526 5708; x_wconf 86' lang='lat' dir='ltr'><strong>situm</strong></span> <span class='ocrx_word' id='word_1_788' title='bbox 576 5651 878 5719; x_wconf 89' lang='lat' dir='ltr'><strong>contradit,</strong></span> <span class='ocrx_word' id='word_1_789' title='bbox 921 5663 1207 5723; x_wconf 84' lang='lat' dir='ltr'><strong>monetque</strong></span> <span class='ocrx_word' id='word_1_790' title='bbox 1254 5668 1324 5709; x_wconf 88' lang='lat' dir='ltr'><strong>ne</strong></span> <span class='ocrx_word' id='word_1_791' title='bbox 1362 5654 1510 5724; x_wconf 88' lang='lat' dir='ltr'><strong>prius</strong></span> <span class='ocrx_word' id='word_1_792' title='bbox 1557 5666 1680 5708; x_wconf 90' lang='lat' dir='ltr'><strong>arca</strong></span> <span class='ocrx_word' id='word_1_793' title='bbox 1728 5651 1945 5718; x_wconf 90' lang='lat' dir='ltr'><strong>educat,</strong></span> 
     </span>
    </p>
   </div>
   <div class='ocr_carea' id='block_1_107' title="bbox 366 5741 1948 5813">
    <p class='ocr_par' dir='ltr' id='par_1_107' title="bbox 366 5741 1948 5813">
     <span class='ocr_line' id='line_1_107' title="bbox 366 5741 1948 5813; baseline 0.001 -16"><span class='ocrx_word' id='word_1_794' title='bbox 366 5757 527 5813; x_wconf 83' lang='lat' dir='ltr'><strong>quam</strong></span> <span class='ocrx_word' id='word_1_795' title='bbox 556 5742 645 5797; x_wconf 90' lang='lat' dir='ltr'><strong>ille</strong></span> <span class='ocrx_word' id='word_1_796' title='bbox 666 5741 874 5795; x_wconf 87' lang='lat' dir='ltr'><strong>nuntiet</strong></span> <span class='ocrx_word' id='word_1_797' title='bbox 904 5742 1023 5796; x_wconf 69' lang='lat' dir='ltr'><strong>vitzc</strong></span> <span class='ocrx_word' id='word_1_798' title='bbox 1050 5745 1249 5797; x_wconf 85' lang='lat' dir='ltr'><strong>exitum</strong></span> <span class='ocrx_word' id='word_1_799' title='bbox 1278 5760 1288 5795; x_wconf 89' lang='lat'><strong>:</strong></span> <span class='ocrx_word' id='word_1_800' title='bbox 1314 5757 1501 5797; x_wconf 89' lang='lat' dir='ltr'><strong>revera</strong></span> <span class='ocrx_word' id='word_1_801' title='bbox 1528 5741 1669 5797; x_wconf 86' lang='lat' dir='ltr'><strong>enim</strong></span> <span class='ocrx_word' id='word_1_802' title='bbox 1700 5756 1948 5810; x_wconf 83' lang='lat' dir='ltr'><strong>magnum</strong></span> 
     </span>
    </p>
   </div>
   <div class='ocr_carea' id='block_1_108' title="bbox 368 5831 1947 5904">
    <p class='ocr_par' dir='ltr' id='par_1_108' title="bbox 368 5831 1947 5904">
     <span class='ocr_line' id='line_1_108' title="bbox 368 5831 1947 5904; baseline -0.001 -17"><span class='ocrx_word' id='word_1_803' title='bbox 368 5832 496 5903; x_wconf 89' lang='lat' dir='ltr'><strong>quid</strong></span> <span class='ocrx_word' id='word_1_804' title='bbox 516 5833 652 5889; x_wconf 81' lang='lat' dir='ltr'><strong>istud</strong></span> <span class='ocrx_word' id='word_1_805' title='bbox 666 5831 1062 5903; x_wconf 81' lang='lat' dir='ltr'><strong>csse,quodque</strong></span> <span class='ocrx_word' id='word_1_806' title='bbox 1085 5846 1273 5900; x_wconf 84' lang='lat' dir='ltr'><strong>magna</strong></span> <span class='ocrx_word' id='word_1_807' title='bbox 1297 5834 1363 5887; x_wconf 85' lang='lat' dir='ltr'><strong>sit</strong></span> <span class='ocrx_word' id='word_1_808' title='bbox 1386 5833 1747 5904; x_wconf 66' lang='lat' dir='ltr'><strong>pra‘biturutn.</strong></span> <span class='ocrx_word' id='word_1_809' title='bbox 1771 5850 1788 5883; x_wconf 81' lang='grc' dir='ltr'><strong>ι</strong></span> <span class='ocrx_word' id='word_1_810' title='bbox 1817 5831 1947 5886; x_wconf 82' lang='lat' dir='ltr'><strong>Nam</strong></span> 
     </span>
    </p>
   </div>
   <div class='ocr_carea' id='block_1_109' title="bbox 2048 4733 3651 4810">
    <p class='ocr_par' dir='ltr' id='par_1_109' title="bbox 2048 4733 3651 4810">
     <span class='ocr_line' id='line_1_109' title="bbox 2048 4733 3651 4810; baseline 0.001 -20"><span class='ocrx_word' id='word_1_811' title='bbox 2048 4736 2281 4808; x_wconf 77' lang='grc' dir='ltr'>γενέσθαι</span> <span class='ocrx_word' id='word_1_812' title='bbox 2302 4738 2359 4792; x_wconf 88' lang='grc' dir='ltr'><strong>τό</strong></span> <span class='ocrx_word' id='word_1_813' title='bbox 2389 4733 2569 4803; x_wconf 77' lang='grc' dir='ltr'>δῶρον,</span> <span class='ocrx_word' id='word_1_814' title='bbox 2597 4735 2652 4789; x_wconf 92' lang='grc' dir='ltr'><strong>τό</strong></span> <span class='ocrx_word' id='word_1_815' title='bbox 2675 4757 2732 4790; x_wconf 89' lang='grc' dir='ltr'><strong>τε</strong></span> <span class='ocrx_word' id='word_1_816' title='bbox 2757 4734 2988 4791; x_wconf 80' lang='grc' dir='ltr'>λανθάνον</span> <span class='ocrx_word' id='word_1_817' title='bbox 3015 4739 3264 4808; x_wconf 77' lang='grc' dir='ltr'>γνωρίζει,</span> <span class='ocrx_word' id='word_1_818' title='bbox 3292 4738 3375 4788; x_wconf 83' lang='grc' dir='ltr'><strong>καί</strong></span> <span class='ocrx_word' id='word_1_819' title='bbox 3400 4733 3651 4810; x_wconf 68' lang='grc' dir='ltr'>ἀποδραί-</span> 
     </span>
    </p>
   </div>
   <div class='ocr_carea' id='block_1_110' title="bbox 2051 4826 3650 4902">
    <p class='ocr_par' dir='ltr' id='par_1_110' title="bbox 2051 4826 3650 4902">
     <span class='ocr_line' id='line_1_110' title="bbox 2051 4826 3650 4902; baseline 0.001 -21"><span class='ocrx_word' id='word_1_820' title='bbox 2051 4852 2131 4884; x_wconf 70' lang='lat' dir='ltr'><strong>vet</strong></span> <span class='ocrx_word' id='word_1_821' title='bbox 2158 4830 2252 4884; x_wconf 86' lang='grc' dir='ltr'><strong>σύν</strong></span> <span class='ocrx_word' id='word_1_822' title='bbox 2280 4831 2447 4898; x_wconf 87' lang='grc' dir='ltr'>τούτῳ</span> <span class='ocrx_word' id='word_1_823' title='bbox 2476 4830 2817 4902; x_wconf 85' lang='grc' dir='ltr'>προστάττει·</span> <span class='ocrx_word' id='word_1_824' title='bbox 2848 4826 2900 4888; x_wconf 69' lang='grc' dir='ltr'>ξς</span> <span class='ocrx_word' id='word_1_825' title='bbox 2927 4830 3010 4881; x_wconf 89' lang='grc' dir='ltr'><strong>καί</strong></span> <span class='ocrx_word' id='word_1_826' title='bbox 3046 4827 3206 4881; x_wconf 86' lang='grc' dir='ltr'>λαθὼν</span> <span class='ocrx_word' id='word_1_827' title='bbox 3248 4830 3365 4888; x_wconf 88' lang='grc' dir='ltr'>τούς</span> <span class='ocrx_word' id='word_1_828' title='bbox 3403 4826 3650 4883; x_wconf 76' lang='grc' dir='ltr'>συνοδοι-</span> 
     </span>
    </p>
   </div>
   <div class='ocr_carea' id='block_1_111' title="bbox 2051 4917 3651 4993">
    <p class='ocr_par' dir='ltr' id='par_1_111' title="bbox 2051 4917 3651 4993">
     <span class='ocr_line' id='line_1_111' title="bbox 2051 4917 3651 4993; baseline 0 -18"><span class='ocrx_word' id='word_1_829' title='bbox 2051 4921 2264 4991; x_wconf 55' lang='grc' dir='ltr'>πόρους.</span> <span class='ocrx_word' id='word_1_830' title='bbox 2308 4921 2489 4975; x_wconf 82' lang='grc' dir='ltr'>θᾶττον</span> <span class='ocrx_word' id='word_1_831' title='bbox 2517 4917 2903 4992; x_wconf 73' lang='grc' dir='ltr'>ἀποδιδράσκει,</span> <span class='ocrx_word' id='word_1_832' title='bbox 2929 4918 3183 4993; x_wconf 83' lang='grc' dir='ltr'>θησαυρόν</span> <span class='ocrx_word' id='word_1_833' title='bbox 3208 4918 3495 4976; x_wconf 83' lang='grc' dir='ltr'>τηλικοῦτον</span> <span class='ocrx_word' id='word_1_834' title='bbox 3514 4919 3651 4975; x_wconf 71' lang='grc' dir='ltr'>ἑπι-</span> 
     </span>
    </p>
   </div>
   <div class='ocr_carea' id='block_1_112' title="bbox 2052 5005 3648 5083">
    <p class='ocr_par' dir='ltr' id='par_1_112' title="bbox 2052 5005 3648 5083">
     <span class='ocr_line' id='line_1_112' title="bbox 2052 5005 3648 5083; baseline -0.001 -18"><span class='ocrx_word' id='word_1_835' title='bbox 2052 5012 2314 5083; x_wconf 79' lang='grc' dir='ltr'>φερόμενος</span> <span class='ocrx_word' id='word_1_836' title='bbox 2341 5026 2355 5039; x_wconf 87' lang='grc'><strong>·</strong></span> <span class='ocrx_word' id='word_1_837' title='bbox 2456 5013 2540 5064; x_wconf 87' lang='grc' dir='ltr'><strong>καί</strong></span> <span class='ocrx_word' id='word_1_838' title='bbox 2579 5009 2678 5064; x_wconf 86' lang='grc' dir='ltr'>ἀπὸ</span> <span class='ocrx_word' id='word_1_839' title='bbox 2700 5007 2847 5065; x_wconf 82' lang='grc' dir='ltr'>τοῦδε</span> <span class='ocrx_word' id='word_1_840' title='bbox 2901 5011 3061 5083; x_wconf 86' lang='grc' dir='ltr'>μυρία</span> <span class='ocrx_word' id='word_1_841' title='bbox 3098 5009 3307 5082; x_wconf 69' lang='grc' dir='ltr'>ἀπίρίῖει</span> <span class='ocrx_word' id='word_1_842' title='bbox 3346 5010 3410 5063; x_wconf 89' lang='grc' dir='ltr'><strong>τά</strong></span> <span class='ocrx_word' id='word_1_843' title='bbox 3439 5010 3648 5079; x_wconf 76' lang='grc' dir='ltr'>ἀγαθὰ,</span> 
     </span>
    </p>
   </div>
   <div class='ocr_carea' id='block_1_113' title="bbox 2052 5095 3651 5174">
    <p class='ocr_par' dir='ltr' id='par_1_113' title="bbox 2052 5095 3651 5174">
     <span class='ocr_line' id='line_1_113' title="bbox 2052 5095 3651 5174; baseline -0.002 -19"><span class='ocrx_word' id='word_1_844' title='bbox 2052 5101 2255 5171; x_wconf 83' lang='grc' dir='ltr'>πλούτῳ</span> <span class='ocrx_word' id='word_1_845' title='bbox 2280 5103 2360 5154; x_wconf 89' lang='grc' dir='ltr'><strong>καί</strong></span> <span class='ocrx_word' id='word_1_846' title='bbox 2398 5102 2651 5174; x_wconf 82' lang='grc' dir='ltr'>εὐπραγίᾳ</span> <span class='ocrx_word' id='word_1_847' title='bbox 2676 5108 2911 5170; x_wconf 80' lang='grc' dir='ltr'>κομῶντι,</span> <span class='ocrx_word' id='word_1_848' title='bbox 2935 5103 3015 5153; x_wconf 85' lang='grc' dir='ltr'><strong>καί</strong></span> <span class='ocrx_word' id='word_1_849' title='bbox 3034 5105 3168 5154; x_wconf 82' lang='grc' dir='ltr'>πᾶσι</span> <span class='ocrx_word' id='word_1_850' title='bbox 3214 5107 3321 5160; x_wconf 85' lang='grc' dir='ltr'>τοῖς</span> <span class='ocrx_word' id='word_1_851' title='bbox 3348 5095 3511 5157; x_wconf 82' lang='grc' dir='ltr'>ἄλλοις</span> <span class='ocrx_word' id='word_1_852' title='bbox 3554 5102 3651 5152; x_wconf 74' lang='grc' dir='ltr'>εὐο</span> 
     </span>
    </p>
   </div>
   <div class='ocr_carea' id='block_1_114' title="bbox 2051 5186 3647 5263">
    <p class='ocr_par' dir='ltr' id='par_1_114' title="bbox 2051 5186 3647 5263">
     <span class='ocr_line' id='line_1_114' title="bbox 2051 5186 3647 5263; baseline 0.001 -19"><span class='ocrx_word' id='word_1_853' title='bbox 2051 5193 2354 5263; x_wconf 77' lang='grc' dir='ltr'>θυνουμένῳ.</span> <span class='ocrx_word' id='word_1_854' title='bbox 2379 5188 2519 5245; x_wconf 79' lang='grc' dir='ltr'>Ἐπεί</span> <span class='ocrx_word' id='word_1_855' title='bbox 2547 5188 2590 5245; x_wconf 78' lang='grc' dir='ltr'><strong>δ’</strong></span> <span class='ocrx_word' id='word_1_856' title='bbox 2615 5189 2808 5261; x_wconf 76' lang='grc' dir='ltr'>ἔμελλεν</span> <span class='ocrx_word' id='word_1_857' title='bbox 2831 5186 2980 5251; x_wconf 74' lang='grc' dir='ltr'>οὗτος</span> <span class='ocrx_word' id='word_1_858' title='bbox 3004 5191 3086 5245; x_wconf 88' lang='grc' dir='ltr'><strong>τόν</strong></span> <span class='ocrx_word' id='word_1_859' title='bbox 3112 5191 3221 5262; x_wconf 82' lang='grc' dir='ltr'>βίον</span> <span class='ocrx_word' id='word_1_860' title='bbox 3243 5191 3647 5261; x_wconf 76' lang='grc' dir='ltr'>ἀπολιμπάνειν,</span> 
     </span>
    </p>
   </div>
   <div class='ocr_carea' id='block_1_115' title="bbox 2051 5281 3651 5358">
    <p class='ocr_par' dir='ltr' id='par_1_115' title="bbox 2051 5281 3651 5358">
     <span class='ocr_line' id='line_1_115' title="bbox 2051 5281 3651 5358; baseline -0.003 -18"><span class='ocrx_word' id='word_1_861' title='bbox 2051 5294 2113 5358; x_wconf 77' lang='grc' dir='ltr'>τῇ</span> <span class='ocrx_word' id='word_1_862' title='bbox 2141 5283 2241 5358; x_wconf 69' lang='grc' dir='ltr'>ἰδίᾳ</span> <span class='ocrx_word' id='word_1_863' title='bbox 2268 5283 2450 5355; x_wconf 65' lang='grc' dir='ltr'>ἀδελφῇ</span> <span class='ocrx_word' id='word_1_864' title='bbox 2480 5285 2755 5358; x_wconf 73' lang='grc' dir='ltr'>ἐγχειρίζει</span> <span class='ocrx_word' id='word_1_865' title='bbox 2779 5283 2835 5339; x_wconf 82' lang='grc' dir='ltr'><strong>τό</strong></span> <span class='ocrx_word' id='word_1_866' title='bbox 2864 5282 3042 5357; x_wconf 85' lang='grc' dir='ltr'>δῶρον,</span> <span class='ocrx_word' id='word_1_867' title='bbox 3066 5282 3282 5353; x_wconf 81' lang='grc' dir='ltr'>κιϐωτίῳ</span> <span class='ocrx_word' id='word_1_868' title='bbox 3304 5289 3451 5338; x_wconf 81' lang='grc' dir='ltr'>τοῦτο</span> <span class='ocrx_word' id='word_1_869' title='bbox 3472 5281 3651 5354; x_wconf 70' lang='grc' dir='ltr'>ἀσφα-</span> 
     </span>
    </p>
   </div>
   <div class='ocr_carea' id='block_1_116' title="bbox 2051 5371 3651 5450">
    <p class='ocr_par' dir='ltr' id='par_1_116' title="bbox 2051 5371 3651 5450">
     <span class='ocr_line' id='line_1_116' title="bbox 2051 5371 3651 5450; baseline -0.004 -22"><span class='ocrx_word' id='word_1_870' title='bbox 2051 5375 2342 5447; x_wconf 70' lang='grc' dir='ltr'>λισλμενος·</span> <span class='ocrx_word' id='word_1_871' title='bbox 2436 5375 2514 5427; x_wconf 87' lang='grc' dir='ltr'><strong>καί</strong></span> <span class='ocrx_word' id='word_1_872' title='bbox 2540 5377 2913 5447; x_wconf 71' lang='grc' dir='ltr'>παρεγγυόπαι,</span> <span class='ocrx_word' id='word_1_873' title='bbox 2962 5378 3031 5443; x_wconf 77' lang='grc' dir='ltr'>μή</span> <span class='ocrx_word' id='word_1_874' title='bbox 3055 5372 3299 5450; x_wconf 79' lang='grc' dir='ltr'>πρότερον</span> <span class='ocrx_word' id='word_1_875' title='bbox 3341 5375 3427 5426; x_wconf 78' lang='grc' dir='ltr'>τοῦ</span> <span class='ocrx_word' id='word_1_876' title='bbox 3473 5371 3651 5423; x_wconf 69' lang='grc' dir='ltr'>κιϐω-</span> 
     </span>
    </p>
   </div>
   <div class='ocr_carea' id='block_1_117' title="bbox 2053 5459 3724 5539">
    <p class='ocr_par' dir='ltr' id='par_1_117' title="bbox 2053 5459 3724 5539">
     <span class='ocr_line' id='line_1_117' title="bbox 2053 5459 3724 5539; baseline -0.004 -18"><span class='ocrx_word' id='word_1_877' title='bbox 2053 5470 2161 5521; x_wconf 80' lang='grc' dir='ltr'>τίου</span> <span class='ocrx_word' id='word_1_878' title='bbox 2191 5468 2469 5539; x_wconf 71' lang='grc' dir='ltr'>ἐξαγαγεῖν,</span> <span class='ocrx_word' id='word_1_879' title='bbox 2496 5466 2615 5537; x_wconf 90' lang='grc' dir='ltr'>πρίν</span> <span class='ocrx_word' id='word_1_880' title='bbox 2638 5459 2696 5517; x_wconf 81' lang='grc' dir='ltr'><strong>ἂν</strong></span> <span class='ocrx_word' id='word_1_881' title='bbox 2724 5470 2898 5525; x_wconf 69' lang='grc' dir='ltr'>ὶκεῐνος</span> <span class='ocrx_word' id='word_1_882' title='bbox 2920 5466 3129 5535; x_wconf 75' lang='grc' dir='ltr'>μηνύσει</span> <span class='ocrx_word' id='word_1_883' title='bbox 3156 5470 3244 5523; x_wconf 72' lang='grc' dir='ltr'>τὴν</span> <span class='ocrx_word' id='word_1_884' title='bbox 3282 5460 3471 5527; x_wconf 79' lang='grc' dir='ltr'>ἶξοδον⁹</span> <span class='ocrx_word' id='word_1_885' title='bbox 3502 5463 3652 5534; x_wconf 69' lang='grc' dir='ltr'>μέγα</span> <span class='ocrx_word' id='word_1_886' title='bbox 3714 5476 3724 5483; x_wconf 81' lang='grc'><strong>“</strong></span> 
     </span>
    </p>
   </div>
   <div class='ocr_carea' id='block_1_118' title="bbox 2051 5552 3653 5633">
    <p class='ocr_par' dir='ltr' id='par_1_118' title="bbox 2051 5552 3653 5633">
     <span class='ocr_line' id='line_1_118' title="bbox 2051 5552 3653 5633; baseline -0.002 -20"><span class='ocrx_word' id='word_1_887' title='bbox 2051 5562 2150 5633; x_wconf 85' lang='grc' dir='ltr'><strong>γάρ</strong></span> <span class='ocrx_word' id='word_1_888' title='bbox 2179 5555 2337 5619; x_wconf 75' lang='grc' dir='ltr'>ὅντως</span> <span class='ocrx_word' id='word_1_889' title='bbox 2372 5558 2427 5611; x_wconf 76' lang='grc' dir='ltr'>τὸ</span> <span class='ocrx_word' id='word_1_890' title='bbox 2471 5563 2671 5632; x_wconf 74' lang='grc' dir='ltr'>χρῆμα,</span> <span class='ocrx_word' id='word_1_891' title='bbox 2704 5558 2785 5609; x_wconf 81' lang='grc' dir='ltr'><strong>καί</strong></span> <span class='ocrx_word' id='word_1_892' title='bbox 2828 5555 3058 5629; x_wconf 80' lang='grc' dir='ltr'>μεγάλων</span> <span class='ocrx_word' id='word_1_893' title='bbox 3094 5554 3387 5629; x_wconf 81' lang='grc' dir='ltr'>παρεκτικόν</span> <span class='ocrx_word' id='word_1_894' title='bbox 3417 5567 3429 5579; x_wconf 83' lang='grc'><strong><em>⁸</em></strong></span> <span class='ocrx_word' id='word_1_895' title='bbox 3468 5567 3488 5603; x_wconf 77' lang='grc' dir='ltr'><strong>ε</strong></span> <span class='ocrx_word' id='word_1_896' title='bbox 3523 5552 3653 5609; x_wconf 70' lang='grc' dir='ltr'>ἐπεὶ</span> 
     </span>
    </p>
   </div>
   <div class='ocr_carea' id='block_1_119' title="bbox 2053 5642 3651 5723">
    <p class='ocr_par' dir='ltr' id='par_1_119' title="bbox 2053 5642 3651 5723">
     <span class='ocr_line' id='line_1_119' title="bbox 2053 5642 3651 5723; baseline -0.004 -19"><span class='ocrx_word' id='word_1_897' title='bbox 2053 5654 2132 5705; x_wconf 83' lang='grc' dir='ltr'>καὶ</span> <span class='ocrx_word' id='word_1_898' title='bbox 2162 5653 2303 5720; x_wconf 73' lang='grc' dir='ltr'>ἡμῖν,</span> <span class='ocrx_word' id='word_1_899' title='bbox 2332 5649 2475 5721; x_wconf 73' lang='grc' dir='ltr'>φησί,</span> <span class='ocrx_word' id='word_1_900' title='bbox 2522 5647 2716 5719; x_wconf 82' lang='grc' dir='ltr'>μεγάλα</span> <span class='ocrx_word' id='word_1_901' title='bbox 2753 5646 3084 5723; x_wconf 78' lang='grc' dir='ltr'>προύξένησεν</span> <span class='ocrx_word' id='word_1_902' title='bbox 3115 5645 3299 5716; x_wconf 71' lang='grc' dir='ltr'>ἀγαθὰ,</span> <span class='ocrx_word' id='word_1_903' title='bbox 3332 5646 3416 5699; x_wconf 90' lang='grc' dir='ltr'><strong>καί</strong></span> <span class='ocrx_word' id='word_1_904' title='bbox 3452 5642 3485 5698; x_wconf 81' lang='grc' dir='ltr'>ἃ</span> <span class='ocrx_word' id='word_1_905' title='bbox 3514 5642 3651 5711; x_wconf 68' lang='grc' dir='ltr'>μηδ’</span> 
     </span>
    </p>
   </div>
   <div class='ocr_carea' id='block_1_120' title="bbox 2054 5736 3651 5820">
    <p class='ocr_par' dir='ltr' id='par_1_120' title="bbox 2054 5736 3651 5820">
     <span class='ocr_line' id='line_1_120' title="bbox 2054 5736 3651 5820; baseline -0.003 -22"><span class='ocrx_word' id='word_1_906' title='bbox 2054 5748 2207 5798; x_wconf 83' lang='grc' dir='ltr'>εἰπεῖν</span> <span class='ocrx_word' id='word_1_907' title='bbox 2234 5739 2402 5820; x_wconf 66' lang='grc' dir='ltr'>ῥᾴδιον</span> <span class='ocrx_word' id='word_1_908' title='bbox 2465 5736 2531 5792; x_wconf 79' lang='grc' dir='ltr'>ὧν</span> <span class='ocrx_word' id='word_1_909' title='bbox 2560 5737 2675 5794; x_wconf 84' lang='grc' dir='ltr'>ὅσον</span> <span class='ocrx_word' id='word_1_910' title='bbox 2708 5737 2853 5794; x_wconf 65' lang='grc' dir='ltr'>οὔπω</span> <span class='ocrx_word' id='word_1_911' title='bbox 2881 5741 3094 5810; x_wconf 78' lang='grc' dir='ltr'>μεθέξεις</span> <span class='ocrx_word' id='word_1_912' title='bbox 3112 5742 3195 5792; x_wconf 78' lang='grc' dir='ltr'><strong>καί</strong></span> <span class='ocrx_word' id='word_1_913' title='bbox 3222 5739 3372 5797; x_wconf 74' lang='grc' dir='ltr'>αὐτή.</span> <span class='ocrx_word' id='word_1_914' title='bbox 3411 5741 3651 5806; x_wconf 76' lang='grc' dir='ltr'>τιμοῦσι</span> 
     </span>
    </p>
   </div>
   <div class='ocr_carea' id='block_1_121' title="bbox 2053 5828 3644 5903">
    <p class='ocr_par' dir='ltr' id='par_1_121' title="bbox 2053 5828 3644 5903">
     <span class='ocr_line' id='line_1_121' title="bbox 2053 5828 3644 5903; baseline -0.006 -11"><span class='ocrx_word' id='word_1_915' title='bbox 2053 5842 2201 5893; x_wconf 85' lang='grc' dir='ltr'>τοῦτο</span> <span class='ocrx_word' id='word_1_916' title='bbox 2232 5838 2313 5889; x_wconf 80' lang='grc' dir='ltr'><strong>καί</strong></span> <span class='ocrx_word' id='word_1_917' title='bbox 2342 5834 2680 5893; x_wconf 56' lang='grc' dir='ltr'>περιέπουσα·</span> <span class='ocrx_word' id='word_1_918' title='bbox 2714 5828 2738 5886; x_wconf 86' lang='grc' dir='ltr'><strong>ὃ</strong></span> <span class='ocrx_word' id='word_1_919' title='bbox 2766 5834 2846 5886; x_wconf 82' lang='grc' dir='ltr'><strong>καί</strong></span> <span class='ocrx_word' id='word_1_920' title='bbox 2878 5831 3006 5903; x_wconf 83' lang='grc' dir='ltr'><strong>μετά</strong></span> <span class='ocrx_word' id='word_1_921' title='bbox 3046 5832 3101 5885; x_wconf 83' lang='grc' dir='ltr'><em>σέ</em></span> <span class='ocrx_word' id='word_1_922' title='bbox 3145 5836 3310 5902; x_wconf 84' lang='grc' dir='ltr'>πιστῷ</span> <span class='ocrx_word' id='word_1_923' title='bbox 3338 5850 3432 5883; x_wconf 75' lang='grc' dir='ltr'>τινι</span> <span class='ocrx_word' id='word_1_924' title='bbox 3461 5848 3644 5901; x_wconf 80' lang='grc' dir='ltr'>παρα-</span> 
     </span>
    </p>
   </div>
  </div>
