3938 6196
235 307 325 359 £31

231 504 338 574 quis
366 503 515 559 facile
544 520 607 558 ea
636 507 849 575 assequi
882 507 1069 575 possit.
1113 506 1317 563 Horum
1366 519 1420 564 et
1469 512 1581 581 ipsa
1627 514 1810 567 statim

233 600 478 669 particeps
509 597 789 663 eﬂieieris,
839 599 1002 655 modo
1028 600 1238 671 pignori
1294 602 1557 659 honorem
1588 604 1809 669 habeas,

234 705 289 743 ac
309 687 427 742 illud
457 688 607 743 colas
634 707 644 740 :
677 688 771 742 sed
801 697 855 743 et
879 688 1037 757 illud,
1061 708 1181 746 cum
1206 692 1456 749 humanis
1478 696 1584 750 eris
1613 696 1812 765 migra-

235 787 357 842 tura,
383 777 540 833 alicui
573 777 807 832 fidelium
836 779 1081 849 deposito
1106 782 1301 849 trades,
1318 783 1667 856 honestisque
1696 802 1815 841 mo-

236 868 366 923 ribus
392 868 559 923 charo
589 884 657 923 ex
688 878 1011 926 testamento
1032 872 1319 944 relinques.
1346 894 1364 928 ι
1386 874 1487 931 Ubi
1506 877 1622 933 haec
1639 878 1814 933 sorori

237 961 281 1014 in
307 958 565 1015 mandatis
591 959 847 1027 dedisset,
879 976 911 1017 e
935 962 1042 1017 vita
1069 964 1353 1034 migravit,
1386 967 1604 1038 illaque,
1631 976 1691 1023 ut
1718 985 1817 1040 par

235 1060 323 1119 est,
348 1050 590 1121 impense
621 1051 737 1106 [tnta
766 1068 865 1123 pro
894 1068 1219 1123 munere,ex
1242 1058 1422 1114 animo
1444 1060 1495 1113 in
1527 1060 1656 1115 illud
1685 1058 1816 1116 affe-

235 1151 327 1209 cta,
344 1145 674 1214 perindeque
705 1160 768 1200 ac
788 1145 955 1201 frater
975 1147 1196 1215 coleret,
1212 1151 1392 1205 multis
1412 1158 1465 1207 et
1491 1153 1603 1223 ipsa
1631 1168 1695 1208 ex
1723 1152 1818 1210 illo

233 1232 490 1290 beneﬂciis
536 1244 692 1291 aucta
745 1235 861 1291 fuit.
919 1234 1053 1302 Quia
1090 1253 1214 1295 vero
1243 1240 1319 1294 illi
1359 1256 1576 1312 quoque
1621 1241 1689 1297 ad
1721 1258 1817 1298 oc-

232 1340 401 1380 casum
469 1329 578 1381 vita
627 1328 921 1396 vergebat,
972 1328 1136 1384 sociis
1197 1331 1513 1387 thesaurum
1567 1332 1818 1405 deposito

234 1420 525 1489 consignat,
572 1428 839 1490 cauteque
886 1421 1211 1477 servandum
1252 1424 1435 1481 multis
1465 1424 1725 1482 admonet
1752 1441 1817 1482 ac

232 1518 389 1575 rogat.

291 1600 420 1655 Cum
446 1618 576 1657 vero
608 1605 759 1660 multi
809 1606 1065 1677 deinceps
1094 1606 1184 1662 alii
1210 1606 1331 1664 aliis
1376 1606 1694 1664 succedanei
1738 1607 1818 1677 pi-

230 1702 347 1757 guns
390 1691 769 1761 obtinuissent,
825 1711 1002 1768 exque
1049 1697 1170 1753 aliis
1215 1698 1271 1753 in
1326 1698 1461 1754 alios
1511 1699 1816 1769 depositum

232 1781 518 1847 transisset,
553 1784 620 1838 ad
650 1796 949 1841 extremum
1000 1788 1054 1844 in
1098 1788 1349 1845 monachi
1378 1788 1654 1859 cujusdam
1702 1805 1815 1844 ma-
1845 1803 1893 1862 Β

232 1888 316 1928 nus
341 1874 581 1930 devenit.
617 1876 928 1935 Eustathius
967 1880 1041 1934 illi
1088 1896 1286 1937 nomen
1313 1898 1327 1947 ;
1354 1896 1544 1937 sensus
1569 1898 1700 1937 vero
1728 1882 1811 1936 ni-

232 1963 294 2016 hil
320 1964 367 2018 in
410 1964 517 2019 fide
561 1982 739 2033 sanus,
770 1970 869 2024 etsi
897 1970 1033 2026 alios
1081 1986 1236 2026 error
1263 1970 1405 2025 illius
1452 1971 1700 2026 latuerat.
1760 1971 1811 2028 ls

228 2066 426 2123 quoque
453 2055 680 2124 gratiam
711 2073 1043 2129 cauponans,
1068 2069 1181 2115 tum
1221 2060 1480 2116 creditum
1502 2062 1693 2132 pignus
1721 2077 1813 2117 ce-

228 2142 373 2210 labat,
402 2154 518 2200 tum
547 2161 669 2201 cum
693 2163 781 2218 eo,
799 2166 959 2220 quam
989 2152 1300 2221 opinionem
1326 2151 1580 2222 (Arianus
1604 2152 1811 2208 scilicet

228 2234 397 2306 homo)
430 2236 663 2293 colebat.
690 2239 758 2293 At
786 2241 876 2295 ubi
897 2240 1168 2307 Emeseni,
1194 2242 1336 2297 unde
1364 2243 1524 2297 etiam
1554 2243 1812 2298 oriundus

225 2336 344 2393 erat,
372 2328 482 2382 viri
533 2345 713 2386 mores
756 2331 1022 2404 ﬁdemque
1068 2334 1285 2389 tandem
1330 2336 1711 2404 agnovissent,
1748 2351 1814 2392 ac

228 2435 334 2475 eum
360 2421 501 2476 urbe
527 2422 728 2492 pulsuri
758 2435 962 2493 essent,
992 2427 1215 2495 rogabat
1255 2428 1344 2483 ille
1390 2429 1476 2483 vel
1520 2429 1679 2485 unius
1704 2429 1812 2486 dici

228 2508 478 2577 inducias,
502 2519 723 2581 tumque
745 2513 1025 2583 cjicerent.
1060 2516 1191 2572 Erat
1219 2517 1334 2573 haec
1363 2518 1595 2588 maligna
1621 2519 1810 2589 plena-

223 2616 314 2669 que
337 2604 553 2660 vafritic
576 2616 769 2663 strues.
802 2609 1011 2680 Quippe
1032 2627 1245 2667 sacrum
1274 2623 1438 2684 caput
1468 2615 1519 2670 in
1551 2616 1808 2686 spelunca

222 2694 442 2761 quadarn
471 2695 820 2766 deposuerat,
859 2700 1021 2771 inque
1058 2702 1301 2774 hydriam
1331 2704 1655 2775 conjecerat,
1684 2723 1809 2763 cru-

222 2793 291 2839 sta
316 2785 525 2856 lapidea
548 2786 613 2841 ad
641 2803 701 2842 os
722 2790 916 2858 posita,
936 2806 1001 2846 ac
1025 2808 1189 2848 arena
1223 2794 1271 2848 ei
1304 2795 1509 2863 ingesta
1540 2813 1552 2849 :
1582 2812 1811 2867 eamque

222 2874 283 2929 ob
308 2891 423 2930 rem
454 2879 716 2948 temporis
741 2894 921 2937 moras
968 2882 1086 2938 illas
1114 2885 1391 2954 captabat,
1420 2901 1528 2956 quo
1578 2886 1700 2942 inde
1733 2889 1813 2957 pi—

222 2978 340 3034 gnus
364 2968 630 3037 auferret,
660 2971 849 3040 suique
878 2973 1003 3028 illud
1023 2973 1158 3044 juris
1185 2976 1407 3032 demens
1433 2979 1595 3033 homo
1626 2978 1806 3035 effice-

221 3065 314 3112 ret.
342 3057 637 3116 Enimvero
666 3060 940 3128 Emeseni,
982 3080 1048 3119 ne
1084 3067 1168 3120 vel
1210 3079 1486 3123 momento
1517 3070 1658 3137 passi
1690 3085 1811 3123 con-

863 305 953 360 Αι)
990 304 1263 363 ιιιδτοιι,
1306 299 1737 362 INVENTIONIS
1777 309 2041 372 CAPITIS
2081 316 2137 374 S.
2182 317 2461 389 JOANNIS
2504 333 2865 396 APPENDIX.

230 426 281 468 c‘.
304 414 463 477 nobis,
498 413 689 483 inquit,
726 429 915 482 magna
948 417 1130 471 attulit
1158 418 1327 485 bona,
1359 429 1418 474 ut
1447 435 1544 474 nec
1575 420 1803 477 dicendo

1919 438 2196 517 καταθήσῃ,

3406 322 3508 379 458

2222 446 2303 498 καί
2327 445 2477 505 εἰδότι
2509 453 2570 505 τά
2598 454 2722 507 καλὰ
2762 458 2922 518 καλῶς
2947 458 3310 519 διατίθεσθαιδ
3344 474 3516 523 ταῦτα

1914 535 2076 595 οὕτως
2102 538 2395 607 ἐπισκήψας
2423 552 2485 619 τῇ
2513 544 2718 622 ἀδελφῇ,
2747 550 2955 627 ἀπαίρει
2996 562 3088 608 τοῦ
3127 558 3241 625 βίου
3271 576 3281 586 ·
3309 562 3339 617 ἡ
3375 557 3421 615 δ’
3450 564 3515 613 ὡς

1914 631 2046 689 εἰκός
2070 640 2368 707 περιχαρής
2393 639 2727 712 γενομένητῷ
2756 640 2925 715 δώρῳ,
2947 642 3161 719 {crepa/5'
3183 669 3235 701 τε
3264 649 3516 720 suasum.

1914 728 1996 778 καὶ
2022 722 2114 780 ἴσα
2140 727 2290 800 ἐτίμα
2318 736 2391 801 τῷ
2409 729 2623 803 ἀδιλφῷ,
2643 735 2827 794 πολλῆς
2855 742 2941 791 καὶ
2961 748 3080 799 ταῖς
3105 741 3226 810 (sic)
3250 741 3341 796 ἀπ’
3361 746 3515 799 αὖτοῦ

1918 817 2141 892 χάριτος
2170 822 2439 891 ἡσοομῶη.
2467 828 2609 877 Ἐπεὶ
2647 824 2701 880 δὲ
2733 831 2818 881 καί
2853 830 2984 891 αὐτή
3024 833 3156 901 πρὸς
3195 832 3396 901 δυσμάς
3428 834 3514 896 ἧκε

1916 916 2008 965 τοῦ
2053 911 2190 981 βίου,
2216 920 2331 974 τοῖς
2369 922 2584 970 συνοῦσι
2623 919 2711 973 τὸν
2752 920 3003 996 θησαυρόν
3049 927 3510 999 παρακατατίθησι,

1917 1002 2077 1058 πολλὰ
2101 1007 2222 1079 περὶ
2249 1012 2340 1067 τῆς
2367 1008 2525 1061 αὐτοῦ
2550 1009 2768 1079 φυλακῆς
2798 1014 3199 1085 ἀσφαλισαμένη.

1989 1094 2177 1150 Πολλῶν
2208 1095 2261 1151 δέ
2296 1117 2347 1150 τε
2389 1097 2481 1153 ἀπ’
2507 1102 2691 1155 ἐκείνου
2722 1100 3087 1175 διαδεξαμένων
3119 1107 3180 1162 τὸ
3219 1106 3405 1183 δῶρον,
3436 1114 3516 1166 καί

1919 1184 2091 1243 ἄλλοτε
2140 1192 2212 1249 εἰς
2249 1187 2430 1252 ἄλλους
2460 1205 2866 1268 μεταχωρῆσαν,
2896 1199 3190 1254 τελευταῖον
3231 1203 3361 1274 πρός
3404 1227 3517 1259 τινα

1918 1282 2193 1345 μονάζοντα
2236 1292 2479 1355 καταντᾷ,
2506 1289 2778 1344 Εὐστάθιον
2821 1295 2911 1361 μέν
2942 1292 3082 1345 καλοί
3090 1315 3255 1365 μενον,
3286 1295 3515 1370 φρόνημα

1920 1371 1973 1427 δὲ
2002 1376 2093 1428 οὐκ
2122 1375 2265 1448 ὀρθόν
2295 1374 2510 1447 ἔχοντα.
2543 1382 2587 1433 εί
2622 1383 2706 1434 καὶ
2742 1384 2865 1443 τοὺς
2897 1382 3075 1445 ἄλλους
3112 1387 3391 1442 ἐλάνθανεν.
3421 1386 3515 1448 ’ος

1918 1486 1974 1537 γε
2004 1470 2086 1520 καὶ
2113 1472 2201 1527 την
2227 1471 2387 1544 χάριν
2407 1472 2725 1539 καπηλεύων,
2747 1476 2806 1530 τό
2828 1497 2883 1532 τε
2906 1479 3240 1550 ἐμπιστευθέν
3266 1483 3515 1553 κειμήλιον

1918 1557 2171 1627 ἔκρυπτε,
2214 1566 2298 1617 καί
2336 1567 2430 1618 σὺν
2470 1565 2662 1639 τούτῳ,
2692 1566 2718 1623 ὃ
2744 1579 2978 1645 περιεῖπε
3220 1578 3514 1653 ἀρειανίζων

1918 1655 2019 1725 γὰρ
2047 1652 2106 1712 ἦν
2130 1669 2145 1684 ’
2180 1655 2289 1710 ἐπεὶ
2317 1654 2363 1710 δ’
2392 1656 2623 1729 ἔγνωσαν
2656 1666 2837 1716 τοῦτον
2868 1663 2914 1717 οἱ
2941 1660 3198 1735 Ἐμεσηνοί
3228 1652 3308 1741 ἀφ’
3336 1664 3404 1721 ὧν
3432 1672 3514 1722 κοί

1922 1747 2147 1820 ὥρμητο,
2196 1750 2280 1802 καί
2324 1756 2417 1809 τῆς
2459 1751 2650 1811 πόλεως
2696 1753 2996 1809 ἀπελαύνειν
3031 1755 3254 1826 ἔμελλον,
3299 1759 3512 1834 λιπαρεί

1916 1842 2131 1900 τούτους
2159 1848 2329 1909 μεῖναι
2368 1843 2581 1913 ἡμέραν,
2620 1839 2711 1898 εἶτ’
2745 1845 3001 1901 ἐκϐαλεῖν·
3035 1854 3328 1923 κακούργως
3373 1851 3511 1908 τοῦτ’

1914 1930 2348 2003 ἀπολογισάμενος
2373 1948 2386 1962 '
2416 1930 2587 2002 ἔτυχε
2607 1936 2706 2007 γάρ
2735 1937 2867 2011 πρός
2907 1960 3011 1993 τινι
3034 1942 3271 2011 σπηλαίῳ
3298 1948 3389 2002 τήν
3430 1966 3509 1997 κε-

1913 2021 2066 2094 φαλήν
2107 2025 2361 2085 καταθείς,
2391 2025 2441 2076 ἐν
2462 2022 2616 2099 ὑδρίᾳ
2644 2028 2835 2086 ταύτην
2862 2029 3050 2097 βαλὼν,
3077 2034 3161 2085 καί
3194 2034 3364 2089 πλάκα
3388 2035 3509 2089 λιθό-

1912 2136 2000 2174 νην
2029 2111 2214 2169 ἄνωθεν
2252 2117 2491 2195 περιθείς,
2520 2122 2605 2172 καί
2652 2116 2822 2192 ἅμμον
2862 2123 3260 2197 ἐπαμησάμενος
3279 2142 3301 2159 ⁸η
3327 2124 3378 2189 ὃς
3423 2132 3515 2185 καί

1914 2204 2000 2261 διὰ
2025 2214 2195 2262 ταῦτα
2240 2208 2402 2272 ἐζήτει
2430 2210 2622 2284 καιρὸν,
2655 2213 2725 2271 ὡς
2767 2207 2837 2265 ἂν»
2858 2215 3049 2269 ἐκεῖθεν
3094 2216 3151 2270 τὸ
3201 2216 3361 2291 δῶρον
3390 2220 3506 2291 ἀφό-

1912 2296 2069 2361 λοιτο,
2095 2301 2182 2353 καὶ
2225 2299 2412 2356 εαυτοῦ
2438 2299 2464 2354 ὃ
2493 2299 2661 2380 ἄφρων
2703 2310 2994 2363 ποιήσοιτο.
3020 2306 3143 2362 Ἀλλ’
3180 2312 3239 2362 οὖ
3283 2313 3373 2381 μὲν
3416 2306 3506 2365 οὗ)

1914 2390 2085 2447 εἴασαν
2125 2399 2284 2448 τοῦτο
2326 2393 2586 2463 ἐμεσηνοί
2627 2404 2791 2467 μεῖναι
2830 2402 2917 2451 καί
2960 2400 3093 2474 πρὸς
3137 2401 3350 2475 βραχύ’
3382 2404 3514 2459 ἀλλὰ

1913 2484 2096 2539 θᾶττον
2125 2484 2432 2550 ἀπήλαυνον,
2463 2492 2555 2541 τοῦ
2590 2488 2725 2541 θείου
2754 2490 2963 2550 πάντως
3004 2490 3185 2565 ἀνόρὶς
3222 2493 3321 2552 την
3350 2494 3505 2571 ὁρμήν

1915 2576 2086 2636 αὐτοῖς
2112 2577 2510 2651 παραθήξαντος,
2542 2583 2627 2634 καί
2653 2578 2845 2655 δρᾶσαι
2884 2585 2942 2636 τὸ
2973 2584 3123 2639 καλὸν
3174 2586 3386 2656 ἀμελητὶ
3413 2590 3497 2642 ἐπ·

1914 2671 2241 2741 οτρύναντος²
2266 2671 2328 2725 τὸ
2370 2669 2425 2726 δέ
2463 2693 2520 2744 γε
2546 2676 2790 2732 σπήλαιον
2825 2674 3156 2747 διαδέχονται
3184 2682 3312 2749 μετά
3339 2687 3503 2736 ταῦτα

1914 2760 2092 2836 ἄνδρες
2121 2768 2397 2832 μονασταί,
2430 2768 2510 2819 καί
2533 2766 2641 2840 βὀν
2677 2764 2889 2843 ἄριστον
2921 2771 3177 2841 μετιόντες
3205 2775 3500 2837 ὀἰκοῦντες

1912 2859 2001 2927 μέν
2032 2863 2205 2922 τοῦτο,
2237 2860 2329 2912 οὐκ
2358 2858 2542 2919 εἰδότες
2580 2859 2635 2915 δὲ
2679 2858 2703 2915 ὃ
2751 2870 2825 2933 τῷ
2864 2865 3097 2936 σπηλαίῳ
3128 2868 3467 2942 ἔγκέκρυπται
3490 2885 3500 2901 '

1911 2948 2175 3023 θησαυρές
2201 2951 2469 3023 πολύχους
2489 2955 2577 3008 καὶ
2618 2955 2906 3030 πάμφορος.
2932 2960 3021 3010 Καὶ
3056 2960 3215 3033 πέρας
3238 2964 3328 3031 μὶν
3350 2967 3509 3017 τοῦτο

1908 3048 1999 3101 τῆς
2043 3045 2256 3116 πρώτης
2298 3045 2567 3121 εὑρέσεως,
2603 3048 2727 3102 κατά
2771 3054 2862 3107 τήν
2903 3048 3079 3107 εἷκάδα
3121 3054 3388 3129 τετάρτην,
3433 3058 3498 3116 ὡς

219 3150 420 3214 sistere,
451 3153 697 3222 protinus
726 3155 1061 3225 ablegarunt,
1094 3172 1215 3212 cum
1262 3158 1423 3229 plane
1470 3160 1551 3213 vir
1597 3158 1805 3214 divinus

1920 3134 2050 3189 ἷστιν
2077 3133 2220 3203 ἰδεῖν,
2250 3144 2349 3193 τοῦ
2371 3141 2709 3216 φεϐρουαρίου
2736 3146 3083 3216 γεγηηώης·

220 3239 467 3312 impetum
520 3244 624 3299 illis
671 3254 894 3301 acueret
943 3254 1110 3316 utque
1165 3247 1369 3304 bonum
1433 3249 1804 3305 incunctanter

219 3344 544 3403 prmstarent,
574 3335 895 3407 impelleret.
944 3338 1254 3396 Succedunt
1300 3341 1557 3409 deinceps
1599 3341 1651 3394 in
1679 3353 1805 3404 spe-

229 3421 374 3479 lunca
418 3422 513 3477 viri
534 3426 813 3491 monachi,
844 3433 1008 3496 atque
1026 3426 1295 3495 Optimum
1323 3427 1446 3480 vitae
1464 3433 1793 3481 consectan-

230 3526 301 3572 tcs
328 3534 501 3591 genus
522 3535 539 3585 ;
568 3519 662 3589 qui
705 3518 925 3588 quidem
962 3519 1146 3573 locum
1204 3520 1472 3582 colerent,
1515 3518 1795 3573 orcultum

227 3618 399 3664 tamen
418 3611 468 3663 in
488 3625 554 3665 eo
573 3612 794 3680 pignus,
810 3611 1129 3666 thesaurum
1146 3611 1296 3665 illum
1315 3609 1796 3665 afﬂuentissi-ntum

226 3680 641 3771 haudquaquam
663 3703 888 3757 scirent.
915 3702 1088 3771 Inque
1112 3704 1257 3757 hunc
1305 3702 1523 3756 modum
1550 3702 1795 3755 absoluta

227 3799 301 3846 est
325 3792 500 3862 prima
528 3794 777 3849 inventio
816 3794 934 3864 ipsa
986 3798 1087 3849 hac
1118 3796 1204 3850 die
1241 3797 1461 3851 circiter
1505 3791 1790 3849 Februarii

228 3883 481 3941 vicesima
508 3896 706 3957 quarta
740 3897 979 3955 peracta,
1007 3899 1063 3942 ut
1095 3899 1176 3943 est
1208 3889 1562 3960 conjectura.

292 3978 434 4045 Quia
452 3993 602 4043 vero.
627 3988 687 4035 ut
704 3981 879 4048 aiunt,
900 3981 1097 4037 iterum
1117 3997 1334 4052 quoque
1352 3983 1548 4051 pignus
1569 3981 1803 4049 contigit

230 4071 512 4138 occultari,
534 4086 662 4127 cum
698 4090 890 4143 nempe
922 4074 1246 4144 designatus
1294 4074 1451 4130 modo
1478 4074 1802 4130 Eustathius

228 4164 491 4232 pravitate
520 4164 689 4218 animi
720 4174 925 4221 struem
956 4166 1212 4233 fecisset,
1244 4182 1425 4237 operte
1450 4168 1684 4236 pretium
1712 4178 1799 4221 est

229 4256 472 4310 dicamus
496 4271 606 4327 quo
631 4256 740 4328 jam
767 4260 952 4323 modo,
986 4274 1226 4328 quonam
1258 4268 1525 4328 tempore,
1554 4273 1793 4328 quorum

230 4362 392 4416 opera
425 4350 794 4404 venerandum
832 4360 1001 4419 caput
1033 4351 1272 4406 secunda
1304 4366 1526 4421 quoque
1568 4352 1689 4406 vice
1718 4351 1803 4404 in-

234 4449 448 4495 ventum
470 4442 562 4509 sit,
587 4457 699 4513 quo
721 4444 882 4499 liceat
907 4452 959 4498 et
975 4443 1299 4505 ad’tertiam,
1328 4442 1484 4511 cujus
1506 4442 1663 4497 nobis
1683 4457 1806 4512 gra-

234 4531 303 4584 tia
333 4535 512 4589 oratio
544 4535 794 4590 instituta
834 4545 937 4600 est,
964 4535 1336 4590 inventionem
1360 4534 1618 4589 transire.

298 4627 591 4684 Marcellus
610 4628 831 4697 quidam
851 4628 961 4683 vita
985 4627 1067 4682 cla
1079 4643 1196 4692 rus,
1219 4627 1467 4683 moribus
1491 4626 1804 4697 religiosus.

234 4721 321 4788 qui
349 4733 401 4776 et
421 4721 737 4776 monasterii
764 4721 827 4775 ad
842 4720 1157 4790 speluncam
1179 4719 1271 4774 siti
1297 4720 1653 4790 praepositum
1681 4734 1809 4784 aae-

235 4812 344 4880 bat,
376 4821 531 4869 nocte
558 4812 794 4883 quada-n
829 4810 1023 4865 media:
1051 4811 1409 4866 hebdomadas
1445 4811 1803 4882 jejuniorum,

237 4908 507 4961 somnium
553 4902 889 4975 ejuscemodi
924 4903 1093 4970 videt,
1127 4903 1507 4975 visionemque
1540 4903 1806 4959 fratribus

239 5001 479 5054 narravit
503 5001 596 5069 qui
631 4999 733 5052 sub
752 5013 819 5054 eo
842 4997 1219 5064 merebantur,
1246 4998 1352 5053 hoc
1371 4996 1487 5053 fere
1513 4997 1807 5051 verborum

244 5103 469 5147 tenore:
498 5113 515 5145 ι
548 5091 880 5147 Videbantur
900 5090 1057 5156 mihi,
1093 5091 1291 5161 inquit,
1319 5091 1640 5146 monasterii
1670 5091 1814 5145 foros

237 5199 428 5239 omnes
452 5196 672 5255 apertae,
691 5196 939 5253 perquas
956 5182 1155 5238 ﬂuvius
1173 5182 1394 5252 quidam
1420 5195 1620 5251 magno
1646 5197 1816 5250 aqua-

243 5290 360 5327 rum
388 5276 614 5345 strepitu
641 5276 961 5344 impetuque
984 5274 1273 5329 transibat.
1308 5292 1327 5324 ι
1362 5272 1436 5324 Ea
1465 5288 1522 5328 re
1551 5273 1605 5325 in
1629 5281 1817 5338 stupo-

240 5384 359 5423 rem
391 5380 562 5431 actus,
588 5368 858 5423 visionem
892 5382 1084 5421 secum
1136 5365 1235 5422 ille
1261 5367 1535 5429 versabat,
1568 5366 1820 5422 nesciens

240 5460 377 5528 quid
428 5459 746 5528 conjiceret,
780 5473 960 5527 quove
991 5459 1171 5511 visunt
1221 5458 1354 5511 illud
1406 5464 1706 5526 spectaret.
1737 5460 1821 5513 Ac

240 5567 404 5613 sane,
454 5552 652 5621 inquit,
690 5565 815 5605 cum
870 5565 958 5605 me
1016 5550 1090 5604 ita
1145 5549 1425 5614 haberem,
1475 5550 1662 5605 statim
1718 5565 1822 5604 vox

242 5643 490 5713 quaedam
522 5646 590 5699 ab
616 5644 729 5701 alto
779 5643 1079 5706 ferebatur,
1140 5643 1485 5698 tremendum
1521 5644 1815 5714 quemdam

243 5749 586 5803 aemaguum
616 5734 857 5789 sonitum
907 5735 1136 5789 habt-ns.
1171 5734 1310 5787 Tum
1369 5734 1532 5788 etiam
1584 5748 1821 5787 concen-

248 5836 339 5883 tus
372 5828 579 5886 audicb.
603 5843 695 5884 tur
743 5827 975 5884 dulciter
1029 5828 1406 5898 psallentium.
1444 5826 1547 5892 Qui
1577 5838 1642 5881 eo
1698 5841 1820 5880 tnu-

1981 3227 2121 3281 Ἐπεί
2152 3227 2231 3297 δέ,
2266 3233 2336 3293 ὡς
2375 3230 2401 3287 ὁ
2439 3232 2605 3306 λόγος,
2654 3238 2741 3290 καί
2771 3238 3018 3311 κρυϐῆναι
3065 3240 3129 3295 τὸ
3150 3242 3313 3311 τίμιον
3360 3238 3500 3304 αὖθις

1905 3318 2115 3384 συνέϐη,
2162 3328 2252 3376 τοῦ
2307 3321 2611 3386 δηλωθέντος
2656 3328 2935 3384 Εὖσταῦίου
2993 3333 3252 3391 σκαιότητι
3298 3337 3496 3404 γνώμης

1910 3410 2201 3486 δράσαντος
2233 3415 2289 3470 τό
2321 3418 2647 3489 σκαιέιρημα,
2685 3416 2812 3475 εἰκός
2847 3422 2953 3490 ἄρα
3010 3420 3093 3471 τὸν
3129 3417 3272 3488 λόγον
3303 3418 3486 3475 εἰπεῖν,

1907 3512 2019 3566 πῶς
2042 3504 2158 3566 ἤδη,
2190 3508 2275 3562 καί
2311 3507 2461 3567 πότε.
2490 3512 2576 3562 καί
2602 3510 2745 3583 παρά
2769 3510 2915 3562 τίνων
2952 3512 3036 3562 καί
3063 3513 3161 3567 τήν
3180 3508 3421 3581 δευτᾶραν
3455 3509 3487 3565 ἡ

1905 3600 2159 3671 πάντιμος
2177 3596 2343 3669 ἴσχεν
2355 3598 2561 3673 εὕρεσιν
2578 3601 2777 3673 κεφαλῇ
2800 3603 2873 3659 ὡς
2884 3596 2941 3655 ἀν
2962 3601 3046 3671 ἐξῇ
3076 3601 3239 3668 τούτῳ
3255 3601 3340 3654 καί
3358 3599 3491 3671 πρὸς

1906 3693 2085 3765 τρίτην
2120 3698 2391 3763 χωρῆσαι,
2424 3688 2563 3749 δι’ἢν
2593 3694 2677 3744 καὶ
2702 3696 2794 3749 τήν
2823 3693 3121 3763 ἐγχείρησιν
3154 3694 3486 3749 ἐνεστήσατο.

1978 3781 2255 3857 Μάρκελλός
2280 3802 2361 3840 τις
2380 3783 2466 3838 τὸν
2486 3782 2594 3853 βίον
2621 3783 2882 3854 ἐπιφανής,
2913 3784 2999 3837 τόν
3023 3784 3212 3856 τρόπον
3231 3783 3482 3852 θεοφιλής,

1909 3871 1963 3934 ὃς
1994 3876 2077 3927 καί
2126 3882 2282 3943 μονῆς
2311 3881 2403 3933 τῆς
2442 3873 2571 3928 κατά
2599 3874 2850 3931 σπήλαιον
2899 3875 3179 3942 mem-rm,
3214 3874 3342 3927 κατά
3382 3894 3493 3926 τινα

1903 3978 2055 4019 vitam
2083 3973 2175 4024 τῆς
2199 3972 2395 4036 μέσσης
2423 3963 2703 4033 ἑϐδομάδος
2742 3971 2843 4019 τῶν
2874 3971 3147 4028 νηστειῶν,
3175 3961 3296 4037 ὄναρ
3326 3969 3493 4018 ⁸τοιοῦ-

1905 4078 1989 4113 τον
2017 4055 2135 4131 ὁρᾷ’
2162 4053 2217 4115 ὃς
2242 4057 2326 4108 καί
2347 4056 2406 4108 τό
2430 4054 2603 4127 amet»
2634 4064 2738 4114 τοῖς
2763 4056 2851 4109 ὑπ’
2883 4057 3034 4111 αὐτὸν
3062 4054 3345 4125 διηγήσατο
3396 4055 3486 4109 οὐ⁸

1908 4155 2035 4210 τωσὶ
2062 4153 2190 4225 πρὸς
2232 4152 2360 4215 λέξιν
2390 4149 2601 4215 διεξιὼν
2665 4167 2683 4200 t
2722 4152 2779 4205 Δί
2822 4160 2912 4212 τῆς
2943 4159 3093 4221 μονῆς
3131 4171 3216 4221 μοι
3267 4149 3490 4213 ἅπασαι,

1907 4249 2044 4318 φησί.
2074 4243 2250 4319 θύραι,
2278 4246 2585 4314 ἀνεῳγμέναι
2614 4240 2737 4297 εἶναι
2766 4242 2991 4298 ἐδόκουν.
3017 4242 3122 4316 Ἀφ’
3142 4241 3207 4296 ὧν
3231 4245 3313 4295 xxi
3339 4262 3498 4296 ποτα-

1907 4338 2001 4406 μός
2027 4358 2104 4395 τις
2132 4336 2279 4396 διήει,
2307 4336 2471 4403 πο).λῷ
2497 4343 2569 4407 τῷ
2596 4335 2747 4405 ῥοίζῳ
2773 4334 3045 4407 ἑλκόμενος.
3080 4353 3097 4385 ι
3120 4336 3216 4403 Ἐφ’
3309 4336 3393 4387 καί
3418 4354 3504 4404 γε-

1907 4432 2111 4500 νόμενος
2140 4429 2319 4489 ἐκινεός,
2350 4429 2451 4482 καθ’
2473 4428 2652 4482 ἑαυτὸν
2680 4428 2738 4481 τό
2770 4426 2946 4501 ὁραθὲν
2976 4427 3206 4499 ἕστρεφ·,
3240 4432 3308 4496 μό
3338 4448 3391 4481 τι
3420 4428 3504 4479 καί

1908 4523 2186 4595 συμϐαλεῖν
2211 4521 2372 4592 ἔχων,
2400 4522 2529 4593 πρὸς
2555 4520 2633 4576 ὅτι
2660 4521 2717 4576 τὸ
2749 4519 2921 4593 ὅραμα
2946 4523 3108 4594 φέροι.
3144 4538 3162 4569 ι
3197 4523 3295 4573 Καὶ
3324 4518 3385 4577 δή
3416 4540 3502 4591 μοι

1911 4616 2075 4675 οὕτως
2114 4623 2308 4685 ἔχοντι,
2353 4616 2435 4668 καί
2476 4617 2611 4685 φωνή
2652 4636 2731 4675 τις
2772 4615 2920 4673 εὐθὺς
2960 4621 3259 4686 κατεφὲρετο
3299 4610 3503 4670 ἄνωθεν,

1913 4707 2192 4769 ἴκπληκτόν
2209 4731 2327 4764 τινα
2347 4711 2428 4763 καί
2450 4708 2664 4781 μεγάλην
2686 4706 2892 4777 ἔχουσα
2911 4710 3000 4764 τὴν
3020 4710 3177 4775 ἠχὴν.
3199 4702 3309 4758 Μεθ’
3324 4700 3383 4762 ἧς
3405 4699 3506 4771 ἆρα

1914 4807 1995 4859 καὶ
2021 4803 2169 4870 μέλος·
2195 4801 2289 4861 ἡδὺ
2318 4802 2602 4873 ψαλλόντων
2628 4807 2825 4861 ἠκνὺετο
2850 4822 2858 4830 ·
2891 4800 3066 4870 τάγμα
3092 4795 3135 4852 δ’
3155 4802 3365 4850 ἕκαστον
3391 4792 3500 4845 καθ’

1915 4897 2065 4952 ἔαυτό
2093 4893 2221 4955 ἦσαν
2249 4894 2295 4949 οἱ
2323 4894 2598 4966 ψάλλοντες
2617 4910 2631 4924 ⁶
2661 4890 2774 4965 εἶχε
2806 4889 3084 4948 δι’τοιάνδε
3111 4892 3199 4945 τήν
3228 4884 3444 4943 δήλωσιν
3471 4884 3501 4941 ἡ

1916 4991 2068 5062 φωνήν
2101 5016 2170 5026 -
2194 4985 2331 5042 Ἰδοὺ
2364 4984 2388 5041 ὁ
2422 4988 2579 5058 μέγας
2599 4985 2836 5044 Ἰωάννης
2874 4980 2899 5036 ό
2928 4988 3020 5037 τοῦ
3058 4982 3278 5052 Χριστοῦ
3317 4985 3507 5028 Βαπτι-

1919 5084 2047 5140 arri;
2076 5078 2441 5135 ἀναδείκνυται.
2476 5107 2544 5118 -—
2563 5076 2702 5146 ’Δμα
2730 5074 2782 5130 δὲ
2900 5078 3031 5145 φωνῇ
3060 5072 3147 5123 καὶ
3177 5073 3274 5120 τῶν
3304 5068 3503 5137 ταγμά-

1919 5196 2019 5228 των
2048 5180 2252 5227 εκαστον
2280 5170 2365 5227 διὰ
2394 5178 2492 5224 τῶν
2524 5169 2827 5225 ἀνατολικῶν
2856 5167 3018 5234 εἰσῄει
3048 5163 3237 5233 θυρῶν.

1990 5265 2076 5328 Ὠς
2116 5265 2161 5321 δ’
2187 5266 2270 5318 ἐπὶ
2310 5272 2416 5324 τοῖς
2456 5262 2706 5337 ὁραθεῐσιν
2743 5260 3024 5323 ἐξεστηκὼς
3064 5256 3213 5327 ἤμην,
3257 5249 3512 5328 ὑπερείόω

1921 5360 2143 5429 ἐμαυτόν
2176 5358 2306 5430 πρός
2337 5377 2448 5410 τινα
2482 5355 2701 5423 κλίματα
2735 5359 2834 5407 τῶν
2869 5352 2995 5414 ἐκεῖ,
3031 5347 3150 5403 ἔνθα
3185 5368 3269 5418 μοι
3301 5350 3383 5401 καὶ
3418 5344 3510 5399 δύο

1923 5451 2278 5526 καθωρεωησαν
2305 5447 2450 5502 πάλιν
2477 5445 2627 5500 αὐλαί
2650 5459 2659 5470 ⁸
2690 5446 2720 5503 ἡ
2748 5453 2832 5512 μὲν
2858 5441 2988 5520 πρὸς
3014 5440 3275 5504 ἀνατολὰς,
3305 5442 3334 5497 ή
3362 5436 3408 5492 δ’
3430 5438 3513 5491 ἰπὶ

1925 5546 2246 5619 μεσημϐρίας
2280 5541 2635 5615 τετραμμέναι.
2659 5536 2752 5591 Ὠν
2792 5539 2982 5608 μεταξὺ
3025 5539 3109 5591 καί
3142 5535 3259 5594 ναὸς
3295 5533 3516 5593 cio-niteat

1925 5637 2250 5710 περικαλλὴς,
2284 5636 2332 5687 ἐν
2427 5633 2539 5688 καθ’
2566 5638 2771 5687 ἕκαστον
2799 5633 2970 5686 εἰσιὼν
3001 5636 3100 5683 τῶν
3130 5629 3399 5701 ταγμάτων
3433 5625 3513 5677 εὖ·

1926 5730 2092 5787 λαϐῶς
2115 5733 2203 5786 τήν
2226 5728 2567 5801 προσκύνησιν
2590 5723 2833 5779 ἀπεδίδου
2856 5740 2867 5749 ’
2896 5720 3001 5791 μεθ’
3020 5718 3086 5776 ὧν
3109 5723 3192 5775 καί
3215 5726 3372 5791 ἕτεροι
3400 5713 3514 5775 δύο,

3383 5811 3391 5821 ι
3464 5803 3481 5819 Ί

1928 5823 1984 5878 τό
2014 5817 2143 5882 εἶδος
2174 5820 2384 5887 ἐξαίσιοι
2417 5822 2712 5897 παραυτίκα
2742 5820 2972 5893 γινέντες
3005 5814 3165 5872 τοιάδε
3200 5833 3282 5882 μοι
3315 5814 3393 5863 καὶ
3426 5827 3483 5859 o‘J
3504 5835 3515 5841 -
