3938 6196
236 329 315 384 iii

227 532 473 595 accessit,
506 527 585 583 vir
631 527 819 598 utique
863 524 1097 595 ingentis
1139 524 1327 593 gratiae
1371 538 1568 579 munus
1610 538 1640 576 a
1688 521 1804 578 Deo

226 631 563 688 consecutus,
609 620 702 689 qui
740 626 796 674 et
841 618 956 687 ipse
1007 616 1268 672 visionem
1307 613 1597 684 quamdam
1643 613 1806 684 paulo

227 715 456 786 superius
478 713 661 768 relatae
688 711 880 767 visioni
909 710 1040 765 mihi
1067 709 1222 766 factm
1245 706 1460 764 affinem
1497 708 1809 777 conspexis-

229 816 322 873 set,
348 820 506 872 quam
534 812 590 858 et
631 809 800 855 totam
828 800 1099 869 sigillatim
1135 798 1264 853 mihi
1293 797 1580 868 exposuit;
1613 804 1727 852 tum
1753 802 1811 850 et

231 911 319 965 ego
343 895 483 952 omni
513 893 683 963 posita
713 893 1066 953 haesitatione,
1091 903 1212 960 qua:
1234 891 1361 945 mihi
1392 898 1608 946 ostensa
1632 897 1812 944 essent

233 985 297 1039 illi
321 984 521 1053 aperui,
553 983 758 1050 singula
787 981 853 1036 ad
881 981 1103 1036 verbum
1145 995 1390 1046 narrans,
1423 980 1662 1050 nihilque
1685 993 1809 1034 eum

231 1077 411 1134 celans.
443 1075 584 1130 llinc
627 1075 720 1130 ille
763 1073 960 1144 gaudio
1001 1088 1066 1128 ac
1103 1081 1327 1142 stupore
1355 1079 1578 1140 captus,
1601 1069 1812 1126 ostendi

231 1171 318 1226 sibi
361 1185 480 1225 cum
529 1169 728 1226 fossam
780 1168 1039 1237 rogabat,
1071 1175 1185 1220 tum
1233 1166 1531 1227 locum;ac
1575 1177 1810 1232 quonam

232 1261 338 1316 loco
367 1275 578 1314 sacrum
628 1258 819 1327 pignus
868 1265 1014 1311 esset
1062 1256 1317 1327 positum.
1368 1253 1447 1310 Ac
1490 1267 1621 1307 sane
1647 1252 1812 1307 etiam

230 1353 462 1415 ostendo,
497 1365 599 1406 nec
627 1357 836 1404 tantum
864 1349 1034 1403 virum
1066 1355 1282 1419 aSpectu
1315 1344 1594 1416 prohibeo.

294 1443 421 1499 Cum
453 1456 585 1511 ergo
615 1442 682 1496 ab
722 1440 950 1496 invicem
978 1437 1217 1508 abjuncti
1243 1451 1503 1504 essemus,
1533 1433 1815 1502 cogitatio.

232 1551 347 1590 nam
376 1535 573 1589 iterum
606 1531 722 1595 salo
746 1531 1019 1600 iactabar,
1046 1544 1268 1584 versans
1295 1528 1472 1584 animo
1511 1525 1638 1596 quid
1685 1523 1816 1579 mihi

232 1632 361 1681 esset
386 1623 711 1680 faciendum.
742 1621 876 1676 Hinc
904 1629 960 1676 et
980 1620 1119 1675 istud
1147 1619 1335 1688 ingens
1362 1617 1491 1672 mihi
1520 1617 1691 1678 visum
1721 1615 1818 1670 ob-

233 1715 404 1779 latum,
433 1724 496 1767 ut
523 1727 644 1767 cum
674 1711 928 1782 episcopo
967 1725 1082 1764 rem
1112 1706 1414 1764 conferrem
1459 1707 1676 1778 (nempe
1704 1712 1818 1758 tum

235 1806 446 1862 Uranius
489 1804 878 1860 Emesenorum
923 1800 1176 1857 Ecclesia:
1222 1799 1528 1870 praeerat),
1587 1811 1818 1866 eumque

1935 1819 2084 1880 πόδας
2135 1844 2219 1892 μοι
2263 1826 2417 1878 θεῖναι
2446 1827 2657 1900 ἀρτίους
2687 1831 2756 1886 ὡς
2804 1826 3109 1902 ἔμπροσθεν·
3150 1828 3374 1901 (“parum

233 1897 334 1967 ejus
367 1896 518 1966 quod
563 1903 891 1966 apparuerat
940 1909 1064 1948 cum
1114 1892 1415 1962 adjutorem
1465 1891 1814 1954 adhiberem,

236 1998 333 2044 tum
367 1988 512 2042 illius
556 1987 612 2041 in
652 2001 716 2041 ea
763 2002 822 2042 re
869 1985 1108 2040 consiliis
1139 1992 1336 2038 uterer.
1390 1981 1524 2050 Quia
1553 1999 1683 2037 vero
1712 1998 1817 2035 non

235 2080 396 2133 statim
442 2094 562 2134 rem
592 2077 854 2148 praestiti,
881 2075 978 2131 sed
1008 2075 1344 2130 molitionem
1372 2073 1685 2138 cunctabar,
1718 2073 1823 2128 huc

237 2171 347 2225 illuc
373 2170 793 2239 cogitationibus
835 2167 1274 2232 distrahentibus,
1324 2180 1387 2220 ac
1430 2180 1551 2220 cum
1592 2164 1660 2218 ad
1687 2164 1822 2220 alios

237 2261 500 2326 referens,
555 2259 842 2326 (‘g'riacum
883 2273 1078 2328 nempe
1128 2258 1414 2313 diaconum
1451 2256 1822 2327 quosdamque

238 2353 378 2420 alios,
408 2363 525 2408 tum
557 2353 722 2408 etiam
762 2350 1047 2406 inconsulti
1072 2349 1236 2403 animi
1267 2364 1482 2403 sensum
1513 2347 1718 2416 accepi,
1752 2361 1817 2402 ac

237 2453 483 2515 quantum
513 2444 643 2499 mihi
672 2443 859 2498 dilatio
880 2441 1090 2512 peperit
1111 2441 1259 2495 mali.
1287 2439 1422 2494 Sero
1448 2455 1680 2508 namque
1700 2439 1823 2494 sab-

239 2537 354 2605 bati,
380 2539 514 2592 dum
559 2536 818 2593 consideo
848 2535 930 2589 his
974 2533 1339 2605 quiraderant,
1369 2547 1432 2586 ac
1469 2531 1712 2600 quaedam
1747 2531 1825 2584 fa-

240 2632 397 2700 bulor,
428 2632 734 2702 derepente
781 2629 975 2698 aliquis
1025 2628 1091 2681 ad
1139 2640 1311 2695 genua
1359 2625 1572 2695 plagam
1613 2623 1822 2692 inﬂigit,

241 2735 512 2796 totumque
533 2725 836 2785 immotum,
866 2721 958 2774 vix
988 2719 1042 2774 in
1084 2718 1261 2773 solum
1320 2716 1599 2771 incurvum
1629 2714 1821 2768 reddit.

242 2815 308 2871 Ea
336 2833 391 2872 rc
418 2823 736 2886 conspecta,
763 2812 853 2882 qui
879 2812 1124 2878 aderant,
1149 2824 1213 2863 ac
1238 2805 1500 2877 imprimis
1527 2820 1688 2874 quem
1715 2803 1826 2859 dixi

242 2907 566 2965 Gennadium
593 2948 608 2972 ,
641 2906 692 2959 in
738 2919 928 2976 preces
975 2917 1040 2957 ac
1089 2909 1212 2957 vota
1261 2907 1682 2962 convertuntur,
1712 2913 1827 2952 ma-

242 3015 508 3071 gnumque
540 2997 942 3052 Prmcursorcm
988 3000 1200 3062 rogant,
1225 2999 1282 3046 ut
1321 3005 1406 3045 me
1436 3004 1566 3044 casu
1611 2988 1824 3050 liberet,

244 3092 508 3162 pedesque
538 3089 616 3143 uti
661 3087 811 3158 prius
858 3099 1020 3140 sanos
1065 3079 1647 3140 restituat..1\'overant
1683 3078 1828 3132 enim

245 3197 341 3252 quo
369 3181 595 3236 nomine
623 3179 699 3233 sic
729 3177 1016 3233 mulctatus
1063 3189 1239 3230 essem
1260 3211 1276 3238 ,
1312 3186 1539 3242 esseque
1580 3171 1634 3226 in
1664 3185 1828 3226 causa
1861 3181 1906 3243 ρ

244 3287 349 3328 rem
369 3289 401 3328 a
429 3286 524 3326 me
553 3269 855 3339 neglectam
884 3281 948 3322 ac
967 3265 1390 3321 cunctationem.

308 3364 441 3420 Cum
487 3378 620 3419 vero
666 3360 848 3416 statim
879 3359 1076 3414 emisso
1102 3364 1230 3413 voto
1259 3354 1426 3426 pedes
1455 3353 1524 3408 ad
1551 3353 1657 3408 iter
1686 3368 1839 3409 com-

245 3462 453 3524 paratos
491 3451 840 3522 recepissem,
871 3449 976 3504 illis
1000 3447 1162 3504 sociis
1203 3445 1489 3503 confestim
1516 3443 1584 3499 ad
1625 3444 1838 3514 cpisco-

246 3560 363 3616 pum
405 3543 652 3608 accedo,
697 3541 904 3597 nullum
957 3538 1084 3594 huic
1146 3537 1349 3592 ducens
1399 3533 1837 3606 anteponendum

247 3621 538 3703 negotium.
571 3632 706 3688 Tum
734 3640 788 3687 et
812 3630 886 3686 illi
917 3630 1031 3686 visa
1053 3628 1233 3685 omnia
1254 3627 1462 3697 aperio,
1480 3626 1834 3695 insomnium,

246 3733 527 3798 visionem,
551 3730 882 3800 speluncam,
918 3726 1118 3790 locum,
1151 3722 1421 3785 defossam
1449 3720 1712 3792 hydriam,
1744 3719 1836 3774 de-

247 3840 502 3896 mumque
522 3837 738 3879 sacrum
768 3826 966 3890 caput,
995 3815 1150 3885 cujus
1177 3815 1388 3869 ratione
1426 3811 1614 3868 isthazc
1635 3810 1835 3866 omnia.

245 3913 541 3986 Episcopus
565 3928 625 3969 se
647 3911 831 3968 statim
862 3910 975 3979 ipse
1015 3907 1096 3962 rei
1121 3904 1370 3972 accingit,
1395 3903 1656 3970 laetusque
1682 3916 1837 3954 man-

245 4007 366 4064 dato
393 4010 774 4076 obtemperat;
815 4011 978 4071 atque
1003 3999 1140 4053 adeo
1170 3997 1518 4052 illucescente
1542 3991 1836 4058 dominica,

248 4099 310 4154 ad
338 4101 518 4156 locum
540 4098 687 4152 venit
706 4111 830 4151 cum
852 4090 1212 4163 lampadibus,
1237 4103 1305 4143 ac
1326 4093 1639 4154 reverenter
1665 4090 1842 4138 metu-

248 4206 346 4262 que
365 4200 588 4247 extensa
618 4186 686 4242 ad
721 4185 966 4258 hydriam
997 4197 1158 4265 manu
1184 4186 1348 4249 caput
1374 4175 1574 4240 educit,
1602 4181 1840 4227 tremen-

249 4283 366 4336 dum
396 4281 708 4337 videntibus
735 4273 1100 4348 spectaculum
1129 4290 1141 4324 :
1166 4271 1356 4340 hisque
1377 4265 1638 4336 exceptis,
1662 4265 1839 4318 inere-

249 4373 403 4429 dibile
431 4374 575 4445 aliis.
603 4371 738 4426 Nam
766 4379 820 4426 et
842 4368 934 4438 pili
963 4365 1147 4422 adnati
1180 4361 1520 4424 videbantur,
1552 4357 1841 4426 suavisque

249 4465 529 4520 eilia-batur
556 4463 711 4527 odor,
743 4477 808 4516 ac
854 4457 1143 4514 indicibilis
1168 4453 1344 4522 fulgor
1372 4449 1660 4505 emicabat.

315 4555 450 4621 Quia
482 4568 611 4608 vero
641 4551 895 4620 episcopo
921 4560 1102 4602 comes
1129 4544 1412 4614 presbyter
1429 4581 1446 4608 ,
1473 4537 1710 4592 Malchus
1735 4551 1834 4590 no-

249 4647 408 4714 mine,
433 4644 733 4702 subdubius
761 4649 876 4697 erat
897 4656 962 4694 ac
985 4637 1265 4694 haesitabat
1282 4675 1296 4695 .
1331 4647 1457 4690 num
1487 4629 1840 4686 Prmcursoris

250 4738 386 4794 istud
417 4744 582 4808 caput
619 4735 908 4797 existeret,
937 4729 1098 4785 missa
1131 4729 1184 4782 in
1216 4723 1346 4780 illud
1374 4721 1632 4778 audacius
1675 4734 1840 4774 manu

252 4829 470 4902 (quippe
499 4843 622 4884 cum
646 4840 874 4895 nequam
901 4823 991 4878 ille
1011 4820 1170 4876 bonis
1189 4816 1432 4872 invidere
1459 4812 1676 4898 soleat),
1703 4826 1839 4866 con-

251 4922 425 4978 festim
455 4928 512 4976 et
535 4921 652 4990 ipse
677 4913 1068 4974 incredulitatis
1095 4909 1335 4980 decerpit
1373 4907 1606 4963 fructum
1625 4947 1641 4974 ,
1666 4903 1842 4958 arefa-

252 5021 340 5068 cta
378 5011 603 5066 dextera
625 5049 640 5075 ,
671 5023 736 5064 ac
763 5020 912 5061 urna:
952 4999 1175 5058 haerenti
1221 4998 1306 5054 cui
1336 5011 1456 5051 eam
1504 4994 1840 5050 admoverat.

251 5103 327 5157 Ac
355 5118 489 5158 sane
520 5102 593 5156 ita
623 5097 940 5161 mansisset,
987 5093 1089 5147 nisi
1118 5087 1210 5161 qui
1257 5087 1482 5143 aderant
1528 5085 1596 5140 ad
1644 5084 1842 5139 multas

254 5195 416 5250 horas
443 5200 692 5254 sanctum
717 5190 1114 5252 obsecrassent,
1135 5189 1194 5238 ut
1222 5195 1344 5238 eum
1372 5185 1607 5243 curaret,
1633 5173 1725 5246 qui
1747 5175 1845 5231 ob-

253 5286 448 5339 noxius
472 5290 636 5346 esset,
651 5281 809 5350 eique
831 5276 1294 5339 reconciliaretur,
1312 5271 1402 5340 qui
1429 5268 1622 5324 dubius
1634 5266 1839 5322 fuisset.

253 5374 493 5444 Recepto
522 5372 645 5429 inde
679 5367 1032 5426 Pnecursoris
1076 5364 1253 5435 capite
1295 5362 1532 5434 (nempe
1562 5352 1841 5444 Februarii

251 5467 340 5533 ΘΛ,
373 5443 482 5538 quo
513 5466 677 5521 etiam
707 5461 793 5517 die
835 5459 1134 5527 contigerat
1160 5454 1336 5524 prima
1371 5449 1610 5504 inventio
1638 5453 1675 5512 l,
1700 5443 1840 5499 Ura-

252 5559 375 5614 nius
397 5536 685 5627 episcopus
714 5554 767 5608 in
797 5567 892 5607 sua
923 5551 1182 5605 hactenus
1205 5545 1498 5615 pretiosum
1532 5541 1722 5616 pignus
1749 5536 1845 5592 de-

252 5649 409 5720 ponit
428 5648 654 5706 ecclesia
680 5663 695 5708 ;
725 5643 983 5714 brevique
1009 5646 1132 5711 post
1159 5637 1322 5694 etiam
1371 5632 1626 5702 templum
1657 5629 1842 5700 Bapti—

252 5752 349 5797 sta:
372 5743 630 5804 excitans,
661 5754 783 5794 cum
814 5737 862 5792 ei
893 5735 1076 5805 plures
1104 5743 1283 5801 opera:
1311 5726 1683 5787 accessissent,
1717 5723 1843 5776 illuc

254 5846 450 5888 munus
461 5831 718 5890 transfert
728 5827 1002 5886 Emeseutc
1012 5821 1235 5882 civitati.
1252 5817 1507 5890 omnique
1522 5815 1613 5904 alii
1633 5811 1838 5870 civitati

845 321 935 376 AD
977 317 1248 375 lllSTOR.
1301 317 1729 374 INVENTIONIS
1767 315 2033 374 CAPITIS
2069 318 2127 375 S.
2165 316 2442 378 JOANNIS
2484 323 2841 382 APPENDIX.

287 438 416 508 Quia
436 450 562 492 vero
582 433 730 489 brevi
759 439 880 504 post
899 433 1062 488 etiam
1088 429 1400 487 Gennadius
1416 431 1582 486 abbas
1607 430 1673 484 ad
1698 443 1802 488 nos
1827 488 1828 491 η

1935 455 2109 506 ρμαιον
2129 439 2378 508 κατεφάνη
2399 459 2503 512 μοι,
2529 451 2826 501 κοινωνῆσαι
2847 453 2918 517 τῷ
2936 446 3165 522 πίεοέδρῳ
3183 451 3235 504 τὸ
3255 459 3358 527 πρά

3391 335 3492 390 ΜΞ

3361 477 3500 526 Ἱμα.

1906 530 2151 602 Οὖράνεος
2175 529 2227 585 δὲ
2260 529 2412 592 οὗτος
2441 530 2498 590 ἧν
2527 532 2552 588 ὅ
2580 543 2671 595 τῆς
2696 543 2975 604 Ἐμεσηνςίν
3003 540 3267 603 ἐκκλησίας
3305 549 3493 624 κατάρ.

1909 643 2020 691 χων
2037 641 2050 653 ⁸
2076 627 2298 698 κᾴκεῖνον
2322 625 2494 679 λαϐεῖν
2531 631 2614 680 καί
2651 629 2977 704 συλλήπτορα
3006 637 3099 686 τοῦ
3139 643 3389 704 φανέντος,
3415 642 3496 693 καὶ

1910 719 2217 789 σύμϐουλον.
2261 719 2404 772 Ἐπεὶ
2445 719 2498 774 δὲ
2529 720 2616 774 οὐκ
2647 723 2786 781 εὐθὺς
2833 730 2984 778 τοῦτο
3017 723 3227 803 ἔπραξα,
3262 731 3364 783 ἀλλ’
3395 734 3494 786 ἐνε-

1910 811 2100 880 δυᾶῖιην
2141 818 2230 872 τήν
2266 813 2585 888 ἐγχείρησιν,
2619 813 2713 870 ὦδε
2757 817 2960 872 κάκεῖσε
3008 823 3364 896 στρεφόμενος,
3413 828 3498 881 καὶ

1911 904 2102 980 ἑτέροις
2132 913 2194 959 rei
2217 909 2348 959 κατὰ
2377 907 2432 960 τὸ
2462 912 2676 981 πρᾶγμα
2700 909 3062 980 ἀνατιθέμενος,
3092 919 3160 982 τῷ
3187 934 3240 968 τε
3272 925 3499 990 κυριακῷ

1913 996 2077 1065 ἐ-είνῳ
2103 1003 2175 1068 τῷ
2204 1000 2420 1067 Διεικόνῳ
2449 1001 2530 1050 καὶ
2560 996 2724 1058 ἄλλοις
2749 1004 2876 1062 τισὶ,
2902 1001 3012 1055 τότε
3045 1006 3230 1064 καὶτῆς
3261 976 3499 1068 ἀϐουλίας

1913 1089 2154 1161 ᾐσθόμην,
2185 1093 2267 1143 καί
2294 1086 2351 1143 οὗ
2374 1111 2462 1160 μοι
2494 1097 2653 1145 κακοῦ
2681 1093 2711 1148 ἡ
2738 1093 2953 1152 ἀναϐολὴ
2979 1094 3141 1155 α”τιος
3160 1098 3325 1168 γέγονε
3346 1113 3360 1126 '
3385 1102 3500 1172 περὶ

1915 1179 2073 1237 δείλην
2116 1181 2216 1253 γὰρ
2259 1179 2412 1248 ὀψίαν
2457 1181 2730 1236 σαϐϐάτου
2776 1191 2878 1244 τοῖς
2930 1191 3169 1240 συνοῦσιν
3214 1189 3502 1258 ἓφιζομένου

1915 1291 2013 1342 μου
2067 1274 2145 1323 καί
2191 1291 2306 1326 τινα
2351 1272 2662 1342 ὁμιλοῦντος,
2709 1275 2976 1348 καταςέρει
3019 1281 3116 1342 μοῦ
3151 1299 3228 1335 τις
3269 1279 3503 1341 ἐξαπίνης

1917 1361 2111 1435 πληγὴν
2139 1364 2222 1417 ἐπὶ
2262 1372 2362 1419 τῶν
2383 1367 2622 1437 γονάτων,
2655 1370 2738 1420 καί
2776 1369 2966 1424 τίθησιν
3006 1367 3116 1422 ὅλον
3154 1371 3399 1435 ἀκίνητον,
3431 1379 3504 1442 τῷ

1853 1523 1855 1526 γ
1919 1453 2081 1527 ἐδάφει
2123 1456 2265 1524 μόλις
2303 1476 2374 1528 πρ
2406 1456 2688 1529 σκεκυφότα
2715 1477 2725 1487 '
2755 1461 2822 1518 ὡς
2850 1455 2934 1512 οὖν
2973 1467 3125 1516 τοῦτο
3156 1463 3436 1537 ἑωράκασιν
3461 1487 3488 1519 ο

1918 1545 2184 1619 παρόντες.
2217 1549 2298 1600 καὶ
2346 1548 2574 1618 μάλιστα
2621 1549 2878 1609 Γεννάδιος
2922 1552 3111 1612 ἐκεῖνος
3151 1554 3503 1630 ὁπρορρηθείς

1921 1658 2024 1710 μοι,
2072 1641 2350 1714 τρέπουσιν
2395 1641 2608 1700 ἑαυτοὺς
2638 1645 2706 1701 εἰς
2744 1645 2937 1712 εὐχήνο
2967 1649 3049 1697 καί
3088 1647 3174 1700 τὸν
3213 1649 3370 1718 μέγαν
3409 1649 3508 1702 ἱκι-

1922 1731 2128 1784 τεύουσι
2177 1729 2483 1806 Πρὸδρομον,
2513 1733 2667 1787 λῦσαί
2704 1755 2788 1803 μοι
2815 1740 2902 1793 τήν
2949 1738 3238 1807 συμφορὰν,
3269 1741 3348 1790 καὶ
3394 1741 3509 1797 τοὺς

1933 1835 2084 1880 nudae
2135 1844 2219 1892 μοι
2263 1835 2417 1878 θεῖναι
2446 1835 2657 1900 ἀρτίους
2687 1835 2756 1886 ὡς
2804 1835 3109 1902 ἔμπροσθεν·
3150 1835 3374 1901 ἣνωσαν
3412 1835 3514 1909 γὰρ

1933 1912 1952 1928 .
2072 1919 2095 1928 -
2291 1925 2297 1928 .
2393 1921 2408 1928 -
2504 1926 2510 1928 _
2644 1925 2652 1928 _
2814 1925 2822 1928 _
3324 1924 3339 1928 _
3440 1926 3448 1928 .

1923 1919 2040 1970 ὅτου
2067 1919 2213 1971 ἕνεκα
2240 1925 2331 1976 τήν
2354 1921 2543 1989 πληγὴν
2562 1925 2752 1981 ταύτην
2782 1925 3175 1996 εἰσεπραξάμην.
3205 1928 3292 1979 Καί
3314 1924 3390 1980 ὅτι
3420 1926 3512 2000 ρᾳ-

1922 2007 2081 2077 θυμία
2110 2012 2193 2061 καὶ
2217 2011 2448 2080 μέλλησις
2477 2015 2661 2066 τούτου
2691 2035 2776 2083 μοι
2804 2016 3058 2089 πρόξενος.

1991 2104 2125 2154 Ἐπεί
2153 2099 2204 2154 δέ
2236 2101 2346 2170 ἅμα
2463 2106 2597 2178 εὐχῇ
2641 2108 2726 2157 καὶ
2765 2109 2884 2166 τοὺς
2923 2105 3083 2165 πόδας
3113 2104 3258 2178 εἶχον
3284 2107 3512 2179 βαδίζονο

1922 2214 2037 2254 τας,
2069 2195 2367 2265 ἀφικνοῦμαι
2393 2195 2592 2268 σπουδῇ
2622 2199 2749 2270 πρὸς
2777 2201 2862 2252 τὸν
2889 2197 3134 2274 πρόεδρον
3156 2203 3250 2254 σὺν
3279 2205 3481 2260 ἐτιείνοις
3499 2241 3513 2261 .

1923 2289 1994 2353 μὴ
2023 2282 2139 2338 ἄλλο
2177 2308 2227 2341 τι
2265 2289 2366 2363 πρὸ
2388 2290 2572 2343 τούτου
2607 2291 2808 2350 θέμενος
2839 2288 3012 2363 ἔργον,
3047 2289 3084 2362 ᾧ
3125 2295 3205 2344 καὶ
3245 2293 3408 2346 πάντα
3451 2293 3514 2348 τὰ

1925 2375 2166 2449 ὁραθέντα
2190 2382 2467 2450 γνωρίσας,
2498 2382 2582 2434 τὸν
2613 2377 2811 2454 ὄνειρον,
2832 2385 2932 2438 ’τὴν
2979 2382 3252 2448 ὀπτασίαν,
3290 2384 3348 2436 τὸ
3382 2388 3514 2442 σπή-

1924 2466 2083 2531 λαιον,
2109 2469 2192 2522 τὸν
2216 2471 2388 2531 τόπον,
2419 2477 2507 2530 τὴν
2546 2493 2597 2525 κε
2605 2475 2875 2542 χωσμένην
2900 2471 3076 2547 ὑδρίαν
3093 2491 3106 2503 ’
3133 2478 3215 2526 καὶ
3241 2475 3402 2539 τέλος,
3427 2480 3514 2535 τήν

1926 2557 2063 2633 ἱερὰν
2105 2561 2316 2631 κεφαλήν
2363 2559 2427 2638 δι’
2467 2564 2528 2621 ἣν
2576 2567 2799 2631 κάκεῖνα,
2830 2566 3072 2635 λαμϐάνω
3118 2571 3261 2631 εὐθὺς
3301 2575 3397 2624 καί
3427 2578 3515 2626 τοῦ

1925 2651 2233 2720 πράγματος
2257 2655 2541 2728 αὐτουργὸν
2563 2660 2921 2730 ὑπουργοῦντα
2944 2662 3038 2714 σὺν
3067 2662 3280 2737 εὐθυμία
3311 2665 3516 2733 ἐπιτάγ·

1927 2757 2088 2811 ματι⁶
2131 2743 2183 2804 ἔς
2231 2749 2315 2800 καί
2356 2758 2596 2821 κυριακῆς
2642 2745 3040 2823 ἐπιφωσκούσης,
3083 2756 3350 2827 ἐφίσταται
3394 2757 3518 2828 μετά

1926 2832 2197 2903 λαμπάδων
2224 2844 2296 2908 τῷ
2322 2837 2494 2909 ron-qr
2533 2844 2618 2894 καί
2659 2842 2892 2918 εὐλαϐείᾳ
2933 2849 3019 2900 καὶ
3059 2846 3197 2919 φόϐῃ
3239 2854 3327 2906 τήν
3359 2856 3519 2923 χεῖρα

1927 2931 1990 2995 τῇ
2012 2923 2163 2999 ὑδρία
2191 2931 2478 3001 προτείνας’,
2513 2937 2601 2990 τήν
2639 2934 2848 3005 κεφαλήν
2877 2939 3136 3011 ἀναφέρει·
3169 2939 3336 3009 θαῦμα
3367 2934 3526 2994 οὖσαν

1929 3023 2034 3076 τοῖς
2067 3016 2223 3091 ὁρῶσι
2248 3024 2468 3095 φριττὸν,
2496 3027 2579 3077 καὶ
2602 3024 2724 3084 πλὴν
2746 3033 2846 3080 τῶν
2870 3026 3098 3100 ὁρώντων
3130 3026 3347 3084 ἄπιστον
3372 3047 3385 3060 ο
3413 3035 3519 3105 τρί-

1931 3132 2031 3184 χιι·
2046 3119 2144 3191 ’γὰρ
2160 3115 2387 3191 ἑωρῶντο
2427 3123 2592 3193 ταύτῃ
2639 3131 3082 3196 προσπεφυκυῖαν
3115 3127 3201 3177 καὶ
3229 3121 3407 3178 εὐωδία
3448 3145 3520 3185 τις

1937 3207 2024 3258 καί
2049 3204 2194 3276 air/iu
2224 3208 2517 3278 ἀπέλαμπεν
2547 3208 2788 3283 ἆρῤητος.

2010 3300 2144 3350 Ἐπεὶ
2172 3296 2223 3352 δέ
2251 3300 2275 3354 ὁ
2307 3303 2402 3355 σὺν
2441 3310 2513 3373 τῷ
2560 3304 2818 3376 ἐπισκὸπῳ
2868 3303 3224 3382 πρεσϐύτερος
3251 3346 3266 3370 ,
3318 3305 3520 3375 Μάλχος

1937 3390 2159 3446 ἐκαλεῖτο
2190 3388 2362 3458 οὗτος,
2393 3395 2732 3467 ἀμφιδοιάζων
2763 3421 2873 3461 πως
2901 3397 2956 3459 ἧν
2985 3401 3297 3474 ἀμφιλογῶν,
3344 3403 3387 3454 εἰ
3435 3408 3522 3456 τοῦ

1938 3480 2228 3559 Προδρὸμου
2273 3485 2403 3546 αὕτη
2433 3491 2566 3562 κάρα
2607 3492 2883 3562 τυγχάνει,
2928 3493 3206 3546 ἐπιϐάλλων
3248 3495 3412 3567 ταύτῃ
3445 3495 3530 3548 καὶ

1938 3576 2030 3635 τὰς
2055 3585 2246 3652 χεῖρας
2274 3579 2600 3658 θρασύτερον·
2626 3584 2734 3636 ἐπεὶ
2769 3586 2854 3636 καὶ
2901 3581 3067 3638 εἴωθεν
3099 3587 3125 3639 ὁ
3152 3588 3368 3662 πονηρὸς
3417 3595 3524 3647 τοῖς

1941 3667 2106 3728 καλοῖς
2135 3671 2372 3740 ἐγκοτεῖν·
2419 3681 2748 3747 παραχρῆμα
2796 3671 2942 3734 οὗτος
2981 3678 3066 3728 καί
3117 3683 3206 3736 τῆς
3255 3677 3524 3734 ἁπιστείας

1939 3759 2185 3830 τρέπεται
2213 3761 2300 3814 τὸν
2327 3762 2535 3834 καρπὸν,
2569 3770 2657 3821 τῆς
2689 3765 2864 3837 χειρὸς
2896 3766 3029 3834 αὐτῷ
3073 3767 3524 3839 ἁποξηρανθείτης,

1941 3850 2026 3900 καὶ
2051 3857 2112 3921 τῇ
2143 3848 2294 3924 ὑδρία
2377 3858 2714 3925 προσήγγισε,
2739 3854 3207 3929 προσπλαοθείσης⁸
3233 3859 3314 3909 καί
3341 3853 3525 3924 {umis

1943 3934 2000 3992 ἂν
2030 3941 2190 4001 οὕτως
2219 3944 2249 3999 ἡ
2279 3945 2424 4010 χεὶρ,
2457 3945 2501 3996 εἰ
2522 3950 2590 4014 μὴ
2613 3946 2697 3997 τὸν
2730 3945 2869 4016 ἅγιον
2898 3947 3106 4004 πολλαῖς
3143 3946 3295 4022 ὥραις
3338 3944 3522 4000 ἐδυσώ-

1943 4052 2109 4091 πησαν
2149 4035 2195 4086 οἱ
2223 4035 2502 4108 παρόντες,
2541 4034 2711 4092 δοῦναι
2739 4045 2810 4110 τῷ
2841 4037 3072 4110 σφαλέντι
3096 4041 3184 4096 τήν
3226 4039 3526 4114 θεραπείαν,

1943 4129 2024 4177 καὶ
2049 4125 2415 4198 καταλλαγῆναι
2435 4135 2507 4199 τῷ
2531 4130 2624 4200 ἁμξ
2638 4129 2945 4200 ιλογήσαντι.
2978 4135 3066 4188 ⁴Ως
3087 4124 3171 4182 οὖν
3193 4127 3217 4183 ὁ
3249 4127 3527 4204 Προδρομος

1944 4221 2129 4274 έλεῖθεν
2151 4226 2240 4280 τήν
2262 4222 2419 4295 κὰραν
2455 4221 2688 4276 ἀνέλαϐεν
2706 4239 2718 4252 ·
2752 4222 2912 4298 ἡμέρα
2941 4220 2993 4277 δὲ
3020 4219 3077 4282 ἦν
3099 4230 3374 4282 τηνικαῦτα
3397 4225 3528 4282 εἰκάς

1943 4309 2161 4385 τετάρτη
2203 4319 2292 4367 τοῦ
2339 4312 2702 4387 Φεϐρουαρίου,
2730 4312 2835 4366 καθ’
2864 4314 2922 4371 ἣν
2945 4317 3029 4366 καὶ
3069 4315 3098 4370 ἦ
3136 4314 3313 4386 πρώτη
3340 4315 3537 4388 γέγονεν

1947 4401 2176 4476 εὕρεσις·
2207 4411 2268 4473 τῇ
2297 4403 2405 4456 κατ’
2434 4405 2587 4456 αὐτὸν
2626 4403 2864 4477 ἐκκλησίᾳ
2897 4403 3044 4466 τέως,
3086 4403 3141 4457 τὸ
3181 4401 3328 4455 καλὸν
3379 4409 3530 4456 τοῦτο

1946 4502 2132 4567 χρῆμα
2154 4495 2334 4567 ἔγκατα
2345 4495 2526 4552 τίθησι.
2547 4494 2664 4548 Μετ’
2689 4489 2847 4564 ὀλίγον
2877 4492 2928 4548 δέ
2951 4496 3032 4548 καὶ
3051 4495 3164 4548 ναὸν
3179 4500 3251 4565 τῷ
3275 4500 3534 4551 Βαπτιστῖ

1874 4558 2243 4663 θάνεγεὶρας,
2289 4587 2480 4640 πολλῶν
2533 4594 2605 4660 τῷ
2658 4586 2790 4660 ἔργῳ
2842 4589 3222 4662 συναραμένων,
3272 4588 3434 4643 ἐκεῖσε
3478 4589 3533 4641 τό

1948 4678 2101 4759 δῶρον
2130 4685 2478 4753 μετακομίζει.
2511 4678 2794 4751 Ἐμεσηνὼν
2839 4688 2900 4754 τῇ
2956 4681 3100 4733 πόλει
3130 4683 3209 4733 καί
3239 4677 3360 4750 ἄλλῃ
3387 4683 3534 4752 πάσῃ

1947 4777 2090 4832 πόλει
2131 4778 2210 4830 καί
2267 4777 2444 4850 χὼρα,
2502 4772 2718 4827 πλοῖ’τον
2757 4769 2961 4840 ὅφθονον
3007 4774 3090 4826 καὶ
3128 4773 3370 4825 ἀκὲνωτον
3399 4787 3413 4800 ⁹
3447 4775 3533 4823 καὶ

1947 4868 2041 4930 ἤδη
2069 4871 2158 4940 μέν
2183 4870 2213 4927 ἡ
2241 4865 2453 4944 δευτέρα
2482 4865 2709 4937 εὕρεσις.
2743 4865 2827 4916 καὶ
2856 4862 3153 4934 φανέρωσις,
3185 4861 3532 4915 Οὐαλεντινια-

1948 4968 2032 5016 νοῦ
2063 4961 2178 5014 τότε
2221 4960 2305 5013 καί
2347 4962 2630 5026 Μαρκιανοῦ
2670 4961 2769 5009 τῶν
2822 4962 2911 5012 τῆς
2956 4952 3219 5022 βασιλείας
3266 4953 3533 5022 σκήπτρων

1946 5055 2312 5126 ἐπειλημμὲνων
2330 5069 2341 5082 ⁸
2384 5052 2513 5110 εἰκὸς
2544 5048 2595 5104 δέ
2625 5050 2758 5119 ἡμᾶς
2785 5047 2868 5098 καί
2889 5050 2979 5102 τὴν
3003 5042 3226 5114 ἔναγχος
3247 5044 3331 5096 καὶ
3359 5045 3534 5116 τρίτην

2168 5143 2216 5207 ἧς
2246 5146 2387 5201 ἕνεκα
2416 5145 2500 5196 καὶ
2528 5140 2552 5196 ὁ
2577 5140 2745 5211 λόγος,
2775 5137 2860 5190 καί
2906 5135 2936 5193 ἢ
2980 5140 3078 5189 τῶν
3128 5129 3286 5187 ἄλλων
3331 5131 3534 5191 ἔκδηλοη

1946 5147 2127 5212 εἰπεῖν,
2161 5147 2190 5207 ἧ

1947 5241 2070 5315 τέρα
2102 5237 2183 5292 καὶ
2208 5240 2474 5311 γνώριμος.

2018 5342 2089 5404 Τῇ
2119 5339 2216 5386 τῶν
2243 5331 2519 5400 Ἐμεσηνῶν
2562 5319 2670 5388 οὖν,
2720 5324 2787 5383 ὦς
2827 5318 3011 5394 ἔφαμεν
3039 5359 3055 5388 ,
3101 5319 3241 5376 πόλει
3267 5327 3359 5379 τῆς
3389 5320 3534 5394 ἱερᾶς

1947 5427 2158 5497 κεφαλῆς
2184 5425 2583 5496 ἐναποκειμένης,
2606 5417 2688 5472 καὶ
2708 5424 2812 5476 τοῖς·
2834 5414 3154 5488 ἔγγυθεν,καὶ
3176 5423 3280 5473 τοῖς
3305 5414 3528 5489 μακρὰν,

1947 5511 2144 5592 καὶτῆς
2171 5519 2479 5588 ἅπανταχοῦ
2504 5516 2687 5572 ἥκουσι
2711 5510 2960 5569 πλουσίας
2997 5517 3088 5568 τῆς
3137 5509 3354 5581 χάριτος
3395 5525 3529 5580 προ-

1948 5617 2189 5687 κειμένης,
2217 5613 2376 5684 ἔμεινε
2409 5608 2632 5684 χρόνους
2658 5607 2743 5660 ἐπὶ
2773 5601 2982 5661 πολλοὺς
3009 5598 3033 5654 ὁ
3057 5599 3312 5673 θησαυρὸς
3338 5597 3530 5669 ἀμετά-

1946 5709 2087 5766 θετος
2109 5721 2121 5734 ⁸
2155 5701 2208 5764 ὃς
2233 5724 2287 5773 γε
2319 5703 2361 5756 εί
2400 5701 2484 5754 καί
2521 5705 2593 5770 τῷ
2626 5696 2764 5765 τὸπῳ
2793 5695 3129 5768 περιώριστο,
3161 5688 3262 5743 ἀλλ’
3289 5689 3412 5759 οὐχὶ
3443 5688 3529 5740 καί

1944 5810 2061 5862 ταῖς
2083 5798 2348 5870 ἐνεργείαις
2378 5791 2635 5872 διώριστο,
2660 5788 2863 5862 ἄφθονον
2911 5790 2998 5844 τὴν
3027 5783 3185 5856 χάριν
3212 5779 3415 5845 ἁπλῶν,
3447 5783 3529 5831 καὶ
