3938 6196
382 337 489 394 Ηῦ

1667 329 2023 389 DIONYSIUS
2061 326 2375 397 EXIGUUS.

3556 326 3663 383 ιιι

375 476 441 514 ac
469 454 673 525 regioni
702 455 1010 509 thesaurum
1039 452 1255 506 uberem
1280 464 1341 504 ac
1373 449 1771 503 inexhaustum.
1829 446 1965 500 llae-

2106 452 2147 509 ἴς
2171 456 2368 511 πάντας
2398 449 2698 509 διήκουσαν.
2721 450 2873 509 Ἀλλά
2900 452 3002 527 γάρ
3045 450 3090 505 οἱ
3132 456 3222 507 τοῦ
3280 458 3409 507 Θεοῦ
3440 451 3665 525 ἀντόρρι-

383 560 539 603 tenus
563 545 797 602 secunda
845 544 1084 599 inventio
1132 557 1198 596 ac
1233 540 1597 595 tnanil’estatie
1647 540 1759 593 tum
1803 538 1967 599 facta,

380 657 503 697 eum
536 639 937 695 Valentinianus
967 652 1031 691 ac
1061 634 1360 690 Marcianus
1401 632 1612 703 imperii
1649 640 1863 701 sceptra
1896 639 1973 683 te—

383 742 592 787 nerent.
624 730 812 801 Opera:
840 730 1071 799 pretium
1120 742 1248 783 vero
1279 736 1337 781 ut
1386 735 1442 781 et
1484 740 1603 780 eam
1653 738 1772 793 qua:
1804 737 1976 792 nuper

382 822 624 887 contigit,
651 821 973 889 tertiamque
1002 832 1335 884 enarretnus,
1366 817 1519 885 cujus
1566 822 1623 869 et
1658 814 1823 868 etiam
1848 827 1976 865 cau-

384 928 443 967 sa
474 912 715 967 instituta
749 911 903 966 nobis
933 911 1110 965 oratio
1142 919 1251 975 est,
1281 924 1402 978 qu.e
1445 918 1498 963 et
1530 906 1751 977 reliquis
1796 904 1977 960 notior

385 1015 469 1062 est
496 1015 658 1075 atque
682 1005 961 1060 illustrior.

456 1118 591 1173 Cum
615 1117 797 1187 itaque
824 1130 1036 1169 sacrum
1067 1122 1226 1184 caput
1267 1112 1495 1173 lin-exe,
1525 1119 1582 1164 ut
1606 1109 1859 1175 diximus,
1892 1122 1980 1162 re-

386 1209 620 1280 positum
643 1217 806 1268 esset,
838 1210 1000 1273 atque
1030 1204 1095 1257 iis
1142 1202 1231 1272 qui
1261 1216 1292 1256 e
1323 1201 1500 1255 vicino
1547 1199 1748 1269 quique
1794 1196 1982 1269 procul

388 1316 454 1355 ac
484 1300 719 1367 undique
748 1298 1012 1359 venirent,
1048 1294 1372 1349 uberrimum
1422 1292 1609 1361 gratia:
1635 1305 1827 1345 munus
1859 1304 1984 1359 pro-

388 1400 576 1453 staret,
610 1396 880 1443 manserat
911 1386 1191 1441 thesaurus
1220 1385 1272 1439 in
1298 1400 1470 1439 annos
1519 1383 1699 1453 plures
1753 1380 1802 1436 ei
1862 1381 1985 1435 loco

389 1482 631 1537 addictus
663 1498 675 1534 :
703 1496 766 1536 ac
790 1493 1095 1548 quanquam
1125 1492 1192 1532 co
1220 1475 1657 1545 circumscriptus
1686 1482 1823 1537 erat,
1873 1485 1985 1526 non

392 1582 571 1628 tamen
587 1571 942 1625 illiusantbitu
953 1569 1116 1624 etiam
1133 1568 1357 1622 virtutes
1379 1565 1749 1629 arclabantur,
1775 1560 1871 1619 sed
1891 1576 1986 1616 co-

391 1664 543 1733 piose
573 1650 832 1717 beneﬁcia
879 1659 1206 1730 explicabat,
1236 1666 1292 1713 et
1323 1668 1379 1711 ut
1405 1656 1471 1710 ad
1501 1670 1689 1710 omnes
1719 1654 1988 1725 pertinge-

392 1765 530 1811 reut.
562 1754 849 1809 Enimvero
888 1768 1006 1823 quae
1034 1751 1126 1807 ι)οἰ
1158 1765 1366 1805 areaure
1397 1749 1652 1814 rationes,
1686 1749 1988 1817 incompre-

2075 561 2153 595 τοι
2195 540 2350 613 λόγοι,
2401 546 2484 597 καί
2529 550 2631 598 τῶν
2666 543 2823 597 αὐτοῦ
2872 544 3129 618 κριμάτων
3164 543 3221 597 τὸ
3269 543 3627 600 ἀκατάληπτον
3649 585 3665 609 ,

2077 634 2236 703 χίρσι
2264 633 2542 707 βαρϐάρων
2570 637 2693 695 τοὺς
2714 636 2763 687 ἐν
2787 637 2974 707 Ἐμέσῃ
3015 636 3207 696 τόπους
3254 640 3341 690 καί
3394 638 3557 693 αὐτὴν
3584 644 3671 696 τήν

2074 720 2297 796 Ἐμεσαν
2346 726 2471 780 ἑλεῖν
2518 732 3001 800 συγχωρήσαντος,
3059 729 3118 782 οὐ
3166 726 3355 782 δίκαιον
3400 726 3427 783 ὃ
3487 730 3673 799 ἀγαθός

2077 814 2260 891 ἔκρινε,
2291 820 2377 870 καί
2405 818 2566 893 κάραν
2595 825 2684 877 τήν
2726 820 2977 889 πάντιμον
3027 822 3173 894 παρά
3202 820 3404 881 τούτοις
3423 821 3673 891 ’γενέσθαυ

2079 905 2264 962 οὔκουν
2290 908 2405 964 οῦδί
2431 911 2621 982 γίνεται
2652 926 2666 941 ⁶
2695 911 2819 965 ἀλλά
2865 912 3007 985 παρά
3034 932 3133 966 τινι
3172 918 3347 981 πιστῷ
3385 914 3468 965 καί
3513 930 3677 965 σπου-

2080 999 2207 1072 δαίῳ
2228 1004 2346 1078 περὶ
2371 1003 2435 1058 τά
2461 1004 2607 1069 καλά,
2642 1004 2828 1058 ἐκεῖθεν
2855 1004 2985 1062 αὕτη
3003 1004 3248 1077 ληφθεῖσα
3276 1045 3292 1069 ,
3321 1004 3553 1074 ἀλλαχοῦ
3580 1002 3678 1062 ἤδη

2081 1099 2476 1165 μετακομίζεται
2501 1112 2518 1127 ⁹
2542 1096 2738 1167 κόμανα
2758 1094 2801 1150 δ’
2822 1093 2883 1156 ἦν
2906 1098 2937 1157 ἡ
2958 1095 3200 1167 δεξαμένη
3222 1098 3280 1151 τό
3310 1094 3494 1170 δῶρον·
3519 1100 3678 1172 μικρά

2083 1186 2173 1251 μὲν
2204 1185 2348 1245 πόλις
2373 1188 2456 1239 καί
2485 1182 2688 1253 ἄσημος
2712 1226 2726 1248 .
2756 1188 3004 1259 ἐπίσημος
3058 1185 3098 1242 δ’
3128 1188 3345 1242 ἐντεῦθεν
3390 1189 3630 1260 γενομένη
3660 1232 3676 1254 ν

2085 1279 2168 1330 καί
2194 1284 2294 1331 τῶν
2336 1275 2497 1332 ἄλλων
2525 1277 2918 1357 διαφανεστέρα.

2156 1371 2222 1424 τό
2262 1367 2306 1425 δ’
2352 1368 2492 1426 ἔιδον
2538 1374 2765 1443 συνέχον
2810 1376 2897 1428 καί
2936 1375 3160 1445 κατέχον
3225 1376 3313 1431 τόν
3382 1376 3678 1451 θησαυρόν,

2088 1461 2275 1521 σκεῦός
2310 1483 2360 1516 τι
2402 1464 2648 1539 ἀργύριον
2671 1462 2751 1527 ἦν,
2778 1473 3013 1539 χρυσοῖς
3037 1467 3270 1527 πετάλοις
3296 1469 3679 1539 ἐνηρμοσμένον,

2090 1554 2153 1612 ὡς
2190 1547 2248 1606 ἂν
2275 1553 2334 1608 τό
2356 1555 2520 1625 τίμιον
2549 1556 2943 1630 περιστέλλοιτο.
2968 1557 3095 1616 ιιλήν
3130 1564 3360 1631 ἠγνοεῖτο
3405 1572 3513 1619 τοῖς
3557 1559 3684 1613 πολ-

2088 1644 2225 1708 λοῖς,
2252 1648 2339 1699 καί
2376 1646 2598 1716 μάλιστα
2624 1656 2732 1707 τοῖς
2771 1654 2861 1707 τὴν
2899 1648 3144 1720 βασιλίδα
3172 1652 3416 1716 οἰκοῦσιν,
3446 1648 3580 1706 ὅπου
3622 1654 3685 1707 τό

2092 1733 2254 1811 δῶρον
2311 1737 2698 1804 ίναποτὲθειται,
2748 1748 2823 1813 τῷ
2876 1760 2932 1795 τε
2976 1742 3249 1810 ἀγνώστως
3295 1748 3386 1802 τήν
3416 1744 3686 1812 μετάθεσιν

388 1846 668 1915 bensaque
691 1810 925 1914 judicial
975 1843 1108 1897 Cum
1138 1857 1331 1913 nempe
1360 1810 1677 1896 Einesenatn
1708 1810 1981 1907 regionem

2098 1829 2418 1898 γεγενῆσθαι,
2464 1831 2549 1884 καί
2591 1837 2664 1900 τῷ
2703 1832 2993 1903 ἀγνοεῖσθαι
3021 1834 3111 1887 τόν
3133 1833 3320 1907 χρόνον
3343 1834 3449 1888 καθ’
3496 1832 3551 1889 ὃν
3584 1836 3686 1892 ἀπὸ

390 1942 670 2005 ibaturque
699 1936 883 1990 urbem
916 1934 1164 1990 Emesam
1193 1934 1542 2007 barbarorum
1566 1931 1812 1985 manibus
1831 1944 1990 1999 expu-

392 2029 543 2097 gnari
592 2028 825 2093 sivisset,
852 2042 917 2082 ac
962 2041 1150 2081 eorum
1183 2024 1296 2080 lieri
1324 2024 1562 2090 ditionis,
1612 2023 1753 2078 haud
1808 2032 1987 2077 tamen

391 2118 1419 2190 tequumpntavitutetpretiosissimum
1448 2127 1611 2187 caput
1640 2130 1806 2187 penes
1846 2114 1987 2180 illos,

389 2212 605 2280 illisque
636 2211 903 2266 addictum
934 2210 1093 2265 foret.
1120 2209 1380 2279 Adeoque
1407 2223 1583 2277 neque
1631 2208 1751 2275 fuit,
1778 2207 1875 2263 sed
1918 2207 1989 2277 pii

385 2301 669 2372 cujusdam
716 2302 1038 2371 honestique
1066 2300 1289 2357 cultoris
1317 2314 1483 2370 opera
1512 2299 1639 2355 inde
1690 2307 1989 2368 sumptum,

394 2393 501 2448 alio
533 2390 1325 2459 tmutransl'ertur;Cmuanam
1355 2391 1584 2455 scilicet,
1615 2390 1866 2459 exiguam
1898 2404 1991 2443 ur-

396 2485 517 2541 bem
549 2501 614 2541 ac
640 2485 945 2552 obscuram,
977 2500 1096 2555 qua:
1124 2495 1304 2540 tamen
1354 2499 1421 2540 eo
1451 2474 1683 2554 pignore
1730 2484 1897 2540 ditata
1929 2484 1992 2539 il-

395 2575 574 2631 lustris
594 2575 794 2646 evasit,
818 2592 880 2631 ac
907 2575 1127 2646 reliquis
1154 2576 1349 2631 clarior
1380 2576 1574 2631 exinde
1597 2576 1714 2630 fuit.

466 2654 620 2722 Quod
650 2656 925 2710 vasculum
975 2656 1284 2711 thesaurum
1339 2656 1482 2710 intus
1516 2656 1746 2711 habebat
1772 2671 1836 2711 ac
1859 2671 1993 2713 con-

397 2742 621 2806 tinebat,
654 2757 787 2796 urna
816 2743 1061 2812 quaedam
1083 2752 1343 2813 argentea
1372 2744 1552 2800 aureis
1579 2753 1865 2815 compacta
1923 2745 1994 2799 la-

396 2833 555 2886 minis
594 2842 733 2900 erat,
759 2848 869 2903 quo
925 2849 1118 2905 nempe
1156 2835 1451 2905 pretiosum
1507 2837 1700 2907 pignus
1748 2836 1991 2906 pretioso

398 2922 614 2978 vasculo
641 2933 1009 2979 asservaretur
1078 2926 1345 2982 Caeterum
1386 2928 1628 2999 plerique
1654 2928 1987 2992 nesciebant,

399 3025 462 3065 ac
489 3026 759 3082 prxctpne
778 3015 974 3083 regina:
998 3014 1205 3070 urbium
1232 3017 1400 3085 cives,
1451 3032 1559 3087 quo
1589 3017 1719 3072 illud
1745 3017 1865 3073 loco
1895 3032 1991 3087 po-

397 3100 556 3157 situm
580 3113 720 3159 esset
753 3121 766 3157 :
801 3114 912 3158 tum
935 3107 1079 3176 quod
1111 3108 1391 3163 translatio
1414 3107 1627 3163 occulta
1665 3123 1729 3162 ac
1755 3108 1875 3165 sine
1899 3123 1987 3163 ar—

398 3194 538 3250 bitro
566 3193 703 3250 facta
732 3192 919 3251 fuisset
944 3213 958 3261 ;
985 3205 1097 3251 tum
1122 3198 1267 3268 quod
1319 3199 1617 3254 nesciretur
1648 3206 1859 3268 tempus
1881 3214 1991 3269 quo
2019 3175 2065 3239 ε

400 3284 487 3339 illa
515 3285 850 3354 contigisset.
879 3284 1065 3355 Neque
1085 3288 1227 3343 enim
1251 3289 1370 3358 quis
1391 3289 1860 3359 palam,quantum
1887 3306 1991 3346 uo-

401 3378 483 3433 bis
510 3377 722 3446 assequi
746 3377 918 3442 licuit.
943 3393 1063 3434 eam
1118 3396 1231 3435 rem
1265 3381 1499 3436 tradidit.
1559 3382 1744 3453 Itaque
1799 3385 1996 3439 mansit

401 3466 647 3523 Cumana:
670 3478 851 3538 caput,
890 3484 959 3526 ne
988 3470 1137 3540 ipsis,
1170 3483 1331 3542 puto,
1362 3473 1548 3530 incolis
1596 3476 1727 3530 satis
1785 3483 1992 3531 nolunt.

400 3557 535 3612 Tum
565 3558 708 3612 enim
737 3566 1000 3629 tempora,
1032 3570 1141 3615 tum
1164 3564 1379 3631 negotia
1407 3562 1515 3618 alta
1546 3580 1659 3619 rem
1690 3564 1995 3633 ignorantia

400 3647 722 3702 obtexerant
775 3665 788 3701 :
840 3664 962 3705 cum
1001 3653 1299 3721 pncsertim
1356 3652 1703 3710 lconomachi
1782 3655 1994 3711 interim

401 3738 764 3805 emersissent,
797 3754 934 3809 quos
976 3752 1181 3796 tantum
1213 3744 1367 3799 abest
1418 3753 1478 3798 ut
1514 3753 1824 3800 sanctorum
1874 3745 1997 3800 reli-

401 3830 540 3898 quiis
568 3831 769 3893 cultum
797 3832 1136 3901 adhiberent,
1170 3844 1227 3889 ut
1253 3836 1417 3891 etiam
1442 3837 1746 3907 ubicunque
1767 3838 1870 3892 illa:
1901 3852 1995 3893 ex-

400 3931 546 3977 stare
576 3933 948 3993 noscerentur,
972 3926 1221 3982 incendio
1244 3943 1335 3983 eas
1360 3928 1648 3983 traderent.
1677 3927 1808 3983 Eam
1839 3929 2001 3999 igitur

401 4019 472 4073 ob
502 4020 765 4075 rationem
789 4021 918 4076 nulli
941 4021 1196 4094 deinceps
1213 4024 1632 4080 sacratissimum
1654 4026 1845 4096 pignus
1869 4040 2000 4081 con-

403 4106 646 4177 Spicunm
674 4118 793 4163 erat
820 4120 912 4163 attt
940 4112 1299 4181 exploratum.
1337 4113 1627 4184 Postquam
1684 4124 1868 4169 autent
1913 4130 2000 4170 re—

406 4216 524 4254 rum
537 4216 747 4255 summa
777 4208 845 4256 ad
867 4204 1200 4258 orthodoxos
1230 4204 1406 4270 rediit,
1433 4206 1738 4274 iterumque
1785 4215 2001 4276 sceptra

409 4292 653 4349 tidelibus
680 4295 932 4364 Augustis
952 4296 1260 4351 concredita
1283 4306 1426 4360 sunt,
1451 4314 1515 4354 ac
1537 4299 1880 4355 Iconomaclti
1902 4300 2005 4353 im—

408 4383 481 4451 pii
514 4400 637 4437 cum
665 4384 844 4438 sonitu
867 4386 1162 4455 petierunt,
1215 4387 1534 4456 condignam
1583 4388 1791 4445 scilicet.
1842 4388 2001 4444 ultio-

410 4490 531 4528 nem
565 4476 727 4537 nacti,
764 4485 872 4530 Iunt
897 4494 1028 4533 sane
1058 4480 1219 4533 etiam
1243 4478 1565 4535 l’rmcnrsori
1591 4490 1829 4551 utcaput
1846 4496 1999 4537 sumn

412 4562 752 4621 manifestum
783 4565 983 4623 faceret
1036 4570 1278 4639 placuit;
1323 4571 1755 4641 stupendumque
1810 4587 2005 4626 munus

413 4671 519 4709 non
552 4656 676 4710 huic
696 4656 838 4711 illive
867 4659 1068 4713 civitati
1120 4660 1347 4730 (exiguis
1398 4676 1592 4732 nempe
1629 4662 1839 4733 oppidis
1891 4663 2007 4717 exi-

410 4748 637 4817 guisque
666 4751 906 4805 terminis
934 4751 1221 4823 definitis),
1251 4755 1344 4808 sed
1379 4765 1434 4809 ut
1460 4755 1701 4810 omnium
1760 4756 2006 4810 maxima:

412 4856 732 4911 summeque
762 4844 946 4910 regali,
981 4860 1176 4913 nempe
1210 4843 1705 4917 Constantinopoli,
1738 4846 2003 4915 traderet;

412 4949 521 5003 quo
544 4950 738 5005 nempe
759 4944 814 4990 et
846 4937 1125 4991 thesaurus
1152 4938 1477 4993 inviolabilis
1522 4947 1850 5005 servaretur,
1885 4938 2006 4993 illa-

413 5042 520 5097 que
548 5026 663 5094 ejus
698 5026 1036 5098 depositione
1081 5028 1481 5095 honestaretur,
1542 5031 1820 5102 ipsumque
1868 5029 2006 5085 adeo

414 5132 632 5172 sacrum
660 5135 871 5185 munus,
900 5129 956 5174 ut
993 5134 1092 5189 par
1131 5128 1235 5190 est,
1284 5121 1583 5192 Splendoris
1622 5120 1821 5190 aliquid
1850 5120 1919 5175 ab
1942 5135 2006 5175 ea

419 5218 770 5278 mutuaretur,
801 5212 945 5282 quod
975 5228 1168 5285 nempe
1197 5230 1363 5286 penes
1407 5215 1550 5268 illaut
1574 5214 1806 5283 majores
1834 5215 2009 5270 hono-

419 5315 505 5354 res
528 5301 834 5372 cultumque
857 5306 1235 5377 itnpcnsiorem
1283 5307 1526 5362 haberet.
1586 5305 1720 5360 Tum
1776 5320 2008 5375 namque

420 5390 644 5444 Michael
667 5406 731 5445 ac
756 5391 1037 5450 Theodora
1066 5407 1279 5468 sceptra
1333 5406 1698 5467 susceperant,
1748 5396 2010 5467 lgnatius—

418 5495 524 5547 que
547 5480 801 5536 Methodii
823 5499 1128 5553 successor,
1162 5489 1243 5542 vir
1265 5489 1445 5545 multis
1475 5489 1652 5544 clarus
1694 5489 2005 5556 virtutibus,

420 5570 713 5625 Ecelesiam
729 5573 969 5641 regebat.
999 5576 1109 5630 Sub
1134 5579 1466 5651 hisinclytis,
1490 5580 1651 5635 etiam
1680 5580 2008 5651 pretiosissi-

424 5677 567 5715 mum
591 5662 781 5730 pignus
810 5662 947 5715 istud
977 5665 1027 5716 in
1053 5667 1287 5731 reginam
1319 5670 1528 5723 urbium
1586 5670 1830 5735 infertur,
1892 5680 1995 5724 ter-

424 5764 659 5824 tiamque
707 5754 846 5810 hanc
903 5772 964 5810 ac
1015 5766 1342 5826 postremam
1388 5761 1747 5817 inventionem
1811 5764 1999 5818 nanci—

2030 4540 2084 4600 D

2089 1917 2306 1988 Ἐμέσης
2331 1920 2461 1995 πρὸς
2481 1922 2546 1977 τά
2574 1922 2769 1990 κόμανα
2798 1924 3173 1991 μετατίθειται’
3215 1924 3331 1979 οὖδὲ
3372 1927 3467 2003 γὰρ
3508 1935 3687 1996 σαφῶς

2092 2031 2189 2077 τις,
2221 2010 2324 2066 ὅσα
2370 2033 2429 2083 γε
2475 2016 2617 2068 αὐτοί
2675 2016 2943 2085 συνίσμεν,
2984 2020 3104 2093 περί
3149 2018 3337 2072 τούτου
3392 2020 3687 2093 ἐγνώρισεν.

2091 2105 2279 2157 Οὐκοῦν
2322 2105 2405 2159 καί
2447 2102 2593 2175 ἔμενε
2646 2114 2752 2166 τοῖς
2801 2108 3040 2176 κομάνοις
3072 2110 3104 2167 ἠ
3151 2111 3332 2181 κεφαλή
3357 2152 3372 2175 ,
3405 2109 3532 2180 μηδί
3559 2112 3691 2186 παρ’

2092 2195 2257 2249 αὐτῶν
2281 2192 2445 2254 δήπου
2469 2203 2568 2252 τῶν
2588 2201 2869 2273 προσοίκων
2891 2199 3128 2269 ἀσφαλῶς
3148 2201 3293 2270 τάχα
3320 2206 3689 2277 γνωριζομένη⁸

2093 2287 2139 2340 οἶ
2166 2306 2217 2341 τε
2245 2286 2347 2360 γάρ
2376 2287 2577 2361 χρόνοι,
2610 2291 2693 2343 καί
2720 2291 2783 2343 τὰ
2807 2291 3091 2364 πράγματα
3114 2334 3128 2358 ,
3158 2290 3339 2351 πολλὴν
3366 2299 3456 2352 τήν
3484 2292 3695 2366 ἄγνοιαι

2090 2378 2490 2448 ὶμπςιήσαντες·
2523 2379 2750 2451 μα’)ιστα
2802 2387 2991 2453 μεταξῦ
3046 2389 3131 2440 καί
3176 2395 3274 2441 τῶν
3316 2391 3690 2460 Εἱκονομάχων

2092 2469 2542 2540 ἀναφανέντωνότς
2555 2474 2659 2543 οὐχ
2677 2471 2814 2534 ὅπως
2835 2476 2899 2528 τά
2923 2482 3024 2529 τῶν
3045 2475 3197 2548 ἁγίων
3224 2478 3429 2533 ἐσέϐετο
3451 2478 3689 2549 λείψανα)

2093 2562 2217 2617 ἀ)λά
2245 2565 2327 2617 καί
2354 2567 2477 2641 πυρί
2517 2565 2860 2641 ἐνεπίμπρατο
2912 2566 2961 2621 εἴ
2999 2590 3100 2623 που
3144 2568 3205 2628 δὴ
3253 2575 3331 2626 καί
3378 2580 3598 2641 ςανεῖεν⁶
3632 2571 3693 2632 ἦν

2093 2655 2266 2710 λοιπόν
2308 2660 2389 2711 καί
2439 2658 2497 2713 τό
2539 2660 2775 2734 πανίερον
2815 2666 2969 2715 τοῦτο
3019 2670 3205 2735 χρῆμα
3232 2670 3301 2732 μή
3330 2666 3454 2741 παρ’
3475 2666 3692 2721 ὁτουοῦν

2094 2748 2359 2817 θεώμενον,
2406 2749 2437 2809 ἧ
2476 2748 2679 2808 ἔκδηλον
2726 2753 3122 2823 καθιστάμενον⁹
3147 2758 3259 2810 ἐπεί
3302 2757 3356 2811 δὲ
3404 2766 3511 2819 τοῖς
3543 2760 3693 2830 όρθο-

2094 2839 2258 2905 δόξοις
2314 2841 2554 2901 ἐπανῆλθε
2603 2842 2668 2898 τά
2723 2846 3008 2917 πράγματα
3042 2887 3057 2911 ,
3113 2850 3196 2902 καί
3250 2848 3352 2903 ὑπό
3418 2849 3693 2923 βασιλεῦσι

2094 2942 2299 2994 πιστοῖς
2336 2936 2403 2990 τά
2432 2943 2697 3011 σκῆπτρα,
2727 2938 2873 2992 πάλιν
2901 2943 3323 3015 μετακεχώρηκε,
3374 2951 3474 2998 τῶν
3497 2942 3693 2998 δυο-σε·

2096 3023 2196 3078 ϐῶν
2218 3026 2574 3097 Είκονομάχων
2598 3026 2710 3099 μετ’
2737 3028 2876 3100 ἤχου
2908 3031 3269 3093 ἀπολωλότων,
3301 3038 3385 3086 καὶ
3411 3035 3550 3096 ἀξίαν
3594 3040 3692 3094 τὴν

2095 3112 2357 3190 εἴσπραξιν
2384 3118 2690 3195 εὑρηκότων,
2719 3121 2833 3176 τότε
2865 3120 2925 3180 δή
2949 3125 3029 3176 καί
3059 3122 3084 3177 ό
3128 3123 3415 3200 Πρόόρομος
3443 3133 3533 3183 τήν
3560 3128 3691 3182 ἔαυ-

2095 3214 2187 3262 τοῦ
2229 3208 2438 3280 κεφαλὴν
2479 3218 2770 3283 φανερῶσαι
2828 3210 3110 3271 ηὖδόκησε³
3162 3219 3243 3270 καί
3292 3214 3451 3291 δῶρον
3495 3222 3696 3279 ταύτην

2095 3296 2522 3371 ἀξιοθαύμαστόν,
2556 3301 2613 3355 οὗ
2650 3299 2770 3371 τῇδε
2800 3301 2830 3361 ἧ
2870 3301 2988 3373 τῇδε
3017 3313 3079 3374 τῇ
3108 3305 3249 3360 πόλει
3278 3305 3451 3363 δοῦναι
3480 3307 3648 3384 ἔκρινε
3676 3327 3691 3343 °

2095 3396 2296 3466 μικραῖς
2330 3410 2437 3445 τισι
2465 3392 2684 3452 ταύταις
2712 3396 2795 3447 καί
2816 3401 3012 3467 μικροῖς
3032 3401 3485 3470 περιγραφομέναις
3505 3400 3691 3477 όρίοις,

2094 3481 2217 3535 ἀλλὰ
2244 3489 2307 3551 τῇ
2331 3489 2515 3536 πασῶν
2543 3485 2730 3552 μείζονι
2774 3487 2858 3537 καί
2887 3485 3266 3560 βασιλικωτάτῃ
3311 3496 3375 3563 τῇ
3422 3504 3695 3545 Κωνστοιν-

2094 3572 2234 3626 τίνου
2263 3573 2387 3643 φημί
2411 3588 2424 3601 ·
2457 3574 2525 3633 ὡς
2555 3568 2616 3628 ἀν
2644 3578 2728 3627 καὶ
2754 3576 2838 3628 τόν
2866 3575 3084 3631 πλοῦτον
3126 3575 3389 3653 διατηροίη
3444 3578 3641 3635 ἄσυλον
3673 3623 3690 3649 ,

2094 3666 2180 3716 καί
2208 3664 2501 3733 σεμνύνοιτο
2527 3664 2617 3734 μὲν
2643 3664 2773 3724 αὕτη
2800 3674 2862 3740 τῇ
2891 3668 3186 3731 καταθέσει,
3212 3668 3514 3740 σεμνότερον
3543 3670 3590 3725 δ’
3621 3676 3693 3732 ὡς

2098 3753 2227 3812 εἰκός
2253 3755 2339 3806 καί
2365 3752 2425 3807 τό
2466 3751 2627 3827 δῶρον
2677 3756 2823 3827 παρά
2874 3756 3069 3817 ταύτης
3114 3757 3460 3821 ἀποτελοῖτο,
3513 3769 3587 3833 τῷ
3634 3783 3692 3817 τε

2098 3840 2336 3910 μειζόνως
2361 3842 2607 3910 τιμᾶσθαι
2634 3880 2649 3901 ,
2677 3845 2852 3911 καὶτῷ
2879 3847 3078 3914 μείζοσι
3121 3853 3238 3907 ταῖς
3282 3850 3547 3920 εὐφημίαις
3593 3873 3693 3907 κοι-

2100 3932 2517 4007 ταγεραίρεσθαι.
2560 3933 2782 4001 Μιχαὴλ
2800 3936 2901 4007 γάρ
2924 3937 3007 3989 καί
3030 3935 3271 4013 Θεοδώρα
3300 3947 3399 3992 τῶν
3418 3944 3694 4016 σκήπτρων

2100 4028 2375 4079 τηνικαῦτα
2423 4023 2776 4094 ἐπειλημμένοι
2799 4038 2815 4055 ⁸
2868 4029 2953 4081 καί
2997 4030 3127 4097 μετά
3176 4030 3408 4086 Μεθόδιον
3449 4034 3696 4106 Ἰγνάτιος

2101 4119 2191 4171 τήν
2219 4113 2474 4171 ἐκκλησίαν
2504 4113 2644 4187 ἄγειν
2696 4122 3131 4189 πεπιστευμένος,
3184 4124 3310 4199 ἀνὴρ
3356 4126 3571 4188 πολλαῖς
3617 4130 3697 4183 ἐν·

2104 4205 2399 4280 διαπρέπων
2422 4217 2535 4268 ταῖς
2566 4212 2801 4286 χάρισι-ι’
2832 4213 2933 4267 ὑπὸ
2959 4215 3151 4268 τούτων
3174 4214 3234 4274 διό
3277 4225 3378 4271 τῶν
3406 4217 3654 4291 ἀοιδίμων
3677 4265 3694 4289 ,

2105 4300 2186 4351 καί
2227 4300 2286 4352 τό
2322 4299 2658 4371 πολυτίμητον
2699 4310 2854 4358 τοῦτο
2905 4314 3090 4377 χρῆμα
3208 4308 3435 4377 βασιλίδι
3466 4313 3698 4385 ἀνακομίο

2107 4394 2249 4454 ζεται
2273 4407 2287 4420 ⁸
2319 4395 2401 4445 καί
2427 4395 2601 4466 τρίτην
2630 4397 2822 4453 ταυτην
2848 4435 2862 4460 ,
2894 4400 2975 4449 καί
3003 4397 3297 4453 τελευταίαν
3340 4402 3563 4476 εὑρίσκει
3605 4410 3698 4464 τήν

2110 4482 2329 4556 εὕρεσιν.
2353 4482 2409 4537 Ὀ
2435 4482 2486 4537 δέ
2518 4483 2706 4559 τρόπος
2733 4485 2927 4541 τοιόσδε
2958 4496 3047 4546 τῆς
3078 4492 3409 4563 ἀνενρέσ.·ως.

2182 4577 2313 4629 ιίατά
2338 4576 2437 4647 γάρ
2468 4578 2587 4646 μίαν
2615 4582 2713 4629 τῶν
2753 4585 2977 4643 νυκτῶν,
3024 4587 3095 4646 τῷ
3150 4583 3274 4634 ιατά
3320 4583 3404 4636 τόν
3452 4585 3700 4659 Θεοφόρον

2108 4665 2278 4734 τούτῳ
2308 4669 2391 4718 καί
2421 4664 2671 4737 ὁμωνύμῳ
2714 4671 2797 4721 καί
2836 4667 3104 4741 όμοτρὸπῳ
3159 4674 3403 4747 ἀρχιερεῖ
3441 4684 3553 4746 Θεῷ
3578 4679 3702 4737 τούς

2108 4755 2296 4824 ὕμνους
2336 4759 2673 4831 προσφέροντε
2696 4799 2709 4820 ,
2742 4762 2845 4813 θεία
2883 4782 2961 4820 τις
3004 4758 3190 4816 ἄνωθεν
3235 4761 3353 4834 ὄψις
3388 4767 3707 4838 ἐπέσκηψεν

2114 4844 2194 4901 ὅτι
2218 4846 2417 4917 ιίόμανα
2461 4850 2492 4905 ἡ
2540 4848 2680 4908 πόλις
2731 4854 2820 4908 τήν
2860 4852 3078 4922 πότιμον
3107 4856 3318 4928 κεφαλήν
3354 4855 3656 4929 διακατέχει
3682 4901 3699 4925 ,

2109 4939 2343 5012 ἀργυρέῳ
2368 4940 2541 4993 σκεύει
2567 4936 2971 5014 ἐγκεκρυμμένην
2994 4986 3009 5008 ,
3040 4949 3123 5000 καί
3151 4948 3270 5021 ἱερῷ
3298 4945 3438 5020 τόπῳ
3469 4952 3705 5006 ἐναποτε-

2109 5032 2335 5101 θειμένην
2358 5047 2372 5059 ⁸
2398 5030 2588 5095 καίότι,
2615 5036 2782 5103 φησὲν,
2810 5037 3114 5107 ἀνακομίσαι
3135 5048 3197 5109 τῇ
3223 5041 3482 5105 Βυζαντίδι
3506 5045 3704 5101 ταύτην

2111 5126 2359 5196 προσήκει
2389 5163 2402 5179 .
2446 5130 2604 5179 Τοῦτο
2653 5129 2736 5179 καί
2782 5134 2855 5199 τῷ
2902 5126 3170 5205 Προδρόμῳ
3214 5129 3420 5186 δοκοῦν·
3449 5129 3504 5192 ὃς
3531 5136 3606 5187 καί
3634 5136 3704 5189 τά

2114 5213 2355 5284 ὁραθέντα
2391 5214 2517 5274 δῆλα
2566 5218 2831 5274 καθίστησι
2870 5222 2956 5272 καί
2992 5228 3064 5292 τῷ
3098 5221 3305 5294 βασιλεῖ
3318 5236 3332 5251 ⁸
3374 5219 3448 5282 οἷς
3482 5226 3563 5277 καί
3603 5224 3703 5293 ἀμ-

2111 5307 2335 5380 φοτέροις
2346 5313 2456 5365 πῶς
2470 5301 2527 5359 ἀν
2543 5304 2698 5367 εἴποις
2714 5309 2936 5377 εὐθύμως
2953 5330 3014 5364 πε
3018 5314 3069 5384 ρί
3084 5312 3143 5365 τό
3154 5317 3368 5385 πρᾶγμα
3383 5311 3655 5368 διατεθεῖσι
3682 5354 3699 5377 ,

2112 5402 2398 5457 στέλλονται
2425 5405 2526 5478 πρό
2552 5405 2746 5458 τούτων
2769 5405 2913 5466 εὐθὺς
2938 5411 3021 5461 καί
3060 5411 3109 5462 οἱ
3133 5410 3213 5463 τόν
3238 5412 3494 5486 Θησαυρόν
3536 5411 3704 5466 ἀνελόο

2111 5515 2266 5563 μενοι.
2300 5494 2358 5547 Οἳ
2385 5500 2470 5551 καί
2497 5497 2581 5550 τόν
2602 5496 2759 5551 τόπον
2784 5499 3166 5569 κατλλαϐόντες,
3198 5507 3285 5556 καὶ
3312 5502 3429 5558 ἶνθα
3458 5506 3488 5563 ἠ
3514 5504 3699 5575 κεφαλή

2109 5585 2395 5640 ἕναπέκειτο
2442 5588 2762 5651 ἐπιστάντες,
2814 5591 2946 5644 καθά
2988 5596 3066 5647 καί
3110 5592 3134 5647 ό
3176 5596 3454 5672 ἀρχιερεὺς
3494 5599 3702 5654 τούτοις

2108 5676 2419 5747 ἑγνὼρισεν,
2478 5678 2688 5749 ἐντίμως
2744 5679 2922 5735 ἐκεῖθεν
2987 5683 3436 5757 ἀναλαμξάνουσι,
3497 5690 3578 5741 καί
3628 5696 3700 5759 τῇ

2108 5763 2329 5836 βασιλίδι
2404 5766 2564 5843 δῶρόν
2629 5769 2841 5834 ἀξιὸθεον
2908 5774 3326 5849 ἕναπογέριυσιγ
3398 5777 3522 5834 ἀλλὰ
3590 5779 3697 5854 γᾶρ
