3938 6196
240 381 342 437 H5

884 372 972 429 AD
1013 367 1285 425 lllSTOR.
1329 362 1761 422 INVENTIONIS
1797 361 2067 423 CAPTUS
2105 359 2163 416 S.
2204 355 2487 414 JOANNIS
2534 355 2895 411 APPENDIX.

3419 348 3522 404 M6

236 506 421 561 scitur.
464 500 637 555 Porro
709 493 1104 552 adinventionis
1161 492 1351 548 modus
1402 488 1664 560 ejusmodi
1715 488 1832 542 fuit.

1944 482 2085 538 οὔπω
2132 483 2435 540 ἐπιστάντες
2481 481 2562 533 καί
2607 477 2850 550 βασιλεὺς
2894 473 3001 545 ἅμα
3051 478 3133 528 καὶ
3168 479 3371 548 πατριὰ,
3400 496 3523 543 χγις,

307 596 478 653 Nocte
504 592 737 663 quadam
758 606 881 648 cum
897 586 1139 659 pontifex
1171 585 1498 655 TheOpboro
1523 582 1601 636 illi
1625 592 1828 648 cogno-

235 688 367 743 mini
414 686 763 754 moribusque
790 680 967 735 allinis
998 678 1181 733 laudes
1209 678 1322 732 Deo
1351 674 1603 739 offerret,
1648 673 1829 729 divina

235 783 480 856 quietiam
511 779 721 836 caelitus
749 776 885 833 visio
906 774 981 829 illi
1002 772 1192 841 obtigit
1219 770 1442 841 (habere
1468 767 1673 822 scilicet
1722 762 1831 819 Co-

238 890 448 930 manam
468 871 745 927 civitatem
776 865 1222 939 pretiosissimum
1245 868 1426 931 caput,
1458 866 1713 926 argentea
1736 871 1830 910 ur-

238 985 301 1024 na
327 967 611 1023 inclusum,
638 977 703 1015 ac
730 976 887 1016 sacro
918 959 1039 1013 loco
1067 956 1341 1013 conditum
1364 971 1379 1021 ;
1404 966 1691 1023 operteque
1719 963 1834 1020 pre.

237 1060 367 1114 tium
397 1071 519 1111 esse
573 1062 634 1107 ιιι
684 1050 998 1122 Bysantium
1054 1044 1470 1107 transferretur;
1513 1042 1592 1097 sic
1635 1052 1833 1108 nempe

234 1151 395 1205 etiam
426 1143 751 1201 Pnccursori
781 1141 998 1208 visum).
1027 1138 1130 1204 Qui
1158 1145 1215 1191 et
1234 1131 1548 1205 imperatori
1569 1145 1688 1199 quae
1713 1128 1830 1182 visa

233 1242 445 1296 fuerant
473 1237 785 1291 declaravit.
817 1230 1096 1285 Ambobus
1117 1228 1281 1297 igitur
1306 1240 1427 1281 eam
1460 1225 1513 1278 in
1536 1238 1650 1278 rem
1695 1222 1835 1275 bene

232 1333 506 1395 animatis,
527 1329 811 1383 mittuntur
833 1324 1018 1380 statim
1047 1322 1116 1376 ab
1144 1329 1374 1388 utroque
1393 1316 1487 1388 qui
1520 1315 1834 1369 thesaurum

233 1428 446 1483 tollant.
469 1422 667 1478 llieum
691 1420 754 1474 ad
782 1420 960 1474 locum
974 1416 1268 1480 venissent,
1292 1426 1355 1466 ac
1380 1410 1644 1478 ubicaput
1668 1405 1837 1474 depo-

231 1521 395 1575 situm
427 1524 594 1580 esset,
622 1528 731 1582 quo
753 1511 832 1565 eis
854 1506 1098 1579 pontifex
1134 1503 1333 1559 indicio
1386 1501 1646 1569 signarat,
1699 1494 1838 1550 didi-

232 1615 452 1675 cissent,
479 1612 788 1663 reverenter
815 1600 939 1657 inde
976 1603 1350 1654 extraxerunt.
1383 1590 1670 1647 Enimvero
1700 1602 1837 1642 non-

233 1705 356 1760 dum
387 1710 542 1758 certo
570 1699 650 1754 rei
678 1698 733 1751 in
763 1695 954 1750 urbem
984 1692 1150 1747 allato
1181 1688 1393 1752 nuntio,
1442 1686 1738 1754 imperator
1764 1680 1839 1736 si-

234 1796 341 1849 mul
373 1808 441 1849 ac
465 1790 795 1862 patriarcha,
809 1802 873 1841 ac
892 1790 1161 1854 quotquot
1183 1782 1235 1834 in
1249 1779 1366 1833 aula
1383 1790 1654 1847 proceres,
1678 1781 1841 1842 quot-

1932 574 2048 630 ὅσον
2082 575 2291 652 περίτά
2316 572 2579 647 βασίλεια,
2633 572 2719 623 καί
2775 566 2897 622 ὅσον
2940 571 2990 622 ἐν
3031 568 3223 641 ἱερεῦσι
3261 574 3345 623 καὶ
3377 572 3521 638 μονα-

1932 674 2078 733 ζοι-σι
2110 710 2123 734 ,
2172 677 2265 728 τῆς
2315 668 2511 726 πόλεως
2555 668 2873 736 προεξήεσαν
2900 705 2913 724 ,
2964 666 3145 739 μύροις
3186 668 3268 717 καί
3294 664 3525 735 λαμπάσι

1931 766 2357 828 προῦπαντῶντες
2381 796 2396 819 ,
2428 759 2511 811 καί
2535 758 2628 808 σὺν
2654 755 2807 827 πολλῇ
2832 752 3109 829 δορυφορίᾳ
3222 754 3413 827 κιφαλῇ
3438 760 3527 813 τήν

1933 848 2131 905 εἴσοδον
2154 852 2547 925 εὐτρεπίζοντες’
2631 843 2858 915 ὄμματα,
2887 849 2966 899 καί
2994 846 3163 915 χείλη,
3189 848 3272 899 καί
3292 849 3524 917 μέτωπα,

1934 948 2019 999 καί
2068 946 2172 1019 πρὸ
2210 945 2406 997 το·Ῑ·των
2461 938 2676 1015 καρδίας
2710 938 3103 1013 προσάψαντες,
3137 940 3328 995 ταύτην
3368 942 3526 1012 χερσί

1934 1040 2267 1113 φριττούσαις
2307 1036 2332 1090 6
2376 1036 2657 1111 ἀρχιερεὺς
2696 1032 3007 1103 ἀνελόμενος,
3053 1038 3126 1101 τῷ
3250 1031 3526 1100 βασιλείοις

1934 1131 2227 1204 ἔναποφέρει
2248 1135 2346 1199 ναῷ
2374 1128 2517 1179 κάκεῖ
2536 1127 2625 1179 τὸν
2643 1125 2896 1197 θησαυρέν
2922 1125 3217 1177 κατατίθησι
3237 1164 3251 1187 ,
3294 1124 3527 1193 πέμπτην

1936 1218 2148 1293 ἄγοντος
2175 1219 2288 1275 τότε
2317 1221 2401 1271 καί
2423 1214 2595 1271 εἰκάδα
2618 1220 2709 1269 τοῦ
2738 1215 2907 1267 Μαΐου
2932 1216 3047 1283 μην⁷
3061 1228 3107 1272 ς’
3138 1211 3268 1270 αὕτη
3304 1215 3404 1286 γὰρ
3445 1215 3529 1266 καὶ

1935 1323 2025 1373 τῆς
2055 1314 2389 1389 πανηγύρεως
2437 1310 2624 1383 ἡμέρα,
2658 1310 2745 1360 καί
2790 1307 2942 1378 ἐορτή
2989 1302 3176 1362 δηλαδή
3221 1311 3310 1363 τῆς
3352 1304 3529 1374 τρίτης

1936 1406 2249 1477 ἀνευρέσεως
2270 1446 2283 1469 ,
2315 1401 2345 1461 ἧ
2372 1404 2453 1455 καὶ
2483 1400 2802 1457 καταθέσεως
2822 1414 2835 1428 ·
2866 1396 3090 1468 λεγέσθω
3117 1398 3217 1468 ’γὰρ
3248 1393 3525 1467 ἀμφότερα,

1937 1494 2015 1551 ὅτι
2042 1498 2122 1550 καί
2152 1497 2245 1566 μία
2271 1496 2391 1569 περί
2421 1491 2680 1568 ἀμφότερα
2709 1491 2740 1548 ἦ
2768 1492 3074 1562 πανήγυρις.
3110 1484 3247 1539 Ἐδει
3291 1486 3389 1558 ᾑρ
3444 1486 3528 1539 τὸν

1937 1594 2027 1649 τήν
2050 1586 2247 1664 Τριάδα
2273 1590 2581 1657 τιμήσαντα,
2615 1586 2700 1637 καί
2726 1589 2837 1641 τοῖς
2866 1578 3031 1638 ἄλλοις
3076 1575 3342 1654 διαρρήδην
3385 1578 3527 1649 ἐκφή-

1934 1702 2121 1741 ναντα,
2154 1682 2266 1753 τρίς
2294 1680 2378 1731 καὶ
2407 1676 2559 1730 αὐτὸν
2583 1682 2676 1734 τῆς
2704 1672 2916 1745 κεφαλῆς
2944 1672 3157 1740 ὶμφαναι
3190 1674 3279 1727 τὴν
3306 1667 3525 1742 εὕρεσιν·

1938 1775 2021 1826 καί
2046 1769 2164 1840 μήτ’
2192 1767 2442 1837 ἔλλεῐφαι,
2475 1766 2588 1839 μήθ’
2622 1763 2903 1835 ὑπερϐῆναι
2955 1762 3039 1814 τὸν
3090 1759 3318 1832 ἁριθμέν·
3360 1760 3428 1817 ὡς
3470 1751 3531 1810 ἂν

235 1894 367 1956 quot
397 1882 584 1939 clerici
614 1895 679 1935 ac
704 1876 979 1942 monachi,
1031 1882 1185 1927 extra
1236 1869 1505 1924 civitatem
1533 1864 1686 1920 etl'usi
1711 1878 1835 1918 cum

1944 1859 1972 1915 ἴ
1976 1882 2065 1931 χοι
2083 1862 2175 1913 κάν
2200 1861 2370 1929 τούτῳ
2392 1860 2566 1931 ὥσπερ
2590 1854 2651 1913 δή
2677 1856 2768 1908 κᾶν
2799 1861 2906 1913 τοῖς
2936 1850 3104 1911 ἄλλοις
3140 1859 3203 1925 τῇ
3247 1852 3531 1924 ἀρχιφώτῳ

234 1952 509 2032 sumtibus
527 1987 592 2026 ac
620 1967 954 2039 lampadibus
972 1962 1186 2019 obviam
1213 1961 1611 2029 processerunt,
1639 1952 1838 2007 multo-

234 2081 339 2135 que
367 2069 634 2132 apparatu
662 2064 827 2127 caput
848 2068 1044 2126 pompa
1069 2050 1439 2113 deduxerunt;
1470 2044 1558 2100 cui
1611 2052 1666 2097 et
1708 2056 1837 2097 ocu-

236 2158 331 2220 los,
358 2164 419 2212 et
441 2154 608 2215 labia,
636 2159 690 2205 et
720 2149 970 2211 frontem,
994 2158 1211 2216 prasque
1239 2140 1358 2196 aliis
1402 2146 1625 2209 pectora
1651 2135 1838 2189 admo-

236 2256 453 2306 verum.
476 2244 614 2299 Tum
636 2237 876 2311 pontifex
906 2236 1110 2306 trepida
1140 2249 1304 2289 manu
1343 2229 1634 2293 sublatum,
1687 2226 1838 2297 pala-

238 2345 350 2399 tino
382 2338 590 2409 templo
618 2337 929 2391 thesaurum
960 2329 1139 2395 infert,
1168 2343 1233 2383 ac
1258 2327 1367 2381 illic
1394 2322 1616 2395 deponit
1647 2339 1661 2375 ε
1686 2334 1839 2375 nem—

238 2450 301 2505 pe
329 2433 422 2489 dic
450 2430 523 2485 25
554 2426 753 2483 mensis
782 2424 924 2478 Maii.
953 2420 1050 2476 Hic
1070 2420 1213 2475 enim
1242 2413 1574 2473 celebritatis
1597 2411 1730 2477 dies,
1755 2408 1838 2464 fe-

239 2503 380 2582 stum
411 2522 621 2578 scilicet
674 2517 848 2573 tertia:
893 2511 1221 2569 lnventionis
1276 2524 1374 2563 seu
1454 2503 1834 2575 Depositionis.

241 2615 542 2684 Utrumque
595 2611 741 2665 enim
768 2609 994 2673 dicatur,
1026 2603 1242 2676 quando
1263 2612 1319 2658 et
1348 2602 1627 2669 utriusque
1659 2598 1836 2653 nomi-

241 2724 306 2764 ne
323 2723 433 2763 una
456 2706 633 2773 agitur
660 2702 995 2758 solemmlas.
1023 2696 1128 2752 Par
1178 2696 1322 2751 enim
1366 2702 1486 2749 erat
1540 2699 1599 2746 ut
1626 2688 1839 2744 Triadis

242 2800 437 2861 cultor,
463 2811 528 2849 ac
556 2810 647 2863 qm
695 2792 814 2846 aliis
847 2790 965 2859 ejus
1005 2788 1290 2860 perspicue
1316 2783 1607 2839 detexisset
1635 2788 1838 2851 myste-

244 2892 404 2951 rium,
434 2888 605 2940 tribus
629 2897 844 2953 quoque
868 2880 1073 2935 vicibus
1095 2885 1261 2949 caput
1288 2889 1441 2931 suum
1459 2870 1838 2927 inveniendum

244 2981 533 3053 proderet;
563 2994 627 3033 ac
656 2991 833 3045 neque
858 2975 925 3030 ab
954 2988 1021 3029 eo
1041 2971 1296 3027 deficeret
1313 2982 1557 3033 numero,
1590 2980 1692 3020 nec
1715 2979 1839 3019 eum

242 3079 556 3143 superaret;
593 3070 778 3124 uthac
801 3081 1019 3137 quoque
1070 3062 1301 3126 ratione,
1329 3061 1406 3114 uti
1460 3058 1599 3123 aliis,
1654 3056 1841 3127 prima:

243 3164 368 3218 duci
400 3160 581 3215 Triadi
612 3158 751 3215 uniri
806 3164 1008 3227 posset,
1032 3164 1193 3224 atque
1228 3154 1347 3223 ejus
1392 3165 1618 3206 numero
1670 3150 1840 3203 hone-

244 3253 406 3309 stari.
437 3250 711 3305 Pretiosos
731 3261 964 3316 namque
991 3259 1248 3301 numerus
1292 3251 1394 3307 est,
1452 3240 1731 3308 omnique,
1782 3248 1840 3292 ut
1874 3224 1919 3282 Β

245 3341 325 3397 sic
344 3339 549 3403 dicam,
580 3337 897 3406 acceptione
932 3334 1144 3402 dignus.
1197 3330 1405 3385 Etenim
1438 3330 1537 3383 tria
1568 3336 1694 3383 sunt
1721 3341 1841 3396 quae

247 3431 541 3486 adoramus
566 3426 645 3481 sic
695 3425 943 3496 personis
970 3423 1243 3485 distincta,
1286 3421 1388 3475 ctsi
1448 3428 1641 3473 natura
1693 3417 1841 3471 unita

247 3529 398 3577 sunt.
428 3519 562 3574 Tres
588 3518 716 3574 item
758 3525 940 3587 partes
960 3515 1103 3569 circa
1150 3512 1384 3567 animam
1434 3509 1840 3578 dignoscuntur,

248 3614 447 3684 quibus
470 3609 669 3666 animal
690 3607 954 3664 rationale
981 3605 1237 3662 incitatur
1263 3617 1327 3656 ac
1346 3601 1550 3669 agitur;
1578 3606 1689 3653 tres
1708 3612 1845 3667 quo-

248 3719 357 3773 que
386 3704 531 3759 circa
552 3715 749 3769 corpus
774 3697 1162 3765 dimensiones,
1186 3694 1380 3764 quibus
1409 3693 1540 3747 illud
1555 3690 1809 3746 definitur
1825 3731 1844 3760 ,

249 3803 362 3850 tres
383 3792 589 3848 homini
615 3791 752 3845 data:
773 3790 940 3858 leges,
961 3788 1155 3857 quibus
1183 3791 1603 3855 componeretur
1634 3798 1649 3834 :
1682 3788 1844 3836 natu-

250 3884 400 3948 ralis,
429 3882 652 3951 scripta,
684 3895 748 3935 ac
768 3879 974 3948 gratiae.
1004 3876 1198 3931 Tribus
1248 3877 1459 3928 animus
1512 3871 1843 3941 contempla-

251 3975 492 4030 tionibus
516 3972 841 4028 desiderium
864 3969 1133 4033 subvehit,
1165 3980 1362 4036 nempe
1416 3964 1667 4029 naturali,
1694 3963 1847 4017 intel-

248 4069 462 4138 ligibili,
489 4081 639 4122 acea
667 4080 787 4135 quae
844 4065 949 4119 vim
1004 4076 1218 4117 omnem
1260 4058 1566 4114 intellectus
1609 4056 1840 4111 excedit.

250 4164 373 4221 Non
394 4162 536 4218 enim
565 4160 731 4214 habet
750 4173 858 4229 quo
881 4156 1106 4211 ulterius
1127 4152 1468 4216 extendatur,
1503 4149 1588 4205 vel
1642 4148 1687 4203 si
1720 4162 1846 4217 per-

249 4254 650 4326 spicacissimus
677 4252 765 4307 sit.
784 4249 917 4304 Tres
957 4248 1120 4302 etiam
1148 4247 1199 4300 in
1233 4244 1500 4314 baptismo
1526 4240 1841 4304 mersiones,

250 4361 374 4416 quae
400 4352 456 4399 et
484 4343 802 4398 Trinitatem
844 4338 1096 4407 figurant,
1126 4351 1192 4391 ac
1243 4334 1474 4389 obscure
1517 4331 1842 4401 significant.

252 4436 473 4507 Triplex
504 4434 738 4505 Spiritus
765 4432 939 4487 sancti
968 4431 1022 4483 in
1053 4427 1347 4498 discipulos
1375 4440 1407 4479 a
1435 4424 1718 4480 Salvatore
1760 4420 1843 4476 fa-

254 4537 342 4583 cta
374 4524 680 4588 insulllatio,
725 4523 918 4593 quibus
959 4521 1035 4575 illi
1082 4520 1363 4589 copiosum
1412 4517 1598 4585 gratia:
1651 4530 1845 4570 munus

254 4618 439 4688 adepti
465 4624 611 4671 sunt.
642 4614 774 4669 Tres
803 4613 931 4667 item
956 4625 1135 4665 rerum
1185 4608 1535 4674 mutationes,
1579 4621 1713 4676 quas
1736 4612 1846 4660 ter-
1874 4597 1928 4657 D

254 4718 514 4766 racmotus
542 4714 762 4773 vocant,
783 4718 1088 4774 quanquam
1139 4700 1310 4754 altera
1365 4698 1556 4753 harum
1608 4696 1847 4751 nondum

254 4803 482 4858 exstitit.
498 4798 636 4866 Quid
666 4813 793 4853 vero
841 4810 977 4865 opus
1010 4793 1165 4863 plura
1193 4792 1261 4846 de
1292 4791 1530 4847 ternario
1560 4805 1625 4845 ac
1653 4788 1849 4844 Triado

255 4896 477 4951 dicere?
508 4892 596 4948 Uti
618 4891 761 4946 enim
818 4888 971 4943 Trias
1008 4886 1133 4941 lidei
1186 4894 1384 4941 nostra:
1435 4892 1599 4954 caput
1623 4892 1727 4951 est,
1771 4883 1850 4937 sic

255 4986 419 5056 plane
447 4992 505 5039 et
530 4982 796 5039 ternarias
826 4981 966 5035 inter
994 4992 1251 5033 numeros
1276 4975 1506 5031 eximius
1532 4984 1633 5041 est,
1680 4974 1766 5029 cui
1795 4981 1851 5027 et

258 5076 504 5131 inventio
544 5075 658 5128 haec
684 5072 823 5128 sacri
855 5070 1094 5142 pignoris
1134 5074 1570 5130 connumeratur,
1626 5080 1691 5120 ac
1743 5079 1850 5132 qua

256 5169 601 5224 honestatem
631 5165 949 5235 ampliorem
980 5170 1138 5217 nacta
1170 5169 1273 5216 est.
1332 5158 1518 5227 Neque
1559 5158 1704 5213 enim
1760 5156 1851 5209 illa

256 5276 368 5317 una
398 5266 482 5316 est
508 5268 564 5315 et
588 5258 894 5327 singularis,
916 5255 1132 5326 quando
1174 5254 1338 5309 etiam
1389 5266 1555 5306 unum
1597 5263 1853 5303 numerus

256 5349 610 5420 imperfectus
631 5356 713 5404 est
741 5364 806 5403 ac
833 5361 1025 5402 carens
1045 5343 1379 5413 quantitate;
1424 5353 1600 5408 neque
1629 5336 1850 5407 duplex,

256 5440 407 5511 quod
436 5448 493 5495 et
517 5439 757 5495 binarius
786 5434 1020 5493 materia:
1032 5433 1355 5491 commixtus
1368 5432 1455 5495 sit,
1490 5446 1519 5484 a
1551 5445 1656 5498 qua
1685 5427 1853 5483 Joan-

259 5547 364 5586 nes
391 5546 554 5601 purus
573 5529 800 5585 exstitit.
827 5527 1014 5597 Itaque
1041 5526 1111 5580 ob
1138 5538 1258 5579 eam
1287 5536 1503 5579 causam
1545 5520 1739 5591 triplex
1785 5534 1851 5573 ea

258 5630 367 5686 est,
392 5621 537 5691 quod
566 5620 645 5674 illi
674 5618 935 5673 tertiarius
985 5615 1182 5671 honori
1231 5613 1513 5677 habeatur,
1545 5627 1610 5667 ac
1656 5610 1851 5666 charos

258 5711 357 5775 sit,
379 5722 634 5781 tanquam
665 5710 913 5768 nimirum
943 5706 1138 5764 Triatle
1165 5706 1482 5762 honestatus
1530 5718 1593 5759 ac
1622 5703 1671 5759 ei
1719 5717 1851 5757 con-

262 5815 602 5862 uulneratus.

1937 1954 2171 2008 ἕνοῦσθαι
2197 1951 2399 2027 τριάδι,
2443 1953 2528 2003 καί
2557 1950 2755 2025 ἀριθμῷ
2803 1955 2877 2016 τῷ
2928 1948 3116 2007 ἐκείνης
3154 1945 3484 2017 σεμνύνεσθαι
3514 1959 3526 1973 ·

1937 2047 2100 2115 τίμιος
2130 2047 2231 2118 γάρ
2263 2042 2288 2096 ὁ
2317 2041 2550 2116 ἀριθμὸς,
2575 2043 2658 2092 καί
2684 2045 2774 2094 τοῦ
2804 2039 3013 2102 παντὸς,
3047 2040 3114 2097 ὡς
3142 2038 3325 2101 εἰπεῖν,
3350 2033 3488 2098 ἄξιος
3512 2049 3530 2067 ⁸

1937 2140 2060 2209 τρία
2103 2134 2201 2207 γὰρ
2239 2135 2355 2203 ἡμῖν
2388 2132 2452 2187 τὰ
2502 2130 2925 2204 προσκυνούμενα
2950 2168 2964 2191 ,
3018 2136 3133 2187 ταῖς
3183 2128 3532 2181 ὐποστάσεσεν

1939 2226 2075 2279 οὕτω
2104 2227 2370 2296 νοούμενα,
2398 2217 2491 2276 κᾶν
2520 2231 2581 2297 τῇ
2611 2225 2763 2294 φύσει
2793 2224 3082 2281 συνήνωται
3102 2239 3114 2251 ·
3160 2224 3245 2272 καί
3271 2223 3389 2293 τρία
3412 2221 3533 2295 περί

1940 2325 2032 2380 τήν
2075 2319 2254 2390 ψυχήν
2282 2319 2410 2392 μέρη
2437 2315 2759 2387 διέγνωσται,
2787 2316 2835 2366 ἒν
2863 2311 2936 2374 οἷς
2961 2316 3044 2367 καὶ
3071 2317 3129 2367 τὸ
3166 2312 3363 2383 λογικὸν
3407 2315 3533 2375 ζῶον

1939 2413 2175 2484 ἐξάγεται
2192 2427 2204 2439 '
2237 2418 2378 2481 τρεῖς
2405 2411 2492 2462 καί
2516 2410 2636 2481 περὶ
2658 2407 2716 2461 τὸ
2739 2413 2890 2476 σῶμα
2909 2403 3227 2464 διαστάσεις,
3257 2405 3307 2456 ἓν
3328 2398 3408 2462 αἷς
3436 2400 3532 2460 ἤδη

1940 2510 2017 2559 κα⁹
2064 2508 2445 2580 περιγράφεται.
2489 2507 2644 2575 Τρεῖς
2690 2502 2778 2553 καὶ
2816 2498 2860 2551 οἱ
2909 2497 3134 2557 δοθέντες
3175 2497 3345 2567 τούτῳ
3396 2495 3532 2567 νόμοι

1941 2596 2071 2671 πρὸς
2094 2595 2440 2669 ἐπανόρθωσιν
2466 2636 2480 2660 ,
2511 2591 2721 2663 φυσικὸς
2754 2589 2865 2660 ἅμα
2888 2592 2973 2642 καὶ
2997 2589 3247 2665 γραπτὰς,
3280 2590 3363 2640 καὶ
3391 2585 3416 2640 6
3441 2595 3534 2645 τῆς

1945 2689 2168 2761 χάριτος
2194 2704 2206 2716 ·
2240 2689 2291 2740 ἓν
2317 2688 2455 2763 τρισί
2485 2686 2721 2759 θεωρίαις
2750 2685 2837 2737 καί
2865 2680 3031 2742 ὀνοῦς
3077 2683 3252 2751 ἀνάγει
3297 2684 3387 2737 τήν
3432 2676 3533 2751 ἴφι-

1942 2804 2024 2837 σιν
2048 2800 2061 2813 ·
2092 2780 2251 2856 ὁρατῇ
2276 2819 2292 2843 ,
2324 2781 2472 2851 φημί,
2502 2781 2585 2831 καί
2605 2784 2782 2849 νοητῇ,
2814 2779 2897 2829 καί
2923 2784 2985 2847 τῇ
3028 2776 3159 2846 ὑπὲρ
3205 2777 3295 2830 τήν
3344 2772 3529 2829 νόησιν.

1943 2872 2073 2927 Οὖδέ
2099 2876 2199 2946 γὰρ
2232 2870 2350 2942 ἔχει
2380 2869 2497 2924 ἄλλο
2538 2892 2588 2924 τι
2614 2872 2744 2941 πρὸς
2772 2865 2797 2923 ὃ
2825 2870 3005 2941 ἐκταθῇ
3034 2909 3047 2929 ,
3090 2862 3181 2920 κᾶν
3227 2865 3535 2920 διαϐατικώ-

1942 2985 2099 3025 τατος
2144 2966 2368 3036 γίνηται.
2393 2970 2539 3036 Τρεῖς
2571 2964 2656 3015 καί
2683 2962 2735 3013 αἱ
2767 2962 2816 3014 ἐν
2845 2968 2921 3033 τῷ
2965 2960 3294 3029 βαπτίσματι
3322 2953 3536 3011 καταδύ-

1945 3076 2054 3115 σεις
2080 3096 2092 3116 ,
2125 3054 2176 3108 οἳ
2215 3057 2302 3109 καὶ
2337 3059 2427 3112 τὴν
2464 3052 2656 3126 Τριὰδα
2702 3059 2926 3107 τυποῦσι
2951 3091 2965 3112 ,
3024 3054 3108 3105 καί
3156 3050 3532 3124 ὑπογράφουσι.

1946 3155 2093 3223 Τρεῖς
2117 3151 2207 3201 καί
2232 3147 2285 3203 αί
2314 3153 2426 3207 τοῖς
2452 3147 2699 3217 μαθηταῖς
2730 3146 3031 3214 ἐμπνεύσας
3052 3148 3144 3198 τοῦ
3186 3141 3331 3212 ἁγίου
3378 3141 3533 3193 πνεύ-

1945 3259 2107 3312 ματος
2134 3240 2280 3313 παρᾶ
2319 3243 2413 3292 τοῦ
2443 3245 2704 3312 Σωτῆρος,
2735 3236 2782 3288 ἐν
2809 3231 2890 3294 αἷς
2918 3236 3000 3286 καί
3027 3231 3216 3302 δαψιλῆ
3244 3236 3333 3289 τήν
3376 3228 3535 3305 χάριν

1943 3330 2470 3405 προσεπεσπὰσαντο.
2497 3336 2643 3404 Τρεῖς
2673 3330 2760 3382 καί
2787 3327 2841 3381 αἱ
2879 3333 2979 3381 τῶν
3015 3324 3332 3399 πραγμάτων
3371 3343 3526 3391 μετα·

1946 3420 2127 3474 ϐολαί*
2161 3421 2367 3485 σεισμοὶ
2402 3419 2537 3473 οὕτω
2581 3419 2920 3490 καλούμενοι,
2967 3412 3060 3469 κῗν
3108 3416 3319 3489 θάτερος
3368 3416 3536 3467 αὐτῶν

1946 3508 2095 3565 οῧπω
2120 3511 2371 3568 ἐνέστηκε.
2402 3514 2503 3564 Καὶ
2522 3513 2574 3564 τί
2603 3509 2683 3564 δεῖ
2724 3530 2809 3579 μοι
2835 3509 3033 3563 πλείονι(
3056 3508 3214 3579 ὶέγειν
3239 3507 3359 3574 περί
3387 3512 3539 3581 τριῶν

1943 3608 2031 3658 καὶ
2066 3604 2292 3680 τριάδος.
2321 3616 2408 3664 Ὦς
2433 3607 2534 3677 ’γὰρ
2579 3603 2712 3660 αὕτη
2757 3611 2851 3661 τῆς
2890 3604 3114 3661 πίστεως
3142 3603 3281 3671 ἡμῶν
3307 3602 3365 3653 τὸ
3392 3619 3538 3671 κεῖμα-

1944 3697 2111 3759 λαῖον,
2138 3696 2271 3751 οὕτω
2296 3698 2499 3755 πάντως
2515 3697 2594 3748 καί
2619 3700 2706 3749 τοῦ
2737 3696 2953 3767 ἀριθμοῦ
2978 3694 3038 3746 τὸ
3066 3694 3239 3765 τρίτον
3260 3691 3534 3765 ἐξαίρετον,

1945 3784 1987 3861 ᾧ
2016 3790 2096 3842 καί
2124 3789 2155 3845 ἡ
2184 3787 2386 3862 εὕρεσις
2414 3786 2798 3860 συνηρίθμηται,
2821 3787 2904 3837 καὶ
2992 3784 3270 3857 σεμνοτέρα
3298 3783 3538 3834 καθίστα-

1946 3898 2058 3934 ται·
2092 3879 2204 3934 οὐδέ
2230 3881 2328 3955 γὰρ
2355 3883 2447 3949 μία
2474 3878 2605 3935 αὕτη
2636 3919 2649 3941 ,
2688 3876 2767 3932 ὅτι
2799 3879 2883 3929 καί
2912 3873 2938 3929 6
2975 3872 3047 3934 εἷς
3072 3875 3284 3947 ἀριθμὸς
3302 3917 3315 3937 ,
3357 3872 3539 3931 ἀτελής

1945 3975 2031 4026 καί
2060 3969 2281 4032 ἆποσος⁶
2315 3969 2429 4025 οὐδέ
2457 3968 2671 4043 δευτέρα
2697 4008 2712 4032 ,
2766 3964 2843 4022 ὅτι
2889 3970 2973 4020 καί
3018 3964 3044 4018 6
3087 3963 3322 4037 δεύτερος
3444 3963 3539 4035 ὕλῃ

1949 4065 2274 4135 σύμμικτος,
2331 4059 2389 4121 ἧς
2427 4062 2582 4119 αὐτὸς
2636 4059 2973 4132 ἐκαθάρευεν⁶
3022 4057 3200 4109 οὐκοῦν
3255 4053 3339 4109 διὰ
3388 4060 3539 4108 τοῦτο

1945 4154 2113 4229 τρίτη,
2137 4152 2214 4209 ὅτι
2242 4155 2326 4207 καί
2352 4154 2487 4225 αὐτῷ
2513 4153 2677 4221 τίμιον
2698 4151 2757 4204 τό
2783 4150 2952 4224 τρίτον
2967 4149 3049 4201 καί
3068 4145 3538 4220 περισπούδαστον,

1948 4253 2017 4312 ὡς
2044 4259 2106 4325 τῇ
2133 4248 2311 4325 Τριάδι
2334 4252 2610 4323 τιμώμενον
2642 4250 2725 4300 καί
2745 4244 3227 4316 συναριθμούμενον.

2018 4343 2141 4399 Ἀλλ’
2167 4347 2278 4398 ἐπεί
2304 4363 2383 4404 σε,
2417 4338 2455 4394 ὦ
2483 4342 2840 4415 μακαριώτατα
2886 4335 3141 4412 Πρόδρομε
3165 4375 3179 4399 ,
3208 4342 3299 4395 τῆς
3325 4330 3539 4407 Τριάδος

1951 4432 2177 4509 ἔγνωμεν
2219 4438 2305 4488 καί
2350 4434 2567 4505 λάτριον,
2622 4434 2707 4485 καί
2753 4429 3075 4503 πρεσϐευτήν
3115 4424 3366 4499 ἄριστον,
3395 4422 3457 4479 δι’
3484 4424 3542 4481 ἣν

1949 4529 2030 4580 καί
2092 4532 2181 4585 τήν
2253 4524 2462 4594 κεφαλήν
2528 4522 2882 4592 ἀποτέτμησαι
2913 4558 2929 4584 ,
2976 4522 3046 4588 μή
3109 4516 3305 4585 ἐλλείπῃ
3352 4514 3543 4570 ταύτην

1950 4620 2073 4691 ἡμῖν
2140 4618 2315 4687 εὐμενῆ
2388 4615 2672 4671 καθιστῶν·
2748 4615 2816 4671 ὡς
2866 4606 2924 4665 ἂν
2975 4611 3039 4664 τά
3099 4629 3153 4663 τε
3221 4604 3346 4661 ἄλλα
3374 4647 3389 4671 ,
3459 4607 3543 4658 καί

1951 4711 2125 4787 τρίϐον
2155 4714 2243 4769 τήν
2269 4708 2399 4783 πρὸς
2421 4708 2602 4764 ἐκείνην
2632 4702 2919 4777 βαδίζοιμεν
2938 4743 2952 4765 ,
2978 4706 3081 4758 πᾶν
3111 4701 3306 4756 σκολιὸν
3331 4697 3413 4753 διὰ
3445 4702 3541 4751 σοῦ

1951 4800 2322 4876 ἐκτρεπόμενοι.
2354 4799 2440 4852 καί
2464 4798 2595 4871 πρὸς
2623 4793 2770 4855 ὁδοὺς
2795 4795 2886 4855 τὰς
2911 4793 3100 4851 εὐθείας
3128 4788 3538 4860 ἁπευθυνόμενοιο

1955 4890 2159 4964 οἴδαμεν
2187 4893 2287 4965 γὰρ
2314 4895 2405 4949 τήν
2439 4891 2558 4964 περί
2590 4889 2725 4958 ἡμᾶς
2768 4906 2866 4941 σου
2906 4888 2991 4939 καί
3018 4888 3236 4957 στοργήν
3274 4884 3356 4934 καί
3382 4879 3543 4934 διάθε-

1954 4994 2055 5038 σιν·
2081 4984 2159 5035 καί
2179 4988 2289 5042 πῶς
2316 4978 2422 5034 καθ’
2438 4979 2657 5035 ἑκάστην
2677 4976 2919 5029 πλουσίαν
2934 4971 3264 5041 ἔπιδαψιλεύῃ
3281 4973 3371 5026 τὴν
3387 4969 3544 5041 χάριν
3578 4956 3589 4967 ’

1953 5078 2095 5146 ἡμῖν,
2126 5074 2344 5142 ποίμνης
2372 5079 2463 5129 τῆς
2490 5078 2586 5128 σῆς
2605 5072 3004 5137 προϊστάμενος,
3054 5063 3137 5114 καί
3182 5062 3300 5135 τους
3342 5065 3415 5129 τῷ
3437 5064 3543 5129 ναῷ

1956 5174 2034 5237 σῷ
2059 5160 2526 5237 προσεδρεύοντας,
2586 5159 2829 5229 μεγάλαις
2865 5161 2985 5214 ταῖς
3026 5150 3242 5226 δωρεαῖς
3271 5143 3545 5217 ἀμειϐόμε-

1956 5273 2058 5317 νος·
2090 5254 2156 5309 ὧν
2182 5258 2265 5307 καί
2286 5252 2456 5322 εἴημεν
2477 5249 2817 5305 ἀπολαύοντες
2837 5287 2851 5311 ,
2886 5245 2973 5297 καί
2992 5241 3191 5297 αὐτόθεν
3221 5237 3274 5293 δέ
3298 5240 3543 5313 ἀπαίρον-

1957 5367 2041 5408 τες
2061 5344 2240 5421 Τριάδι
2260 5352 2321 5419 τῇ
2355 5342 2475 5415 ἁγία
2502 5339 2909 5411 παρασταίημεν.
2955 5336 3039 5387 καί
3090 5340 3164 5402 τῷ
3205 5334 3391 5390 ἐκείνης
3416 5332 3544 5401 φωτί

1962 5437 2365 5508 ὒλαμφθλδμεν,
2399 5430 2448 5485 ἰν
2473 5426 2851 5503 ΧριστῷῚησοῦ
2873 5432 2946 5498 τῷ
2966 5427 3123 5500 κυρίῳ
3140 5426 3299 5495 ἡμῶν,
3390 5427 3543 5478 πᾶσι

1954 5531 2140 5602 πρέπει
2168 5529 2288 5595 τιμή
2315 5526 2399 5577 καί
2424 5522 2778 5598 προσκύνησις
2818 5520 2915 5572 σὺν
2964 5524 3036 5586 τῷ
3079 5517 3295 5589 ἀνάρχῳ
3334 5515 3495 5589 πατρί
3523 5554 3541 5583 ,

1954 5623 2131 5691 καὶτῷ
2161 5620 2392 5687 παναγίῳ
2420 5615 2671 5684 Πνεύματι
2714 5617 2803 5666 νῦν
2848 5613 2936 5666 καί
2969 5612 3041 5671 εἰς
3077 5609 3199 5670 τοὺς
3235 5613 3418 5669 αἰῶνας
3440 5615 3543 5669 τῶν

1957 5714 2169 5765 αἰώνων·
2197 5711 2345 5768 ἀαην.
2890 5739 2943 5795 1.

2870 5899 2927 5913 τι..
