3938 6196
373 350 481 406 447
1661 345 1927 403 DIONYSI
1936 344 2019 403 US
2056 344 2216 401 EXIG
2230 344 2267 400 U
2278 344 2380 402 US.
3555 342 3669 397 bis

430 460 564 529 Quia
596 477 726 519 vero
758 470 830 527 te,
865 462 1173 518 beatissime
1198 462 1524 527 Prmcursor,
1548 461 1826 516 Trinitatis
1846 460 2105 516 cultorem
2134 461 2329 516 scimus
2359 460 2728 530 optimumque
2754 472 3079 528 przeconem,
3098 458 3166 513 ob
3183 472 3344 529 quam
3362 458 3524 511 etiam
3554 459 3649 514 tibi

364 550 545 605 cervix
580 566 717 607 ctesa
740 550 858 619 fuit,
889 567 956 606 ne
984 566 1161 606 cesses
1183 566 1300 605 eam
1332 551 1487 607 nobis
1512 549 1831 621 placabilem
1867 550 2127 618 reddere;
2155 566 2261 621 quo
2288 550 2492 605 scilicet
2520 566 2641 605 cum
2670 551 2794 614 alia,
2828 560 2939 605 tum
2968 549 3234 615 semitam,
3266 565 3385 619 qum
3414 550 3484 603 ad
3514 550 3655 605 illam

363 639 511 697 ducit
565 642 894 711 incedamus,
945 642 1203 712 quidquid
1255 643 1532 712 obliquum
1586 651 1671 700 est
1715 646 1822 700 tuis
1850 646 2102 716 auspiciis
2148 646 2402 709 vitantes,
2435 652 2597 712 atque
2640 643 2709 697 ad
2742 645 2855 699 vias
2898 652 3074 698 rectas
3121 643 3333 698 directi.
3377 642 3488 699 Nec
3517 644 3658 698 enim

366 740 489 787 tuus
516 746 643 801 erga
673 748 772 789 nos
800 734 1072 804 impensus
1099 750 1251 791 amor
1272 750 1335 789 ac
1363 735 1577 792 all‘ectio
1601 752 1701 791 nos
1727 736 1878 802 latet,
1908 746 2074 807 utque
2101 737 2342 806 quotidie
2364 736 2583 791 uberem
2607 738 2761 791 nobis
2778 737 3051 806 impertias
3071 737 3319 804 gratiam,
3351 738 3441 806 qui
3466 750 3681 805 nempe.

366 824 511 893 gregi
542 832 633 879 tuo
681 826 987 894 prmsideas,
1036 844 1103 882 ac
1128 828 1192 882 iis
1236 829 1329 897 qui
1384 828 1437 882 in
1468 829 1669 899 templo
1697 836 1790 882 tuo
1821 829 2025 884 assidui
2082 838 2229 898 sunt,
2261 843 2455 897 magna
2482 845 2707 883 munera
2732 830 2912 898 largus
2938 840 3315 885 remunerator
3339 828 3616 898 impendas
3643 847 3660 886 :

366 931 485 985 quae
511 925 566 971 et
594 933 693 971 nos
724 919 925 972 utinam
956 934 1367 987 consequamur,
1396 920 1627 989 hincque
1660 921 1954 987 migrantes
1979 920 2161 976 Triadi
2195 931 2396 977 sancta:
2422 923 2699 987 sistamur,
2725 931 2885 992 atque
2914 923 3053 977 illius
3080 923 3200 978 luce
3230 923 3575 989 illustremur,
3606 923 3664 979 in

367 1006 580 1062 Christo
608 1007 735 1062 Jesu
766 1008 995 1065 Domino
1040 1018 1249 1077 nostro,
1274 1026 1438 1079 quem
1468 1011 1623 1068 decet
1646 1012 1820 1067 honor
1844 1019 1902 1068 et
1923 1012 2169 1070 adoratio
2190 1030 2312 1070 cum
2341 1016 2582 1085 ingenito
2609 1015 2771 1073 Patre
2798 1032 2864 1073 ac
2890 1017 3233 1073 sanctissimo
3263 1016 3483 1088 Spiritu,
3516 1032 3664 1073 nunc

370 1106 426 1153 et
447 1098 502 1153 in
527 1101 722 1156 siccula
752 1102 1093 1157 seculorum.
1122 1102 1316 1158 Amen.

372 1233 567 1315 Sancti.
587 1233 764 1315 Putris
794 1234 960 1315 nostri
999 1250 1059 1287 ac
1078 1235 1409 1315 confessoris
1435 1231 1964 1315 Theodori-Studia}:

2090 1242 2162 1290 Τοῦ
2191 1237 2330 1315 ὁσίου
2355 1239 2546 1312 πατρὸς
2569 1242 2707 1311 ἡμῶν
2726 1283 2740 1307 ,
2795 1243 2884 1295 καί
2936 1240 3246 1315 ὁμολιγητοῦ
3275 1239 3535 1315 Θεοδώρου
3566 1248 3664 1294 τοῦ

442 1304 678 1356 laudatio
718 1305 773 1356 in
820 1306 1026 1358 tertiam
1070 1302 1414 1358 inventionem
1460 1302 1735 1358 venerandi
1777 1305 1965 1373 capitis

438 1375 753 1429 sanctissimi
784 1373 1154 1429 Prwcursoris.

438 1488 533 1543 (Ex
553 1488 659 1536 end.
682 1500 771 1536 ms.
791 1487 1013 1537 biblioth.
1036 1501 1145 1549 reg.
1173 1501 1220 1536 ιι.
1240 1487 1352 1537 273.
1375 1486 1545 1536 Exstat
1569 1486 1689 1534 item
1717 1486 1763 1533 in
1781 1484 1973 1533 duobus

374 1550 486 1601 aliis
507 1549 647 1598 codd.
672 1548 803 1613 reg.)

447 1656 716 1712 Hodierna
743 1672 841 1712 nos
861 1656 992 1723 dies,
1009 1655 1280 1713 auditores
1300 1656 1708 1726 religiosissimi,
1730 1656 1973 1710 Prmcur—

377 1752 516 1807 soris
545 1750 821 1805 memoriae
846 1751 1063 1805 tertium
1111 1751 1355 1805 nuntium
1402 1749 1652 1816 aﬂ‘erens,
1702 1749 1755 1803 in
1802 1764 1970 1803 unum

376 1844 538 1911 cogit.
565 1842 839 1912 Siquidem
864 1844 1005 1899 enim
1043 1859 1172 1899 casu
1201 1844 1422 1899 invento
1452 1844 1707 1899 thesauro
1737 1842 1971 1897 universi

377 1933 576 2003 gaudio
605 1945 955 2000 concurrunt,
989 1951 1211 2004 remque
1233 1935 1592 1991 desideratam
1618 1935 1803 1989 videre
1824 1949 1973 2003 qua:-

376 2034 532 2090 runt;
565 2042 723 2093 quam
752 2044 858 2080 non
890 2026 1038 2083 festa:
1068 2028 1200 2081 lucis
1222 2027 1612 2095 jucunditatem
1636 2028 1831 2081 merito
1858 2026 1975 2081 exi-

376 2127 486 2185 gat,
510 2119 655 2187 quod
675 2119 835 2174 modo
866 2119 1115 2189 Baptistae
1137 2136 1346 2175 summe
1374 2118 1741 2194 venerandum
1787 2128 1973 2189 caput,

376 2210 632 2278 omnique
659 2226 791 2265 auro
821 2226 883 2266 ac
924 2211 1560 2281 pretiosislapillislonge
1578 2211 1864 2281 pretiosius
1878 2211 1972 2266 Dei

377 2314 643 2368 propensa
668 2300 949 2356 voluntate
979 2302 1248 2371 proditum
1276 2312 1379 2369 est,
1408 2302 1499 2371 qui
1528 2302 1598 2357 ad
1624 2302 1846 2357 humani
1874 2317 1970 2372 ge-

377 2391 521 2446 neris
545 2391 771 2446 salutem
795 2400 987 2447 cuncta
1019 2392 1291 2461 disponit?

448 2480 789 2537 Exsultemus
818 2483 977 2550 igitur
1004 2484 1057 2536 in
1085 2499 1172 2547 eo,
1204 2491 1367 2551 atque
1395 2483 1659 2547 laetemur,
1708 2482 1970 2552 siquidem

380 2573 641 2641 religiosm
691 2573 885 2627 mentis
927 2572 1236 2627 hominibus
1286 2572 1641 2641 spiritualium
1687 2587 1970 2625 innuerum

379 2663 654 2733 perceptio
686 2664 974 2718 exsultatio
1004 2672 1103 2717 est.
1135 2661 1426 2719 Cantemus
1446 2664 1499 2718 in
1549 2664 1727 2718 lzetitia
1754 2681 1769 2730 ;
1798 2664 1974 2719 laude-

380 2772 497 2811 mus
516 2756 568 2811 in
593 2757 882 2825 gratiarum
905 2757 1118 2811 actione
1149 2774 1162 2809 :
1194 2757 1297 2810 alia
1344 2757 1456 2812 haec
1489 2756 1819 2822 solemnitas,
1868 2757 1975 2811 alia

381 2849 619 2904 laudatio
648 2856 751 2905 est.
802 2848 1180 2904 Natalitiorum
1228 2847 1490 2904 festivitas
1536 2857 1688 2905 ortus
1738 2848 1974 2919 speciem

383 2937 634 3009 praefert;
666 2953 786 3008 quae
815 2954 1009 3008 nempe
1044 2940 1341 3009 spiritalem
1366 2940 1646 2996 luciferum
1697 2940 1771 2995 ita
1818 2940 1973 2995 exhi-

383 3032 523 3094 beat,
556 3040 614 3086 ut
640 3047 710 3087 ex
738 3041 981 3088 materno
1012 3042 1167 3088 utero
1211 3033 1410 3089 mundo
1434 3033 1693 3089 mirilicus
1719 3034 1926 3089 oriatur
1958 3050 1973 3087 :

382 3123 756 3179 decollationis
781 3132 960 3178 autem
1000 3139 1265 3191 occasus;
1312 3140 1432 3194 qua:
1484 3126 1691 3180 scilicet
1739 3124 1975 3180 divinum

386 3212 532 3269 idem
563 3213 826 3269 luminare
866 3214 945 3270 sic
990 3222 1364 3285 repraesentet,
1410 3223 1469 3270 ut
1516 3215 1680 3271 totius
1724 3214 1979 3285 spiritalis

384 3305 488 3361 diei
516 3322 678 3361 cursu
704 3306 922 3376 expleto
947 3307 1048 3362 sub
1077 3314 1273 3363 terram
1302 3308 1514 3373 subeat,
1560 3309 1777 3378 illicque
1802 3309 1855 3363 in
1904 3308 1980 3362 in-

385 3397 539 3457 ferno
568 3397 757 3467 positis
785 3397 985 3453 Christi
1015 3398 1276 3454 adventus
1295 3399 1524 3468 prmvios
1544 3399 1779 3467 fulgores
1803 3413 1981 3469 asper-

384 3495 493 3555 gat.
522 3484 693 3553 Quam
721 3487 953 3555 denique
980 3503 1125 3542 nunc
1151 3488 1259 3543 diei
1284 3489 1518 3558 agimus,
1548 3488 1849 3545 abstrusius
1877 3488 1978 3543 ali-

385 3576 533 3647 quid,
551 3592 745 3647 nempe
771 3578 1115 3648 sempiternae
1140 3579 1264 3633 vitm
1294 3578 1751 3635 resurrectionem
1797 3577 1981 3632 subin-

386 3668 550 3723 dicat.
574 3667 785 3723 Etenim
811 3678 960 3724 ortus
987 3678 1069 3725 est
1090 3685 1154 3727 ac
1193 3669 1341 3725 velut
1386 3670 1602 3738 iterum,
1632 3669 1982 3726 sacratissimi

388 3758 503 3828 ejus
532 3760 724 3830 capitis
753 3760 1084 3828 ostensione,
1114 3760 1182 3816 ad
1212 3762 1379 3816 vitam
1430 3759 1741 3815 Praecursor
1765 3774 1984 3829 repara-

388 3861 493 3909 tus.
519 3850 564 3906 Ο
593 3867 707 3908 rem
735 3851 951 3907 miram!
986 3852 1102 3908 Non
1125 3853 1247 3908 tulit
1267 3861 1410 3908 terra
1433 3859 1491 3908 ut
1520 3854 1574 3908 in
1598 3853 1875 3922 longiores
1895 3867 1977 3907 an-

392 3957 491 3997 nos
520 3943 730 3998 huncce
753 3943 1063 3999 thesaurum
1091 3944 1145 3998 in
1175 3959 1234 4000 se
1262 3943 1549 4010 detineret,
1580 3958 1787 4012 nosque
1842 3942 1983 3997 illius

389 4033 597 4103 jactura
627 4032 901 4100 alliceret;
932 4033 1029 4088 sed
1056 4035 1278 4104 proprio
1308 4032 1542 4103 quodam
1573 4041 1818 4103 tempore
1841 4031 1987 4086 velut

396 4140 597 4179 novum
616 4123 903 4192 quemdam
923 4140 988 4179 ac
1011 4130 1280 4178 maturum
1309 4124 1562 4191 fructum,
1581 4139 1735 4178 suum
1753 4122 1985 4178 fructum

394 4215 662 4285 producit.
696 4213 842 4267 Vidit
870 4214 1050 4283 itaque
1079 4214 1273 4269 cmlum
1318 4230 1534 4269 sacrum
1559 4223 1740 4284 caput,
1764 4222 1819 4269 et
1847 4214 1989 4268 lacta-

394 4314 505 4360 tum
534 4305 891 4375 est;aspexit
945 4305 1236 4361 humanum
1283 4318 1491 4373 genus,
1564 4306 1726 4373 inque
1801 4304 1988 4360 laudes

396 4396 621 4452 elTusum
652 4404 733 4450 est
753 4413 766 4461 ;
790 4411 1007 4451 sensum
1047 4396 1187 4450 illius
1214 4395 1485 4451 daemones
1522 4403 1901 4468 perceperunt,
1933 4402 1989 4450 et

397 4487 629 4555 disrupti
654 4495 815 4552 sunt;
845 4487 960 4542 sole
988 4486 1315 4556 splendidius
1336 4487 1525 4541 enituit
1553 4485 1797 4541 veritatis
1829 4484 1947 4539 luce
1971 4501 1985 4549 ;

397 4577 521 4630 luna
544 4576 829 4645 fulgentius
858 4576 1075 4647 pietatis
1110 4578 1286 4632 nitore
1320 4596 1332 4629 :
1366 4576 1643 4632 stellarum
1670 4576 1987 4630 varietatem

401 4669 783 4725 miraculorum
808 4677 1097 4738 exsuperat
1125 4668 1485 4724 multitudine.
1516 4667 1646 4736 Qua:
1668 4668 1810 4723 enim
1829 4683 1992 4735 quan—

400 4771 525 4819 tave
552 4761 677 4816 inde
699 4762 881 4816 statim
922 4761 1264 4817 curationum
1319 4760 1467 4815 omni
1517 4760 1668 4815 fonte
1718 4759 1992 4829 limpidius

399 4858 722 4924 uberiusque
748 4855 947 4911 ﬂuenta
972 4856 1394 4925 promanarunt?
1423 4854 1652 4926 Spiritus
1690 4869 1818 4909 mox
1850 4869 1995 4934 gra-

398 4952 527 5005 tiam
551 4950 663 5020 agri
694 4949 818 5004 liliis
839 4949 1088 5005 omnibus
1113 4948 1433 5017 fragrantius
1478 4964 1543 5004 ac
1569 4947 1837 5004 valentius
1866 4962 1992 5017 per-

398 5042 642 5111 spiravit.
681 5039 1070 5097 Suavissimum
1114 5040 1335 5096 odorem
1376 5040 1657 5095 universus
1720 5046 1995 5094 terrarum

400 5132 548 5186 orbis
575 5130 758 5187 olfecit
776 5147 843 5188 ac
864 5131 1172 5187 exsultavit.
1220 5130 1528 5186 Ilauserunt
1559 5144 1769 5194 omnes,
1820 5143 1996 5199 exque

402 5238 469 5278 eo
497 5223 641 5291 quod
670 5225 982 5293 qumrebant
1009 5239 1075 5279 ac
1131 5232 1392 5296 quantum
1431 5222 1740 5293 cupiebant,
1787 5234 1997 5292 proque

403 5330 471 5372 eo
499 5330 565 5369 ac
607 5317 800 5371 animis
827 5319 1208 5383 incitabantur,
1238 5318 1340 5373 sibi
1369 5325 1680 5387 rapuerunt.
1715 5315 1994 5373 Uberrima

405 5406 548 5461 enim
572 5405 765 5474 gratia,
794 5414 853 5460 ut
877 5415 1139 5476 quantum
1162 5408 1333 5464 ﬁdelis
1380 5408 1544 5463 animi
1593 5407 1861 5463 destinata
1907 5420 1998 5458 νο·
2031 5414 2079 5472 ι)

406 5498 584 5554 luntas
611 5496 978 5567 abundaverit,
1011 5510 1219 5557 tantum
1245 5500 1595 5571 percipiatur.
1619 5500 1785 5570 Caput
1804 5497 1994 5551 circui-

405 5597 489 5644 tus
515 5604 693 5642 eorum
718 5588 934 5658 (nempe
972 5591 1359 5659 peccatorum),
1419 5590 1591 5660 inquit
1623 5588 1816 5653 David,
1849 5586 1997 5641 labor

407 5678 661 5734 (abiaram
686 5680 914 5748 ipsorum
943 5679 1448 5751 (Peal.cxxxtx,10)
1476 5681 1663 5736 :nobis
1682 5695 1811 5735 vero
1837 5685 1999 5747 caput

410 5771 515 5828 hoc
543 5769 787 5826 laborum
834 5771 1054 5826 emersit
1096 5771 1315 5837 solutio,
1349 5773 1661 5829 morborum
1724 5770 1992 5842 depulsio,

2144 1310 2435 1386 Στουδίτου,
2461 1310 2707 1386 ’ἐγκώμιον
2737 1316 2810 1386 εἰς
2834 1318 2926 1386 τήν
2951 1310 3125 1386 τρίτην
3150 1311 3350 1385 εὕρεσιν
3492 1316 3664 1382 τιμίας

2142 1382 2350 1451 κεφαλῆς
2371 1388 2479 1437 τοῦ·
2496 1381 2641 1455 ἁγίου
2673 1381 2985 1458 ιιροδρόμουέ

2141 1666 2320 1737 Τρίτον
2347 1668 2555 1735 μήνυμα
2574 1674 2668 1726 τῆς
2695 1672 2784 1723 τοῦ
2814 1665 3110 1743 Προδρόμου
3131 1670 3327 1738 μνήμης
3358 1670 3390 1728 ἧ
3416 1676 3672 1745 παροῦσα

2072 1758 2232 1833 ἡμέρα
2265 1759 2520 1833 φέρουσα,
2560 1761 2892 1828 συγκαλεῢεαι
2934 1764 3100 1831 ἡμᾶς.
3146 1758 3184 1816 ὦ
3229 1761 3577 1841 φιλόχριστοι.
3608 1767 3671 1823 El

2070 1851 2170 1923 γὰρ
2199 1852 2456 1923 θησαυροῦ
2485 1872 2595 1910 πως
2641 1852 2743 1904 ἀπὸ
2770 1853 3153 1921 συμϐεϐηκότος
3199 1856 3474 1928 εὑρημένου
3497 1897 3515 1921 ,
3538 1875 3673 1908 συν-

2072 1945 2327 2017 τρέχουσι
2355 1947 2539 2004 πὰντες
2579 1943 2834 2021 ἅνθρωποι
2883 1956 3184 2024 περιχαρῶς
3235 1954 3503 2013 ζητοῦντες
3543 1952 3675 2006 ἰδεῖν

2072 2038 2131 2091 τὸ
2156 2037 2476 2105 ποθούμενον,
2504 2038 2672 2098 πόσης
2692 2040 2783 2092 οὐκ
2807 2033 2865 2091 ἂν
2891 2037 2967 2097 εἴη
3006 2036 3145 2103 ἄξιον
3164 2039 3419 2110 ὼμηδοίς
3440 2044 3676 2115 πανγηύο

2072 2148 2223 2204 ρεως.
2252 2136 2346 2189 τῆς
2372 2136 2461 2184 τοῦ
2491 2136 2783 2186 Βαπτιστοῦ
2812 2133 3128 2201 σεμνοτάτης
3148 2132 3328 2207 adpete,
3355 2138 3585 2208 χρυσίου
3617 2154 3677 2188 τε

2074 2222 2261 2281 παντὸς
2288 2227 2371 2276 καὶ
2389 2224 2533 2277 λίθων
2558 2226 2741 2293 τιμίων
2770 2224 3210 2300 πολυτελεστέρας
3228 2266 3246 2293 ,
3274 2222 3394 2301 ἄρτι
3440 2248 3681 2301 φανερω-

2075 2315 2268 2378 θείσης,
2297 2314 2495 2390 εὐδοκία
2548 2322 2643 2370 τοῦ
2687 2318 2855 2372 πάντα
2891 2318 3019 2391 πρὸς
3068 2322 3325 2388 σωτηρίαν
3374 2325 3467 2374 τοῦ
3497 2322 3680 2393 γέν-,υς

2078 2410 2217 2478 ἡμῶν
2238 2410 2613 2480 οὶκονομοῦντος
2646 2416 2794 2463 Θεοῦ.

2146 2500 2593 2573 Ἀγαλλιασῶμεθα
2607 2505 2794 2564 τοίνυν,
2816 2504 2898 2556 καί
2911 2502 3252 2576 εὐφρανθῶμεν
3274 2504 3322 2555 ἐν
3343 2504 3505 2575 αὐτῷ.
3528 2501 3680 2577 εἴπερ

2077 2595 2503 2664 ἀγαλλίαμαλτοῖς
2543 2594 2781 2665 φιλοθέοις
2804 2595 2835 2651 ἡ
2864 2600 2966 2649 τῶν
2994 2601 3338 2663 πνευματικῶν
3363 2592 3682 2669 δωρημάτων

2078 2685 2321 2756 ἀνάληψις
2330 2683 2554 2759 ’ᾇσωμεν
2565 2686 2612 2737 ἐν
2625 2685 3226 2757 εὐφροσύνῃ³ὐμνήσωμεν
3240 2685 3316 2738 ἐπ’
3328 2687 3381 2739 εὖ
3389 2708 3429 2755 χ
3434 2708 3467 2740 α
3471 2687 3677 2760 ptati?

2077 2774 2197 2836 ἄλλη
2211 2782 2491 2851 πανήγυρις
2502 2777 2655 2839 αὕτη,
2675 2773 2796 2834 ἄλλη
2819 2774 3091 2845 δοξολουνία·
3109 2779 3138 2833 ἡ
3281 2778 3380 2849 ’γὰρ
3407 2784 3511 2831 τῶν
3535 2797 3683 2846 γενος

2078 2877 2223 2935 σίων,
2255 2872 2469 2947 ἀνατολῇ
2491 2893 2603 2933 πως
2623 2869 2792 2926 ἔοικεν·
2810 2872 2921 2932 ἥτις
2948 2871 3217 2929 τὸννοητὸν
3240 2870 3396 2943 ἔωσφί
3404 2891 3492 2941 ρον
3510 2871 3561 2924 ἐκ
3573 2880 3681 2925 τῶν

2077 2967 2322 3039 μητρώων
2347 2964 2566 3037 λαγόνων
2605 2966 2891 3033 ἀνίσχοντα
2914 3002 2929 3025 ,
2980 2964 3350 3028 θαυματοποιὸν
3380 2970 3453 3033 τῷ
3499 2962 3681 3032 κόσμῳ

2078 3055 2384 3117 δεδήλωκεν·
2416 3059 2446 3116 ἡ
2491 3057 2542 3111 δὲ
2588 3065 2680 3117 τῆς
2721 3059 3001 3126 ἀποτομῆς,
3035 3054 3178 3110 δύσει
3204 3097 3217 3115 ,
3248 3058 3359 3115 ἥτις
3394 3056 3480 3109 τὸν
3517 3058 3681 3111 αὐτὸν

2078 3152 2285 3222 θεοφοινῆ
2314 3150 2588 3224 λαμπτῆρα
2615 3156 2706 3210 τῆς
2729 3158 2911 3209 νοητῆς
2956 3146 3071 3207 ὅλης
3119 3150 3306 3222 ἡμέρας
3360 3148 3545 3218 δρόμον
3593 3146 3682 3203 δι·

2081 3246 2341 3299 ανύσαντα
2361 3284 2373 3305 ,
2416 3244 2515 3297 ὑπῦ
2542 3252 2632 3312 γῆν
2660 3243 2890 3312 γενέσθαι
2923 3244 3231 3317 παρίστησι,
3261 3242 3464 3295 κάκεῖσε
3492 3249 3597 3299 τοῖς
3628 3242 3682 3293 ἐν

2081 3333 2207 3409 ᾅδου
2235 3337 2294 3390 τὸ
2321 3341 2423 3405 φῶς
2449 3342 2542 3393 τῆς
2579 3334 2869 3409 παρουσίας
2911 3339 3138 3405 Χριστοῦ
3184 3333 3581 3407 προαυνάσαντα
3601 3348 3615 3359 ·
3648 3333 3682 3389 ἡ

2081 3423 2136 3480 δὲ
2165 3431 2431 3501 παροῦσα.
2461 3427 2550 3478 καί
2573 3423 2950 3499 μυστικώτερὸν
2983 3445 3035 3479 τι
3064 3424 3444 3487 ὐπαινίττνεται,
3471 3428 3561 3481 τὴν
3583 3433 3683 3483 τὶς

2081 3513 2248 3571 ἀϊδίου
2279 3520 2411 3580 ζωῆς
2437 3515 2748 3570 ἀναϐίωσιν
2772 3514 3072 3570 ἀνατέταλκε
3094 3514 3191 3585 ’γὰρ
3209 3553 3223 3574 ,
3254 3514 3340 3567 καί
3363 3509 3464 3566 οἷον
3494 3514 3684 3566 ἀνεϐίω

2082 3604 2247 3672 αὖθις,
2278 3615 2343 3681 τῇ
2368 3604 2615 3671 ἀναδείξει
2639 3614 2731 3666 τῆς
2754 3606 3033 3678 ἱερωτάτης
3055 3608 3216 3659 αὑτοῦ
3238 3603 3469 3675 κεφαλῆς.
3497 3601 3567 3657 Ὠ
3585 3611 3685 3658 τοῦ

2084 3708 2377 3776 θαύματος·
2417 3707 2503 3761 οὐκ
2552 3705 2752 3775 ἤνεγκεν
2790 3705 2821 3761 ἡ
2853 3710 2918 3777 γῆ
2949 3704 3033 3756 ἐπὶ
3061 3702 3191 3756 πολὺ
3221 3702 3305 3755 τὸν
3332 3702 3684 3776 κρυπτόμενον

2084 3808 2263 3857 τοῦτον
2290 3798 2541 3876 θησαυρὸν
2570 3798 2620 3851 ἓν
2646 3796 2802 3870 ἑαυτῇ
2830 3796 3071 3866 κατέχειν
3095 3833 3110 3854 ,
3159 3796 3243 3848 καί
3273 3797 3484 3862 ζημιοῦν
3521 3795 3682 3863 ἡμᾶς·

2087 3888 2310 3965 καιρῷδέ
2324 3912 2415 3945 τινι
2432 3889 2560 3959 ἰδίῳ,
2582 3890 2756 3962 ὥσπερ
2778 3889 2888 3942 τινὰ
2907 3886 3113 3945 νεοθαλῆ
3135 3886 3329 3958 καρπον
3356 3888 3441 3939 καὶ
3464 3886 3680 3957 dictum.

2018 4006 2062 4068 ο
2095 3980 2182 4040 τῖν
2205 3983 2398 4059 καρπὸν
2424 3982 2579 4040 αὐτῆς
2600 3978 2923 4034 ἀναδίδωσιν
2954 3974 3082 4033 εἶδεν
3112 3972 3199 4031 οὖν
3231 3978 3389 4036 αὐτὴν
3418 3976 3444 4030 ὁ
3468 3979 3685 4051 οὐρανὸς

2093 4079 2179 4132 καί
2203 4074 2571 4147 κατευφρὰνθη⁶
2603 4070 2921 4150 προσέϐλεψε
2946 4071 3085 4142 ⁴γένος
3127 4070 3420 4145 ἀνθρώπων,
3455 4071 3536 4121 καί
3558 4090 3686 4122 κατ’

2088 4172 2341 4240 ευφήμησε
2371 4205 2385 4219 .
2460 4167 2695 4237 Δαίμονες
2743 4162 3029 4233 αἰσθόμενοι
3055 4202 3070 4226 ,
3132 4159 3521 4236 κατερῥοὶυγησαν
3545 4176 3559 4190 ⁸
3592 4166 3686 4212 τοῦ

2089 4259 2227 4318 ἡλίου
2271 4256 2403 4329 ὤφθη
2426 4255 2757 4330 λαμπροτέρα
2781 4260 2853 4326 τῷ
2887 4256 3014 4323 φωτί
3039 4259 3128 4311 τῆς
3168 4251 3396 4310 ἀληθείας
3425 4265 3437 4279 ⁸
3470 4257 3562 4307 τῆς
3590 4268 3683 4301 σε·

2088 4350 2235 4409 λῆνης
2285 4348 2728 4421 ἀκραιφνεστέρα,
2771 4352 2845 4413 τῷ
2894 4345 3060 4414 φέγγει
3107 4350 3201 4401 τῆς
3236 4341 3492 4399 εὐσεϐείας
3518 4356 3531 4368 ·
3582 4348 3687 4391 τῶν

2090 4441 2315 4516 ἀστέρων
2340 4438 2695 4512 ποικιλωτέρα,
2720 4443 2793 4508 τῷ
2818 4436 2991 4493 πλήθει
3017 4440 3117 4488 τῶν
3138 4433 3413 4503 θαυμάτων
3436 4446 3450 4461 ⁸
3481 4428 3558 4484 οἷα
3583 4434 3688 4504 γάρ

2091 4536 2171 4589 καί
2214 4535 2362 4591 ἡλίκα
2409 4530 2624 4586 ἔϐλυσεν
2672 4531 2819 4589 εὐθὺς
2851 4530 2918 4583 τὰ
2946 4528 3119 4603 ῥεῖθρα
3147 4535 3246 4579 τῶν
3275 4526 3455 4578 ίάσεων
3479 4522 3689 4582 ἁπάσης

2092 4630 2280 4701 κρήνης
2310 4619 2638 4697 διιιδέστερόν
2662 4641 2717 4675 τε
2745 4622 2827 4673 καί
2853 4620 3190 4693 ἀφθονὼτερον
3216 4629 3230 4645 ⁸
3272 4612 3566 4669 διέπνευσεν
3592 4616 3687 4667 αὗ-

2093 4721 2211 4772 τίκα
2234 4721 2322 4771 τοῦ
2343 4715 2633 4784 πνεύματος
2659 4717 2747 4769 τήν
2781 4711 2939 4783 χάριν
2978 4709 3109 4781 ὑπὲρ
3136 4706 3303 4759 πάντα
3331 4706 3396 4757 τά
3425 4706 3568 4780 κρίνα
3593 4710 3689 4756 τοῦ

2098 4810 2258 4881 ἀγροῦ
2292 4801 2631 4876 εὐωδέστερόν
2658 4819 2712 4854 τε
2742 4802 2820 4852 καὶ
2867 4797 3297 4874 ἐρρωμενέστερον
3322 4808 3334 4821 ’
3366 4794 3633 4866 saeptae”
3660 4795 3691 4849 ri

2097 4896 2359 4969 οἶκουμένη
2387 4899 2536 4949 πᾶσα
2559 4898 2751 4951 νοητῶς
2785 4897 2878 4949 τῆς
2914 4885 3129 4946 εὐωδίας
3156 4926 3171 4952 ,
3204 4889 3293 4939 καί
3318 4883 3688 4955 ἠγαλλιάσατο.

2096 4985 2349 5063 Ἠρύσατο
2369 4991 2474 5045 πᾶς
2495 5005 2594 5052 τις,
2619 4986 2702 5037 καί
2722 4982 3045 5037 ἀπεσύλησεν
3067 4976 3225 5051 οὗπερ
3248 4980 3432 5041 ἐζήτει,
3457 4980 3544 5029 καί
3574 4973 3695 5028 ὅσον

2100 5080 2263 5133 ιπόθει
2285 5119 2298 5139 ,
2328 5080 2409 5132 καί
2438 5075 2567 5151 πρὸς
2607 5072 2733 5149 ὅπερ
2771 5073 3122 5141 κατηπείγετοο
3162 5071 3193 5126 ἡ
3220 5070 3320 5139 ’γάρ
3353 5069 3510 5141 χάρις
3539 5063 3688 5133 ἄφθο-

2098 5192 2178 5233 νος
2206 5216 2218 5239 ,
2267 5176 2512 5226 τοσοῦτον
2565 5165 3083 5239 μεταλαμϐανομένη.
3117 5160 3236 5215 ὅσον
3267 5154 3325 5211 ἂν
3373 5160 3404 5215 ἦ
3450 5159 3689 5230 πρόθεσις

2100 5270 2187 5319 τοῦ
2218 5262 2549 5319 πιστεύοντος
2577 5259 2927 5319 πλεονάζεται.
2961 5264 3011 5307 Ἦ
3053 5250 3233 5323 κεφαλή
3253 5256 3341 5305 τοῦ
3363 5248 3691 5315 κυκλώματος

2105 5355 2267 5409 αὐτῶν
2284 5395 2297 5413 .
2330 5350 2516 5410 δηλαδὴ
2544 5357 2641 5404 τῶν
2676 5346 3008 5421 ἁμαρτωλῶν,
3040 5345 3107 5401 ὥς
3136 5361 3281 5412 φησιν
3306 5338 3331 5393 ὁ
3358 5337 3516 5393 Aeneid
3543 5354 3558 5368 ⁸
3602 5337 3691 5390 ιά-

2106 5467 2201 5505 πος
2224 5452 2325 5501 τῶν
2352 5446 2561 5515 χειλέων
2583 5444 2748 5496 αὐτῶν
2769 5456 2782 5469 ’
2824 5438 2964 5509 Ἡμῖν
2993 5436 3046 5491 δὲ
3070 5439 3102 5494 ἡ
3124 5435 3307 5504 κεφαλὴ
3349 5432 3483 5489 αὕτη
3528 5429 3694 5484 κόπων

2104 5536 2307 5609 ἐδείχθη
2328 5538 2586 5611 λυτήριον,
2612 5534 2786 5589 παθῶν
2807 5531 3144 5604 ἀλεξητήριον,
3177 5524 3423 5595 δαιμόνων
3444 5518 3687 5611 φυγαδευο

2102 5633 2302 5705 τήριον,
2333 5610 2509 5685 πάσης
2534 5627 2668 5685 θείας
2695 5623 2889 5698 δωρεᾶς
2919 5621 3310 5694 χορηγητήριον.
3357 5612 3558 5680 Kueh}

2103 5700 2213 5773 ἔστι
2240 5726 2329 5771 τοῦ
2358 5719 2406 5771 ἓν
2434 5717 2625 5791 γαστρί
2664 5722 2757 5773 τῆς
2801 5714 3010 5786 στείρας
3056 5712 3423 5785 σκιρτήσατε-ος
3459 5704 3510 5756 ἐν
3536 5700 3688 5771 ἀγαλ-

2102 5812 2279 5865 λιάσει.
2309 5808 2389 5865 διὰ
2416 5811 2503 5864 τὸν
2532 5809 2580 5862 ἓν
2620 5814 2681 5862 xii
2711 5806 2987 5879 παρθενικῆ
3020 5800 3168 5859 νηδύὶ
3191 5798 3534 5858 capto-5mm:
3559 5795 3685 5849 οδες-ἱ
