3916 6202
446 311 544 369 451
1745 292 2037 351 DlONYSll

2141 292 2457 353 EXIGUUS.
2814 301 2818 304 ’
3596 306 3690 363 452

448 427 548 491 lus,
575 423 664 495 qui
696 438 724 477 τι
756 419 959 477 notario
986 396 1148 474 cubili
1196 412 1451 470 cohibere
1478 409 1643 477 velit;
1672 410 1765 480 qui
1808 408 1887 463 ira
1927 406 2037 463 exi-

2142 411 2233 466 τήν
2261 408 2518 465 θειοτάτην
2548 408 2727 482 κάραν,
2746 407 3040 475 στάζουσαν
3064 409 3130 466 τά
3150 410 3322 489 ῥεῖθρα
3348 419 3446 469 τῶν
3467 415 3688 489 αἰρέτω,

450 534 595 576 mere
622 518 902 584 ingruente
942 508 1186 565 facinori.
1229 507 1457 562 Sensum
1501 504 1789 574 accepisti?
1830 516 2035 570 nequa-

2141 505 2232 552 Φεῦ
2270 508 2361 561 τῆς
2387 499 2765 573 ἀπανθρωπίας·
2795 501 2983 556 άϐάλαι
3027 509 3120 558 τοῦ
3164 504 3523 576 άσελγεστάτ.υ
3569 533 3687 582 συμ-

451 624 628 680 quam.
658 605 959 672 Castigatus
987 615 1074 666 es,
1107 595 1412 668 resipuisti‘l
1441 594 1660 649 minime
1679 591 1937 663 gentimn.
1960 589 2037 680 ιι.

2141 591 2352 645 ποσίου.
2384 595 2550 643 Τοῦτο
2576 588 2637 648 δὴ
2665 594 2750 644 καί
2775 598 2863 646 νῦν
2890 592 3337 667 τελεσιουργεῖται.
3371 596 3498 652 Καίό
3524 601 3684 673 πόρνος

454 678 681 751 hidincm
713 709 818 747 non
848 688 1082 743 minuisti
1110 705 1122 741 :
1154 694 1325 741 totum
1368 684 1606 739 animum
1638 691 1783 737 tuum
1814 678 2037 734 Μαιητιῶ

2141 683 2187 733 εί
2229 685 2299 751 μή
2342 684 2434 738 τήν
2471 681 2625 752 κάραν
2651 687 2743 734 τοῦ
2769 688 3063 737 Βαπτιστοῦ
3092 681 3252 758 αἴρει,
3279 686 3397 741 ἀλλά
3432 708 3485 756 γε
3512 692 3569 745 τὰ
3588 693 3687 761 μέλη

453 787 651 847 fecisti;
704 779 888 836 ludicri
937 779 1158 852 praemio
1198 776 1587 834 divinissimum
1628 784 1785 845 caput
1832 772 2037 826 stillans

2141 777 2233 826 τοῦ
2260 779 2479 846 Χριστοῦ
2516 771 2706 846 πόρνης
2737 772 2861 841 plan
2890 774 3182 831 καθίστησι.
3227 775 3287 828 Τί
3315 777 3413 850 γάρ
3466 775 3575 832 ἄλλο
3617 786 3688 833 καὶ

378 935 388 942 _
448 876 722 945 sanguinis
766 876 911 931 rivos
954 876 1007 931 in
1053 876 1201 932 disco
1242 877 1562 947 produxisti.
1609 876 1749 933 Proh
1789 878 2037 933 immani-

2143 862 2270 931 οὐχί
2298 868 2452 915 τοῦτο
2480 864 2875 935 κατεργάζωνται
2907 865 2959 917 αξ
2990 867 3155 935 μέθαι,
3190 869 3274 920 καί
3296 866 3341 920 οί
3368 873 3515 936 κῶμοι
3538 909 3553 933 ,
3578 873 3686 925 κατὰ

453 967 653 1020 tatem!
681 968 815 1039 proh
846 967 1319 1035 impudicissimum
1342 968 1674 1022 convivium!
1705 967 1849 1023 Istud
1896 968 2036 1022 idem

2142 955 2232 1008 τήν
2259 951 2601 1011 άποστολικήν
2622 951 2673 1006 ἕν
2699 973 2806 1006 οιαν
2839 968 2855 1018 ;

451 1067 508 1111 et
555 1058 1032 1128 impnesentiarum
1081 1060 1257 1130 reipsa
1306 1062 1510 1130 agitur;
1560 1061 1748 1129 sinque
1815 1059 2037 1115 Joannis

2214 1040 2370 1111 Φράζε
2399 1042 2479 1094 καί
2511 1038 2578 1095 σύ
2607 1063 2692 1110 μοι
2733 1044 2763 1099 ἡ
2807 1043 3095 1104 ἀτάσθαλος
3129 1043 3385 1115 ΊΙρωδιάς⁸
3430 1051 3596 1106 ὠνήσω
3635 1055 3691 1106 τά

451 1148 591 1202 tollit
619 1157 798 1218 caput,
831 1157 883 1202 at
914 1149 1110 1204 Christi
1157 1151 1398 1205 membra
1453 1152 1750 1206 meretricis
1798 1151 2037 1229 membra

2141 1137 2243 1187 τῶν
2270 1135 2533 1205 τολμηρῶν
2559 1154 2652 1187 σου
2683 1136 3072 1209 ἐγχειρημάτων
3096 1152 3109 1200 ;
3132 1135 3305 1197 ἔξαλες
3331 1140 3411 1192 τὸν
3437 1148 3692 1202 Βαπτιστὴν

451 1237 596 1291 iacit.
630 1237 767 1303 Quid
796 1238 936 1292 enim
966 1239 1109 1292 aliud
1141 1240 1429 1294 ebrietates
1457 1247 1711 1309 praestant
1740 1254 1804 1294 ac
1830 1220 2037 1293 comes-

2143 1222 2244 1276 ὑπὸ
2284 1223 2482 1293 χθόνα;
2531 1225 2622 1277 οῦκ
2675 1222 2821 1279 ἔστιν
2867 1220 2955 1279 οὖν
2992 1223 3136 1287 ὅστις
3189 1229 3577 1302 ἁντιφθέγξεται,
3621 1239 3693 1289 καί

451 1329 707 1393 sationes,
726 1329 877 1397 juxta
906 1329 1149 1401 Apostoli
1177 1346 1413 1385 sensum.

2144 1313 2353 1385 ἀντείπῃ
2384 1333 2468 1367 σοι
2496 1311 2605 1378 ﬁt;
2635 1318 2716 1369 καὶ
2739 1320 2835 1383 μὴν
2862 1319 3056 1382 ματαία
3084 1318 3114 1374 ἡ
3141 1318 3281 1376 ἐλπίς
3306 1338 3416 1380 σου,
3445 1322 3693 1398 άντσχυρόν

522 1417 666 1473 Cedo
697 1427 753 1473 tu
801 1436 1045 1489 quoque,
1091 1421 1333 1490 improha
1360 1421 1693 1489 scelestaque
1735 1418 2035 1489 Herodias;

2147 1426 2242 1459 σου
2273 1406 2329 1458 τὸ
2359 1404 2561 1479 δρᾶμα,
2586 1407 2735 1461 ἕωλον
2765 1408 2820 1461 τὸ
2856 1407 3191 1469 ἐπιτήδευμα.
3226 1406 3602 1485 ’Λντέστραπται
3637 1418 3692 1469 τά

452 1509 794 1563 commodine
832 1510 1031 1578 aliquid
1074 1524 1142 1564 ex
1174 1512 1461 1565 temeraria
1494 1518 1582 1564 tua
1611 1509 1887 1564 molitione
1918 1522 2037 1575 per-

2146 1497 2446 1567 πράγματα⁶
2486 1494 2605 1550 ὅσον
2628 1495 2785 1551 ἐδζκει
2814 1519 2898 1551 σοι
2924 1499 3267 1571 ὑποκρύπτειν
3291 1542 3307 1568 ,
3346 1510 3577 1559 τοσοῦτον
3622 1527 3693 1561 τε·

453 1601 674 1669 cepisti?
702 1601 996 1670 Baptistam
1027 1602 1125 1655 sub
1153 1613 1292 1656 terra
1315 1601 1637 1656 condidisti?
1666 1600 1779 1654 Non
1808 1608 2037 1667 estergo

2146 1587 2412 1663 θρυλληταί
2457 1610 2550 1643 σου
2594 1591 2651 1642 τὸ
2674 1586 2817 1658 ages“
2863 1590 2935 1661 ἐφ’
2968 1588 3090 1644 ὅσον
3119 1591 3223 1663 ᾤου
3256 1593 3512 1658 λανθάνειν,
3534 1602 3693 1650 τοσοῦ-

452 1692 541 1760 qui
570 1692 862 1747 etiamnum
898 1695 1231 1749 contradicat
1258 1710 1324 1748 ac
1369 1693 1717 1746 adversetur?
1757 1691 2037 1746 Enimvero

2148 1699 2230 1732 τον
2250 1688 2451 1750 γενεαῖς
2478 1687 2656 1751 γενεῶν
2681 1685 3083 1755 παραπέμπεται
3111 1706 3207 1739 σου
3234 1689 3292 1742 τὸ
3319 1688 3561 1759 τόλμημα.

453 1796 588 1837 vana
624 1798 747 1852 spes
793 1792 903 1848 tua,
954 1783 1183 1837 invalida
1228 1798 1387 1852 quam
1435 1783 1605 1837 lusisti
1651 1781 1848 1845 fabula,
1878 1780 2033 1835 inane

2218 1774 2316 1823 Καὶ
2342 1772 2407 1823 σὺ
2436 1775 2530 1842 μὴν
2563 1770 2717 1831 ἑάλως
2746 1781 2912 1846 πικρῷ
2938 1776 3134 1845 θανάτῳ
3164 1780 3260 1829 σὺν
3294 1786 3367 1850 τῷ
3393 1782 3585 1851 συζύγῳ
3609 1781 3693 1835 ῦπό

452 1876 687 1930 studium
730 1890 795 1931 ac
844 1885 1089 1930 conatus.
1133 1874 1297 1930 Facta
1352 1891 1530 1930 rerum
1588 1874 1868 1929 conversio
1907 1883 2028 1941 est,

2141 1858 2292 1930 τάφον
2318 1856 2635 1934 ὃιεφθαρότες
2657 1864 2739 1916 καί
2764 1862 3036 1924 ὀδωδότες,
3068 1868 3339 1923 σκωλήκων
3366 1867 3540 1929 πλῆθος
3567 1867 3694 1945 ἄμφω

453 1974 711 2035 quantum
741 1967 1016 2021 occultare
1045 1965 1140 2019 tibi
1164 1966 1279 2023 visa
1308 1974 1409 2030 est,
1441 1975 1649 2019 tantum
1682 1964 1859 2019 scelus
1883 1972 2033 2018 tuum

2141 1947 2400 2024 βρύοντες“
2420 1952 2477 2008 ἣν
2499 1951 2552 2005 δὲ
2578 1952 2790 2024 κεφαλήν
2811 1956 3219 2023 ἀποτετμήκατε,
3242 1961 3372 2033 ὑπὲρ
3391 1969 3477 2033 γῆν
3497 1962 3693 2017 ἅλλεται.

454 2057 781 2126 divulgatum
814 2057 930 2111 fuit.
963 2056 1083 2123 Quo
1109 2056 1280 2111 latere
1324 2056 1690 2119 arbitrabaris,
1738 2070 1804 2109 eo
1834 2054 2036 2111 facinus

2141 2048 2495 2116 Δορυφορεῖταε
2522 2048 2711 2118 χερσίν
2738 2044 2928 2108 ὁσίαις.
2948 2050 3313 2121 προπέμπεται
3337 2062 3505 2123 χοροῖς
3525 2056 3693 2128 ἱερέων,

455 2154 603 2201 tuum
630 2148 682 2201 in
709 2148 1083 2216 generationes
1111 2146 1514 2216 generationum
1543 2146 1935 2201 transmittitur.

2141 2134 2453 2191 λιτανεύεται
2479 2143 2777 2208 συστήμασι
2819 2149 3086 2209 μοναστῶν
3105 2182 3120 2207 ,
3149 2145 3474 2215 μεγαλύνεται
3499 2147 3694 2219 μιγάδων

523 2237 601 2292 Ac
630 2245 685 2291 tu
715 2237 930 2308 quidem
954 2251 1061 2292 una
1080 2252 1200 2292 cum
1216 2237 1335 2291 viro
1363 2251 1545 2290 amara
1560 2236 1809 2290 interiisti
1839 2245 2032 2307 morte,

2141 2230 2374 2288 πλήθεσι⁹
2408 2232 2698 2302 συναγείρει
2720 2229 2873 2301 δῆμον
2895 2235 3304 2312 πολυάνθρωπον,
3326 2241 3585 2314 πανήγυριν
3604 2241 3693 2292 θεο-

452 2328 718 2397 corruptis
766 2328 1141 2396 olentibusque
1200 2325 1337 2381 infra
1394 2326 1699 2396 sepulcrum
1753 2326 2034 2382 amborum

2142 2321 2435 2375 σύλλεκτονο
2478 2322 2653 2386 αὐτὴν,
2684 2325 2752 2382 ὡς
2777 2321 2900 2383 ἔπος
2928 2328 3106 2391 εἰπεῖν,
3140 2332 3235 2386 τήν
3262 2328 3516 2401 ἀγγελικὴν
3535 2330 3694 2388 πληθὺν

452 2417 805 2471 cadaveribus
850 2431 915 2471 ac
946 2417 1208 2471 vermium
1262 2417 1417 2485 copia
1480 2416 1839 2484 scatentibus;
1885 2415 2032 2487 quod

2141 2412 2563 2486 συναθροίζουσα,
2597 2415 2681 2465 καί
2707 2414 2793 2467 τὸν
2823 2422 2914 2474 τῆς
2935 2417 3178 2487 εὐφημίας
3207 2419 3323 2488 ἡμῖν
3358 2419 3504 2488 ὕμνον
3539 2440 3692 2473 συνεπ-

452 2517 582 2557 vero
610 2501 924 2571 praecidistis
947 2507 1127 2570 caput,
1170 2513 1332 2569 super
1374 2505 1574 2553 terram
1623 2498 1747 2552 salit
1780 2514 1792 2549 :
1822 2506 2037 2552 sancto-

2141 2501 2367 2575 άδονσα,
2422 2500 2565 2580 εἴπερ
2629 2506 2837 2576 φιλτάτη
2888 2509 3057 2567 αὐτοῖς
3100 2510 3130 2565 ἡ
3184 2515 3275 2563 τοῦ
3327 2506 3581 2579 ὁμωνύμου
3625 2514 3694 2562 καί

447 2607 568 2648 rum
596 2594 648 2648 ei
674 2607 863 2648 manus
890 2592 1276 2662 obsequuntnr,
1308 2590 1647 2645 sacerdotum
1674 2589 1824 2643 chori
1843 2603 2037 2658 pompa

2141 2597 2403 2658 ίσοκλεοῦς
2432 2602 2597 2655 αὐτῶν
2618 2600 2792 2659 τελετή
2817 2602 3110 2660 παναίσιος.
3138 2602 3355 2672 Πηγάζει
3379 2606 3441 2656 τά
3470 2604 3596 2675 μύρα
3620 2610 3693 2661 τῆς

448 2683 802 2750 comitantur,
832 2682 1220 2737 monachorum
1258 2681 1470 2749 agmina
1505 2679 1881 2750 deprecantur,
1914 2693 2037 2748 pro-

2143 2686 2359 2762 χάριτος
2408 2692 2541 2767 ὑπὲρ
2586 2690 2795 2763 νάρδον,
2842 2694 2973 2766 ὑπὲρ
3001 2692 3206 2765 κρόκον,
3237 2694 3369 2767 ὑπὲρ
3407 2697 3692 2766 κινάμωμον,

450 2787 633 2827 corum
659 2781 848 2826 turnia:
874 2771 1238 2841 magniﬁcam,
1256 2786 1321 2825 ac
1350 2769 1597 2825 laudibus
1617 2778 2035 2840 prosequuntur.

2141 2780 2269 2854 ὑπὲρ
2294 2782 2463 2837 πάντα
2484 2785 2550 2837 τά
2585 2784 2832 2855 μυρετικά
2854 2784 3125 2855 άρὼματα.
3158 2790 3315 2837 Φωνεί
3344 2786 3427 2837 καί
3590 2784 3695 2837 άλαο

452 2863 634 2932 Longe
661 2864 950 2918 maximam
979 2863 1255 2917 hominum
1284 2861 1681 2917 multitudinem
1724 2870 2036 2933 congregat,

2141 2869 2303 2931 λήτως
2315 2873 2703 2947 θριαμϐεύουσα
2733 2876 2811 2928 ἀεὶ
2838 2876 2895 2929 τὸ
2926 2873 3371 2951 δραματούργημά
3395 2895 3506 2929 σου.

451 2954 545 3009 Dei
574 2954 795 3009 numine
836 2953 1122 3009 collectum
1169 2960 1399 3019 emtum;
1448 2952 1641 3023 ipsam,
1671 2960 1732 3007 ut
1758 2953 1924 3007 verbo
1952 2953 2036 3006 di-

2209 2972 2435 3017 Τοιαῦτα
2474 2962 2536 3022 διό
2575 2959 2664 3017 οῦν
2699 2967 2766 3019 τά
2792 2966 2905 3022 τέλη
2929 2974 3021 3024 τῆς
3046 2966 3261 3035 ἀνομίας
3281 3005 3299 3031 ,
3328 2968 3412 3019 καὶ
3438 2966 3557 3036 μετά
3580 2964 3694 3021 τηλι-

449 3061 591 3114 cam,
623 3046 935 3114 angelorum
968 3043 1363 3100 multitudinem
1392 3059 1499 3099 una
1527 3044 1803 3112 colligens,
1833 3043 2034 3098 laudis-

2141 3053 2333 3106 κούτων
2366 3053 2805 3129 θριαμϐευμάτων.
2848 3059 2941 3109 Καὶ
2979 3061 3147 3111 ταῦτα
3193 3055 3303 3111 ἴστε
3362 3054 3577 3126 βασιλεῖς
3619 3062 3694 3113 τῆς

450 3154 556 3207 quc
585 3139 740 3193 nobis
767 3140 1043 3193 consortio
1084 3137 1378 3203 accedens;
1418 3137 1685 3205 siquidem
1710 3150 1918 3190 summe
1945 3151 2035 3189 an-

2141 3151 2255 3215 γῆς·
2286 3146 2553 3219 σατράπαι
2585 3166 2640 3199 τε
2680 3149 2768 3200 καί
2792 3143 3064 3212 δυνάσται,
3086 3144 3347 3222 ἄρχοντές
3371 3167 3423 3201 τί
3445 3152 3522 3200 καί
3546 3146 3693 3219 ἀρχὰ

450 3231 583 3300 gelis
612 3230 792 3295 chara,
818 3229 934 3300 pari
960 3243 1078 3284 cum
1108 3229 1186 3283 eis
1214 3228 1431 3283 nomine
1470 3242 1536 3282 ac
1578 3228 1747 3297 gloria
1785 3227 2037 3283 certantis

2142 3254 2281 3305 μενοι
2307 3278 2322 3303 ,
2353 3238 2433 3291 καί
2467 3242 2571 3298 πᾶς
2599 3234 2743 3297 ὅστις
2768 3231 2857 3290 οὖν
2886 3240 2936 3292 ἐν
2961 3237 3079 3309 βίῳ,
3108 3239 3176 3291 ἵν’
3197 3241 3514 3308 ἐννομοῦντες
3540 3240 3600 3297 ὡς
3628 3237 3694 3289 ἐπὶ

452 3322 862 3393 praeclarissima
888 3320 1177 3375 celebritas
1199 3319 1399 3374 existit.
1428 3316 1627 3373 Gratiae
1651 3327 1922 3388 unguenta
1949 3334 2037 3374 su-

2142 3332 2279 3383 πᾶσι
2298 3330 2382 3381 καί
2408 3328 2454 3379 ἐν
2480 3335 2592 3387 τοῖς
2613 3330 2815 3400 γάμοις,
2868 3334 2936 3398 μή
2980 3332 3046 3383 τά
3074 3332 3215 3385 αὐτά
3241 3331 3445 3385 πάθοιτε
3477 3336 3576 3387 τοῖς
3598 3330 3697 3382 ἔνι·

452 3426 550 3483 per
574 3413 821 3477 nardum,
852 3426 1015 3481 super
1037 3426 1284 3478 crocum,
1304 3425 1468 3480 super
1493 3410 1894 3467 cinnamomum
1922 3411 2037 3482 pig-

2141 3422 2255 3495 γέσι
2278 3422 2687 3492 στηλιτευόμενοι
2715 3424 2767 3485 ἔξ
2794 3420 2927 3477 ἴσον.

453 3503 822 3572 mentariaque
848 3502 1028 3557 omnia
1058 3508 1302 3556 aromata
1329 3501 1573 3555 scaturit.
1610 3498 1821 3555 Clamat
1848 3516 1913 3556 ac
1942 3516 2037 3556 vo-

2211 3514 2335 3568 ’Λλλ’
2363 3516 2476 3569 ἐπεὶ
2504 3520 2594 3572 τὴν
2617 3523 2824 3590 χρυσῆν
2845 3516 3077 3588 κεφαλὴν,
3110 3518 3184 3576 ὥς
3205 3518 3260 3570 τέ
3284 3518 3416 3579 ὶστι,
3445 3522 3547 3574 τοῖς
3566 3514 3697 3582 ὑπερ·

455 3591 712 3647 cil'eratur
752 3600 900 3646 tuam
942 3606 1157 3661 semper
1185 3591 1406 3646 sceleris
1447 3591 1662 3661 plenam
1704 3592 2037 3647 molitionem

2146 3614 2372 3683 χρυσοῖς
2424 3614 2522 3662 τῶν
2555 3607 2810 3679 ἐγκωμίων
2847 3604 3018 3663 ἄνθεσι
3047 3610 3558 3679 κατεστεφνὼσαμεν
3579 3644 3593 3669 ,
3620 3601 3695 3673 ἆγε

453 3685 570 3740 sine
592 3698 724 3739 voce
753 3683 1057 3739 traducens.

2142 3696 2205 3757 δή
2232 3693 2320 3751 οὖν
2347 3700 2431 3752 καί
2474 3700 2541 3753 τά
2582 3698 2733 3770 ἔτερα
2760 3699 2887 3773 μέρη
2906 3700 3462 3772 πμπαραληψὼμεθα,
3487 3700 3561 3751 ἵνα
3579 3698 3695 3767 prii:

524 3773 796 3843 Ejusmodi
817 3781 901 3828 est
933 3773 1295 3843 improbitatis
1338 3772 1478 3840 linis,
1511 3782 1766 3843 tantaque
1794 3773 1940 3828 illam
1967 3774 2037 3828 in-

2141 3792 2330 3865 μέρους
2358 3792 2693 3861 άνυμνοῦντες
2743 3772 2831 3845 τὸν
2867 3788 3160 3866 Πρόδρομον
3187 3832 3202 3856 ,
3254 3790 3471 3861 δόξωμεν
3515 3790 3694 3844 ἐλλιπῶς

454 3865 615 3921 famia
636 3865 942 3921 comitatur.
975 3863 1103 3921 Haec
1128 3874 1185 3921 et
1203 3880 1323 3928 vos,
1348 3879 1506 3935 reges
1526 3874 1703 3930 terrae,
1735 3865 2036 3933 intelligite,

2141 3883 2285 3952 ἔχειν
2308 3890 2398 3941 τῆς
2420 3883 2678 3953 εὐφημίας.
2728 3883 2790 3934 Τί
2824 3885 2991 3936 τοίνυν
3027 3888 3128 3935 τῶν
3158 3890 3351 3954 χειρῶν
3380 3882 3563 3934 ἐκεῖνων
3585 3878 3695 3946 λαμ·

453 3966 682 4027 satrapte
704 3972 770 4012 ac
811 3963 1082 4027 potentes,
1112 3956 1475 4026 prtesidesque
1520 3970 1586 4012 ac
1624 3955 1846 4019 subditi,
1877 3966 2037 4025 atque

2141 3976 2390 4051 πρότερον
2416 3978 2499 4028 καὶ
2531 3973 2972 4049 φωτοειδὼτερον,
2996 3974 3051 4028 αἳ
3077 3979 3167 4029 τόν
3186 3977 3404 4049 Χριστὸν
3433 3972 3695 4043 χειροθετῶ

454 4048 730 4103 hominum
758 4061 927 4116 genus
956 4061 1138 4114 omne,
1166 4061 1293 4116 quo,
1328 4052 1388 4099 ut
1416 4046 1469 4099 in
1496 4044 1636 4110 aliis,
1662 4046 1739 4100 sic
1768 4044 1822 4100 in
1852 4044 2034 4113 conju-

2144 4044 2237 4123 σαι
2263 4044 2641 4131 κάτηξιὼθησαν
2694 4068 2745 4119 ἕν
2782 4044 3247 4137 τῷ-βαπτίσματιξ
3286 4069 3345 4120 Εἰ
3392 4068 3487 4141 γάρ
3523 4069 3620 4136 πῦρ
3650 4061 3697 4115 τὸ

455 4140 556 4207 giis
582 4138 726 4207 quod
770 4138 1066 4206 legitimum
1105 4146 1190 4191 est
1234 4144 1524 4201 sectantes,
1572 4151 1681 4191 non
1711 4137 1763 4190 in
1793 4138 2037 4191 eamdem

2141 4162 2266 4214 θεῖον
2305 4158 2487 4224 ἔνεστι,
2515 4159 2617 4213 νόει
2644 4179 2730 4231 μοι
2761 4157 2841 4213 ὅτι
2867 4167 2930 4234 τῇ
2952 4168 3044 4219 τῆς
3081 4161 3219 4221 θείας
3247 4162 3413 4233 ἐπαφῇ
3436 4161 3584 4235 κάρος
3604 4195 3617 4218 ι
3641 4158 3696 4214 ὦς

458 4239 620 4299 atque
647 4227 860 4283 scelesti
890 4226 987 4291 illi,
1015 4225 1133 4294 pari
1161 4225 1361 4294 probro
1402 4225 1696 4294 deturpati,
1728 4241 1923 4280 noxam
1954 4226 2037 4280 in-

2143 4252 2193 4305 ἐν
2218 4254 2464 4323 συναφείᾳ
2494 4225 2655 4324 πυρὸς
2692 4225 2931 4324 φλογεραί
2958 4251 3010 4304 αί
3032 4251 3331 4329 Προδρόμου
3357 4225 3602 4318 παλάμαι,
3622 4254 3696 4305 τῆς

455 4322 667 4416 cidatis.
1534 4408 1547 4416 _
2142 4344 2321 4416 οἰκείας
2342 4322 2539 4416 φύσεως
2559 4322 2628 4413 μὴ
2656 4322 3043 4413 μεταϐληθεῖσαι
3353 4349 3429 4395 Τὰ
3446 4342 3697 4411 μετάφρενα

527 4413 725 4468 Verum
752 4426 874 4467 cum
901 4424 1122 4466 aureum
1149 4416 1331 4479 caput,
1373 4408 1551 4479 quoad
1587 4424 1903 4465 concessum
1934 4417 2035 4475 est,

2142 4436 2300 4489 αὑτοῦ
2353 4435 2401 4487 ἐν
2450 4434 2737 4509 χλωρότητι
2767 4436 2992 4507 χρυσίου
3014 4474 3031 4499 ,
3060 4428 3195 4488 κατᾶ
3245 4435 3305 4488 τὸ
3343 4434 3597 4504 ᾀδόμενον,
3626 4429 3695 4482 τὸν

456 4518 588 4558 auro
617 4500 1022 4571 preliosioribus
1063 4498 1277 4553 laudum
1319 4496 1540 4553 ﬂoribus
1571 4499 2030 4566 coronaverimus,

2141 4527 2364 4601 σταυρόν
2388 4532 2612 4596 Χριστοῦ
2641 4524 2722 4579 ἐπ’
2752 4525 2902 4594 ὤμων
2924 4525 3297 4598 βαστάζοντος·
3324 4528 3356 4584 ἦ
3389 4525 3542 4578 κοιλία
3561 4523 3694 4576 αὐτοῦ

456 4608 577 4661 age,
605 4606 806 4660 quzeso,
848 4597 903 4644 et
931 4589 1168 4644 membra
1210 4588 1315 4643 alia
1356 4590 1556 4659 pariter
1584 4604 1935 4655 assumamus,
1968 4603 2037 4643 ne

456 4700 523 4739 ex
549 4693 701 4754 parte
729 4680 1121 4735 Praecursorem
1150 4680 1461 4746 laudantes,
1492 4680 1806 4735 diminutam
1849 4680 2036 4735 lauda-

458 4776 659 4831 tionem
680 4787 745 4828 ac
765 4772 910 4841 justo
940 4772 1200 4826 minorem
1227 4771 1425 4826 nll’erre
1452 4772 1742 4826 videamur.
1770 4772 1907 4838 Quid
1936 4772 2039 4826 ita-

457 4881 565 4935 que
606 4862 849 4919 manibus
897 4861 1227 4932 splendidius
1269 4860 1604 4929 lncidiusque
1655 4875 1776 4931 qua:
1821 4861 2036 4917 Christo

459 4954 662 5025 imponi
711 4955 765 5009 in
811 4952 1475 5025 baptismogmeruerunt?
1517 4948 1653 5005 Cum
1704 4950 1848 5006 enim
1897 4951 2039 5006 Deus

459 5022 595 5112 ignis
620 5043 834 5106 cxistat,
867 5022 1033 5095 divini
1053 5022 1271 5095 verticis
1299 5047 1444 5093 tactu
1472 5037 1671 5109 factum
1714 5041 1910 5109 cogita,
1940 5055 2038 5094 ve-

461 5135 572 5217 luti,
602 5136 737 5202 ignis
776 5132 1125 5199 commercio,
1156 5137 1217 5185 ut
1262 5129 1614 5186 Praecursoris
1654 5146 1864 5195 manus,
1905 5131 2039 5186 nihil

460 5233 665 5281 mutata
685 5241 870 5280 eorum
898 5234 1111 5292 natura,
1138 5220 1396 5276 ﬂammea:
1415 5221 1781 5277 redderentur.
1810 5223 2037 5280 Dorsum

462 5316 578 5385 ejus
600 5316 652 5368 in
682 5315 889 5383 pallore
907 5316 1046 5383 auri,
1071 5314 1228 5383 juxta
1256 5314 1398 5383 quod
1426 5315 1635 5369 canitur
1664 5314 1834 5388 (Ρεαι.
1871 5332 2036 5385 vau,

465 5407 591 5477 Η),
617 5407 709 5477 qui
738 5406 937 5461 Christi
978 5422 1195 5462 crucem
1222 5416 1410 5476 portet
1449 5408 1501 5461 in
1552 5409 1808 5463 humeris.
1850 5409 2039 5464 Venter

463 5501 573 5569 ejus
604 5498 753 5569 pyxis
798 5495 1022 5550 eburnea
1069 5514 1223 5566 super
1260 5498 1483 5568 lapidem
1511 5500 1811 5570 sapphirum
1844 5498 2036 5572 (Cant.

464 5603 518 5651 v,
562 5586 672 5656 l4.)
706 5588 781 5641 uti
810 5586 1083 5655 Scriptura
1112 5589 1368 5657 loquitur,
1402 5591 1493 5659 qui
1513 5592 1716 5647 ventris
1742 5592 1962 5649 delicias
1986 5593 2038 5648 in

467 5678 719 5738 umbilico
757 5680 1048 5736 existentes
1086 5680 1460 5739 eliminaverit.
1493 5684 1683 5741 Lumbi
1719 5687 1835 5757 ejus
1879 5692 2041 5747 casti-

2138 4618 2317 4681 πυξίον
2341 4618 2645 4687 ἐλεφάντινον
2670 4617 2753 4671 ἐπί
2778 4616 2915 4669 λιθου
2946 4623 3253 4689 σαπφείρου,
3279 4619 3350 4673 ὥς
3380 4616 3405 4669 ό
3435 4617 3460 4669 λ
3488 4636 3587 4686 γης,
3619 4613 3697 4669 τὰς

2138 4707 2221 4762 ἐπ’
2264 4708 2484 4779 ὀμφαλοῦ
2525 4709 2752 4783 γαστρός
2782 4706 2961 4767 ἡδονάς
2993 4708 3454 4781 ἐξοστρακίζιντος.
3482 4706 3530 4758 ἰι
3561 4704 3693 4772 ὀσφὺς

2141 4799 2297 4853 αὐτοῦ
2325 4805 2414 4857 τήν
2440 4798 2741 4869 άγιαστικήν
2762 4800 3091 4872 σωφροσύνην
3120 4799 3509 4873 περιειλημμένη
3541 4796 3595 4848 τὸ
3620 4800 3695 4849 τῆς

2141 4894 2405 4969 παρθενίας
2458 4890 2619 4965 δῶρον
2660 4893 3060 4966 επανῃρημένου.
3106 4890 3310 4963 Ῥυθμσί
3355 4898 3518 4969 μηρῶν
3556 4891 3689 4943 αὲτοῦ

2143 4981 2302 5055 ὅμοιοι
2324 4983 2607 5059 όρμίσκοις,
2631 4990 2721 5043 τήν
2740 4992 2831 5045 τῆς
2853 4986 3094 5045 ἀπαθείας
3115 4986 3367 5059 ῥομφαίαν
3382 4981 3693 5062 περιεζωσμέ-

2140 5094 2249 5129 νου.
2293 5082 2480 5144 ιίνῆμαι
2512 5076 2673 5128 αὑτοῦ
2707 5077 2886 5129 στῦλοι
2927 5080 3234 5149 μαρμάρινοι
3261 5117 3274 5140 ,
3319 5072 3693 5145 τεθεμελιωμένοι

2142 5167 2228 5219 ἐπί
2271 5166 2448 5234 βάσεις
2499 5170 2741 5242 χρυσᾶς,
2793 5172 2891 5219 τῶν
2947 5167 3144 5237 ἀρετῶν
3198 5164 3530 5223 δηλονότιόί
3558 5158 3692 5218 πόδας

2141 5257 2434 5323 θεοϐαδεῐς,
2496 5261 2589 5318 τὰς
2633 5258 2845 5331 τρίϐους
2898 5262 3071 5333 κυρίου
3125 5263 3542 5331 καταρτίζοντας·
3576 5252 3693 5306 ἅπαν

2142 5352 2298 5421 με’λος
2323 5351 2473 5405 ὅπλον
2495 5351 2813 5414 διμαιοσῦνης
2854 5358 2942 5408 τοῦ
2976 5352 3243 5429 ίερωτάτου
3272 5352 3452 5404 ἐκείνου
3482 5351 3554 5402 καὶ
3576 5348 3693 5400 ἀπα·

2140 5446 2390 5499 θεστάτου
2426 5446 2660 5514 σώματος
2688 5458 2701 5469 ⁸
2746 5449 2927 5503 σκεῦος
2971 5444 3213 5506 ἐκλεκτόν,
3249 5441 3558 5514 ἡγιασμένον.
3596 5433 3690 5487 Ἠνο

2142 5534 2335 5610 δρωσεν
2382 5534 2554 5605 ἁγνεία
2581 5575 2595 5597 ,
2637 5536 2895 5589 ἐτελείωσε
2948 5540 3228 5610 προσευχὴ
3266 5537 3483 5593 άένναος.
3518 5530 3599 5585 sai
3618 5544 3690 5594 μοι

2143 5628 2257 5684 οὐδὲ
2286 5630 2349 5682 τά
2380 5629 2517 5688 ἐκτός
2565 5629 2944 5701 παραλειπτία,
2984 5634 3076 5682 τοῦ
3131 5625 3408 5700 ἐνδυμάτός
3445 5645 3584 5697 φημι,
3622 5619 3692 5671 καὶ

2145 5732 2236 5781 τῆς
2293 5725 2471 5785 ζώνης.
2511 5719 2634 5776 Ἀλλ’
2682 5719 2708 5775 ὁ
2752 5724 2842 5788 μὲν
2892 5720 3233 5798 πατριάρχης
3283 5720 3461 5775 Ἰακὼϐ
3521 5722 3690 5786 χιτῶνα
