3916 6202
271 354 365 427 "77
1424 360 1745 421 HISTORIA
1780 362 1980 420 cvcu
2019 362 2327 425 υιοΝΥειι.
3408 374 3509 431 tis

273 483 621 545 antecedente,
666 479 868 553 pariter
906 493 971 534 ac
1015 478 1065 533 in
1106 477 1357 534 omnibus
1398 477 1538 544 aliis,
1568 486 1830 548 perpetuo
1863 481 1907 539 A
1937 479 2179 549 nysiano,
2213 488 2416 536 tantum
2448 480 2599 541 abest
2618 488 2678 535 ut
2711 483 2968 549 venditet,
2994 493 3050 539 ut
3078 486 3218 542 hunc
3238 488 3394 558 plane
3416 503 3515 559 pro

272 578 511 633 adhibent
543 588 707 627 atram
735 569 1113 635 Christianam,
1156 584 1279 624 cum
1324 569 1625 640 Dionysius,
1657 568 1709 622 in
1741 566 1829 621 illo
1933 567 2214 638 deperdita
2243 570 2444 626 haheat
2470 572 2571 643 (ι’).

273 683 495 729 sacram
522 664 862 729 Diocletiani,
893 678 999 734 qua
1027 660 1258 732 Cyrillus
1301 678 1426 716 usus
1469 659 1664 724 fuerat,
1704 658 1832 714 reti-
2601 663 2629 735 ᾗ
2671 662 2853 717 xvm,

273 759 631 827 nuisse,.eiqne
657 756 1018 811 Christianam
1051 754 1117 808 ab
1144 770 1288 808 anno
1316 754 1530 807 demum
1560 750 1665 805 532
1702 750 1830 805 sub-
2003 746 2132 814 Quae
2168 765 2291 805 cum
2340 752 2415 807 ita
2459 768 2518 808 se
2555 753 2834 819 haberent,
2871 754 3093 827 Cyclum
3133 755 3370 828 Dionysii
3414 773 3515 816 nec

272 852 505 913 stituisse,
538 850 740 903 diserte
780 847 1097 916 proﬁteatur
1127 843 1226 916 (a).
1249 844 1335 898 ιν.
1368 842 1425 896 ln
1458 842 1647 897 eodem
1677 839 1832 912 cyclo
1931 836 2199 909 integrum
2242 843 2471 912 amplius
2505 851 2738 910 exstare,
2773 861 2872 901 nec
2910 846 3009 900 nisi
3049 861 3147 916 per
3179 848 3515 918 conjecturas

272 944 564 1002 indictiones
590 941 750 996 aliter
772 955 932 1009 quam
958 955 987 992 a
1017 937 1217 1009 Cyrillo
1268 944 1324 990 et
1361 942 1615 1004 corrupte
1654 946 1834 985 nume-
1932 931 2197 1003 ejusmodi
2239 937 2449 991 restitui
2493 952 2672 1007 posse,
2702 939 2833 993 viris
2868 939 3040 995 doctis
3087 941 3248 1011 plane
3290 944 3512 1007 credidi,

270 1044 435 1093 rantur
459 1035 557 1103 (ὸ).
588 1031 764 1087 Taceo
805 1030 998 1085 menda
1027 1027 1436 1098 quamplurima,
1476 1024 1735 1095 imprimis
1777 1024 1832 1078 in
1931 1024 2239 1093 priusquam
2269 1026 2469 1081 codicis
2499 1027 2767 1095 Digbteani
2801 1029 2852 1082 in
2889 1029 3213 1095 bibliotheca
3242 1030 3513 1089 Osonien~

267 1126 492 1182 columna
520 1132 694 1189 sexta,
728 1124 818 1177 ubi
850 1122 990 1176 luna:
1020 1120 1241 1176 decima:
1274 1127 1514 1187 quartas;
1546 1124 1600 1172 et
1640 1118 1693 1172 in
1734 1131 1831 1171 co-
1932 1115 2073 1169 sium
2122 1114 2410 1171 Bodleiana
2462 1116 2773 1187 inspiciendi
2812 1120 2965 1189 copia
2997 1121 3128 1175 mihi
3158 1124 3511 1192 contingeret.

270 1219 427 1272 lamna
473 1217 725 1286 septima,
764 1215 853 1269 ubi
902 1212 1162 1270 Paschata
1206 1214 1320 1281 ipsa
1366 1225 1651 1280 perperam
1689 1208 1831 1264 desi-
1932 1202 2052 1260 Hoc
2078 1206 2223 1260 enim
2262 1206 2399 1262 libro
2437 1208 2745 1263 verissimas
2774 1209 3277 1287 ἔννιαδεκαετηρίδων
3315 1213 3515 1287 Diony-

271 1318 484 1377 gnantur
513 1316 677 1376 atque
708 1306 759 1359 in
790 1305 995 1359 alienos
1025 1303 1141 1357 dies
1170 1301 1583 1357 transferuntur.
1932 1296 2205 1351 sianarum
2231 1297 2463 1366 tabulas,
2493 1298 2680 1368 quales
2713 1300 2782 1355 ab
2818 1300 2934 1370 ipso
2960 1309 3179 1358 auctore
3207 1304 3334 1359 olim
3359 1305 3516 1361 editae

924 1394 954 1466 ς
992 1391 1154 1447 xvn,
1930 1394 2078 1453 sunt,
2103 1386 2390 1453 contineri,
2432 1403 2541 1457 quo
2572 1389 2877 1457 diligentius
2905 1393 3189 1461 anquisivi,
3218 1402 3372 1451 tanto
3398 1410 3516 1451 cer-

324 1489 460 1543 ιηιει-
476 1488 662 1543 omnia
691 1501 811 1557 qua
839 1487 1117 1556 namque
1144 1486 1213 1541 de
1238 1485 1394 1557 cyclo
1422 1483 1751 1555 Dionysiano
1778 1485 1833 1540 in
1934 1475 2161 1532 tioribus
2191 1479 2519 1547 argumentis
2538 1481 2811 1549 cognitum
2839 1481 3087 1537 iudicavi.
3115 1481 3250 1537 Cum
3272 1484 3408 1541 liber
3428 1486 3517 1541 ille

262 1581 417 1638 lucem
442 1580 780 1651 prodierunt,
803 1579 850 1634 si
872 1577 1210 1647 antiquitatis
1234 1586 1290 1633 et
1309 1577 1646 1633 auctoritatis
1667 1577 1837 1633 ratio-
1933 1566 2146 1636 Pmipi

1954 1566 2259 1636 imeipuam
2286 1566 2409 1622 huic
2436 1570 2875 1625 co‘mmentationi
2905 1572 3246 1627 occasionem
3274 1575 3516 1643 praebue-

264 1690 369 1728 scm
412 1674 635 1735 habeas,
677 1672 971 1742 principem
1021 1669 1181 1726 facile
1216 1670 1395 1725 locum
1422 1676 1573 1724 tenet
1608 1682 1835 1739 apogra-
1933 1658 2024 1722 rit,
2075 1673 2184 1713 non
2230 1658 2467 1714 alienum
2507 1659 2615 1715 hoc
2660 1659 2782 1716 loco
2832 1661 3063 1727 videtur,
3114 1664 3361 1719 notitiam
3403 1664 3516 1733 ejus

266 1764 412 1833 phum
448 1761 664 1833 lapidis,
702 1760 990 1825 Ravenna,
1023 1760 1076 1814 in
1106 1774 1320 1815 camera
1359 1759 1598 1815 ecclesiae
1640 1766 1837 1814 metro-
1934 1758 2098 1829 paulo
2132 1757 2449 1829 ampliorem
2476 1773 2638 1828 quam
2667 1758 2946 1828 catalogus
2983 1775 3083 1814 ms.
3117 1759 3320 1830 Anglia:
3345 1763 3518 1817 conti—

268 1852 497 1923 politam:
531 1854 906 1923 conspicuum,
937 1851 1006 1905 ab
1036 1849 1271 1905 Henrico
1295 1848 1508 1905 Norisio
1549 1850 1750 1906 editum
1780 1857 1837 1905 et
1864 1841 1912 1900 B
1938 1858 2030 1905 net
2058 1850 2131 1922 (g)
2179 1848 2542 1919 suppeditare.
2579 1849 2820 1920 Scriptus
2852 1858 2939 1906 est
2978 1850 3031 1905 in
3073 1851 3382 1907 membrana
3408 1850 3517 1909 fon-

263 1948 578 2001 illustratum
622 1943 722 2011 (c).
765 1940 953 2010 Neque
996 1940 1139 1995 enim
1180 1939 1267 1995 hic
1302 1940 1570 1995 immerito
1597 1938 1831 2009 lapidem
1934 1953 2036 1995 mae
2064 1941 2309 2007 minoris,
2334 1940 2480 1994 illam
2510 1955 2671 2009 quam
2697 1948 2942 1996 octavam
2970 1942 3311 2000 nominamus
3341 1945 3518 2014 paulu.

260 2040 409 2102 illum,
434 2043 489 2090 ut
523 2041 933 2092 monumentum
957 2031 1085 2102 cycli
1109 2030 1438 2101 Dionysiani,
1462 2030 1611 2085 initio
1633 2032 1828 2096 statim,
1932 2041 2041 2096 tum
2081 2056 2146 2097 εχ

1954 2056 2041 2096 um
2081 2041 2418 2107 excedentis;
2462 2041 2659 2096 litteris
2685 2040 2897 2096 illarum
2925 2042 3212 2100 simillimis
3237 2058 3375 2115 quas
3407 2043 3518 2099 Ma-

258 2131 346 2186 hoc
381 2136 461 2184 est
506 2128 629 2198 ipso
664 2125 862 2182 saeculo
903 2139 975 2187 γι,
1018 2123 1248 2176 ecclesiis
1289 2122 1700 2192 metrOpolitanw
1729 2121 1835 2176 Ra-
1930 2130 2146 2186 billoniu

1954 2130 2183 2186 tillonius
2211 2130 2290 2200 (lt)
2318 2129 2517 2185 sacculo
2541 2145 2634 2184 vui
2660 2129 2865 2184 tribuit.
2890 2129 3126 2184 Primum
3154 2131 3207 2185 in
3228 2132 3322 2185 illo
3338 2131 3517 2189 locum

257 2220 562 2287 mutaui,
606 2217 752 2290 eique
796 2213 1099 2271 contributis
1138 2215 1412 2283 episcopis,
1456 2230 1581 2285 quos
1624 2223 1826 2279 vocant,
1931 2230 2079 2277 tenet
2122 2221 2306 2292 cyclus
2342 2219 2608 2291 paschalis
2645 2220 2713 2274 ab
2739 2234 2881 2275 anno
2908 2219 3226 2276 Diocletiani
3254 2219 3379 2286 229,
3408 2221 3514 2275 hoc

255 2310 607 2383 nfraganeis,
658 2307 863 2378 probati
915 2323 978 2361 ac
1024 2309 1230 2377 recepti,
1283 2306 1641 2361 commendare
1685 2306 1828 2359 νὶάο-
1929 2320 2013 2368 est
2039 2327 2165 2366 ann.
2190 2311 2385 2368 Christi
2407 2310 2533 2377 5l5,
2557 2326 2654 2380 per
2672 2310 2745 2365 20
2766 2311 3332 2375 enneadecaeterides,
3355 2320 3516 2381 atque

256 2413 326 2457 ων
351 2404 445 2473 (Δ).
485 2401 602 2457 Sed
647 2408 873 2466 erraret,
910 2401 956 2456 si
1001 2401 1121 2471 quis
1156 2401 1249 2455 illo
1289 2409 1458 2455 totum
1500 2400 1829 2469 diagramma
1929 2405 2065 2460 adeo
2095 2419 2269 2474 usque
2310 2404 2377 2458 ad
2425 2417 2625 2458 annum
2654 2402 2853 2458 Christi
2897 2401 3005 2457 892
3049 2403 3418 2471 continuatas;
3447 2418 3516 2459 ex

256 2495 373 2566 cyeli
414 2492 730 2565 Dionysiani
765 2493 1029 2549 contineri
1074 2500 1307 2562 putaret.
1357 2492 1490 2548 Cum
1539 2492 1683 2548 eiiim
1727 2494 1830 2549 hoc
1927 2495 2123 2563 quibus
2150 2492 2750 2549 enneadecaeteridibus
2788 2508 2883 2549 sex
2924 2494 3132 2563 priores
3175 2504 3361 2563 postea
3391 2510 3515 2565 pro-

254 2594 365 2639 octo
385 2583 657 2639 columnis
676 2592 905 2648 constet,
933 2583 984 2636 in
1010 2582 1408 2638 Ravennatensi
1426 2591 1656 2651 quatuor
1678 2583 1826 2654 prio-
1926 2586 2182 2655 feremus,
2213 2593 2268 2640 et
2303 2584 2630 2655 ipsissimum
2672 2583 2911 2655 Dionysii
2941 2584 3149 2656 cyclum
3186 2586 3515 2642 constituere

253 2692 342 2742 res,
367 2692 483 2745 qua:
515 2686 792 2730 certorum
820 2689 1083 2729 annorum
1113 2689 1367 2729 numeros
1388 2682 1444 2728 et
1460 2674 1824 2742 characteres,
1925 2674 2433 2731 demonstrabimus.
2462 2672 2571 2728 Illis
2599 2672 2935 2743 subjungitur
2962 2673 3344 2744 compendiosa
3365 2690 3513 2745 quae-

252 2780 392 2821 mm
414 2807 429 2833 ,
475 2774 610 2834 puta
657 2762 1037 2829 Christianam,
1088 2763 1478 2832 indictionem,
1518 2773 1737 2836 epactas
1772 2772 1829 2821 et
1924 2767 2046 2822 dam
2071 2775 2376 2838 temporum
2400 2764 2728 2835 supputatio,
2754 2765 2821 2820 ab
2847 2764 2980 2820 orbe
3007 2765 3229 2821 condito
3253 2781 3421 2837 usque
3448 2768 3513 2823 ad

252 2868 621 2916 concurrentes
639 2860 1087 2930 complectuntur,
1111 2861 1322 2915 omissae
1343 2869 1486 2927 sunt,
1509 2870 1670 2931 atque
1689 2862 1826 2918 adeo
1924 2860 2101 2916 Caroli
2123 2861 2192 2915 Μ.
2214 2868 2441 2915 mortem
2465 2858 2713 2923 deducta,
2739 2863 2794 2911 et
2817 2856 3175 2912 calendarium
3192 2856 3513 2924 Romanum,

251 2960 461 3017 quatuor
490 2956 704 3003 tantum
731 2934 1060 3019 posteriores
1085 2963 1204 3019 quae
1231 2948 1300 3003 ad
1328 2948 1687 3018 designandos
1711 2951 1827 3007 dies
1924 2963 2046 3005 cum
2065 2949 2241 3003 aureis
2265 2948 2519 3011 numeris,
2546 2948 2659 3001 sive
2675 2948 2841 3018 cyclis
2872 2944 3186 3002 Latinorum
3209 2957 3263 3002 et
3287 2947 3517 3003 Alexan-

251 3042 539 3111 paschales,
566 3042 621 3095 in
656 3040 841 3096 orbem
880 3040 1188 3109 redeuntes,
1215 3040 1462 3097 suﬂlcere
1487 3041 1821 3109 videbantur,
1924 3041 2199 3097 drinorum
2248 3041 2331 3111 (i).
2365 3039 2676 3107 Sequuntur
2717 3037 2912 3092 deinde
2938 3052 3175 3093 canones
3200 3037 3513 3107 paschales,

250 3139 517 3198 apparent,
551 3130 818 3195 videlicet,
852 3129 908 3182 1⁸
949 3131 1171 3185 circulus
1219 3133 1438 3196 lunaris,
1472 3132 1527 3185 2'
1556 3134 1694 3188 luna:
1734 3135 1825 3189 de-
1926 3132 2202 3187 orationes
2246 3141 2301 3187 et
2348 3130 2590 3201 epistolm
2644 3128 2949 3199 Theophili,
3005 3128 3257 3195 Proterii,
3308 3128 3512 3200 Cyrilli,

250 3221 381 3272 time
398 3229 614 3289 “quartae
648 3220 941 3286 paschales,
973 3218 1029 3274 δ”
1060 3219 1171 3273 dies
1199 3219 1472 3275 dominica:
1506 3223 1817 3292 festivitatis,
1845 3209 1892 3269 (ἒ
1925 3222 2254 3289 Paschasini,
2284 3222 2540 3293 Dionysii,
2566 3221 2776 3290 aliaque
2796 3229 3040 3274 veterum
3064 3220 3264 3289 scripta
3288 3220 3355 3273 ad
3378 3220 3512 3290 cycli

249 3307 295 3359 ι·
325 3310 442 3362 luna
471 3310 633 3379 hujus
664 3311 766 3364 diei
800 3310 1093 3376 dominica,
1122 3318 1178 3365 et
1204 3312 1307 3366 ista
1333 3311 1547 3380 quidem
1590 3327 1696 3367 non
1726 3328 1821 3368 co-
1924 3311 2195 3382 paschalis
2248 3311 2665 3381 explicationem
2721 3310 3043 3380 spectantia,
3092 3324 3125 3363 a
3169 3308 3513 3377 Regenboldo

251 3398 426 3454 Iumnis
454 3401 735 3467 distincta,
781 3400 877 3456 sed
918 3401 1259 3457 orbiculatim
1302 3400 1558 3473 disposita
1590 3411 1732 3474 sunt,
1765 3413 1824 3458 ut
1924 3401 2202 3457 sacerdote
2244 3401 2475 3472 quodam
2517 3401 2746 3456 collecta
2781 3400 2882 3472 (j).
2918 3399 3127 3467 Quibus
3175 3399 3389 3454 tandem
3419 3399 3513 3453 ad-

249 3491 353 3561 ipso
400 3502 633 3562 aspectu
680 3494 939 3549 circulum
988 3494 1228 3552 referant
1275 3493 1367 3567 (e).
1418 3494 1537 3565 Ipse
1582 3495 1825 3554 Norisius
1925 3492 2124 3549 duntur
2152 3504 2466 3562 argumenta
2496 3491 2874 3563 Egyptiorum
2908 3490 3179 3560 paschalia
3218 3505 3285 3543 ex
3313 3489 3517 3545 versio-

250 3590 404 3636 rotam
440 3597 605 3638 suam
652 3582 1117 3639 Ravennatensem
1154 3599 1253 3654 pro
1281 3583 1492 3653 integro
1519 3585 1670 3656 cyclo
1698 3585 1827 3642 Dio-
1927 3600 1996 3641 ne
2023 3584 2280 3655 Dionysii,
2311 3583 2582 3640 nonnullis
2606 3582 2822 3652 quidem
2852 3580 3251 3638 accessionibus
3279 3586 3437 3635 aucta
3459 3585 3517 3635 et

307 3777 381 3917 ἕο)
418 3778 478 3833 In
518 3776 1005 3900 praelatio-nec?“
1033 3778 1219 3859 pasch.
1252 3778 1671 3859 adPetronium.
2561 3779 2664 3836 515
3159 3795 3190 3832 x
3306 3848 3317 3858 _
3398 3793 3509 3833 vut.

328 3846 377 3917 ι)
412 3846 499 3906 Ita
535 3865 623 3904 an.
648 3847 844 3904 Christi
871 3847 905 3899 5
941 3847 974 3917 5
1002 3848 1211 3904 additur
1231 3849 1448 3905 indictio
1468 3867 1559 3906 vm
1584 3868 1679 3917 pro
1707 3868 1759 3908 vr
1930 3853 2060 3917 Qua:
2086 3853 2351 3906 aberratio
2379 3852 2451 3906 ita
2481 3866 2646 3917 usque
2686 3849 2752 3906 ad
2793 3850 3036 3906 ultimum
3067 3850 3200 3917 cycli
3227 3848 3384 3917 hujus
3410 3862 3509 3902 au-

328 3846 377 3919 ι)
412 3846 499 3906 Ita
526 3846 623 3904 an.
648 3847 844 3904 Christi
871 3846 974 3922 iii?!
1002 3846 1211 3904 additur
1231 3849 1448 3905 indictio
1468 3867 1559 3906 vm
1584 3868 1679 3922 pro
1707 3868 1759 3908 vr
1930 3853 2060 3920 Qua:
2086 3853 2351 3906 aberratio
2379 3852 2451 3906 ita
2481 3866 2646 3921 usque
2686 3849 2752 3906 ad
2793 3850 3036 3906 ultimum
3067 3850 3200 3921 cycli
3227 3848 3384 3917 hujus
3410 3862 3511 3902 au—

874 3916 981 3971 514
1469 3936 1521 3974 ix
1584 3916 1599 3922 ’
1706 3939 1778 3978 vn
1932 3916 2057 3979 num
2088 3923 2451 3977 continuatur.

812 4008 901 4066 Sic
928 4011 1125 4081 pascha
1151 4011 1275 4066 anni
1304 4012 1410 4088 §§§
1440 4029 1470 4068 a
1497 4016 1585 4069 die
1613 4032 1640 4070 ν
1678 4017 1780 4070 cal.
1807 4017 1935 4088 Apr.
2004 4014 2321 4071 transfertur
2385 4017 2451 4088 ad
2483 4014 2736 4088 calendas
2765 4012 2933 4088 April.

1611 4102 1691 4165 ιιιι
1714 4087 1786 4165 id,
1819 4082 1949 4165 A‘pr.
2386 4086 2453 4165 ad
2486 4084 2622 4165 prid.
2652 4082 2936 4165 id.__April.

1310 4152 1417 4228 §§§
1609 4156 1713 4211 cal.
1758 4152 1927 4228 April.
1943 4227 1948 4228 ί
2385 4156 2453 4228 ad
2477 4152 2687 4228 calend.
2709 4152 2869 4228 Maii.

1248 4246 1249 4249 η
1307 4221 1413 4294 §69
1607 4241 1664 4280 ιι
1690 4221 1955 4282 εειΙῘΜείἰ
2382 4224 2453 4279 ad
2484 4241 2536 4278 ιι
2563 4224 2664 4278 cal.
2692 4223 2861 4294 April.

1305 4291 1401 4363 571
1607 4310 1662 4351 tv
1688 4297 1793 4351 cal.
1824 4296 1950 4363 Apr.
2380 4296 2446 4349 ad
2477 4311 2532 4349 ιιι
2562 4294 2664 4349 cal.
2698 4291 2868 4363 April.

1306 4362 1411 4433 583
1612 4382 1700 4421 xiv
1730 4368 1832 4422 cal.
1865 4362 1991 4423 Maii
2381 4366 2447 4419 ad
2472 4381 2560 4419 xrv
2587 4364 2688 4418 cal.
2718 4362 2886 4433 April.

1302 4432 1406 4487 588
1610 4452 1698 4491 xw
1727 4438 1828 4492 cal.
1857 4438 1983 4493 Maii
2377 4436 2447 4490 ad
2473 4452 2525 4489 iv
2552 4434 2653 4490 cal.
2677 4433 2820 4489 Maii.

307 4520 377 4591 (c)
416 4518 651 4576 Dissert.
681 4522 747 4575 de
777 4521 953 4596 Cyclo_
984 4520 1224 4596 paschali
1252 4523 1512 4596 _Ravenn_.
1560 4539 1820 4581 annorum
1858 4533 1901 4592 ι)
1925 4530 2079 4584 ceteri
2127 4528 2425 4583 calendario
2447 4538 2496 4581 et
2533 4528 2764 4581 oratione
2795 4524 3062 4596 Theophili
3083 4525 3424 4583 Ctesareensis
3451 4530 3515 4583 dc

245 4591 327 4653 95,
358 4605 621 4667 una__cum
659 4591 878 4667 epoch’is
918 4591 1453 4667 ﬁgo-Macedonum,
1482 4593 1684 4651 Patavii
1715 4599 1823 4667 pri-
1869 4591 1874 4592 ί
1931 4599 2112 4667 eadem
2142 4616 2215 4661 re,
2251 4608 2382 4662 etc.;
2416 4597 2638 4667 Proterii
2666 4596 2904 4667 epistola,
2934 4591 3226 4667 'Tractams
3275 4596 3515 4667 Dionysii

243 4676 379 4740 metu
408 4661 582 4740 edita,
606 4668 663 4740 et
693 4660 879 4740 Lipsiae
1081 4678 1307 4740 recusa._
1716 4660 1732 4667 ’
1933 4666 2125 4740 Exigui
2150 4660 2373 4740 abbatisj
2402 4660 3033 4740 Computatioliegigaldi
3055 4666 3357 4740 sacerdotis;
3379 4660 3514 4740 clins

331 4730 386 4807 d_)
420 4723 578 4807 Loco
606 4723 772 4807 dicto,
809 4745 929 4807 pag.
962 4731 1063 4785 175
1091 4732 1218 4786 edit.
1250 4731 1392 4803 Lips.
1484 4804 1497 4807 _
1556 4804 1568 4807 _
1658 4804 1669 4807 Α
1938 4723 2185 4791 ιναὸἱαιιιδ
2214 4723 2470 4792 ἀετὶἓιιιῖε
2497 4723 3233 4807 ρὶιεεΙιιιιὶὺιωΈρνριὶοηιηι,
3252 4723 3352 4792 θεοί
3383 4736 3513 4790 Ηωο

329 4805 379 4869 e)
420 4805 577 4854 [totae
604 4805 929 4923 huiusmodi,
958 4809 1017 4855 ut
1044 4810 1322 4867 vocantur,
1354 4805 1632 4872 paschales
1656 4805 1706 4859 in
1730 4820 1825 4859 an-
1933 4814 2109 4861 omnia

329 4873 396 4925 iis
445 4871 620 4932 libris,
690 4886 721 4924 e
764 4879 1061 4932 temporum
1109 4873 1315 4927 ratione
1355 4873 1587 4932 scriptis.
1627 4878 1824 4932 passim
1935 4876 2146 4932 Christi:

1954 4814 2109 4861 imma
2147 4805 2504 4877 antiquissimo
2551 4806 2844 4859 charactere
2896 4805 3114 4859 casuram
3150 4816 3290 4871 sunt,
3333 4808 3513 4877 primis

1954 4876 2346 4932 Sliristianorum
2376 4877 2645 4932 Saxonum
2671 4879 2727 4930 in
2743 4874 2932 4932 Analia
2961 4876 3291 4932 temporibus.

1993 4892 2346 4932 matranorum
2376 4892 2645 4932 δαποιιιιηι
2671 4892 2727 4930 ιη
2743 4892 2932 4932 annua
2961 4892 3291 4932 ιειηοονιυιιε.

2007 4893 2346 4932 ἠειιαηονιιηι
2376 4893 2645 4932 coronam
2671 4893 2727 4930 ιη
2743 4893 2932 4946 angua
2961 4893 3291 4947 temporwus.

2007 4948 2085 5017 (Ιι)
2117 4946 2410 5017 Mahillon.,
2434 4947 2500 5001 de
2525 4947 2603 5002 Re
2633 4947 2859 5017 Diplom.
2892 4947 2965 5001 lib
2988 4947 3200 5017 .v,7tab.
3226 4945 3363 5017 9,7p.
3384 4943 3509 5000 36!.

2023 5016 2074 5087 i)'
2106 5016 2389 5087 Geminum
2434 5019 2537 5073 hoc
2563 5016 2926 5087 calendarium
2950 5025 3033 5087 est
3057 5016 3134 5087 illi
3163 5016 3307 5087 quod
3336 5023 3511 5087 exstat

1929 5087 1982 5142 in
2008 5083 2163 5142 Beda:
2191 5086 2290 5158 Op.
2324 5096 2455 5142 tom.
2485 5086 2621 5158 l,p.
2659 5083 2792 5158 242,
2816 5084 2915 5158 sub
2953 5085 3140 5139 titulo:
3174 5083 3508 5158 Ephemeris,

1929 5167 1983 5212 et
2011 5158 2151 5228 apud
2191 5153 2491 5223 Pétavium,
2515 5153 2655 5228 libro
2679 5171 2729 5208 Vl
2764 5155 2830 5228 de
2857 5154 3037 5228 Doctr.
3082 5161 3273 5223 temp.,
3302 5170 3423 5227 cap.
3456 5153 3512 5224 5,

1930 5223 2059 5282 licet
2084 5229 2151 5282 ab
2180 5237 2405 5296 utroque
2428 5229 2480 5281 in
2512 5226 2689 5281 multis
2718 5223 2878 5296 etiam
2908 5223 3196 5296 diversum.

2001 5299 2077 5379 (
2107 5297 2235 5379 Ipse
2253 5294 2447 5379 nomen
2476 5312 2652 5379 suum,
2677 5294 2839 5379 paulo
2864 5303 2985 5363 post
3006 5294 3509 5379 epistolam.2_l)io-

1931 5362 2545 5491 zysiLadCBonifajlium,
2578 5367 2662 5488 hli‘s
2681 5362 3191 5490 vggigsdprofitetu;
3210 5384 3222 5420 :
3446 5368 3503 5420 li-

1965 5455 2021 5490 er
2097 5454 2125 5491 c
2197 5454 2347 5491 omnu
2426 5454 2560 5491 ionc.
2648 5454 2707 5491 ea
2934 5452 2976 5491 ε.
3010 5452 3155 5489 sacer
3192 5454 3251 5491 os
3415 5453 3503 5490 en-

1965 5455 2021 5490 er
2059 5452 2125 5491 ac
2155 5452 2560 5497 computatione.
2600 5452 2976 5497 rtegenooraus,
3010 5452 3251 5491 sacerdos
3279 5452 3343 5490 ae
3366 5452 3509 5490 ren-

1933 5454 2021 5491 ocr
2059 5454 2125 5491 ac
2155 5454 2560 5505 computatione.
2600 5454 2976 5505 negenoomus,
3010 5454 3251 5491 saceraos
3279 5454 3343 5490 ae
3366 5454 3509 5490 ren-

1932 5510 2093 5569 tonia,
2127 5508 2335 5578 scripsit
2360 5509 2513 5578 istum
2542 5505 2787 5578 libellum,
2824 5514 2873 5559 et
2900 5507 3183 5578 quicunque
3209 5509 3350 5578 legit,
3373 5523 3512 5578 teme

1928 5578 2140 5647 ρει-’ρνο
2181 5575 2271 5631 illo
2310 5588 2437 5632 oret.
2472 5577 2600 5644 Qua:
2643 5575 2806 5631 verba
2855 5592 2961 5647 non
3017 5575 3136 5632 esse
3167 5575 3385 5637 librarii,
3419 5577 3508 5634 sed

1927 5646 2253 5713 colles-toris,
2281 5648 2363 5701 vel
2393 5648 2514 5703 inde
2544 5655 2709 5717 patet,
2738 5646 2883 5716 quod
2914 5662 3022 5702 non
3054 5647 3104 5700 in
3136 5647 3240 5701 line
3270 5648 3387 5701 libri
3416 5664 3509 5713 po-

1925 5718 2024 5771 sita
2074 5724 2234 5784 sunt,
2284 5718 2379 5773 red
2423 5716 2597 5791 plura,
2642 5719 2831 5774 eadem
2858 5732 3019 5774 manu
3069 5718 3291 5789 scripta,
3319 5716 3505 5774 subse-

1924 5797 2178 5856 quuntur.

420 4800 577 4872 Rata:
604 4800 929 4872 hujusmodi,
958 4809 1017 4855 ut
1044 4800 1331 4867 vocantur,
1354 4804 1632 4872 paschales
1656 4804 1706 4859 in
1730 4820 1825 4859 an-

243 4873 396 4940 tiquis
445 4871 629 4943 libris,
654 4871 721 4924 de
764 4879 1086 4943 temporum,
1109 4873 1315 4943 ratione
1355 4871 1587 4943 scriptis,
1627 4878 1824 4943 passim

245 4943 407 5013 obvia:
427 4948 575 5013 sunt.
602 4941 837 4994 Duorum
861 4941 1120 5013 imprimis
1140 4942 1406 5004 codicum,
1433 4941 1485 4998 in
1508 4944 1612 4999 hoc
1631 4941 1828 5013 genere

240 5010 753 5087 antiquissimorum,
785 5011 1056 5087 recordor,
1097 5012 1149 5087 in
1194 5013 1387 5087 quibus
1428 5014 1551 5087 illm,
1593 5010 1825 5087 Dionysii

241 5082 498 5153 epistolis
529 5081 961 5153 argumentisque
1009 5081 1344 5151 paschalibus
1381 5084 1652 5153 subjectm,
1683 5081 1826 5141 aliud

242 5152 415 5226 agenti
446 5150 1041 5226 οβχριιειίιιιιξ-ιιιιίιιξ,⁸
1055 5153 1269 5226 Διςειξιευιο
1299 5170 1351 5226 rx
1377 5150 1581 5226 scripti,
1616 5150 1667 5210 in
1692 5156 1821 5213 bibl.

244 5216 496 5274 Remensi
522 5217 578 5289 S.
611 5218 857 5289 Remigii,
892 5238 945 5274 η.
978 5221 1106 5289 298,
1136 5225 1427 5278 secundum
1459 5216 1694 5281 veterem
1733 5243 1824 5282 ca-

244 5291 482 5358 talogum
533 5288 591 5342 D.
650 5288 746 5354 IX;
778 5288 1011 5347 alterius
1060 5288 1114 5346 in
1159 5292 1290 5348 bibl.
1330 5294 1681 5351 Cottoniana.
1725 5298 1824 5353 sub

239 5358 475 5429 imagine
505 5358 753 5429 Caligula:
781 5360 845 5414 A.
878 5360 963 5415 15.

332 5432 386 5505 ί)
415 5428 549 5505 _Vid.
584 5428 727 5505 με»,
759 5431 863 5505 col.
887 5430 1013 5499 475,
1044 5440 1156 5505 not.
1195 5434 1292 5505 (a).

278 5500 387 5580 "(9)
413 5500 474 5554 In
494 5500 742 5580 catalogo
772 5500 1056 5580 libr.__rnss._
1080 5500 1283 5580 Anglia:
1309 5512 1365 5580 et
1387 5504 1654 5580 Hiberniae
1680 5502 1825 5580 Oso-

239 5568 445 5623 nii'an.
490 5568 622 5623 1697
650 5570 820 5639 edito,
851 5568 1189 5629 bibliothecai
1219 5576 1537 5638 Bodleianai,
1568 5576 1739 5629 classe
1770 5573 1822 5639 5,

238 5638 378 5715 inter
399 5640 621 5696 codices
654 5638 907 5715 ‘Kenelmi
946 5641 1164 5711 Digbsci,
1197 5661 1315 5715 pag.
1344 5644 1432 5715 80,
1461 5663 1516 5700 ιι.
1550 5644 1704 5707 “itii,
1730 5638 1818 5710 63,

237 5710 407 5763 Wex
441 5719 626 5763 noster
654 5711 736 5764 his
762 5713 942 5768 verbis
980 5710 1327 5772 recense'tur:
1367 5714 1517 5768 Liber
1556 5717 1659 5770 sive
1684 5727 1819 5769 trac-

239 5787 374 5834 tatus
428 5780 708 5836 admodum
749 5784 989 5850 antiquus
1036 5785 1099 5839 de
1147 5786 1365 5842 Ratione
1389 5786 1819 5851 l'ascliatis,cum
