3916 6202
458 288 559 343 ιω

1846 272 1999 329 DION
2011 272 2129 330 YSll
2172 270 2401 330 EXIGUI

3597 276 3684 332 id

453 402 589 455 lunre
620 398 706 465 i3,
738 398 917 454 indicti
932 411 1027 453 me
1056 409 1133 463 Ill,
1164 394 1269 449 hoc
1294 398 1377 448 est
1397 403 1540 445 anno
1559 386 1755 444 Christi
1771 387 1897 449 535,
1918 402 2040 441 con-
2082 400 2115 449 Α
2154 384 2566 454 Gregortanum,
2587 397 2763 454 neque
2784 394 2980 438 novum
3001 380 3357 438 calendarium
3384 392 3602 441 nostrum
3620 390 3691 443 ad.

451 493 664 563 scripsit
685 490 783 563 (a).
816 487 975 558 Atqui
1004 488 1055 541 in
1085 484 1272 540 codice
1300 496 1443 552 stupe
1469 481 1614 536 dicto
1643 490 1806 550 atque
1833 493 1863 533 a
1896 479 2051 533 nobis

454 586 594 640 bona
640 583 743 638 ﬁde
778 592 1056 651 expresso,
1101 576 1281 633 omnia
1323 574 1569 644 exempla
1611 580 2051 641 argumentorum

455 675 779 749 paschalium
810 673 876 729 ab
903 686 1044 726 anno
1070 669 1162 725 illo
1186 666 1388 723 Christi
1415 664 1519 719 525
1553 665 1718 735 petita
1745 674 1887 719 sunt.
1917 663 2059 730 Quid

454 766 594 837 quod
624 763 831 833 singula
859 762 998 828 loca,
1031 759 1225 831 partim
1247 773 1275 811 a
1307 755 1581 825 Dionysio,
1610 755 1803 825 partim
1832 770 1860 808 a
1912 754 2056 807 Beda

434 863 510 929 et
536 855 655 909 aliis
683 852 918 922 antiquis
937 850 1289 921 scriptoribus
1317 846 1442 903 inde
1469 847 1655 915 citata,
1686 845 1909 899 totidem
1941 861 2060 899 ver—

455 948 536 1002 bis
560 946 650 1002 hic
672 945 1034 1017 reperiuntur,
1064 943 1197 998 utin
1225 941 1368 996 notis
1400 940 1468 994 ad
1496 945 1811 1008 argumenta
1833 938 2060 1008 pascha-

454 1037 525 1094 lia
552 1037 1056 1094 demonstrabimus.
1079 1033 1283 1102 Quibus
1302 1033 1550 1089 omnibus
1568 1046 1886 1087 consensum
1907 1046 2063 1087 exac-

457 1130 719 1185 tissimum
748 1128 1032 1184 marmoris
1055 1124 1477 1185 Ravennatensis
1498 1122 1592 1196 (li),
1617 1123 1763 1179 velut
1789 1123 2059 1178 cumulum

456 1223 652 1277 addere
676 1221 819 1276 licet.

1151 1311 1180 1383 ς
1220 1308 1357 1365 xxr.

528 1404 682 1473 Quod
712 1406 757 1459 si
784 1404 919 1459 alios
949 1418 1055 1457 non
1086 1402 1340 1472 paenituit
1363 1398 1859 1469 antiquissimorum
1887 1412 2060 1467 popu-

456 1498 628 1552 lorum
658 1495 786 1551 inde
826 1496 894 1550 ab
929 1495 1061 1549 orbe
1088 1492 1311 1549 condito
1351 1492 1519 1547 fastos
1559 1498 1615 1545 et
1640 1504 1904 1543 annorum
1950 1488 2059 1543 l'or-

458 1604 575 1644 mas
602 1588 849 1643 studiose
872 1585 1157 1656 persequi,
1209 1598 1504 1653 eorumque
1533 1582 1756 1650 vestigia
1808 1582 1860 1635 in
1912 1580 2059 1636 omni

457 1681 735 1735 vetustatis
763 1679 1024 1733 memoria
1050 1678 1385 1746 perquirere,
1418 1676 1462 1728 si
1486 1672 1837 1728 Hebraeorum
1855 1715 1869 1739 ,
1898 1672 2059 1727 Chal-

2159 480 2444 548 miserunt,
2474 478 2765 533 hndienum
2793 478 2955 546 viget.
2988 474 3127 543 Quid
3152 475 3292 547 quod
3316 476 3421 546 ipsa
3447 477 3688 547 hodierna,

2159 568 2456 638 przesertim
2487 564 2840 635 Gregoriana,
2872 564 3131 621 fastorum
3152 565 3311 633 ratio,
3337 565 3387 619 in
3407 581 3504 635 qua
3522 578 3692 636 epactse

2160 677 2258 732 pro
2283 660 2521 717 numeris
2549 661 2729 716 aureis
2765 665 3056 729 assumpta!
3094 664 3248 727 sunt,
3276 659 3437 713 veteri
3476 660 3694 717 methodo

2158 762 2216 809 et
2242 768 2531 809 aureorum
2572 766 2916 807 numerorum
2963 749 3207 805 doctrina
3253 748 3524 819 plurimum
3566 752 3696 821 adju-

2159 855 2335 909 vatur,
2360 854 2421 901 ut
2446 861 2567 901 cum
2590 844 2777 901 Clavio
2807 844 3051 915 agnoscit
3076 840 3326 898 Petavius
3353 841 3442 914 (c).
3472 842 3541 898 Ac
3562 844 3601 898 si
3630 847 3695 900 vel

2160 939 2394 993 maxime
2440 936 2635 1006 ubique
2675 936 3047 1004 abrogaretur,
3101 933 3293 988 saltem
3338 942 3547 1002 propter
3588 936 3701 988 insi-

2159 1042 2350 1098 gnem,
2381 1042 2541 1100 quam
2571 1027 2625 1081 in
2645 1026 2814 1083 veteri
2841 1022 3192 1093 clironologia
3232 1033 3376 1078 recte
3402 1023 3703 1092 diiudicanda

2161 1118 2338 1187 affert,
2369 1119 2658 1174 utilitatem
2677 1159 2692 1183 ,
2725 1116 2948 1172 minime
2975 1113 3319 1184 negligendus
3342 1124 3494 1169 esset.
3520 1112 3701 1170 Etenim

2163 1210 2336 1264 adhuc
2366 1210 2512 1264 valet
2549 1208 2690 1264 ratio
2733 1223 2839 1279 qua
2868 1206 3012 1262 Beda
3062 1206 3259 1261 saeculo
3287 1219 3408 1267 vui,
3450 1204 3513 1259 ad
3552 1206 3704 1277 cyclos

2166 1299 2432 1371 Dionysii,
2457 1298 2568 1368 jam
2598 1307 2711 1354 tum
2740 1297 2864 1353 licet
2891 1295 3221 1366 praeteritos,
3251 1292 3616 1361 recensendos,
3651 1310 3703 1349 ac

2162 1393 2312 1462 aperi
2358 1408 2457 1447 suo
2486 1389 2889 1460 pra-mittendos
2933 1403 2993 1443 se
3033 1387 3319 1442 adductum
3356 1399 3471 1440 esse
3502 1384 3702 1440 scribit:

2167 1484 2427 1546 Quatenus
2456 1483 2681 1551 legentes
2706 1481 2890 1551 quique
2918 1492 3119 1533 omnem
3149 1477 3458 1548 prateritum
3480 1477 3704 1546 paschalis

2163 1585 2354 1629 statum
2404 1575 2645 1644 temporis
2691 1569 2958 1626 inerrabili
2997 1571 3195 1639 possint
3236 1568 3419 1621 intuitu
3460 1567 3702 1633 respicere,

2164 1678 2315 1738 alqui!
2335 1668 2404 1721 ad
2428 1666 2847 1720 dilucidationem
2874 1663 3059 1735 prisca:
3088 1661 3338 1723 lectionis,
3367 1674 3523 1713 annos
3540 1674 3705 1720 omnes,

458 1771 697 1825 diuorum
715 1812 729 1835 ,
783 1768 1087 1834 Persarum,
1118 1767 1428 1822 Giareorum
1459 1764 1937 1843 Romanorumque
1966 1777 2057 1818 ca-
2094 1785 2134 1843 Β
2160 1762 2245 1832 qui
2271 1758 2549 1828 aliquando
2570 1756 2624 1809 in
2646 1757 2977 1826 quaestionem
3000 1750 3477 1822 venerant,qnan®
3498 1758 3544 1803 et
3559 1749 3707 1820 qualis

459 1862 717 1928 lendaria,
747 1860 859 1931 jam
887 1859 1086 1915 dudum
1114 1859 1359 1914 obsoleta
1381 1864 1436 1912 et
1461 1856 1664 1925 ignota,
1689 1869 1881 1925 magna
1905 1853 2056 1909 multi

458 1964 587 2004 cura
609 1949 708 2004 sibi
741 1962 771 2003 a
801 1950 907 2003 situ
936 1957 1098 2017 atque
1126 1946 1401 2001 oblivione
1428 1945 1747 2001 vindicanda
1771 1952 2055 2015 putarunt;

459 2042 505 2095 si
547 2040 862 2096 nominatim
910 2038 1176 2097 Bucberio
1217 2038 1350 2093 vitio
1403 2052 1513 2092 non
1553 2036 1736 2091 datum
1776 2047 1859 2091 est
1915 2035 2059 2104 quod

466 2130 686 2187 Victorii
719 2129 949 2200 cyclum,
992 2127 1267 2182 nonnullis
1307 2134 1518 2181 tantum
1548 2125 1603 2180 in
1643 2123 1937 2181 Occidente
1970 2140 2059 2179 ee-

462 2220 641 2275 elcsiis
665 2219 793 2273 olim
822 2218 1105 2289 probatum
1127 2258 1142 2284 ,
1174 2225 1230 2271 et
1257 2215 1404 2270 mille
1434 2215 1663 2285 amplius
1685 2229 1949 2268 annorum
1981 2223 2060 2267 tc-

460 2309 640 2363 ncbris
670 2307 1048 2368 obscuratum,
1098 2306 1151 2359 in
1199 2305 1373 2360 lucem
1419 2303 1723 2369 revocavit,
1771 2313 1827 2359 et
1869 2303 2058 2374 grandi

459 2399 590 2454 satis
618 2396 1013 2454 commentario
1043 2395 1324 2465 exposuit;
1355 2395 1526 2449 multo
1551 2393 1730 2449 minus
1752 2393 1879 2460 hoc,
1911 2393 2060 2464 quid-

461 2488 591 2558 quid
620 2496 732 2553 est,
775 2501 957 2558 operae
1002 2500 1068 2540 ac
1096 2479 1258 2540 studii
1296 2486 1350 2539 in
1389 2485 1540 2555 cyclo
1569 2484 1920 2556 Dionysiano,
1950 2501 2059 2552 quo

464 2596 558 2647 per
587 2586 670 2633 tot
696 2562 889 2633 smcula
920 2577 1202 2630 universus
1230 2575 1380 2631 orbis
1417 2576 1755 2630 Christianus
1774 2618 1790 2644 ,
1822 2576 1889 2630 ad
1928 2592 2059 2631 cou—

462 2672 785 2725 stltucndam
809 2684 932 2722 ann:
966 2667 1248 2732 rationem,
1276 2682 1404 2722 usus
1426 2677 1527 2733 est,
1553 2658 1760 2722 edendo
1788 2667 2061 2722 illustran-

462 2762 640 2830 doque
666 2760 931 2829 positum,
970 2759 1090 2829 jure
1130 2759 1451 2829 reprehendi
1499 2774 1657 2828 posse
1683 2760 1912 2814 videtur.
1946 2759 2059 2814 Etsi

461 2852 604 2905 enim
635 2851 721 2906 hic
758 2865 974 2920 quoque
1003 2852 1055 2902 in
1088 2848 1331 2903 Romana
1372 2848 1611 2904 Ecclesia
1636 2848 1749 2918 jam
1791 2861 1917 2906 ante
1956 2850 2059 2905 156

461 2957 662 3011 annos,
712 2951 768 2997 et
814 2941 881 2997 ab
928 2940 1084 2996 initio
1133 2941 1346 3007 saeculi,
1394 2940 1539 3010 quod
1579 2941 1817 3011 agimus,
1865 2940 2059 2997 decimi

464 3038 675 3101 octavi,
706 3037 761 3091 in
792 3036 1044 3091 universo
1072 3035 1298 3105 imperio
1346 3033 1594 3091 Romano
1625 3035 1915 3105 abrogatus
1943 3044 2055 3101 est;

465 3140 640 3184 tamen
686 3130 736 3183 in
789 3129 1061 3183 nonnullis
1100 3129 1282 3197 regnis
1312 3126 1664 3194 Christianis,
1714 3142 1834 3198 quae
1882 3142 2058 3200 neque

464 3274 599 3329 quas
638 3260 802 3315 editio
848 3270 1033 3315 nostra
1073 3261 1312 3326 exhibet,
1346 3259 1631 3331 Dionysius
1660 3260 1713 3314 in
1744 3259 2061 3331 praefatione

464 3332 545 3384 ins
575 3331 750 3384 verbis
776 3330 1106 3399 conjunctim
1153 3340 1416 3384 memorat
1451 3329 1651 3383 {Licet
1693 3329 1817 3383 auiti
1849 3331 2059 3386 Domini

462 3402 625 3453 nostri
653 3399 777 3453 Jcsu
807 3399 997 3454 Christi
1028 3402 1260 3453 ordinent
1289 3416 1437 3453 suum
1468 3402 1770 3453 continuata
1809 3404 1945 3455 serie
1972 3418 2063 3455 cu-

462 3469 691 3542 stodiant
719 3470 846 3542 (col.
881 3470 957 3538 I),
988 3480 1037 3542 et
1067 3472 1372 3523 iudictiones
1402 3470 1530 3539 (cui.
1556 3469 1633 3539 2),
1667 3488 1759 3542 per
1797 3488 1962 3525 annos
1995 3472 2062 3526 I5

462 3540 614 3593 solita
630 3540 967 3612 _rerolutione
1005 3540 1311 3607 decurrunt,
1344 3550 1570 3612 epaclas
1612 3540 1767 3593 etiam
1810 3542 1938 3612 (col.
1979 3544 2059 3609 5),

496 3625 587 3680 itas
620 3606 787 3680 Graeci
817 3618 1028 3673 vocant,
1072 3611 1125 3662 id
1153 3622 1254 3680 est,
1282 3606 1597 3680 adjectiones
1625 3606 1827 3664 annuas
1853 3606 2064 3666 lunares

505 3678 688 3752 1,qu
715 3678 784 3752 50
812 3681 1012 3735 dierum
1040 3681 1145 3749 ﬁne
1182 3678 1243 3734 iri
1264 3696 1319 3733 se
1341 3678 1572 3744 redeant,
1602 3682 1725 3751 lixis
1754 3683 1944 3752 regulis
1974 3684 2062 3735 in-

464 3750 969 3821 veniasaduotatas,
1003 3751 1520 3804 decemuovennalem
1561 3750 1758 3821 quoque
1798 3750 2063 3807 reuersum

465 3820 593 3883 (col.
610 3818 687 3888 5),
708 3830 756 3872 et
775 3821 1045 3887 paschales
1064 3833 1277 3891 quartas
1299 3821 1525 3892 decimas
1547 3818 1696 3875 lanas
1720 3822 1844 3892 (col.
1860 3822 1938 3892 6),
1954 3839 2065 3878 eas-

465 3891 575 3942 dem
606 3892 835 3963 omnium
854 3907 1077 3945 avorum
1108 3891 1423 3946 reuelatione
1450 3892 1707 3963 reperias;
1732 3891 1905 3946 tamen
1925 3902 2065 3946 tenn-

465 3975 568 4033 ram
594 3959 813 4033 similem
825 3963 1132 4033 Constantii:
1153 3972 1411 4033 nequeunt
1429 3959 1686 4016 custodire
1699 3972 2061 4033 concurrentes

466 4031 971 4104 dieshebdomadum
994 4033 1118 4104 (col.
1145 4031 1294 4104 4),’et
1315 4033 1427 4087 dies
1449 4032 1673 4104 I’ascliaz
1693 4032 1907 4104 Domini
1930 4035 2058 4103 (col.

467 4094 544 4166 ἲ),
568 4101 789 4171 lunaque
815 4101 978 4169 ipsius
1001 4094 1109 4154 diei
1145 4094 1389 4157 dominici
1421 4104 1547 4175 (col.
1580 4103 1657 4225 8).
1690 4094 1945 4171 Singulas
1964 4106 2059 4159 has

468 4171 744 4225 Columnas
786 4170 929 4224 Beda
969 4172 1037 4225 de
1067 4170 1189 4225 Rat.
1223 4188 1402 4225 como.
1453 4189 1571 4225 can.
1644 4174 1696 4225 7.
1730 4182 1784 4225 et
1823 4173 1889 4225 de
1935 4173 2053 4225 Rat.

468 4170 744 4225 Columnas
786 4170 929 4241 Beda
969 4172 1037 4225 de
1067 4170 1189 4225 Rat.
1223 4188 1402 4241 comp.
1430 4170 1571 4240 'cap.
1609 4170 1696 4237 Π,
1730 4170 1889 4227 etde
1935 4173 2053 4227 Rat.

474 4249 633 4307 temp.
669 4254 787 4308 cap.
821 4239 890 4293 45
919 4254 1092 4308 scqq.,
1144 4257 1207 4295 ex
1243 4239 1486 4295 instituto
1515 4239 1786 4297 describit.
1833 4242 2061 4299 Exstant

470 4311 536 4363 de
576 4310 761 4363 iisdem
794 4325 915 4363 cuin
940 4311 991 4364 in
1026 4311 1289 4379 Operibus
1316 4312 1493 4377 Bedes,
1525 4322 1658 4366 tom.
1688 4313 1742 4379 Ι,
1785 4328 1906 4382 pag.
1929 4313 2054 4381 558,

2163 1851 2373 1923 fuerint,
2405 1848 2687 1903 evidentius
2709 1855 2997 1918 agnoscant
3026 1852 3038 1895 ί
3050 1844 3125 1913 d).
3151 1842 3348 1896 Multos
3364 1847 3507 1896 certe
3528 1854 3708 1894 errores

2161 1941 2423 2009 Scaliger,
2464 1938 2717 1993 Petavius
2762 1939 2963 2008 aliique
3005 1934 3352 1991 eruditissimi
3395 1932 3461 1988 de
3499 1931 3708 1987 doctrina

2161 2043 2467 2103 temporum
2495 2032 2818 2101 scriptores,
2866 2029 2913 2083 si
2940 2043 3124 2084 verum
3155 2027 3394 2097 Dionysii
3431 2025 3618 2095 cycluni
3644 2026 3708 2078 in-

2162 2124 2486 2194 spexissent,
2519 2124 2794 2186 vitassent,
2826 2129 2884 2176 et
2913 2120 3053 2174 inter
3072 2134 3171 2175 eos
3198 2135 3307 2174 non
3329 2125 3635 2188 postremum
3660 2132 3710 2171 ac

2163 2219 2454 2273 bodienum
2510 2231 2679 2287 prope
2726 2227 3107 2279 communem,
3163 2226 3277 2282 quo
3330 2224 3432 2266 tera
3485 2208 3708 2264 hodierna

2164 2310 2342 2378 Bedze,
2371 2318 2428 2364 ut
2455 2308 2694 2372 auctori,
2739 2305 3009 2371 tribuitur,
3036 2311 3092 2359 et
3122 2302 3443 2374 Dionysiana
3469 2314 3568 2356 uno
3594 2314 3710 2354 anno

2161 2406 2343 2460 minor
2365 2403 2722 2459 existimatur.
2751 2399 2926 2467 Quid?
2954 2396 3102 2468 quod
3131 2396 3222 2453 vel
3247 2396 3348 2452 hac
3373 2409 3475 2450 una
3495 2393 3555 2447 de
3578 2407 3711 2447 causa

2163 2500 2569 2549 monumentum
2612 2490 2751 2546 istud
2797 2489 2994 2545 nemini
3050 2504 3156 2543 non
3209 2486 3421 2555 cognitu
3460 2483 3711 2555 jucundum

2163 2600 2283 2640 esse
2307 2591 2517 2654 potest,
2546 2582 2688 2653 quod
2706 2624 2721 2650 ,
2751 2597 2858 2652 qua
2880 2580 3205 2644 occasione,
3235 2592 3342 2648 quo
3371 2576 3600 2651 consilio,
3624 2588 3711 2642 quo

2165 2694 2329 2746 anno,
2359 2693 2467 2746 quo
2496 2686 2737 2742 auctore,
2767 2691 2871 2731 tera
2904 2676 3013 2739 illa,
3045 2675 3299 2729 omnibus
3327 2668 3650 2726 familiarissiu
3672 2684 3711 2729 a,

2164 2770 2393 2839 primum
2423 2768 2648 2831 invecta,
2682 2778 2735 2822 ct
2767 2768 2885 2822 loco
2908 2766 3288 2821 Diocletianerc
3312 2764 3540 2819 adhiberi
3568 2772 3711 2829 empta

2162 2863 2250 2926 sit,
2281 2860 2578 2916 clarissime
2608 2861 2677 2914 ob
2720 2859 2905 2914 oculos
2932 2865 3130 2928 ponat,
3171 2874 3234 2911 ac
3262 2865 3511 2927 praeterea
3539 2851 3711 2907 unicui-

2162 2967 2267 3022 que
2309 2950 2636 3021 dijudicandi
2683 2959 3003 3020 potestatem
3052 2950 3245 3013 faciat,
3297 2964 3452 3017 quam
3494 2946 3616 2999 bene
3648 2942 3713 2995 γει

2162 3044 2306 3100 male
2330 3042 2574 3098 nonnulli
2603 3041 2813 3113 cyclum
2839 3041 3258 3111 Dioiiysianum,
3291 3053 3444 3107 quem
3486 3035 3713 3090 interiisse

2163 3137 2564 3198 existimabant,
2599 3150 2694 3205 per
2721 3134 3061 3203 conjecturas
3088 3150 3217 3188 suas
3249 3132 3580 3189 restituerint.

2168 3276 2280 3322 tum
2310 3268 2361 3321 in
2389 3268 2573 3323 codice
2602 3266 2888 3335 Digbreano
2918 3281 3105 3321 versus
3131 3266 3187 3319 lii
3218 3264 3575 3320 memoriales:

2263 3362 2435 3419 Linea,
2460 3360 2670 3419 t‘hriste,
2700 3366 2810 3408 lUUS
2830 3360 2977 3417 triuia
3008 3368 3084 3406 cst
3110 3372 3224 3419 quae
3251 3360 3463 3406 continet
3488 3370 3637 3416 annos,

2263 3425 2425 3483 Atque
2450 3425 2664 3469 secunda
2691 3430 2791 3469 tetu
2812 3428 2830 3469 t
2850 3435 2903 3481 cy
2938 3423 2966 3467 li
2990 3434 3099 3480 qua:
3128 3422 3325 3469 urticiio
3348 3430 3549 3469 eous.ei.

2262 3486 2487 3531 Set-valui
2513 3495 2746 3532 numeros
2766 3483 2951 3543 epartis
2974 3484 3117 3530 tertia
3149 3492 3339 3543 certos,

2265 3549 2445 3603 Quarta
2466 3547 2573 3594 dies
2593 3553 2819 3593 numerat
2839 3552 3034 3604 septem
3060 3545 3343 3594 bissexlilis
3365 3544 3483 3592 anui.

2264 3611 2440 3664 Quinta
2467 3609 2550 3655 tibi
2571 3606 2729 3667 cyclos
2749 3606 2930 3654 lunaris
2953 3614 3206 3668 coinputat
3229 3609 3358 3654 anni.

2262 3684 2372 3717 .iain
2396 3677 2594 3730 quartas
2613 3670 2830 3717 decimas
2851 3670 3078 3729 designat
3099 3677 3351 3729 sextoque
3373 3669 3522 3716 lunas.

2261 3731 2478 3791 septima
2500 3742 2613 3791 nam
2643 3730 2835 3778 Pascite
2860 3731 3075 3778 OSit‘IIlIll
3093 3739 3391 3791 tempusque
3416 3731 3640 3788 dicatque.

2261 3790 2469 3841 ditatem
2497 3790 2623 3840 luna:
2648 3801 2875 3839 monstzat
2906 3790 3213 3841 novissimus
3229 3790 3365 3841 ordo.

2238 3878 2317 3945 (a)
2348 3874 2581 3947 Legatur
2601 3874 2844 3945 praefatio
2875 3874 3112 3947 Dionysii
3144 3892 3291 3946 same
3320 3875 3487 3943 dicta,
3515 3872 3603 3927 sub
3622 3869 3716 3947 lin,

2164 3954 2220 4000 et
2239 3940 2587 4018 conferantur
2603 3940 2727 4015 quin
2746 3960 2906 4016 supra
2933 3946 2961 4018 §
2992 3940 3048 4000 l'l
3062 3987 3080 4015 ,
3102 3940 3240 4001 not."
3256 3947 3354 4018 (ά),
3378 3946 3442 4000 de
3460 3940 3604 3998 {etate
3625 3940 3718 4008 ejus

2166 4016 2559 4071 adnotavimus.

2238 4084 2314 4158 (b)
2356 4086 2438 4158 De~
2460 4101 2732 4142 marmore
2762 4086 2865 4141 hoc
2884 4086 2989 4154 leg.
3024 4086 3051 4158 ᾗ
3086 4086 3175 4141 l7.

2238 4156 2309 4278 (y
2349 4156 2461 4210 Sub
2491 4158 2606 4211 init.
2633 4158 2725 4211 III).
2758 4174 2809 4211 v1
2834 4160 2902 4212 de
2929 4156 3104 4211 Dnctr.
3134 4168 3304 4228 temp.

2238 4238 2249 4278 t
2305 4234 2317 4278 l
2357 4225 2596 4278 Beda.de
2624 4235 2789 4278 temo.
2825 4227 2944 4278 iiut.
2977 4244 3023 4278 c.
3060 4226 3151 4278 65.

2238 4225 2317 4297 (ά)
2357 4225 2596 4286 Beda,de
2624 4235 2789 4299 temp.
2825 4227 2944 4282 llat.
2977 4244 3023 4283 c.
3060 4226 3151 4281 65.

1179 4477 1579 4551 INCIPIT
1632 4480 1973 4555 LIBEB'
2010 4481 2481 4555 DIONYSII
2552 4482 2930 4555 EXIGUI
2959 4482 3020 4557 ³.

1853 4685 2277 4746 ΡὶΗΕΡΛΤΙΟ
2322 4685 2371 4744 δ.

545 4780 560 4797 ⁸
606 4778 831 4833 Domino
886 4780 1196 4839 beatissimo
1249 4792 1304 4837 et
1332 4782 1551 4838 nimium
1598 4784 2053 4841 desideratisimo
2086 4789 2135 4849 D
2188 4798 2191 4803 ί
2230 4783 2506 4839 Paschalis
2531 4785 2649 4841 l‘esti
2684 4788 2980 4855 rationem,
3010 4804 3169 4859 quam
3203 4791 3489 4847 multorum
3518 4789 3598 4845 diu
3628 4785 3713 4839 fm-

471 4870 627 4940 patri,
659 4869 932 4937 Petronio,
957 4872 1235 4943 episcopo,
1264 4874 1549 4945 Dionysius
1578 4875 1832 4945 Exiguus.

541 5016 566 5044 α
593 5007 874 5070 Inscriptio
903 5007 1019 5061 haec
1049 5008 1101 5061 in
1132 5009 1319 5063 codice
1345 5009 1593 5063 Ιίνιιηοιιςηί
1618 5010 1739 5076 298,
1772 5020 1825 5065 ct
1856 5014 1904 5065 in
1936 5012 2060 5067 Cni-

470 5078 681 5148 bertino
711 5077 846 5131 1020
873 5078 1058 5132 iisdem
1088 5079 1264 5134 verbis
1293 5078 1503 5148 legitur.

546 5148 570 5184 ι’
617 5146 865 5221 Pra'falig
912 5149 1027 5221 haec
1077 5149 1170 5219 (ita
1220 5146 1367 5203 enim
1396 5151 1510 5221 ipsi
1559 5151 1811 5221 Dionysio
1861 5170 1912 5217 p.
1967 5154 2054 5221 Gl,

471 5218 792 5282 vocatur)a
830 5218 1048 5290 Patavio
1088 5218 1147 5273 in
1198 5218 1492 5290 appendice
1537 5218 1715 5288 operis
1759 5223 1825 5275 de
1876 5218 2056 5281 Din-tr.

475 5294 683 5359 tenip.,_
714 5300 833 5359 pag.
882 5288 1006 5352 8'74,
1053 5291 1201 5344 etab
1232 5288 1413 5359 )ISgid.
1468 5291 1732 5346 Bucliei-in
1791 5295 1840 5346 in
1891 5298 2053 5349 (juni-

476 5355 913 5431 nient._de_Doctr.
939 5366 1128 5431 temp.,
1146 5375 1265 5431 pag.
1286 5355 1413 5427 4'85,
1442 5362 1597 5416 titulo
1619 5365 1849 5431 epistola:
1880 5366 1901 5417 i
1934 5366 2059 5420 Dio-

476 5375 721 5408 ment.ue
734 5375 913 5410 uocu'.
939 5375 1128 5428 temp.,
1146 5376 1210 5430 pa
1252 5400 1265 5413 .
1286 5375 1413 5427 tuo,
1442 5375 1597 5416 titulo
1619 5375 1849 5431 epistola:
1880 5375 1901 5417 l
1934 5375 2059 5420 Ilio-

474 5426 607 5495 ngsii
640 5423 829 5495 Exigui
857 5426 920 5480 de
949 5427 1168 5484 Ratione
1201 5375 1436 5490 East/iw,
1486 5433 1652 5496 edita,
1678 5449 1705 5486 a
1752 5436 1905 5488 nobis
1936 5453 2064 5491 vero

542 5562 549 5569 '
583 5554 725 5627 Ιιιὶιίρ
750 5558 862 5630 torui
886 5558 983 5630 col.
1119 5563 1248 5630 lianc
1272 5566 1528 5630 t3pi~ttilniu
1556 5569 1783 5628 i-Xscrips
1802 5584 1928 5624 ilius,
1966 5573 2061 5630 jam

583 5588 725 5627 ιιι-νγ
750 5588 862 5630 ιγιιιι
886 5588 977 5608 cui.
1023 5588 1094 5617 ια,
1130 5588 1248 5610 ιιι-ιω
1272 5588 1528 5624 υμΙ-ιυιᾱιυι
1556 5588 1783 5628 t-Larrips
1802 5588 1928 5624 mus,
1987 5588 2061 5620 ain

474 5617 536 5665 de
580 5622 925 5691 pretiosissima
951 5622 1198 5691 Guilleluii
1222 5625 1333 5691 Jani
1369 5628 1585 5676 editione
1624 5632 1920 5691 reperienda
1945 5588 2065 5681 ille»-

476 5685 727 5752 parantes,
752 5694 897 5753 quam
922 5686 1217 5753 seriuscum
1254 5684 1364 5753 aliis
1404 5691 1595 5739 omissis
1637 5684 1699 5753 in'
1730 5693 2065 5753 supplementi

478 5746 631 5793 vicem
651 5744 888 5796 recudere
912 5744 1283 5797 meditabaiuur.
1306 5747 1401 5800 llic
1437 5760 1601 5802 autent
1626 5751 1755 5802 illam
1782 5744 1932 5812 nim
1957 5744 2066 5813 cui;

2161 4888 2391 4947 quenter
2432 4894 2462 4933 a
2519 4881 2674 4936 nobis
2726 4885 2973 4953 exposcit
3030 4886 3316 4952 instantia,
3373 4900 3533 4951 nunc,
3575 4878 3714 4951 adjuli

2162 5030 2282 5069 Cum
2331 5016 2571 5081 pluribus
2601 5020 2718 5071 aliis
2745 5020 2899 5073 codd.
2931 5036 3081 5084 mss”
3114 5020 3427 5076 nominatim
3459 5016 3714 5073 Bodleiano

2163 5086 2220 5139 F.
2260 5086 2312 5160 Ν⁸
2330 5087 2388 5160 I5,
2421 5089 2474 5149 ’5,
2504 5087 2553 5151 5,
2584 5090 2672 5160 qui
2706 5090 2755 5142 in
2778 5092 3026 5158 catalogo
3054 5108 3179 5146 mss.
3212 5092 3412 5160 Anglia:
3440 5096 3715 5160 recensetur

2162 5174 2217 5228 p.
2252 5155 2374 5221 12%,
2408 5174 2552 5228 num.
2584 5155 2758 5225 2372;
2791 5155 3139 5228 Cottoniano,
3172 5155 3356 5223 Tiber,
3388 5161 3446 5224 E,
3480 5159 3537 5223 Τ,
3565 5168 3614 5213 ct
3638 5157 3712 5209 lli-

2166 5227 2441 5300 Il:t‘ﬂll0¥65
2476 5230 2674 5300 collata
2695 5240 2794 5293 est,
2819 5245 2929 5285 non
2956 5234 3213 5300 neglectis
3232 5234 3390 5288 variis
3412 5229 3711 5287 lectionibus.

2165 5313 2300 5366 quas
2329 5298 2553 5353 Carolus
2584 5300 2649 5351 du
2680 5299 2880 5354 Fresne
2910 5304 2961 5356 in
2991 5298 3217 5357 selectis
3244 5304 3308 5355 ad
3340 5300 3710 5356 illustratioaeni

2169 5369 2403 5447 climnici
2436 5371 2875 5447 paschalis_num.
3042 5390 3093 5443 p.
3127 5373 3255 5447 4797,
3285 5389 3350 5429 ex
3380 5371 3557 5427 codice
3581 5366 3711 5447 Pari-

2168 5438 2330 5492 siensi
2361 5442 2648 5509 excerpsit.
2697 5441 3011 5513 Compendii
3040 5438 3203 5500 causa
3229 5438 3285 5500 in
3324 5444 3459 5498 notis
3501 5438 3711 5495 codicem

2168 5572 2340 5644 stolam
2379 5587 2625 5644 reponere
2666 5590 2764 5644 non
2788 5577 3114 5628 dubitavimus
3135 5589 3245 5627 cum
3272 5584 3463 5644 prapter
3486 5575 3710 5644 integrity

2171 5642 2271 5702 tem
2292 5637 2457 5702 operis
2480 5647 2581 5702 tum
2607 5640 2754 5687 etiam
2793 5649 2989 5702 promer
3026 5649 3241 5691 notarum
3273 5637 3460 5700 copiam
3497 5637 3655 5699 quibus
3675 5642 3710 5676 ιιι

2170 5697 2261 5746 hac
2285 5698 2502 5748 editione
2543 5697 2896 5761 locupletaturf
2912 5700 3049 5752 Euri.
