3916 6202
278 249 367 304 189

1321 253 1513 307 LIBER
1558 252 1642 308 DE
1683 254 2063 311 PASCIIATE.
2110 254 2495 310 I‘REFATIO.

3444 261 3544 315 490

276 364 441 429 luerit,
470 379 578 420 non
607 365 675 420 ad
702 365 948 434 quintum
975 367 1185 439 cyclum
1229 367 1285 422 S.
1318 369 1529 438 Cyr-illi,
1554 383 1716 437 quem
1746 385 1851 423 no-
1882 376 1924 431 Α
1960 380 2077 438 tur,
2110 369 2317 440 prmfati
2338 370 2674 428 venerabiles
2706 368 2722 408 ι
2750 371 2975 427 trecenti
3004 380 3060 427 et
3083 372 3384 429 octodecim
3411 393 3540 444 pou-

274 455 346 510 bis
388 456 695 510 necessario
745 458 1145 526 proposuimus,
1190 457 1288 513 sed
1336 457 1405 512 ad
1454 467 1699 513 nostrum
1743 458 1855 528 pri-

275 560 409 600 mum
451 544 736 613 vigilanter
771 558 1056 611 excurrat;
1108 560 1164 604 et
1190 559 1213 583 ἰ
1238 548 1429 603 ordine
1468 564 1578 619 quo
1621 548 1855 603 diximus

276 650 361 705 per
384 637 593 707 eosqui
633 639 845 693 firmum
879 655 1095 694 cursum
1144 639 1401 704 retinent,
1458 654 1648 694 eorum
1672 638 1697 677 δ
1730 654 1856 708 pro-

275 748 529 803 gressum,
556 734 647 803 qui
680 735 927 790 videntur
955 735 1206 797 titubare,
1240 743 1505 791 sustentet
1531 746 1575 788 ε.

334 822 467 879 illud
504 840 725 896 quoque
775 842 881 879 non
933 828 1173 882 minorid
1209 844 1335 882 cura
1388 828 1685 883 notandum
1734 841 1857 882 esse

274 918 590 979 censuimus,
632 934 699 972 ne
741 919 791 972 in
820 919 977 988 primi
1026 920 1230 974 mensis
1272 920 1546 988 agnitione
1584 919 1852 973 fallamur.

274 1008 398 1065 Hinc
421 1012 565 1065 enim
589 1026 727 1081 pene
750 1021 977 1067 cunctus
1002 1029 1157 1067 error
1180 1022 1203 1049 ο
1224 1013 1601 1081 discrepanth
1631 1012 1858 1081 pascha-

273 1100 332 1155 lis
367 1102 635 1164 exoritur,
665 1102 792 1156 dum
818 1102 1077 1171 temporis
1108 1102 1317 1155 initium
1343 1103 1622 1170 ignoratur
1657 1101 1700 1155 ί.
1724 1101 1856 1156 Nam

272 1206 382 1246 cum
431 1191 694 1245 Dominus
739 1193 1081 1263 omnipotens
1129 1193 1268 1247 hanc
1313 1193 1725 1247 sacratissimam
1763 1208 1855 1247 so-

272 1280 599 1336 lemnitatem
646 1281 1026 1336 celebrandam
1068 1280 1189 1335 filiis
1232 1280 1416 1345 lsrael,
1460 1282 1550 1351 qui
1588 1297 1658 1336 ex
1683 1280 1855 1351 IEgy-

269 1374 372 1442 ptia
417 1373 682 1428 servitute
731 1373 1121 1437 liberabantur,
1178 1374 1456 1437 indiceret,
1507 1374 1586 1427 ait
1620 1374 1675 1427 in
1717 1373 1859 1428 libro

269 1460 438 1518 Exodi
462 1474 488 1511 ε
520 1464 589 1516 ad
618 1462 836 1534 Moysen
867 1472 921 1518 et
950 1463 1130 1518 Aaron
1162 1464 1212 1517 in
1244 1474 1385 1519 terra
1426 1463 1643 1535 Egypti
1668 1481 1681 1517 :
1705 1463 1858 1519 Meu-

268 1558 333 1610 sis
360 1557 462 1609 iste
486 1557 803 1625 principium
832 1557 1106 1617 meusium,
1140 1557 1338 1626 primus
1379 1558 1478 1609 erit
1518 1556 1571 1609 in
1598 1556 1855 1610 mensibus

268 1649 407 1702 sani.
442 1645 687 1717 itemque
731 1648 926 1703 ibidem
964 1648 986 1684 δ
1035 1666 1047 1700 :
1082 1647 1283 1710 Primo,
1325 1648 1515 1719 inquit,
1546 1664 1740 1715 mense,
1767 1648 1861 1702 de-

1962 462 2134 517 titices
2181 462 2385 533 antiqui
2428 463 2593 517 moris
2638 463 3038 519 observantiam
3068 464 3148 537 [et
3186 462 3248 536 ιη]
3276 464 3469 520 exinde
3514 480 3577 519 a‘

1955 564 2145 609 sancto
2185 555 2367 627 Moyse
2398 555 2668 621 traditam,
2698 556 2841 611 sicut
2870 556 2921 609 in
2964 556 3195 627 septimo
3217 565 3243 593 ⁸³
3269 556 3406 612 libro
3452 556 3549 614 Ec-

1958 647 2272 701 clesiastiee
2300 647 2534 702 refertur
2563 647 2828 712 Historim,
2856 647 3108 702 solertius
3136 647 3544 717 investigantes,

1965 736 2026 790 ab
2078 745 2270 791 octavo
2326 737 2447 792 idus
2509 737 2682 791 Martii
2736 752 2904 805 usque
2959 737 3011 791 in
3071 736 3214 792 diem
3280 750 3547 791 nonarum

1959 827 2128 896 April.
2161 837 2185 863 ο
2212 838 2391 881 natam
2432 828 2611 882 lunam
2645 828 2823 882 facere
2862 827 3116 882 dixerunt
3157 826 3313 895 primi
3344 826 3549 881 mensis

1959 920 2275 984 exordium;
2324 927 2379 973 et
2420 934 2451 973 a
2480 919 2800 974 duodecimo
2848 919 2934 972 die
2982 917 3329 972 calendarum
3376 917 3545 986 April.

1961 1024 2128 1079 usque
2155 1011 2206 1063 in
2237 1010 2507 1064 decimum
2532 1019 2783 1078 quartum
2807 1009 3064 1064 calendas
3088 1008 3213 1063 Mai.
3247 1009 3427 1063 lunam
3453 1008 3547 1063 dc-

1959 1102 2154 1155 cimam
2196 1112 2443 1170 quartam
2494 1103 2744 1156 solertius
2790 1101 3243 1170 inquirendamF;
3273 1115 3394 1170 qum
3419 1088 3547 1170 quia

1959 1208 2081 1247 cum
2126 1194 2257 1249 solis
2285 1209 2445 1248 cursu
2478 1209 2584 1248 non
2613 1203 2641 1245 ιι
2660 1193 2940 1263 aequaliter
2968 1193 3223 1262 volvitur,
3271 1202 3547 1248 tantorum

1958 1280 2167 1336 dierum
2200 1282 2405 1353 spatiis,
2439 1298 2723 1338 occursum
2756 1284 2988 1337 vernalis
3016 1283 3321 1351 :rquinoctii
3351 1298 3547 1339 conse-

1958 1381 2157 1441 quatur
2179 1384 2224 1439 τ,
2256 1374 2346 1441 qui
2376 1388 2407 1426 a
2437 1372 2749 1428 duodecima
2778 1372 3124 1427 calendarum
3148 1373 3409 1443 Aprilium
3438 1375 3544 1441 die,

1959 1471 2276 1519 cunctorum
2321 1461 2676 1519 Orientalium
2705 1463 3007 1529 sententiis,
3047 1473 3101 1519 et
3128 1465 3359 1519 maxime
3389 1464 3548 1536 [Egy-

1958 1553 2214 1623 ptiorum,
2247 1553 2338 1622 qui
2369 1553 2739 1609 calculationis
2767 1568 2878 1623 pne
2906 1554 3155 1609 omnibus
3203 1557 3354 1623 gnari
3396 1567 3542 1623 sunt,

1959 1644 2270 1713 specialiter
2323 1643 2633 1698 adnotatur.
2665 1642 2721 1696 ln
2749 1658 2857 1712 quo
2886 1644 3094 1698 etiamsi
3128 1653 3148 1679 ⁸
3183 1644 3307 1698 luna
3337 1644 3546 1702 decima

267 1740 392 1795 cinna
447 1749 633 1810 quarto
679 1740 766 1794 die
810 1740 998 1794 mensis
1022 1781 1040 1807 ,
1092 1740 1163 1792 ad
1211 1756 1471 1809 vesperam
1516 1737 1532 1776 ί
1587 1739 1863 1794 comedetis
1898 1732 1940 1790 Β
1966 1745 2155 1805 quarta
2196 1736 2425 1791 sabbato
2453 1737 2760 1805 contigerit,
2792 1739 2935 1806 quod
2972 1738 3137 1793 semel
3170 1738 3221 1793 in
3254 1741 3546 1808 nonaginta

268 1845 478 1899 azyma,
522 1846 684 1900 usque
711 1829 781 1882 ad
816 1830 1114 1900 vigesimum
1145 1831 1370 1898 primum
1397 1828 1627 1898 ejusdem
1664 1828 1735 1881 ad
1774 1844 1862 1881 ve-

269 1938 488 1989 speram.
534 1920 593 1975 ιιι
634 1922 1053 1977 Deuteronomio
1082 1922 1096 1971 ι
1129 1935 1345 1989 quoque
1393 1921 1533 1975 idem
1583 1920 1860 1987 legislator

268 2012 475 2084 iloyses
505 2014 579 2067 ita
618 2012 872 2084 populum
904 2012 971 2067 de
1012 2012 1117 2067 hac
1161 2028 1220 2065 re
1256 2020 1586 2073 commonet,
1618 2011 1805 2066 dicens
1835 2028 1850 2064 :

268 2108 499 2161 Observa
538 2123 765 2160 mensem
808 2121 1059 2160 arenarum
1088 2106 1313 2175 frugum,
1354 2114 1406 2158 et
1442 2105 1583 2157 verni
1630 2105 1853 2174 primum

267 2200 536 2271 temporis,
562 2207 617 2252 ut
644 2199 812 2269 facias
855 2197 1049 2267 pascha
1076 2195 1302 2251 Domino
1331 2195 1441 2250 Deo
1471 2205 1577 2261 tuo,
1609 2195 1855 2266 quoiiiam

266 2295 314 2346 iu
338 2295 447 2347 ista
478 2306 656 2345 mense
677 2289 858 2343 eduxit
888 2282 942 2342 te.
973 2286 1231 2341 Dominus
1259 2284 1400 2341 Deus
1443 2296 1559 2340 tuus
1586 2288 1651 2339 de
1677 2286 1854 2356 Argy-

266 2394 344 2453 pto
393 2391 557 2435 noctu
578 2380 626 2434 ι.
681 2378 852 2434 Tanta
891 2378 993 2432 hac
1036 2375 1365 2431 auctoritate
1415 2374 1595 2430 divina
1636 2376 1854 2443 claruit,

268 2474 435 2543 primo
475 2485 682 2533 mense,
714 2468 927 2524 decimo
956 2475 1150 2536 quarto
1175 2466 1282 2530 die,
1327 2464 1396 2520 ad
1426 2480 1728 2536 veSperam,
1762 2480 1854 2519 us-

267 2578 361 2628 que
413 2561 487 2615 ad
518 2559 829 2627 vigesimum
861 2557 1111 2628 primum,
1152 2555 1498 2613 festivitatem
1547 2556 1855 2625 paschalem

267 2652 467 2706 debere
516 2651 800 2705 celebrari.
842 2647 950 2703 Sed
987 2646 1110 2717 quia
1140 2647 1340 2702 mensis
1366 2646 1457 2701 hic
1502 2647 1645 2702 unde
1679 2656 1859 2702 sumat

266 2743 553 2798 exordium
586 2740 667 2796 vel
696 2740 782 2796 ubi
812 2740 1154 2804 terminctur,
1183 2737 1462 2794 evidenter
1488 2738 1562 2792 ibi
1590 2753 1699 2793 non
1722 2737 1857 2807 legi-

259 2918 544 2989 eqnidem,
576 2914 883 2989 Dionysium
915 2912 986 2989 ad
1013 2915 1263 2970 eumdem
1307 2916 1515 2989 cycl‘um
1564 2914 1637 2989 95
1680 2932 1855 2989 anno-

264 2984 398 3052 rum,
437 2984 906 3052 concurrentium,
954 2984 1253 3040 litteraruu.
1293 2984 1715 3054 dominicalium,
1756 2988 1859 3043 do-

264 3062 588 3114 minicarum
628 3057 959 3127 paschalium
1008 3071 1072 3109 ac
1123 3056 1260 3109 luna:
1298 3056 1504 3111 dierum
1554 3060 1857 3126 geminatos

262 3130 589 3201 apposuisse
634 3142 848 3191 versus;
896 3137 968 3201 et_
998 3134 1236 3201 notasse,
1285 3129 1477 3197 quibus
1523 3129 1857 3201 vertentibus

261 3196 449 3270 cj'ctis,
480 3213 604 3270 quas
629 3196 1063 3270 conc_urrenti_um
1090 3211 1155 3270 ac
1184 3196 1504 3270 litterarum,
1531 3208 1663 3270 etc.,
1690 3200 1860 3255 series

262 3266 527 3342 capienda
560 3268 718 3342 foret.
744 3266 1193 3342 Fortassisuetiam
1215 3282 1283 3320 ex
1305 3268 1513 3342 periodi
1526 3268 1863 3342 Victorianus

262 3336 534 3395 annorum
562 3336 668 3391 532
689 3338 943 3392 methodo
974 3337 1092 3390 illas
1122 3340 1265 3406 ipsas
1293 3338 1632 3393 mutabilium
1669 3340 1859 3395 chara-

264 3419 479 3465 cterum
510 3411 683 3463 series
709 3409 979 3477 ascripsit.
1010 3406 1068 3460 in
1099 3407 1253 3477 cyclo
1285 3421 1477 3475 magno
1507 3409 1729 3464 Victorii
1761 3426 1859 3465 en-

263 3476 979 3547 nenecontapentaeterides
998 3488 1120 3531 sunt
1134 3476 1378 3547 quinque
1393 3479 1598 3545 solidas,
1620 3495 1743 3534 cum
1766 3496 1860 3534 an-

264 3553 344 3605 nis
373 3550 471 3612 57,
502 3550 619 3603 sive
644 3549 810 3617 cyclis
839 3548 1023 3602 tribus.
1069 3548 1175 3615 Sex
1208 3549 1368 3616 igitur
1406 3548 1703 3603 istiusmodi
1740 3565 1864 3605 ver-

265 3636 351 3674 sus
374 3619 669 3689 Dionysius
687 3619 933 3679 instituit,
952 3619 1047 3689 qui
1060 3618 1520 3689 concurrentium,
1537 3619 1856 3689 litterarum,

263 3702 391 3755 etc.,
448 3685 699 3758 ordinem
727 3685 1097 3758 continebant.
1134 3688 1292 3741 Anno
1321 3685 1521 3758 Christi
1570 3688 1696 3753 437,
1752 3705 1861 3758 quo

265 3764 502 3830 primum
532 3757 945 3830 Cyrilli‘pascha
974 3757 1073 3811 fuit
1098 3758 1250 3830 cyclo
1288 3758 1418 3811 solis
1432 3757 1527 3830 26,
1548 3758 1734 3830 littera
1765 3757 1863 3814 do-

265 3826 536 3884 ininicalis
566 3826 681 3882 erat
709 3826 773 3895 C,
804 3826 1190 3881 concurrentes
1215 3826 1268 3897 4,
1300 3827 1499 3897 pascha
1528 3829 1614 3883 die
1636 3827 1672 3881 2
1704 3829 1863 3897 Apri-

263 3903 344 3955 lis.
375 3898 628 3953 Evolutis
656 3896 744 3962 95,
771 3912 912 3950 anno
936 3898 1132 3952 Christi
1160 3896 1284 3962 552,
1304 3896 1703 3954 concurrentes
1747 3896 1864 3953 fue-

264 3981 391 4025 mnt
418 3969 477 4033 4,
513 3969 692 4021 littera
714 3967 1054 4022 douiinlcalis
1077 3969 1117 4020 D
1138 3967 1199 4023 C.
1234 3968 1341 4023 Sed
1368 3968 1659 4027 bissextilis
1695 3971 1863 4023 ratio-

263 4058 386 4095 nem
419 4039 734 4111 conturbat.
764 4036 974 4111 Quippe
1002 4052 1150 4111 anno
1174 4047 1375 4111 quarto
1397 4038 1859 4111 cycliCyrilliani,

262 4112 353 4178 qui
393 4120 482 4179 est
508 4108 712 4160 Christi
750 4104 883 4171 Att),
906 4104 1091 4179 littera,
1124 4104 1223 4161 fuit
1266 4106 1310 4163 G
1336 4106 1400 4179 F,
1429 4104 1761 4179 'cyclo'solis
1809 4109 1859 4172 1,

263 4176 406 4234 luna:
438 4178 493 4240 4,
526 4186 915 4231 concurrentes
944 4176 1143 4249 Martio
1160 4192 1351 4249 mense
1382 4177 1435 4249 i_,
1464 4176 1663 4249 pascha
1708 4180 1795 4234 die
1829 4179 1860 4232 7

261 4250 493 4329 Aprilis.
634 4248 1169 4329 almoﬂuartocycli
1196 4248 1358 4329 primi
1394 4247 1723 4329 Dionynsiani,
1771 4249 1861 4317 qui

262 4313 366 4375 fuit
394 4318 600 4372 Christi
631 4313 756 4377 555,
790 4313 966 4370 littera
1009 4313 1349 4371 dominicalis
1386 4327 1504 4371 erat
1534 4313 1601 4383 '6,
1634 4313 1863 4374 concur-

261 4401 453 4443 rentes
484 4387 537 4450 7,
572 4388 765 4453 pascha
792 4386 878 4439 die
906 4385 939 4439 8
964 4386 1177 4453 Aprilis.
1206 4386 1391 4456 Itaque
1420 4403 1527 4441 non
1555 4388 1781 4443 redeunt
1810 4390 1865 4443 in

258 4464 459 4514 urbem
484 4458 710 4511 annales
736 4458 1137 4510 εὶιτιιυξιριειιὶμιιιὶ
1168 4467 1289 4526 post
1325 4473 1496 4510 annos
1524 4456 1610 4510 95.
1645 4458 1774 4511 Nam
1811 4467 1867 4513 et

296 4530 530 4583 aulatim
581 4530 935 4592 discrepantia
979 4526 1150 4593 major
1176 4528 1378 4593 existit,
1412 4538 1465 4580 ut
1489 4544 1554 4581 ex
1602 4529 1863 4582 laterculo

259 4547 383 4653 Ruri
411 4616 476 4653 ιι,
500 4612 621 4653 part.
660 4596 782 4653 2-2.7.
811 4605 973 4653 natet.
1006 4597 1128 4649 Ideo
1153 4600 1394 4652 diversos
1416 4599 1861 4653 characterismo-

276 4604 383 4653 ibri
411 4616 476 4664 ιι,
500 4612 621 4665 pag.
660 4570 787 4657 2-2.7:
811 4605 973 4663 patet.
1006 4570 1128 4649 Ideo
1153 4570 1394 4652 diversos
1416 4599 1861 4653 characterismo-
1893 4570 1946 4631 D

257 4687 380 4725 rum
436 4671 662 4721 Horum
692 4666 906 4720 ordine:
958 4668 1021 4718 ad
1066 4670 1863 4735 cnncnccoutapeutaeteridem

255 4756 417 4793 suam
465 4737 749 4806 Dionysius
779 4737 1221 4797 accommodavit,
1247 4752 1381 4804 quas
1427 4740 1544 4792 sine
1580 4738 1761 4801 dubio,
1796 4755 1865 4794 ex

257 4814 494 4878 majoris
536 4808 674 4879 cycli
700 4807 973 4871 methodo,
1020 4808 1093 4879 uti
1131 4808 1381 4872 diximus,
1413 4809 1638 4879 accepit.
1691 4807 1866 4863 ΡετΑ-

255 4897 398 4935 vios.
460 4910 529 4919 —
568 4878 722 4930 Vana:
770 4885 895 4930 sunt
938 4878 1276 4945 conjecturae.
1328 4878 1521 4947 quibus
1567 4878 1859 4946 difﬁcilem,

255 4966 433 5017 quam
474 4948 575 5001 sibi
603 4948 772 5014 tingit,
802 4949 1153 5017 qtlaxstionem
1195 4947 1408 5001 solvere
1448 4958 1674 5003 conatur
1707 4948 1865 5004 Peta-

256 5016 404 5073 vius.
464 5018 530 5071 lis
578 5018 826 5087 omnibus
874 5016 1225 5087 supersedere
1273 5032 1575 5086 possumus,
1628 5021 1695 5087 si,
1755 5037 1860 5074 non

256 5094 476 5151 dii-ain,
515 5088 721 5158 cyclum
745 5084 1007 5158 Dionysii,
1062 5084 1283 5141 Petavio
1327 5089 1590 5155 ignotum,
1637 5084 1729 5143 sed
1776 5092 1862 5145 vel

257 5161 444 5227 ipsam
464 5156 601 5212 hanc
624 5156 989 5229 praefationem
1016 5158 1473 5229 illiusdiligcntius
1498 5161 1857 5229 inspiciamus.

256 5230 403 5284 Nam
442 5246 564 5283 cum
594 5228 804 5298 cyclum
830 5242 983 5281 suum
1008 5227 1077 5280 95
1107 5244 1392 5291 annorum,
1422 5244 1526 5283 non
1553 5227 1650 5284 ιιὲιι
1694 5246 1856 5284 ouum

256 5301 596 5367 propasitam
652 5298 953 5366 ﬁrmitatem
1014 5307 1208 5363 tenere,
1264 5299 1526 5364 dixisset,
1567 5300 1865 5355 luculenter

253 5371 529 5429 ostendit,
559 5383 806 5436 quantam
837 5369 967 5437 cycli
992 5369 1071 5421 sui
1103 5369 1365 5422 columna:
1388 5370 1528 5422 illam
1560 5370 1861 5425 firmitatem

256 5446 525 5500 teneant,
554 5454 671 5507 qua:
703 5438 899 5507 minus.
934 5438 1011 5490 Ad
1045 5438 1161 5491 illas
1184 5439 1433 5493 videlicet
1454 5440 1621 5493 refert
1660 5439 1723 5491 1ο
1765 5456 1862 5498 an-

256 5525 370 5563 nos
402 5505 628 5571 Christi,
663 5507 719 5559 2⁸
751 5505 1092 5569 indictiones,
1117 5507 1179 5560 5°
1211 5517 1451 5575 epactas,
1498 5508 1563 5562 4"
1605 5510 1862 5565 circulum

256 5577 859 5642 deCcmiiovennaleIn,
890 5586 943 5631 et
987 5576 1044 5629 5"
1074 5580 1227 5632 lunas
1254 5578 1345 5644 ii;
1397 5580 1462 5633 ad
1500 5579 1614 5644 has,
1647 5580 1702 5632 1⁸
1734 5597 1865 5637 con-

255 5658 581 5709 currentes,
610 5648 673 5698 2"
703 5649 820 5702 dies
850 5648 1089 5714 Pasch-.r,
1117 5648 1172 5701 δ’
1206 5650 1383 5703 lunam
1413 5650 1518 5705 diei
1560 5651 1860 5707 dominicae.

259 5721 528 5789 Expletis
558 5722 715 5786 igitur
740 5717 810 5771 95
838 5720 1010 5783 annis,
1037 5724 1102 5771 ad
1125 5721 1353 5788 primum
1384 5722 1593 5793 cyclum
1629 5720 1679 5774 Ν
1691 5720 1750 5776 Β.
1796 5726 1867 5779 ri-

533 5816 803 5876 PATIOL.
852 5817 959 5877 LX
976 5818 1014 5874 ι’
1032 5818 1107 5879 ιι.

1888 3192 1934 3255 C

1963 1828 2201 1898 quinque
2223 1828 2379 1882 annis
2403 1826 2652 1883 accidere
2694 1828 3037 1883 manifestum
3069 1837 3169 1894 est,
3194 1830 3440 1899 sequenti
3460 1828 3548 1887 die

1962 1918 2254 1983 dominico,
2298 1918 2353 1973 id
2395 1925 2479 1973 est
2506 1917 2791 1973 undecimo
2830 1918 2934 1973 cal.
2966 1919 3136 1989 April.
3184 1920 3309 1976 luna
3334 1920 3547 1977 decima

1959 2011 2164 2081 quinta,
2194 2010 2572 2065 celebrandum
2604 2009 2806 2065 Pascha
2863 2010 3052 2065 eadem
3095 2022 3280 2068 sancta
3308 2014 3549 2084 synodus

1957 2100 2075 2155 sine
2093 2099 2446 2169 ambiguitate
2468 2099 2720 2167 firmavit,
2748 2101 2851 2155 hoc
2876 2101 3052 2156 modis
3077 2103 3326 2158 omnibus
3356 2104 3545 2158 admo-

1959 2206 2118 2261 nens,
2146 2201 2207 2248 ut
2234 2201 2359 2247 ante
2386 2192 2763 2249 duodecimum
2790 2193 3001 2249 calend.
3037 2192 3207 2264 April.
3242 2196 3421 2251 lunam
3452 2200 3520 2253 de
3538 2230 3551 2243 ο

1956 2282 2153 2338 cimam
2196 2291 2446 2353 quartam
2486 2283 2760 2355 paschalis
2805 2283 2927 2339 festi
2982 2285 3161 2341 nullus
3214 2287 3546 2360 inquireret;

1958 2386 2120 2441 quam
2181 2388 2289 2428 non
2337 2373 2496 2443 primi
2545 2372 2772 2439 mensis,
2824 2372 2923 2430 sed
2977 2374 3186 2441 ultimi,
3238 2392 3360 2433 esse
3413 2392 3549 2435 con-

1960 2473 2151 2521 staret.

2032 2555 2138 2610 Sed
2189 2571 2291 2612 nec
2338 2556 2445 2612 hoc
2489 2556 2918 2627 praetereundum
2970 2571 3091 2613 esse
3145 2559 3451 2628 putavimus
3486 2562 3550 2626 ι,

1963 2649 2109 2718 quod
2148 2648 2308 2703 nimis
2346 2658 2531 2703 errant
2564 2648 2655 2718 qui
2701 2647 2881 2703 lunam
2920 2661 3180 2718 peragere
3204 2663 3420 2707 cursum
3466 2651 3551 2705 sui

1965 2738 2149 2795 circuli
2180 2739 2397 2810 triginta
2427 2739 2633 2794 dierum
2665 2739 2852 2810 spatiis
2889 2740 3238 2806 azstimantes,
3267 2739 3549 2797 duodecim

1963 2918 2206 2991 qiiauter,
2237 2926 2293 2975 et
2322 2918 2396 2973 ita
2424 2929 2704 2991 recurrere
2726 2914 2898 2984 jubet,
2932 2924 2991 2970 ut
3012 2933 3103 2981 per
3127 2933 3214 2971 eos
3242 2917 3440 2991 cyclos,
3468 2921 3556 2991 qui

1963 2989 2171 3059 ﬁnitum
2186 3006 2388 3043 cursum
2408 2990 2649 3059 retineat,
2671 3002 2847 3041 earum
2865 3003 3186 3059 progressus,
3210 2990 3298 3059 qui
3318 2989 3558 3044 videntur

1967 3056 2205 3123 titubare,
2220 3068 2391 3114 susten
2400 3067 2552 3125 tetur,
2567 3058 2681 3111 sive
2695 3056 2987 3111 secundum
2997 3056 3147 3126 leges
3165 3056 3301 3127 cycli
3320 3059 3551 3116 Alexan-

1965 3127 2283 3253 drianibquas
2313 3140 2471 3185 vocat
2501 3134 2814 3197 argumenta
2854 3128 3145 3197 paschalia,
3170 3128 3549 3187 constituatur.

2154 3242 2168 3253 .
2198 3216 2284 3253 ex.

2040 3208 2068 3236 ι
2106 3201 2168 3254 C.
2198 3216 2284 3254 ex.

2040 3268 2065 3307 δ
2105 3242 2168 3337 c,’
2196 3287 2486 3342 eorumque.

2042 3352 2063 3377 ε
2106 3341 2168 3406 C,
2197 3340 2434 3395 sustinet.
2469 3340 2532 3405 D,
2563 3341 2842 3394 sustinent.

2037 3409 2063 3447 ⁶¹
2104 3411 2164 3477 C,
2192 3412 2429 3465 minima.

2039 3490 2064 3518 ο
2102 3479 2165 3544 C,
2198 3498 2347 3537 error
2376 3482 2590 3536 cunctis.

2041 3549 2061 3588 ί
2102 3551 2350 3621 Quatuor
2376 3552 2491 3607 hinc
2517 3551 2763 3621 proxima
2791 3550 3048 3606 vocabula
3079 3550 3135 3605 in
3156 3549 3197 3605 A
3227 3550 3442 3612 desunt.

2038 3630 2064 3668 Β
2105 3619 2276 3676 Exod.
2300 3638 2395 3684 xu,
2419 3621 2473 3675 2.

2040 3688 2065 3728 ιι
2106 3691 2265 3759 lbid.,
2289 3707 2430 3747 vers.
2458 3690 2545 3746 18.

2042 3760 2057 3799 ί
2104 3761 2244 3817 ltaC
2274 3771 2329 3816 et
2354 3760 2435 3815 D:
2478 3762 2677 3818 rectius
2717 3762 2946 3819 fortasse
2972 3775 3134 3831 quam
3181 3764 3295 3832 alii,
3334 3765 3430 3838 qui
3453 3763 3552 3823 in-

1964 3834 2093 3887 bent
2121 3848 2405 3901 vesperum.

2041 3903 2055 3951 i
2105 3900 2265 3955 Deut.
2296 3916 2406 3968 xvi,
2431 3900 2480 3953 1.

2036 3969 2063 4007 ¹ι
2104 3970 2170 4032 Α.
2203 3980 2370 4025 nocte.

2043 4038 2059 4079 ¹
2103 4039 2253 4096 Hanc
2275 4054 2463 4095 vocem
2487 4039 2690 4094 addunt
2712 4041 2755 4094 Α
2777 4050 2831 4095 et
2857 4040 2918 4096 C.

2039 4120 2077 4146 ω
2119 4110 2175 4165 1η
2204 4110 2245 4164 C
2268 4118 2435 4171 recte,
2470 4120 2528 4164 ut
2555 4110 2786 4173 videtur,
2821 4113 2993 4167 deest.

2038 4190 2064 4218 ο
2105 4181 2161 4235 in
2189 4179 2230 4234 C
2261 4181 2475 4250 legitur,
2506 4178 2613 4234 illi.

2041 4260 2064 4287 °
2105 4251 2169 4318 C,
2196 4252 2247 4304 in
2277 4267 2401 4303 non.
2433 4252 2597 4320 April.

2040 4332 2067 4372 Ρ
2109 4322 2170 4387 C,
2200 4322 2633 4391 investigandum.

2043 4403 2069 4441 (ι
2109 4392 2169 4457 C,
2200 4392 2321 4463 quia
2342 4408 2443 4445 non
2467 4392 2591 4445 solis
2613 4394 2783 4445 cursui
2808 4395 3096 4463 wqualiter,
3124 4404 3235 4452 etc.

2045 4472 2067 4499 τ
2112 4463 2173 4527 Α,
2205 4477 2308 4515 non
2335 4470 2596 4530 sequatur.

2046 4544 2067 4571 ι
2109 4532 2335 4587 Notetur
2371 4533 2475 4606 hoc
2528 4532 2787 4606 Dionysii,
2817 4532 3154 4606 imoNictcni
3187 4538 3425 4606 concilii,
3463 4539 3556 4597 de-

1971 4600 2722 4675 cretum,contraScaligeri,
2747 4603 2964 4675 Calvisii
3002 4614 3059 4675 et
3086 4607 3137 4659 id
3166 4621 3335 4675 genus
3377 4600 3559 4666 calen-

1970 4675 2104 4729 darii
2131 4672 2610 4742 artilicurndogma
2633 4691 2648 4739 ;
2674 4674 2764 4742 qui
2790 4674 2914 4730 luna
2940 4675 3006 4728 15
3046 4672 3252 4732 Pascha
3296 4679 3558 4735 celebrari

1971 4745 2120 4800 nefas
2150 4750 2359 4812 putant.
2394 4740 2606 4797 Etenim
2655 4740 2776 4797 cum
2825 4745 2948 4799 luna
2981 4745 3046 4797 M
3079 4748 3131 4798 in
3162 4748 3441 4803 sabbatum
3475 4750 3560 4800 in-

1969 4816 2117 4887 cidit
2142 4830 2216 4869 xu
2243 4813 2345 4867 cal.
2377 4812 2586 4887 April.,_
2617 4814 2719 4867 hoc
2761 4824 2847 4887 est
2869 4816 2957 4887 die
2979 4814 3041 4869 21
3071 4815 3268 4883 Martii,
3299 4818 3558 4887 postridie

1968 4885 2173 4939 Pascha
2205 4892 2508 4952 peragetur.
2535 4882 2589 4936 id
2618 4900 2725 4937 non
2752 4885 2851 4939 nisi
2894 4886 3034 4940 luna:
3063 4887 3212 4955 cyclo
3262 4882 3345 4940 vel
3390 4902 3559 4942 aureo

1969 4971 2191 5025 numero
2216 4969 2301 5025 χιι
2328 4956 2541 5007 evenire
2568 4964 2777 5025 potest;
2804 4957 3066 5025 cycloque
3092 4956 3220 5009 solis
3265 4956 3320 5021 5,
3347 4966 3439 5011 aut
3465 4956 3559 5024 20,

1968 5036 2059 5079 aut
2102 5023 2192 5077 '25.
2241 5022 2427 5093 Itaque
2478 5022 2670 5094 quater
2702 5026 2753 5077 in
2808 5022 2919 5078 tota
2977 5022 3204 5094 periodo
3248 5022 3559 5083 Victoriana

1968 5095 2345 5169 contingit,_ut
2372 5095 2432 5169 in_
2453 5094 2608 5169 annis
2636 5093 2837 5169 Christi
2878 5093 3122 5159 72,319,
3159 5094 3281 5169 114,
3313 5096 3439 5161 509,
3464 5101 3558 5169 qui

1966 5176 2091 5237 sunt
2113 5165 2308 5237 prioris
2317 5163 2551 5237 periodi,
2566 5165 2619 5237 in
2638 5164 2873 5237 secunda
2896 5182 3024 5237 vero
3046 5165 3200 5221 annis
3219 5168 3414 5222 Christi
3429 5163 3557 5237 664,

1966 5234 2092 5299 851,
2113 5231 2467 5309 ’11)ί11ζ11ξῤ.
2498 5231 2730 5309 Proinde
2755 5235 2921 5309 semel
2959 5236 3010 5289 iu
3050 5231 3561 5309 ennenccontapen;

1969 5306 2231 5376 taeteride
2260 5304 2466 5376 Cyrilli,
2497 5313 2551 5357 et
2579 5304 2632 5356 in
2658 5303 2977 5374 Dionysiana
3001 5308 3167 5361 semel
3192 5313 3319 5363 item
3341 5303 3557 5368 accidit.

1968 5375 2023 5430 In
2042 5378 2165 5442 hac,
2188 5374 2330 5428 anno
2356 5374 2521 5443 ipsius
2542 5388 2728 5437 Lxxtu,
2752 5375 2842 5442 qui
2869 5386 2953 5430 est
2972 5377 3164 5432 Christi
3188 5378 3312 5433 604.
3347 5379 3555 5439 Penv.

2046 5450 2061 5481 ι
2110 5442 2467 5499 Memorabilis
2497 5442 2586 5497 hic
2634 5444 2799 5499 locus.
2838 5460 2904 5499 ex
2939 5463 3066 5515 quo,
3094 5460 3253 5505 aitate
3302 5450 3390 5505 illa
3435 5452 3558 5507 Dio-

1968 5518 2124 5587 nysii,
2155 5516 2411 5587 discimus
2438 5514 2700 5585 quosdam
2728 5516 2890 5571 fuisse
2915 5514 3006 5586 qui
3049 5520 3288 5576 lunarem
3320 5536 3559 5579 mensem

1969 5585 2038 5638 59
2071 5586 2259 5656 diebus
2312 5586 2835 5652 circumscriberent,
2867 5585 2985 5656 quin
3011 5589 3111 5645 fuit
3150 5602 3394 5647 veterum
3440 5609 3561 5646 ina-

1970 5658 2113 5710 xiine
2129 5654 2445 5729 βιωθοωιιι
2472 5658 2767 5727 persuasio,
2795 5654 2986 5714 uti'lib.
3022 5678 3033 5715 I
3064 5660 3131 5714 de
3155 5662 3333 5715 Docir.
3369 5672 3530 5729 temp.
3542 5701 3558 5729 ,

1971 5744 2091 5797 cap.
2128 5727 2180 5793 Ἰ,
2212 5728 2715 5785 demonstravimus.
2752 5729 3035 5788 l’ursvws.

3058 5828 3131 5888 16
