3878 6194
306 334 315 338 _
358 248 461 307 -ιθι

1733 252 2022 310 DIONYSH
2059 250 2292 312 EXIG‘UI

3496 270 3587 327 ιςκι

367 361 582 421 lunares
610 378 845 432 menses,
885 362 939 417 in
968 364 1226 418 trecentis
1253 365 1536 434 sexaginta
1557 365 1746 421 diebus
1771 383 1958 422 nume-
1986 385 2025 434 Α
2061 369 2331 434 salutifera
2373 372 2698 425 solemnitate
2745 370 3000 440 paschali,
3034 376 3514 434 cxcommunicandos
3549 398 3589 438 et

366 461 509 527 rant,
541 454 734 523 quibus
763 454 929 509 etiam
963 453 1202 522 quinque
1239 454 1355 510 dies
1395 454 1678 525 adjiciunt,
1706 471 1845 527 quos
1873 458 1957 511 in-

369 544 667 603 tercalares
715 544 1004 614 appellavit
1027 545 1345 613 antiquitas,
1377 554 1438 601 ut
1480 548 1713 602 solarem
1755 564 1955 603 annum

370 635 667 711 adimplere
697 635 1011 700 videantur;
1040 650 1163 689 cum
1193 636 1421 706 diligens
1449 638 1727 706 inquisitio
1756 639 1957 694 verita-

369 730 437 799 tis
459 728 777 795 ostenderit,
806 727 859 781 in
882 726 1092 783 duobus
1120 727 1261 783 lunae
1292 730 1505 784 circulis
1533 745 1640 786 non
1676 731 1954 800 sexaginta

369 820 505 881 dies.
535 817 633 874 sed
656 819 1043 888 quinquaginta
1084 834 1279 875 novem
1308 821 1509 877 debere
1552 822 1844 877 numerari.
1875 823 1955 877 Ac

371 924 471 982 per
510 910 616 965 hoc
656 910 709 964 in
753 910 1035 967 duodecim
1064 911 1342 968 lunaribus
1381 913 1653 972 mensibus
1681 923 1955 969 trecento-

367 1017 485 1057 rum
514 1002 902 1073 quinquaginta
940 1012 1173 1073 quatuor
1204 1005 1408 1060 dierum
1451 1022 1713 1062 summam
1754 1007 1954 1077 colligi,

366 1092 450 1161 cui
476 1101 694 1161 epactas
723 1092 963 1165 Egyptii
986 1110 1215 1164 annuas,
1244 1096 1295 1149 id
1322 1104 1407 1151 est
1438 1097 1685 1151 undecim
1715 1097 1831 1152 dies
1859 1112 1955 1150 ac—

367 1183 745 1241 commodant;
778 1193 836 1237 ut
872 1185 949 1239 ita
977 1184 1192 1239 demum
1218 1185 1418 1240 lunaris
1445 1187 1689 1243 emcnsio
1712 1196 1735 1221 λ
1760 1184 1958 1241 rationi

367 1272 495 1331 solis
525 1273 858 1341 aquuetur.
907 1274 1061 1340 Quod
1104 1277 1443 1335 verissimum
1472 1292 1591 1337 esse
1640 1287 1802 1346 atque
1845 1293 1959 1331 cer-

370 1361 652 1427 tissimum,
683 1376 846 1432 supra
890 1364 1214 1432 scriptorum
1248 1364 1465 1421 Patrum
1510 1367 1777 1425 sententia
1806 1381 1956 1421 com-

369 1438 645 1517 probatur,
671 1452 762 1521 qui
788 1451 940 1521 juxta
964 1453 1101 1507 hanc
1125 1453 1497 1525 Egyptiorum
1521 1457 1955 1521 calculationem,

368 1551 588 1608 quartas
614 1542 853 1597 decimas
877 1544 1030 1598 lunas
1059 1546 1322 1615 paschalis
1343 1548 1698 1603 observantia:
1729 1548 1959 1603 tradide-

370 1642 515 1688 runt.
564 1632 669 1687 Sed
720 1634 963 1688 nonnulli
1019 1644 1183 1690 tanta:
1238 1638 1568 1703 subtilitatis,
1622 1640 1737 1693 sive
1778 1639 1959 1708 potius

2059 463 2121 516 de
2154 461 2393 516 Ecclesia
2423 464 2685 534 pellendos
2714 478 2827 517 esse
2855 478 3114 517 censemus
3160 462 3205 530 ιι,
3238 469 3280 519 si
3309 478 3460 523 tamen
3484 491 3579 528 con-

2057 553 2323 606 tentiosius
2355 551 2369 589 ι
2412 554 2657 606 adversus
2684 569 2745 605 ea
2774 569 2887 622 quae
2908 552 3037 605 bene
3054 562 3168 605 sunt
3190 554 3379 609 decreta
3397 565 3585 628 perstite

2056 643 2181 696 rint.
2215 641 2284 693 Et
2312 646 2421 696 haec
2444 643 2647 713 quidem
2683 643 2747 697 de
2784 644 2933 696 laicis
2960 643 3097 695 dicta
3124 644 3241 698 sint.
3295 645 3352 700 Si
3390 651 3493 720 quis
3517 670 3594 706 au-

2060 741 2159 785 tem
2189 749 2363 786 eorum
2404 735 2489 804 qui
2528 743 2760 801 praesunt
2787 732 3053 799 Ecclesiaz,
3096 743 3180 786 aut
3218 738 3484 808 episcopus,
3521 756 3598 797 aut

2058 824 2339 895 presbyter,
2376 835 2467 878 aut
2494 825 2764 891 diaconus,
2795 835 2911 896 post
2939 826 3074 879 hanc
3094 826 3425 895 deﬁnitionem
3458 843 3600 886 tenta-

2056 918 2185 968 uerit
2207 954 2222 977 ,
2283 916 2352 968 ad
2404 916 2784 970 subversionem
2831 916 3134 985 populorum
3184 928 3233 971 et
3278 918 3595 978 Ecclesiarum

2058 1003 2513 1072 perturbationem,
2537 1010 2757 1059 seorsim
2782 1006 3044 1077 colligere,
3088 1014 3137 1059 et
3161 1023 3274 1060 cum
3291 1008 3473 1065 Judaeis
3506 1012 3601 1066 Pa-

2056 1094 2180 1147 scha
2207 1094 2483 1161 celebrare,
2508 1105 2692 1148 sancta
2711 1095 2938 1165 synodus
2959 1095 3094 1149 [tunc
3114 1097 3331 1151 alienum
3339 1098 3445 1168 jam
3458 1102 3604 1157 hinc"-

2058 1185 2121 1237 ab
2153 1184 2386 1239 Ecclesia
2403 1185 2657 1256 judicavit
2683 1201 2702 1237 :
2731 1186 2866 1255 quod
2908 1202 3012 1240 non
3058 1188 3220 1240 solum
3254 1189 3378 1257 sibi,
3403 1192 3483 1244 sed
3507 1194 3606 1260 plu-

2059 1275 2202 1328 rimis
2245 1291 2402 1328 causa
2431 1276 2785 1343 corruptionis
2826 1292 2888 1328 ac
2937 1275 3332 1345 perturbationis
3361 1282 3603 1337 exstiterit.

2062 1366 2173 1422 Nec
2204 1368 2367 1421 solum
2402 1384 2435 1420 a
2463 1367 2752 1421 ministerio
2786 1367 2915 1422 tales
2945 1378 3183 1433 removet,
3214 1371 3302 1423 sed
3328 1372 3471 1425 etiam
3496 1374 3563 1429 illi
3583 1384 3608 1413 ι

2059 1459 2145 1527 qui
2171 1468 2285 1529 post
2325 1458 2713 1512 damnationem
2750 1458 3045 1528 hujusmodi
3083 1462 3450 1515 communicare
3473 1471 3495 1498 ο
3521 1473 3609 1516 ten—

2062 1551 2304 1615 taverint,
2344 1550 2578 1602 damnati
2608 1558 2728 1603 sunt
2750 1559 2799 1614 ρ,
2831 1550 2973 1603 omni
2999 1566 3196 1620 quoque
3222 1552 3517 1605 extrinsecus
3536 1554 3611 1607 lto-

2061 1658 2187 1695 nore
2206 1641 2420 1710 privati,
2451 1657 2600 1712 quem
2620 1650 2803 1694 sancta
2831 1641 3012 1711 regula
3039 1651 3066 1690 η
3091 1651 3142 1694 et
3180 1642 3506 1697 sacerdotium
3534 1643 3615 1703 Dei

374 1723 670 1779 sanctiouis
700 1724 890 1799 ignari,
922 1725 1047 1779 dum
1076 1727 1179 1781 alia
1224 1729 1617 1799 supputationis
1645 1740 1958 1798 argumenta
1995 1751 2035 1809 Β
2060 1734 2360 1802 promeruit.
2391 1732 2484 1787 [iis
2514 1749 2619 1788 non
2648 1732 2925 1788 dissimilia
2954 1735 3277 1790 venerabilis
3304 1752 3436 1807 papa
3464 1737 3615 1803 Leo',

372 1814 686 1882 perquirunt
720 1816 768 1879 δ,
817 1829 847 1868 a
876 1817 1119 1871 veritatis
1167 1820 1383 1874 tramite
1429 1820 1688 1876 recedunt
1715 1832 1761 1874 ε.
1805 1819 1959 1878 Unde

372 1903 690 1972 plerumque
733 1904 1040 1974 contingitd
1082 1915 1139 1960 ut
1166 1921 1328 1977 quam
1354 1917 1376 1944 θ
1407 1923 1552 1978 saepe
1594 1910 1726 1963 dicti
1772 1908 1960 1973 Patres

372 1992 631 2047 decimam
654 2004 899 2063 quartam
931 1995 1112 2050 lunam
1153 2007 1381 2066 ponunt,
1428 2013 1547 2054 eam
1578 1999 1666 2053 isti
1695 2000 1960 2061 decimam

372 2084 613 2153 quintam
645 2086 1011 2155 suspicentur;
1041 2096 1098 2141 et
1121 2102 1239 2156 qua:
1264 2089 1519 2156 vigesima
1548 2090 1718 2159 prima
1750 2099 1853 2158 est,
1883 2092 1959 2145 vi-

372 2176 627 2243 gesimum
658 2176 944 2231 secundam
967 2192 1087 2232 esse
1109 2180 1480 2247 pronuntient.
1505 2179 1611 2235 Sed
1641 2181 1816 2246 nobis,
1841 2183 1961 2251 qui—

370 2268 469 2329 bus
497 2282 650 2325 amor
678 2277 731 2323 et
756 2284 883 2325 cura
914 2279 998 2324 est
1030 2268 1350 2337 Christianae
1380 2272 1676 2340 religionis,
1716 2289 1748 2329 a
1779 2282 1960 2330 tanto-

370 2373 489 2433 r_um
518 2356 836 2429 pontiﬁcum
862 2359 1251 2431 constitutione
1278 2359 1293 2398 ί
1323 2362 1469 2417 nulla
1495 2378 1719 2431 prorsus
1745 2373 1963 2435 oportet

371 2449 579 2503 ratione
626 2450 933 2513 discedere;
976 2452 1067 2506 sed
1114 2452 1387 2521 pnelixam
1428 2453 1495 2507 ab
1541 2453 1623 2506 his
1654 2455 1963 2522 paschalem

379 2540 618 2608 regulam
658 2540 1017 2595 sincerissima
1066 2542 1317 2597 convenit
1354 2542 1642 2598 devotione
1667 2553 1691 2590 8
1720 2559 1955 2599 servare.

446 2628 654 2694 Quanta
684 2645 814 2684 vero
845 2630 897 2684 in
931 2631 1185 2686 Ecclesiis
1214 2640 1327 2686 toto
1351 2641 1615 2686 terrarum
1647 2633 1781 2687 orbe
1806 2633 1962 2689 ditiu-

378 2719 446 2774 sis
484 2720 676 2775 horum
719 2719 939 2776 Patrum
985 2723 1222 2777 nitamur
1268 2726 1612 2791 auctoritate,
1661 2740 1767 2780 non
1809 2725 1962 2783 labor

374 2818 454 2862 est
483 2810 803 2876 ostendere,
843 2827 962 2865 cum
990 2824 1234 2867 sanctum
1263 2816 1551 2869 concilium
1593 2817 1734 2885 apud
1774 2816 1963 2872 Antio-

380 2899 549 2953 :hiam
584 2895 608 2937 δ
637 2909 758 2968 post
785 2908 1031 2970 tempora
1055 2919 1161 2958 non
1189 2903 1264 2957 ita
1292 2903 1451 2974 longe
1485 2908 1833 2973 conveniens,
1865 2923 1961 2964 eo-

374 3005 490 3042 rum
532 2990 780 3058 primitus
809 2991 1183 3047 deﬁnitionem
1205 3007 1366 3062 quam
1393 2994 1462 3049 de
1486 2996 1725 3066 paschali
1750 2998 1961 3052 ratione

2060 1823 2202 1877 sedis
2231 1824 2539 1892 apostolicae
2581 1823 2797 1895 praesul,
2848 1825 3181 1893 pronuntiat,
3211 1826 3422 1881 dicens:
3448 1826 3616 1883 Contra

2058 1926 2254 1971 statuta
2295 1933 2553 1971 canonum
2600 1928 2951 1988 paternorum,
3005 1935 3124 1989 quae
3176 1929 3295 1974 ante
3340 1922 3619 1993 longissima!

2062 2009 2236 2061 etatis
2266 2023 2432 2061 annos
2473 2009 2528 2061 in
2570 2008 2693 2062 urbe
2730 2007 2918 2064 Νίσαια
2943 2011 3265 2079 spiritalibus
3291 2023 3405 2066 sunt
3431 2015 3620 2084 fundata

2060 2097 2297 2156 decretis,
2329 2097 2459 2150 nihil
2488 2098 2727 2167 cuiquam
2767 2098 2958 2151 audere
3008 2100 3341 2164 conceditur;
3388 2103 3460 2155 ita
3501 2111 3550 2154 ut
3581 2103 3621 2153 si

2060 2189 2174 2259 quis
2214 2188 2468 2242 diuersum
2512 2188 2637 2257 quid
2681 2188 2799 2242 velit
2827 2189 3121 2255 decernere,
3150 2207 3206 2244 se
3249 2194 3413 2261 potius
3437 2194 3615 2247 minuat

2061 2290 2219 2346 quam
2234 2278 2328 2331 illa
2371 2286 2686 2347 corrumpat.
2728 2275 2858 2342 Qua
2901 2279 2966 2345 si,
3020 2289 3078 2332 ut
3126 2290 3345 2351 oportet,
3381 2297 3414 2334 a
3445 2284 3619 2335 cunctis

2062 2368 2392 2439 pontiﬁcibus
2411 2369 2719 2423 intemerata
2747 2380 3042 2437 serventur,
3067 2389 3161 2441 per
3188 2374 3448 2426 universas
3481 2374 3622 2426 eccle-

2062 2461 2169 2513 sias
2189 2476 2294 2530 pan:
2323 2461 2423 2514 erit
2442 2468 2493 2513 et
2520 2460 2675 2529 ﬁrma
2704 2461 3003 2515 concordia.
3036 2459 3103 2515 Et
3133 2462 3327 2517 iterum
3357 2479 3368 2514 :
3396 2461 3458 2517 In
3484 2464 3624 2517 omni-

2063 2549 2174 2614 bus,
2205 2551 2395 2620 inquit,
2426 2552 2794 2605 ecclesiasticis
2832 2553 3024 2616 causis,
3070 2552 3156 2606 his
3194 2554 3386 2625 legibus
3409 2555 3620 2625 obsequi-

2064 2657 2196 2703 ntur,
2223 2656 2349 2710 quas
2377 2640 2446 2693 ad
2472 2641 2747 2711 paciﬁcum
2784 2641 3171 2695 observantiam
3216 2644 3439 2699 omnium
3463 2660 3621 2697 sacer-

2063 2732 2261 2796 dotum,
2316 2749 2408 2802 per
2460 2739 2713 2786 trecentos
2762 2732 3045 2786 octodecim
3094 2735 3359 2804 episcopos
3411 2732 3617 2803 Spiritus

2064 2832 2273 2875 sanctus
2319 2822 2578 2885 instituit;
2622 2823 2697 2875 ita
2736 2831 2793 2875 ut
2844 2823 3048 2877 etiamsi
3091 2824 3255 2878 multo
3304 2824 3468 2892 plures
3504 2823 3628 2878 aliud

2063 2927 2220 2982 quam
2244 2911 2324 2964 illi
2362 2920 2591 2966 statuere
2638 2911 2938 2978 decernant,
2980 2913 3035 2965 in
3086 2913 3235 2967 nulla
3276 2916 3546 2968 reverentia
3573 2915 3630 2967 sit

2066 3000 2359 3054 habendum
2386 3000 2633 3072 quidquid
2662 3001 2818 3071 fuerit
2840 3017 2873 3054 a
2899 3003 3271 3072 prazdictorum
3296 3005 3630 3058 constitutione

381 3085 724 3151 protulerunt
760 3085 775 3123 ι
803 3086 951 3141 nullo
981 3088 1141 3143 modo
1180 3088 1484 3144 violandam
1514 3107 1632 3145 esse
1667 3094 1957 3148 censuerit.
1989 3117 2033 3178 ε
2068 3091 2342 3146 diversum.

376 3174 617 3245 Denique
655 3177 706 3231 in
757 3179 957 3234 sanctis
1006 3181 1303 3237 canonibus
1340 3183 1439 3236 sub
1466 3184 1621 3237 titulo
1670 3193 1959 3255 septuage—

375 3270 510 3319 simo
546 3284 709 3334 nono,
749 3270 841 3337 qui
870 3279 952 3324 est
982 3273 1186 3340 primus
1216 3272 1382 3341 ipsius
1414 3275 1736 3331 Antiocheni
1777 3279 1960 3333 conci-

376 3359 448 3420 lii,
494 3359 578 3413 his
629 3360 807 3414 verbis
860 3362 874 3411 1
934 3362 1207 3416 invenitur
1245 3378 1556 3433 expressum
1589 3384 1600 3418 :
1629 3364 1820 3423 Omnes
1874 3370 1961 3441 qui

375 3452 485 3503 ausi
526 3454 717 3521 fuerint
763 3452 1039 3507 dissolvere
1082 3456 1435 3524 deﬁnitionem
1482 3460 1651 3531 sancti
1689 3468 1738 3513 et
1783 3462 1959 3531 magni

377 3542 577 3595 concilii
609 3543 744 3612 quod
765 3544 901 3613 apud
930 3542 983 3598 Ν
987 3546 1168 3601 iaceant
1196 3558 1565 3620 congregatum
1582 3559 1677 3610 est,
1708 3549 1801 3604 sub
1820 3567 1957 3619 pra-

379 3633 544 3684 sentia
574 3634 791 3701 piissimi
838 3643 885 3687 et
918 3638 1193 3689 venerandi
1232 3639 1487 3711 principis
1520 3639 1867 3709 Constantini,
1900 3642 1961 3695 de

408 3799 473 3833 η’·
512 3786 574 3845 C.
607 3789 878 3843 dimensio.

446 3858 471 3895 δ
510 3857 573 3929 (ξ,
606 3860 889 3929 requirunt.

450 3939 469 3964 ε
504 3926 567 3989 C,
600 3926 936 3984 recesserunt.

443 3997 469 4033 ἀ
500 3998 627 4079 _No_n
657 3998 875 4052 dubium
904 4012 987 4056 est
1012 4005 1142 4079 istos
1166 4008 1254 4079 qui
1285 4006 1373 4060 hic
1401 4021 1429 4060 a
1472 4007 1726 4079 Dionysio
1773 4024 1962 4079 repre—

376 4068 699 4135 henduntur,
746 4075 1136 4144 astronomicas
1183 4068 1390 4129 tabulas
1436 4068 1651 4133 secutos
1701 4068 1852 4144 esse;
1898 4094 1962 4132 ac

376 4143 658 4215 προήγησιν
698 4139 1159 4215 animadvertisse.
1207 4145 1587 4202 AnnoChristi
1630 4148 1751 4213 535,
1796 4139 1962 4205 aureo

380 4209 604 4262 numero
632 4222 709 4270 ιιι,
746 4209 1076 4264 novilunium
1110 4215 1340 4267 medium
1388 4215 1577 4270 incidit
1606 4219 1657 4271 in
1699 4209 1841 4272 diem
1891 4217 1959 4272 '50

378 4276 576 4343 Martii,
612 4277 739 4329 feria
773 4278 825 4340 5,
857 4279 988 4333 hora
1024 4280 1116 4339 35.
1147 4282 1231 4335 δι’
1259 4299 1289 4336 a
1332 4285 1505 4338 media
1534 4296 1694 4342 nocte
1723 4287 1775 4340 in
1825 4288 1966 4341 hori-

379 4356 553 4426 aonte
606 4345 1054 4426 [segipmontano
1089 4350 1319 4426 _lta_que_
1359 4356 1641 4426 neomenia
1700 4357 1969 4426 paschalis

376 4416 478 4468 fuit
505 4417 591 4487 die
619 4414 678 4487 5i
711 4414 886 4487 Martii
910 4435 923 4470 :
956 4434 1064 4487 quo
1087 4421 1139 4474 in
1165 4414 1251 4476 die
1272 4423 1387 4477 obsi

374 4484 598 4566 _synod_o_
617 4484 987 4566 [silenilunium—
1010 4491 1241 4566 medium
1270 4484 1697 4566 dielbgprilis.
1729 4495 1862 4566 feria
1892 4513 1963 4563 tv,

375 4552 507 4637 hora
534 4552 621 4618 Π,
762 4554 1227 4637 Ιείιιπνῑεηηίηυε
1254 4566 1313 4637 in
1333 4564 1417 4619 die
1452 4552 1737 4637 l3'Aprilis
1763 4552 1971 4637 defixus

376 4632 480 4690 est,
509 4637 629 4693 quae
659 4624 780 4678 luna
811 4640 899 4680 xxv
937 4636 1049 4683 tum
1101 4641 1234 4686 erat.
1287 4633 1440 4688 Anno
1481 4624 1608 4690 vero
1637 4637 1834 4691 Christi
1865 4636 1968 4691 5'54

375 4697 568 4776 eodem
607 4695 1088 4776 ’ςιγςΨΛΙεῃιτιδηιη,Δ
1114 4704 1447 4776 novilunium
1503 4707 1735 4762 medium
1776 4708 1972 4776 Hegio-

376 4773 565 4846 monte
586 4765 675 4846 uie
717 4765 791 4846 so
822 4766 1016 4846 uarat,
1062 4769 1193 4846 feria
1224 4771 1441 4846 5,_hora
1474 4775 1562 4842 is,
1598 4777 1699 4846 si",
1745 4765 1972 4846 plenilu—

377 4837 535 4909 nium,
574 4835 662 4890 die
710 4833 778 4887 14
825 4839 1041 4909 Auri‘lis,
1088 4841 1217 4895 feria
1263 4833 1319 4907 ’6,
1372 4844 1499 4899 hora
1548 4833 1599 4909 '7,
1640 4833 1971 4901 53’.'Verum

377 4908 631 4983 quoniam
672 4905 975 4983 annus554
1015 4912 1282 4983 secundus
1308 4905 1409 4983 est
1448 4905 1963 4983 post'bissextilem,

379 4978 732 5049 priorqautem
778 4978 852 5031 illi
882 4984 1158 5048 proximus
1189 4982 1255 5036 ab
1284 4978 1505 5049 eodem;
1536 4986 1655 5039 ideo
1685 5002 1777 5039 sex
1820 4978 1967 5040 horis

380 5047 571 5101 ablatis
598 5062 663 5102 ex
707 5047 1025 5123 posteriore,
1076 5052 1120 5105 si
1167 5052 1412 5123 eumdem
1442 5047 1560 5107 cum
1591 5058 1769 5123 priore
1816 5057 1964 5109 ordi-

381 5130 501 5193 nem
530 5117 752 5193 _Ienc_ret
782 5117 1079 5193 in_Jiiliano
1109 5122 1479 5190 quadriennio,
1521 5117 1833 5193 contigisset
1871 5142 1965 5179 no-

379 5185 636 5267 viluniutn
660 5187 797 5267 hora
824 5190 874 5267 7,
906 5190 1011 5256 δι’,
1045 5199 1101 5267 ut
1125 5185 1697 5267 bipenne-uicenstata'
1708 5196 1774 5249 sit
1803 5196 1963 5267 hora-

382 5269 500 5334 rum
532 5254 601 5334 i6
625 5257 838 5334 circiter
860 5262 911 5334 in
934 5254 1088 5315 annis
1118 5254 1379 5318 ducentis.
1412 5262 1642 5319 Proinde
1685 5266 1964 5319 neomenia

381 5324 582 5398 lunaris
607 5329 962 5384 astronomica
989 5334 1343 5388 conveniebat
1392 5336 1443 5387 in
1484 5335 1623 5388 diem
1656 5336 1718 5388 51
1766 5335 1959 5398 Martii,

378 5394 807 5473 ueciina_quarta
838 5397 899 5473 in
918 5400 1058 5454 diem
1091 5402 1157 5454 1'2
1195 5404 1364 5473 April.
1398 5403 1526 5473 Qua:
1555 5420 1714 5460 causa
1746 5406 1843 5459 fuit
1871 5394 1967 5459 cur

383 5464 645 5545 nonnulli
667 5464 901 5535 Dionysii
930 5477 1171 5545 tempore
1202 5464 1379 5545 lunam
1407 5464 1564 5527 illam
1598 5493 1662 5529 xv
1695 5484 1962 5545 putarent,

380 5550 500 5602 qua:
541 5533 755 5613 Nicmno
785 5533 981 5592 sicculo
1012 5533 1107 5613 fuit
1145 5558 1249 5597 xw.
1287 5544 1470 5613 Itaque
1516 5533 1811 5613 castigandi
1861 5533 1967 5600 non

380 5614 552 5666 erant,
584 5606 682 5658 nisi
713 5616 976 5673 quatenus
1013 5612 1219 5664 civilem
1251 5624 1304 5667 et
1333 5606 1749 5671 ecclesiasticam
1779 5617 1966 5669 obser-

382 5678 648 5729 vationem
669 5686 873 5744 privata
900 5688 1217 5734 auctoritate
1242 5683 1650 5739 labefactabant.
1679 5686 1808 5739 Nam
1832 5687 1967 5738 alio-

383 5749 471 5816 qui
499 5757 644 5803 recte
673 5749 738 5802 de
767 5748 891 5801 luna
916 5749 1026 5820 ipsa
1057 5755 1349 5807 secundum
1382 5758 1769 5811 astronomicas
1796 5758 1967 5811 ratio-

2144 3182 2524 3250 Suﬂicienter,
2583 3194 2642 3239 ut
2691 3194 2971 3255 putamus,
3024 3187 3239 3244 cunctis
3286 3187 3529 3242 indicitur
3573 3201 3634 3241 no

2065 3275 2322 3345 deinceps
2350 3274 2507 3330 aliter
2534 3290 2695 3345 quam
2736 3291 2765 3329 a
2796 3278 2997 3332 sancis
3026 3278 3386 3334 constitutum
3429 3286 3507 3335 est
3547 3277 3633 3333 Pa-

2066 3365 2236 3419 tribus
2263 3366 2685 3422 sacratissimum
2722 3363 2933 3422 Pascha
2961 3366 3291 3424 celebretur.
3316 3369 3463 3437 Quod
3501 3370 3543 3425 si
3569 3380 3631 3424 te-

2066 3458 2316 3519 stimonia
2349 3466 2620 3513 tantorum
2668 3458 3009 3513 sacerdotum
3036 3458 3269 3515 forsitan
3316 3462 3435 3530 quis
3482 3462 3636 3517 obsti-

2066 3556 2191 3602 nata
2236 3556 2419 3603 mente
2462 3548 2788 3619 despexerit,
2839 3550 3004 3604 etiam
3048 3550 3107 3605 in
3136 3551 3361 3606 historia
3401 3552 3634 3606 ecclesia-

2067 3640 2201 3695 stica
2228 3640 2378 3710 paria
2406 3640 2642 3696 breviter
2683 3641 2927 3697 intimata
2958 3644 3201 3713 reperiet
3225 3662 3241 3711 ;
3266 3644 3637 3712 multorumque

2066 3800 2584 3875 nesexistimabant
2610 3818 2622 3853 :
2658 3802 2871 3875 tametsi
2882 3802 3077 3875 minus
3107 3804 3177 3858 ad
3218 3804 3519 3875 paschalem
3548 3802 3637 3858 Ec-

2065 3871 2239 3949 clesia:
2266 3870 2657 3949 ritum‘faceret
2686 3871 3053 3949 bae_c_illorum
3084 3870 3339 3949 ἀκρίέσιᾳ.
3375 3875 3638 3949 Psrsvtus.

2070 4011 2081 4022 ,
2141 3951 2163 3978 ⁸
2190 3940 2279 4023 ita
2308 3956 2377 3997 ex
2422 3940 2464 3995 B
2492 3949 2547 3995 ct
2586 3939 2628 3996 C
2669 3941 2973 4006 scribimus,
3001 3959 3103 4012 pro
3131 3939 3364 4016 quando,
3405 3946 3539 4014 quod
3568 3953 3640 3999 es;

2067 4027 2120 4064 In
2143 4011 2445 4146 falignatum
2473 4081 2570 4136 has
2589 4095 2770 4146 voces,
2800 4095 2829 4137 a
2860 4081 3083 4137 Petavio
3113 4091 3173 4139 et
3213 4084 3479 4140 Boeben-io
3499 4084 3641 4138 omis-

2065 4164 2170 4213 sas,
2204 4166 2271 4204 ex
2297 4149 2339 4205 C
2365 4158 2421 4205 et
2449 4150 2494 4205 D
2519 4150 2849 4221 supplemus.
2886 4149 3164 4209 Posterior
3190 4156 3355 4210 etiam
3382 4153 3524 4209 addit
3548 4172 3561 4207 :
3596 4169 3644 4208 ut

2071 4220 2403 4364 ηηίιιῗιίξῑεέι
2434 4288 2559 4364 Bet
2586 4288 2627 4345 C
2652 4300 2708 4346 et
2733 4290 2776 4344 D
2804 4291 3106 4359 scribimus,
3152 4309 3255 4364 pro
3293 4293 3645 4355 observatione,

2077 4359 2220 4433 quod
2241 4369 2323 4415 cst
2346 4361 2397 4433 in
2412 4360 2606 4433 editis.

1465 4434 1551 4503 ata
1579 4434 1661 4503 est
1690 4427 1964 4503 a‘Nicaana
1993 4432 2047 4491 D
2097 4427 2108 4433 ⁷
2141 4427 2170 4467 ιι
2200 4429 2258 4503 In
2297 4430 2454 4503 editis
2501 4430 2589 4485 hic
2632 4447 2912 4503 perperam
2961 4432 3159 4497 legimr
3211 4431 3471 4499 Nicaaain,
3516 4430 3643 4503 quod

2073 4499 2253 4555 sensui
2281 4502 2482 4572 pariter
2507 4516 2571 4555 ac
2600 4499 2819 4562 mss—B,
2853 4500 2893 4554 Ο
2924 4512 2978 4556 et
3009 4503 3050 4555 D
3078 4515 3365 4572 repugnat,
3392 4499 3643 4572 exquibus

2073 4586 2256 4626 veram
2286 4572 2572 4627 lectionem
2599 4574 2945 4626 restituimus.

2153 4637 2168 4677 ί
2213 4639 2301 4711 S_ic
2329 4638 2368 4692 Β
2395 4649 2449 4695 et
2480 4640 2540 4694 D.
2565 4641 2687 4704 Alii,
2709 4642 3048 4711 protulerant.

2150 4713 2165 4761 i
2213 4709 2397 4765 Canon
2450 4709 2805 4785 iste_co_ucilii
2849 4712 3171 4785 Antiocheni
3218 4717 3442 4785 primus,
3472 4713 3521 4767 in
3548 4711 3643 4766 Coc

2076 4781 2194 4855 dice
2232 4797 2503 4855 canonum
2544 4780 2797 4838 Ecclesiae
2828 4783 3109 4848 universte,
3158 4780 3329 4855 quem
3353 4784 3645 4853 Christopb.

2077 4848 2333 4907 Justellus
2362 4851 2546 4917 edidit,
2574 4862 2655 4907 est
2676 4869 2838 4911 Lux,

2147 4920 2172 4959 ¹ί
2214 4920 2256 4974 Β
2282 4930 2335 4975 et
2365 4920 2428 4985 C,
2456 4925 2765 4976 censuimus.

2151 4989 2167 5028 ι
2209 4990 2285 5044 Ita
2318 4990 2379 5045 C.
2410 4992 2529 5056 Alii,
2556 4994 2880 5047 contentiosi.

2146 5072 2183 5099 τη
2228 5060 2367 5116 Hinc
2392 5062 2441 5115 in
2465 5060 2504 5114 C
2528 5061 2700 5118 deest.

2146 5143 2169 5168 υ
2204 5131 2265 5196 C,
2298 5134 2435 5186 illos.

2145 5211 2169 5238 ο
2210 5204 2272 5269 C,
2300 5202 2779 5257 communicatione.

2148 5284 2174 5321 ι)
2214 5272 2273 5335 C,
2307 5272 2653 5326 damnandos.

2146 5354 2172 5393 ει
2211 5343 2274 5412 C,
2304 5343 2515 5412 privari.

2146 5422 2177 5484 τί
2213 5408 2319 5468 Leo
2348 5413 2509 5484 epist.
2540 5408 2608 5465 55
2633 5411 2698 5464 ad
2728 5412 3063 5471 Pulcheriam
3092 5418 3409 5484 Augustam.
3440 5416 3512 5472 Ibi
3534 5430 3645 5470 vero

2072 5483 2130 5538 S.
2161 5483 2270 5538 Leo
2297 5499 2403 5537 non
2433 5482 2499 5537 de
2532 5484 2868 5551 paschalibus
2897 5489 3127 5542 decretis
3152 5482 3287 5553 agit,
3310 5488 3404 5543 sed
3434 5489 3497 5539 de
3526 5487 3645 5538 diac-

2073 5570 2276 5609 cesemn
2320 5552 2595 5617 limitibus,
2628 5569 2763 5621 quos
2803 5556 3058 5611 innovare
3088 5552 3310 5611 volebat
3363 5556 3641 5617 Anatolius,

2073 5622 2693 5698 gonstantinopolitauus
2759 5626 3060 5698 cpiscopus.
3134 5626 3281 5692 Lege
3356 5629 3641 5697 epistolam.

2075 5694 2395 5751 Bucusnws.
