  <div class='ocr_page' id='page_1' title='image "/cluster/home/n/w/nwhite01/storage/ocr_20150623/67/hvd.32044073505273/260.png"; bbox 0 0 3938 6196; ppageno 0'>
   <div class='ocr_carea' id='block_1_1' title="bbox 288 371 395 428">
    <p class='ocr_par' dir='ltr' id='par_1_1' title="bbox 288 371 395 428">
     <span class='ocr_line' id='line_1_1' title="bbox 288 371 395 428; baseline -0.019 -3"><span class='ocrx_word' id='word_1_1' title='bbox 288 371 395 428; x_wconf 74' lang='grc'>505</span> 
     </span>
    </p>
   </div>
   <div class='ocr_carea' id='block_1_2' title="bbox 1114 361 2739 423">
    <p class='ocr_par' dir='ltr' id='par_1_2' title="bbox 1114 361 2739 423">
     <span class='ocr_line' id='line_1_2' title="bbox 1114 361 2739 423; baseline 0.001 -3"><span class='ocrx_word' id='word_1_2' title='bbox 1114 364 1315 420; x_wconf 70' lang='lat' dir='ltr'><strong>LIBER</strong></span> <span class='ocrx_word' id='word_1_3' title='bbox 1356 362 1441 418; x_wconf 85' lang='lat' dir='ltr'><strong>DE</strong></span> <span class='ocrx_word' id='word_1_4' title='bbox 1471 362 1847 419; x_wconf 76' lang='lat' dir='ltr'><strong>PASCIIA&#39;IE.</strong></span> <span class='ocrx_word' id='word_1_5' title='bbox 1873 361 2305 420; x_wconf 74' lang='lat' dir='ltr'><strong>ARGUMENTA</strong></span> <span class='ocrx_word' id='word_1_6' title='bbox 2336 364 2739 423; x_wconf 77' lang='lat' dir='ltr'><strong>PASCHALIA.</strong></span> 
     </span>
    </p>
   </div>
   <div class='ocr_carea' id='block_1_3' title="bbox 3480 375 3585 430">
    <p class='ocr_par' dir='ltr' id='par_1_3' title="bbox 3480 375 3585 430">
     <span class='ocr_line' id='line_1_3' title="bbox 3480 375 3585 430; baseline 0 0"><span class='ocrx_word' id='word_1_7' title='bbox 3480 375 3585 430; x_wconf 82' lang='lat'><strong>506</strong></span> 
     </span>
    </p>
   </div>
   <div class='ocr_carea' id='block_1_4' title="bbox 289 478 3584 561">
    <p class='ocr_par' dir='ltr' id='par_1_4' title="bbox 289 478 3584 561">
     <span class='ocr_line' id='line_1_4' title="bbox 289 478 3584 561; baseline 0.003 -24"><span class='ocrx_word' id='word_1_8' title='bbox 289 493 423 543; x_wconf 72' lang='lat' dir='ltr'><strong>Anc.</strong></span> <span class='ocrx_word' id='word_1_9' title='bbox 468 480 604 537; x_wconf 78' lang='grc' dir='ltr'><strong>ιιιν.</strong></span> <span class='ocrx_word' id='word_1_10' title='bbox 645 480 816 547; x_wconf 71' lang='lat' dir='ltr'><strong>Quota</strong></span> <span class='ocrx_word' id='word_1_11' title='bbox 868 480 1003 553; x_wconf 75' lang='lat' dir='ltr'><strong>feria</strong></span> <span class='ocrx_word' id='word_1_12' title='bbox 1037 481 1173 561; x_wconf 58' lang='lat' dir='ltr'><strong>tuna</strong></span> <span class='ocrx_word' id='word_1_13' title='bbox 1220 496 1309 534; x_wconf 67' lang='lat' dir='ltr'><strong>xiv</strong></span> <span class='ocrx_word' id='word_1_14' title='bbox 1361 479 1561 561; x_wconf 68' lang='lat' dir='ltr'><strong>incidat</strong></span> <span class='ocrx_word' id='word_1_15' title='bbox 1607 478 1737 550; x_wconf 82' lang='lat' dir='ltr'><strong>cycli</strong></span> <span class='ocrx_word' id='word_1_16' title='bbox 1793 478 1886 531; x_wconf 83' lang='lat' dir='ltr'><strong>de-</strong></span> <span class='ocrx_word' id='word_1_17' title='bbox 1912 485 1959 542; x_wconf 72' lang='grc' dir='ltr'>Α</span> <span class='ocrx_word' id='word_1_18' title='bbox 1990 480 2115 534; x_wconf 90' lang='lat' dir='ltr'><strong>anni</strong></span> <span class='ocrx_word' id='word_1_19' title='bbox 2142 482 2591 537; x_wconf 83' lang='lat' dir='ltr'><strong>concurrentibus</strong></span> <span class='ocrx_word' id='word_1_20' title='bbox 2616 483 2727 538; x_wconf 90' lang='lat' dir='ltr'><strong>suis</strong></span> <span class='ocrx_word' id='word_1_21' title='bbox 2771 483 3046 552; x_wconf 74' lang='lat' dir='ltr'><strong>regulares</strong></span> <span class='ocrx_word' id='word_1_22' title='bbox 3098 485 3152 540; x_wconf 88' lang='lat' dir='ltr'><strong>in</strong></span> <span class='ocrx_word' id='word_1_23' title='bbox 3207 486 3313 543; x_wconf 84' lang='lat' dir='ltr'><strong>ﬁne</strong></span> <span class='ocrx_word' id='word_1_24' title='bbox 3368 504 3439 544; x_wconf 78' lang='lat' dir='ltr'><strong>vn</strong></span> <span class='ocrx_word' id='word_1_25' title='bbox 3484 506 3584 547; x_wconf 80' lang='lat' dir='ltr'><strong>au-</strong></span> 
     </span>
    </p>
   </div>
   <div class='ocr_carea' id='block_1_5' title="bbox 680 553 1497 621">
    <p class='ocr_par' dir='ltr' id='par_1_5' title="bbox 680 553 1497 621">
     <span class='ocr_line' id='line_1_5' title="bbox 680 553 1497 621; baseline -0.006 -14"><span class='ocrx_word' id='word_1_26' title='bbox 680 553 1092 607; x_wconf 77' lang='lat' dir='ltr'><strong>cemnovenualis</strong></span> <span class='ocrx_word' id='word_1_27' title='bbox 1133 568 1273 606; x_wconf 82' lang='lat' dir='ltr'><strong>anno</strong></span> <span class='ocrx_word' id='word_1_28' title='bbox 1310 553 1497 621; x_wconf 81' lang='lat' dir='ltr'><strong>primo.</strong></span> 
     </span>
    </p>
   </div>
   <div class='ocr_carea' id='block_1_6' title="bbox 357 666 1883 742">
    <p class='ocr_par' dir='ltr' id='par_1_6' title="bbox 357 666 1883 742">
     <span class='ocr_line' id='line_1_6' title="bbox 357 666 1883 742; baseline -0.005 -15"><span class='ocrx_word' id='word_1_29' title='bbox 357 670 552 742; x_wconf 88' lang='lat' dir='ltr'><strong>Incipit</strong></span> <span class='ocrx_word' id='word_1_30' title='bbox 594 668 881 725; x_wconf 88' lang='lat' dir='ltr'><strong>ealculatio</strong></span> <span class='ocrx_word' id='word_1_31' title='bbox 928 666 1201 736; x_wconf 87' lang='lat' dir='ltr'><strong>quomodo</strong></span> <span class='ocrx_word' id='word_1_32' title='bbox 1239 666 1465 736; x_wconf 90' lang='lat' dir='ltr'><strong>reperiri</strong></span> <span class='ocrx_word' id='word_1_33' title='bbox 1508 666 1677 736; x_wconf 77' lang='lat' dir='ltr'><strong>possit</strong></span> <span class='ocrx_word' id='word_1_34' title='bbox 1716 673 1883 735; x_wconf 87' lang='lat' dir='ltr'><strong>quota</strong></span> 
     </span>
    </p>
   </div>
   <div class='ocr_carea' id='block_1_7' title="bbox 290 758 1884 832">
    <p class='ocr_par' dir='ltr' id='par_1_7' title="bbox 290 758 1884 832">
     <span class='ocr_line' id='line_1_7' title="bbox 290 758 1884 832; baseline -0.005 -12"><span class='ocrx_word' id='word_1_35' title='bbox 290 765 419 822; x_wconf 77' lang='lat' dir='ltr'><strong>feria</strong></span> <span class='ocrx_word' id='word_1_36' title='bbox 444 762 730 832; x_wconf 77' lang='lat' dir='ltr'><strong>singularis</strong></span> <span class='ocrx_word' id='word_1_37' title='bbox 750 760 875 816; x_wconf 90' lang='lat' dir='ltr'><strong>anni</strong></span> <span class='ocrx_word' id='word_1_38' title='bbox 905 771 928 799; x_wconf 74' lang='grc'><strong><em>⁸</em></strong></span> <span class='ocrx_word' id='word_1_39' title='bbox 942 761 1149 818; x_wconf 86' lang='lat' dir='ltr'><strong>decima</strong></span> <span class='ocrx_word' id='word_1_40' title='bbox 1170 768 1361 830; x_wconf 87' lang='lat' dir='ltr'><strong>quarta</strong></span> <span class='ocrx_word' id='word_1_41' title='bbox 1381 760 1506 814; x_wconf 92' lang='lat' dir='ltr'><strong>luna</strong></span> <span class='ocrx_word' id='word_1_42' title='bbox 1528 758 1815 829; x_wconf 82' lang='lat' dir='ltr'><strong>paschalis,</strong></span> <span class='ocrx_word' id='word_1_43' title='bbox 1831 758 1884 812; x_wconf 95' lang='lat' dir='ltr'><strong>id</strong></span> 
     </span>
    </p>
   </div>
   <div class='ocr_carea' id='block_1_8' title="bbox 290 853 1883 924">
    <p class='ocr_par' dir='ltr' id='par_1_8' title="bbox 290 853 1883 924">
     <span class='ocr_line' id='line_1_8' title="bbox 290 853 1883 924; baseline -0.001 -13"><span class='ocrx_word' id='word_1_44' title='bbox 290 865 370 911; x_wconf 87' lang='lat' dir='ltr'><strong>est</strong></span> <span class='ocrx_word' id='word_1_45' title='bbox 397 853 555 923; x_wconf 86' lang='lat' dir='ltr'><strong>primi</strong></span> <span class='ocrx_word' id='word_1_46' title='bbox 582 853 769 909; x_wconf 86' lang='lat' dir='ltr'><strong>circuli</strong></span> <span class='ocrx_word' id='word_1_47' title='bbox 800 853 1328 909; x_wconf 86' lang='lat' dir='ltr'><strong>decemuovennalis.</strong></span> <span class='ocrx_word' id='word_1_48' title='bbox 1354 853 1510 909; x_wconf 91' lang='lat' dir='ltr'><strong>Anno</strong></span> <span class='ocrx_word' id='word_1_49' title='bbox 1537 854 1735 924; x_wconf 88' lang='lat' dir='ltr'><strong>primo,</strong></span> <span class='ocrx_word' id='word_1_50' title='bbox 1756 854 1883 923; x_wconf 84' lang='lat' dir='ltr'><strong>quia</strong></span> 
     </span>
    </p>
   </div>
   <div class='ocr_carea' id='block_1_9' title="bbox 292 944 1886 1015">
    <p class='ocr_par' dir='ltr' id='par_1_9' title="bbox 292 944 1886 1015">
     <span class='ocr_line' id='line_1_9' title="bbox 292 944 1886 1015; baseline -0.001 -13"><span class='ocrx_word' id='word_1_51' title='bbox 292 962 393 1002; x_wconf 90' lang='lat' dir='ltr'><strong>non</strong></span> <span class='ocrx_word' id='word_1_52' title='bbox 441 944 610 999; x_wconf 89' lang='lat' dir='ltr'><strong>habet</strong></span> <span class='ocrx_word' id='word_1_53' title='bbox 654 952 874 1015; x_wconf 87' lang='lat' dir='ltr'><strong>epactas</strong></span> <span class='ocrx_word' id='word_1_54' title='bbox 911 945 1146 1010; x_wconf 89' lang='lat' dir='ltr'><strong>lunares,</strong></span> <span class='ocrx_word' id='word_1_55' title='bbox 1179 960 1279 1014; x_wconf 90' lang='lat' dir='ltr'><strong>pro</strong></span> <span class='ocrx_word' id='word_1_56' title='bbox 1324 961 1391 999; x_wconf 90' lang='lat' dir='ltr'><strong>eo</strong></span> <span class='ocrx_word' id='word_1_57' title='bbox 1418 946 1562 1015; x_wconf 90' lang='lat' dir='ltr'><strong>quod</strong></span> <span class='ocrx_word' id='word_1_58' title='bbox 1602 962 1723 1002; x_wconf 90' lang='lat' dir='ltr'><strong>eum</strong></span> <span class='ocrx_word' id='word_1_59' title='bbox 1757 945 1886 1000; x_wconf 93' lang='lat' dir='ltr'><strong>noni</strong></span> 
     </span>
    </p>
   </div>
   <div class='ocr_carea' id='block_1_10' title="bbox 289 1037 1888 1108">
    <p class='ocr_par' dir='ltr' id='par_1_10' title="bbox 289 1037 1888 1108">
     <span class='ocr_line' id='line_1_10' title="bbox 289 1037 1888 1108; baseline 0 -15"><span class='ocrx_word' id='word_1_60' title='bbox 289 1038 479 1093; x_wconf 89' lang='lat' dir='ltr'><strong>decimi</strong></span> <span class='ocrx_word' id='word_1_61' title='bbox 507 1037 776 1093; x_wconf 84' lang='lat' dir='ltr'><strong>inferioris</strong></span> <span class='ocrx_word' id='word_1_62' title='bbox 823 1037 950 1092; x_wconf 90' lang='lat' dir='ltr'><strong>anni</strong></span> <span class='ocrx_word' id='word_1_63' title='bbox 997 1052 1147 1103; x_wconf 81' lang='lat' dir='ltr'><strong>xvur,</strong></span> <span class='ocrx_word' id='word_1_64' title='bbox 1174 1046 1231 1092; x_wconf 90' lang='lat' dir='ltr'><strong>et</strong></span> <span class='ocrx_word' id='word_1_65' title='bbox 1258 1039 1370 1094; x_wconf 85' lang='lat' dir='ltr'><strong>suis</strong></span> <span class='ocrx_word' id='word_1_66' title='bbox 1398 1055 1452 1092; x_wconf 84' lang='lat' dir='ltr'><strong>xr</strong></span> <span class='ocrx_word' id='word_1_67' title='bbox 1481 1038 1687 1108; x_wconf 88' lang='lat' dir='ltr'><strong>epactis</strong></span> <span class='ocrx_word' id='word_1_68' title='bbox 1717 1038 1765 1103; x_wconf 74' lang='grc' dir='ltr'><strong>δ,</strong></span> <span class='ocrx_word' id='word_1_69' title='bbox 1793 1038 1888 1093; x_wconf 88' lang='lat' dir='ltr'><strong>ad-</strong></span> 
     </span>
    </p>
   </div>
   <div class='ocr_carea' id='block_1_11' title="bbox 287 1127 1889 1201">
    <p class='ocr_par' dir='ltr' id='par_1_11' title="bbox 287 1127 1889 1201">
     <span class='ocr_line' id='line_1_11' title="bbox 287 1127 1889 1201; baseline 0.001 -17"><span class='ocrx_word' id='word_1_70' title='bbox 287 1130 399 1184; x_wconf 91' lang='lat' dir='ltr'><strong>dito</strong></span> <span class='ocrx_word' id='word_1_71' title='bbox 426 1130 591 1185; x_wconf 88' lang='lat' dir='ltr'><strong>etiam</strong></span> <span class='ocrx_word' id='word_1_72' title='bbox 632 1129 702 1183; x_wconf 86' lang='lat' dir='ltr'><strong>ab</strong></span> <span class='ocrx_word' id='word_1_73' title='bbox 733 1127 1002 1201; x_wconf 65' lang='lat' dir='ltr'><strong>Egyptiis</strong></span> <span class='ocrx_word' id='word_1_74' title='bbox 1045 1130 1133 1186; x_wconf 91' lang='lat' dir='ltr'><strong>die</strong></span> <span class='ocrx_word' id='word_1_75' title='bbox 1177 1146 1305 1195; x_wconf 86' lang='lat' dir='ltr'><strong>una,</strong></span> <span class='ocrx_word' id='word_1_76' title='bbox 1350 1130 1487 1186; x_wconf 92' lang='lat' dir='ltr'><strong>ﬁunt</strong></span> <span class='ocrx_word' id='word_1_77' title='bbox 1536 1147 1667 1197; x_wconf 85' lang='lat' dir='ltr'><strong>xxx,</strong></span> <span class='ocrx_word' id='word_1_78' title='bbox 1724 1131 1777 1187; x_wconf 88' lang='lat' dir='ltr'><strong>id</strong></span> <span class='ocrx_word' id='word_1_79' title='bbox 1805 1139 1889 1186; x_wconf 89' lang='lat' dir='ltr'><strong>est</strong></span> 
     </span>
    </p>
   </div>
   <div class='ocr_carea' id='block_1_12' title="bbox 288 1219 1925 1293">
    <p class='ocr_par' dir='ltr' id='par_1_12' title="bbox 288 1219 1925 1293">
     <span class='ocr_line' id='line_1_12' title="bbox 288 1219 1925 1293; baseline 0.002 -20"><span class='ocrx_word' id='word_1_80' title='bbox 288 1219 410 1274; x_wconf 87' lang='lat' dir='ltr'><strong>luna</strong></span> <span class='ocrx_word' id='word_1_81' title='bbox 438 1220 642 1275; x_wconf 84' lang='lat' dir='ltr'><strong>mensis</strong></span> <span class='ocrx_word' id='word_1_82' title='bbox 670 1221 829 1275; x_wconf 83' lang='lat' dir='ltr'><strong>unius</strong></span> <span class='ocrx_word' id='word_1_83' title='bbox 860 1221 1088 1289; x_wconf 85' lang='lat' dir='ltr'><strong>integra,</strong></span> <span class='ocrx_word' id='word_1_84' title='bbox 1119 1230 1174 1276; x_wconf 90' lang='lat' dir='ltr'><strong>et</strong></span> <span class='ocrx_word' id='word_1_85' title='bbox 1199 1222 1332 1276; x_wconf 90' lang='lat' dir='ltr'><strong>nihil</strong></span> <span class='ocrx_word' id='word_1_86' title='bbox 1373 1231 1620 1278; x_wconf 90' lang='lat' dir='ltr'><strong>remanet</strong></span> <span class='ocrx_word' id='word_1_87' title='bbox 1649 1222 1718 1279; x_wconf 91' lang='lat' dir='ltr'><strong>de</strong></span> <span class='ocrx_word' id='word_1_88' title='bbox 1758 1238 1888 1293; x_wconf 89' lang='lat' dir='ltr'><strong>epa-</strong></span> <span class='ocrx_word' id='word_1_89' title='bbox 1916 1261 1925 1271; x_wconf 63' lang='grc' dir='ltr'><strong>ς</strong></span> 
     </span>
    </p>
   </div>
   <div class='ocr_carea' id='block_1_13' title="bbox 288 1310 1887 1381">
    <p class='ocr_par' dir='ltr' id='par_1_13' title="bbox 288 1310 1887 1381">
     <span class='ocr_line' id='line_1_13' title="bbox 288 1310 1887 1381; baseline 0.002 -15"><span class='ocrx_word' id='word_1_90' title='bbox 288 1311 406 1375; x_wconf 87' lang='lat' dir='ltr'><strong>etis,</strong></span> <span class='ocrx_word' id='word_1_91' title='bbox 433 1320 490 1365; x_wconf 92' lang='lat' dir='ltr'><strong>et</strong></span> <span class='ocrx_word' id='word_1_92' title='bbox 522 1310 670 1381; x_wconf 88' lang='lat' dir='ltr'><strong>quod</strong></span> <span class='ocrx_word' id='word_1_93' title='bbox 716 1312 772 1365; x_wconf 90' lang='lat' dir='ltr'><strong>in</strong></span> <span class='ocrx_word' id='word_1_94' title='bbox 811 1311 978 1381; x_wconf 85' lang='lat' dir='ltr'><strong>Aprili</strong></span> <span class='ocrx_word' id='word_1_95' title='bbox 1024 1328 1214 1368; x_wconf 86' lang='lat' dir='ltr'><strong>mense</strong></span> <span class='ocrx_word' id='word_1_96' title='bbox 1260 1313 1451 1369; x_wconf 89' lang='lat' dir='ltr'><strong>incidit</strong></span> <span class='ocrx_word' id='word_1_97' title='bbox 1477 1329 1545 1369; x_wconf 91' lang='lat' dir='ltr'><strong>eo</strong></span> <span class='ocrx_word' id='word_1_98' title='bbox 1573 1329 1716 1369; x_wconf 91' lang='lat' dir='ltr'><strong>anno</strong></span> <span class='ocrx_word' id='word_1_99' title='bbox 1759 1314 1887 1369; x_wconf 86' lang='lat' dir='ltr'><strong>luna</strong></span> 
     </span>
    </p>
   </div>
   <div class='ocr_carea' id='block_1_14' title="bbox 288 1400 1886 1474">
    <p class='ocr_par' dir='ltr' id='par_1_14' title="bbox 288 1400 1886 1474">
     <span class='ocr_line' id='line_1_14' title="bbox 288 1400 1886 1474; baseline 0.004 -20"><span class='ocrx_word' id='word_1_100' title='bbox 288 1400 554 1470; x_wconf 81' lang='lat' dir='ltr'><strong>paschalis</strong></span> <span class='ocrx_word' id='word_1_101' title='bbox 575 1417 684 1468; x_wconf 78' lang='lat' dir='ltr'><strong>xlv,</strong></span> <span class='ocrx_word' id='word_1_102' title='bbox 716 1410 839 1456; x_wconf 86' lang='lat' dir='ltr'><strong>tene</strong></span> <span class='ocrx_word' id='word_1_103' title='bbox 866 1402 1140 1471; x_wconf 83' lang='lat' dir='ltr'><strong>regulares</strong></span> <span class='ocrx_word' id='word_1_104' title='bbox 1166 1403 1217 1457; x_wconf 90' lang='lat' dir='ltr'><strong>in</strong></span> <span class='ocrx_word' id='word_1_105' title='bbox 1249 1418 1727 1474; x_wconf 86' lang='lat' dir='ltr'><strong>eosemperxxxv,</strong></span> <span class='ocrx_word' id='word_1_106' title='bbox 1755 1404 1886 1461; x_wconf 83' lang='lat' dir='ltr'><strong>sub-</strong></span> 
     </span>
    </p>
   </div>
   <div class='ocr_carea' id='block_1_15' title="bbox 292 1493 1884 1567">
    <p class='ocr_par' dir='ltr' id='par_1_15' title="bbox 292 1493 1884 1567">
     <span class='ocr_line' id='line_1_15' title="bbox 292 1493 1884 1567; baseline 0.004 -20"><span class='ocrx_word' id='word_1_107' title='bbox 292 1493 445 1548; x_wconf 87' lang='lat' dir='ltr'><strong>trahe</strong></span> <span class='ocrx_word' id='word_1_108' title='bbox 476 1509 602 1559; x_wconf 85' lang='lat' dir='ltr'><strong>xxx,</strong></span> <span class='ocrx_word' id='word_1_109' title='bbox 632 1494 686 1549; x_wconf 87' lang='lat' dir='ltr'><strong>id</strong></span> <span class='ocrx_word' id='word_1_110' title='bbox 716 1503 798 1549; x_wconf 90' lang='lat' dir='ltr'><strong>est</strong></span> <span class='ocrx_word' id='word_1_111' title='bbox 829 1495 943 1563; x_wconf 90' lang='lat' dir='ltr'><strong>ipsa</strong></span> <span class='ocrx_word' id='word_1_112' title='bbox 988 1496 1114 1549; x_wconf 89' lang='lat' dir='ltr'><strong>luna</strong></span> <span class='ocrx_word' id='word_1_113' title='bbox 1164 1497 1397 1567; x_wconf 85' lang='lat' dir='ltr'><strong>integra,</strong></span> <span class='ocrx_word' id='word_1_114' title='bbox 1427 1507 1484 1553; x_wconf 91' lang='lat' dir='ltr'><strong>et</strong></span> <span class='ocrx_word' id='word_1_115' title='bbox 1512 1506 1795 1553; x_wconf 86' lang='lat' dir='ltr'><strong>remanent</strong></span> <span class='ocrx_word' id='word_1_116' title='bbox 1833 1516 1884 1554; x_wconf 90' lang='lat' dir='ltr'><strong>v.</strong></span> 
     </span>
    </p>
   </div>
   <div class='ocr_carea' id='block_1_16' title="bbox 287 1584 1889 1659">
    <p class='ocr_par' dir='ltr' id='par_1_16' title="bbox 287 1584 1889 1659">
     <span class='ocr_line' id='line_1_16' title="bbox 287 1584 1889 1659; baseline 0.005 -21"><span class='ocrx_word' id='word_1_117' title='bbox 287 1584 489 1651; x_wconf 86' lang='lat' dir='ltr'><strong>Quinto</strong></span> <span class='ocrx_word' id='word_1_118' title='bbox 511 1584 597 1640; x_wconf 89' lang='lat' dir='ltr'><strong>die</strong></span> <span class='ocrx_word' id='word_1_119' title='bbox 618 1600 648 1639; x_wconf 92' lang='lat' dir='ltr'><strong>a</strong></span> <span class='ocrx_word' id='word_1_120' title='bbox 662 1586 919 1654; x_wconf 89' lang='lat' dir='ltr'><strong>calendis,</strong></span> <span class='ocrx_word' id='word_1_121' title='bbox 944 1588 1044 1643; x_wconf 89' lang='lat' dir='ltr'><strong>hoc</strong></span> <span class='ocrx_word' id='word_1_122' title='bbox 1060 1596 1145 1643; x_wconf 91' lang='lat' dir='ltr'><strong>est</strong></span> <span class='ocrx_word' id='word_1_123' title='bbox 1165 1604 1293 1643; x_wconf 91' lang='lat' dir='ltr'><strong>non.</strong></span> <span class='ocrx_word' id='word_1_124' title='bbox 1308 1588 1501 1659; x_wconf 89' lang='lat' dir='ltr'><strong>April.,</strong></span> <span class='ocrx_word' id='word_1_125' title='bbox 1516 1591 1889 1647; x_wconf 90' lang='lat' dir='ltr'><strong>occurritluna</strong></span> 
     </span>
    </p>
   </div>
   <div class='ocr_carea' id='block_1_17' title="bbox 286 1675 1890 1749">
    <p class='ocr_par' dir='ltr' id='par_1_17' title="bbox 286 1675 1890 1749">
     <span class='ocr_line' id='line_1_17' title="bbox 286 1675 1890 1749; baseline 0.004 -19"><span class='ocrx_word' id='word_1_126' title='bbox 286 1675 551 1746; x_wconf 83' lang='lat' dir='ltr'><strong>paschalis</strong></span> <span class='ocrx_word' id='word_1_127' title='bbox 588 1691 695 1732; x_wconf 74' lang='lat' dir='ltr'><strong>xxv.</strong></span> <span class='ocrx_word' id='word_1_128' title='bbox 729 1676 877 1732; x_wconf 87' lang='lat' dir='ltr'><strong>Tene</strong></span> <span class='ocrx_word' id='word_1_129' title='bbox 904 1680 1304 1749; x_wconf 87' lang='lat' dir='ltr'><strong>suprascriptos</strong></span> <span class='ocrx_word' id='word_1_130' title='bbox 1332 1697 1387 1748; x_wconf 90' lang='lat' dir='ltr'><strong>v,</strong></span> <span class='ocrx_word' id='word_1_131' title='bbox 1429 1680 1566 1736; x_wconf 88' lang='lat' dir='ltr'><strong>adde</strong></span> <span class='ocrx_word' id='word_1_132' title='bbox 1588 1690 1644 1736; x_wconf 91' lang='lat' dir='ltr'><strong>et</strong></span> <span class='ocrx_word' id='word_1_133' title='bbox 1665 1697 1890 1738; x_wconf 89' lang='lat' dir='ltr'><strong>concur-</strong></span> 
     </span>
    </p>
   </div>
   <div class='ocr_carea' id='block_1_18' title="bbox 287 1764 1889 1839">
    <p class='ocr_par' dir='ltr' id='par_1_18' title="bbox 287 1764 1889 1839">
     <span class='ocr_line' id='line_1_18' title="bbox 287 1764 1889 1839; baseline 0.003 -19"><span class='ocrx_word' id='word_1_134' title='bbox 287 1772 466 1821; x_wconf 88' lang='lat' dir='ltr'><strong>rentes</strong></span> <span class='ocrx_word' id='word_1_135' title='bbox 506 1764 747 1835; x_wconf 87' lang='lat' dir='ltr'><strong>ejusdem</strong></span> <span class='ocrx_word' id='word_1_136' title='bbox 778 1768 905 1821; x_wconf 91' lang='lat' dir='ltr'><strong>anni</strong></span> <span class='ocrx_word' id='word_1_137' title='bbox 949 1783 1022 1833; x_wconf 80' lang='lat' dir='ltr'><strong>IV,</strong></span> <span class='ocrx_word' id='word_1_138' title='bbox 1072 1768 1206 1822; x_wconf 83' lang='lat' dir='ltr'><strong>ﬁunt</strong></span> <span class='ocrx_word' id='word_1_139' title='bbox 1235 1785 1307 1823; x_wconf 83' lang='lat' dir='ltr'><strong>Ix.</strong></span> <span class='ocrx_word' id='word_1_140' title='bbox 1344 1769 1492 1825; x_wconf 89' lang='lat' dir='ltr'><strong>Adde</strong></span> <span class='ocrx_word' id='word_1_141' title='bbox 1521 1776 1573 1824; x_wconf 90' lang='lat' dir='ltr'><strong>et</strong></span> <span class='ocrx_word' id='word_1_142' title='bbox 1615 1770 1889 1839; x_wconf 78' lang='lat' dir='ltr'><strong>regulares</strong></span> 
     </span>
    </p>
   </div>
   <div class='ocr_carea' id='block_1_19' title="bbox 1985 574 3582 650">
    <p class='ocr_par' dir='ltr' id='par_1_19' title="bbox 1985 574 3582 650">
     <span class='ocr_line' id='line_1_19' title="bbox 1985 574 3582 650; baseline 0.007 -23"><span class='ocrx_word' id='word_1_143' title='bbox 1985 582 2221 642; x_wconf 88' lang='lat' dir='ltr'><strong>gmenta.</strong></span> <span class='ocrx_word' id='word_1_144' title='bbox 2245 574 2478 631; x_wconf 87' lang='lat' dir='ltr'><strong>Facilius</strong></span> <span class='ocrx_word' id='word_1_145' title='bbox 2504 586 2528 613; x_wconf 79' lang='grc' dir='ltr'><strong><em>ο</em></strong></span> <span class='ocrx_word' id='word_1_146' title='bbox 2555 590 2788 645; x_wconf 84' lang='lat' dir='ltr'><strong>namque</strong></span> <span class='ocrx_word' id='word_1_147' title='bbox 2833 587 2888 632; x_wconf 88' lang='lat' dir='ltr'><strong>et</strong></span> <span class='ocrx_word' id='word_1_148' title='bbox 2932 578 3147 634; x_wconf 84' lang='lat' dir='ltr'><strong>brevius</strong></span> <span class='ocrx_word' id='word_1_149' title='bbox 3189 580 3373 635; x_wconf 86' lang='lat' dir='ltr'><strong>omnia</strong></span> <span class='ocrx_word' id='word_1_150' title='bbox 3417 596 3582 650; x_wconf 87' lang='lat' dir='ltr'><strong>argu-</strong></span> 
     </span>
    </p>
   </div>
   <div class='ocr_carea' id='block_1_20' title="bbox 1987 666 3578 741">
    <p class='ocr_par' dir='ltr' id='par_1_20' title="bbox 1987 666 3578 741">
     <span class='ocr_line' id='line_1_20' title="bbox 1987 666 3578 741; baseline 0.006 -21"><span class='ocrx_word' id='word_1_151' title='bbox 1987 673 2169 720; x_wconf 90' lang='lat' dir='ltr'><strong>menta</strong></span> <span class='ocrx_word' id='word_1_152' title='bbox 2194 666 2466 736; x_wconf 85' lang='lat' dir='ltr'><strong>paschalia</strong></span> <span class='ocrx_word' id='word_1_153' title='bbox 2495 668 2806 724; x_wconf 86' lang='lat' dir='ltr'><strong>caleulahis.</strong></span> <span class='ocrx_word' id='word_1_154' title='bbox 2837 667 2952 724; x_wconf 79' lang='lat' dir='ltr'><strong>Hoc</strong></span> <span class='ocrx_word' id='word_1_155' title='bbox 2982 677 3160 723; x_wconf 90' lang='lat' dir='ltr'><strong>tamen</strong></span> <span class='ocrx_word' id='word_1_156' title='bbox 3201 680 3460 741; x_wconf 79' lang='lat' dir='ltr'><strong>praeterea</strong></span> <span class='ocrx_word' id='word_1_157' title='bbox 3498 675 3578 729; x_wconf 65' lang='lat' dir='ltr'><strong>ie«</strong></span> 
     </span>
    </p>
   </div>
   <div class='ocr_carea' id='block_1_21' title="bbox 1984 756 3581 829">
    <p class='ocr_par' dir='ltr' id='par_1_21' title="bbox 1984 756 3581 829">
     <span class='ocr_line' id='line_1_21' title="bbox 1984 756 3581 829; baseline 0.004 -18"><span class='ocrx_word' id='word_1_158' title='bbox 1984 756 2121 811; x_wconf 89' lang='lat' dir='ltr'><strong>ctori</strong></span> <span class='ocrx_word' id='word_1_159' title='bbox 2166 759 2237 811; x_wconf 89' lang='lat' dir='ltr'><strong>sit</strong></span> <span class='ocrx_word' id='word_1_160' title='bbox 2263 758 2557 827; x_wconf 84' lang='lat' dir='ltr'><strong>cognitum,</strong></span> <span class='ocrx_word' id='word_1_161' title='bbox 2606 761 2819 829; x_wconf 89' lang='lat' dir='ltr'><strong>quoties</strong></span> <span class='ocrx_word' id='word_1_162' title='bbox 2848 759 2903 813; x_wconf 90' lang='lat' dir='ltr'><strong>in</strong></span> <span class='ocrx_word' id='word_1_163' title='bbox 2930 768 3186 828; x_wconf 87' lang='lat' dir='ltr'><strong>utrosque</strong></span> <span class='ocrx_word' id='word_1_164' title='bbox 3231 778 3446 820; x_wconf 86' lang='lat' dir='ltr'><strong>menses</strong></span> <span class='ocrx_word' id='word_1_165' title='bbox 3485 780 3581 820; x_wconf 86' lang='lat' dir='ltr'><strong>su-</strong></span> 
     </span>
    </p>
   </div>
   <div class='ocr_carea' id='block_1_22' title="bbox 1986 852 3582 924">
    <p class='ocr_par' dir='ltr' id='par_1_22' title="bbox 1986 852 3582 924">
     <span class='ocr_line' id='line_1_22' title="bbox 1986 852 3582 924; baseline 0.006 -20"><span class='ocrx_word' id='word_1_166' title='bbox 1986 852 2316 921; x_wconf 87' lang='lat' dir='ltr'><strong>prascriptos</strong></span> <span class='ocrx_word' id='word_1_167' title='bbox 2342 852 2393 906; x_wconf 91' lang='lat' dir='ltr'><strong>in</strong></span> <span class='ocrx_word' id='word_1_168' title='bbox 2433 852 2605 922; x_wconf 88' lang='lat' dir='ltr'><strong>prima</strong></span> <span class='ocrx_word' id='word_1_169' title='bbox 2634 854 2817 922; x_wconf 88' lang='lat' dir='ltr'><strong>regula</strong></span> <span class='ocrx_word' id='word_1_170' title='bbox 2844 855 3132 923; x_wconf 83' lang='lat' dir='ltr'><strong>contigerit</strong></span> <span class='ocrx_word' id='word_1_171' title='bbox 3164 854 3209 924; x_wconf 70' lang='grc' dir='ltr'><strong>ι,</strong></span> <span class='ocrx_word' id='word_1_172' title='bbox 3240 863 3301 910; x_wconf 87' lang='grc' dir='ltr'><strong>ιιι</strong></span> <span class='ocrx_word' id='word_1_173' title='bbox 3325 856 3582 913; x_wconf 90' lang='lat' dir='ltr'><strong>deductas</strong></span> 
     </span>
    </p>
   </div>
   <div class='ocr_carea' id='block_1_23' title="bbox 1986 942 3581 1012">
    <p class='ocr_par' dir='ltr' id='par_1_23' title="bbox 1986 942 3581 1012">
     <span class='ocr_line' id='line_1_23' title="bbox 1986 942 3581 1012; baseline 0.007 -18"><span class='ocrx_word' id='word_1_174' title='bbox 1986 948 2204 1009; x_wconf 87' lang='lat' dir='ltr'><strong>epactas</strong></span> <span class='ocrx_word' id='word_1_175' title='bbox 2230 950 2277 1007; x_wconf 78' lang='lat'><strong>8,</strong></span> <span class='ocrx_word' id='word_1_176' title='bbox 2322 942 2553 1012; x_wconf 84' lang='lat' dir='ltr'><strong>amplius</strong></span> <span class='ocrx_word' id='word_1_177' title='bbox 2581 958 2612 997; x_wconf 92' lang='lat' dir='ltr'><strong>a</strong></span> <span class='ocrx_word' id='word_1_178' title='bbox 2641 959 2749 997; x_wconf 84' lang='lat' dir='ltr'><strong>xxx</strong></span> <span class='ocrx_word' id='word_1_179' title='bbox 2795 954 3128 1010; x_wconf 79' lang='lat' dir='ltr'><strong>remaneant,</strong></span> <span class='ocrx_word' id='word_1_180' title='bbox 3185 946 3396 1004; x_wconf 86' lang='lat' dir='ltr'><strong>dimitte</strong></span> <span class='ocrx_word' id='word_1_181' title='bbox 3449 965 3581 1007; x_wconf 77' lang='lat' dir='ltr'><strong>xxx.</strong></span> 
     </span>
    </p>
   </div>
   <div class='ocr_carea' id='block_1_24' title="bbox 1987 1030 3582 1108">
    <p class='ocr_par' dir='ltr' id='par_1_24' title="bbox 1987 1030 3582 1108">
     <span class='ocr_line' id='line_1_24' title="bbox 1987 1030 3582 1108; baseline 0.006 -20"><span class='ocrx_word' id='word_1_182' title='bbox 1987 1030 2143 1099; x_wconf 84' lang='lat' dir='ltr'><strong>Quod</strong></span> <span class='ocrx_word' id='word_1_183' title='bbox 2169 1034 2214 1089; x_wconf 88' lang='lat' dir='ltr'><strong>si</strong></span> <span class='ocrx_word' id='word_1_184' title='bbox 2243 1049 2382 1089; x_wconf 89' lang='lat' dir='ltr'><strong>unus</strong></span> <span class='ocrx_word' id='word_1_185' title='bbox 2406 1042 2499 1089; x_wconf 90' lang='lat' dir='ltr'><strong>aut</strong></span> <span class='ocrx_word' id='word_1_186' title='bbox 2525 1035 2663 1102; x_wconf 89' lang='lat' dir='ltr'><strong>duo,</strong></span> <span class='ocrx_word' id='word_1_187' title='bbox 2694 1036 2780 1091; x_wconf 92' lang='lat' dir='ltr'><strong>vel</strong></span> <span class='ocrx_word' id='word_1_188' title='bbox 2827 1038 3058 1108; x_wconf 87' lang='lat' dir='ltr'><strong>amplius</strong></span> <span class='ocrx_word' id='word_1_189' title='bbox 3089 1040 3469 1108; x_wconf 84' lang='lat' dir='ltr'><strong>superfuerint,</strong></span> <span class='ocrx_word' id='word_1_190' title='bbox 3503 1051 3582 1098; x_wconf 89' lang='lat' dir='ltr'><strong>tot</strong></span> 
     </span>
    </p>
   </div>
   <div class='ocr_carea' id='block_1_25' title="bbox 1987 1122 3587 1203">
    <p class='ocr_par' dir='ltr' id='par_1_25' title="bbox 1987 1122 3587 1203">
     <span class='ocr_line' id='line_1_25' title="bbox 1987 1122 3587 1203; baseline 0.008 -26"><span class='ocrx_word' id='word_1_191' title='bbox 1987 1122 2103 1178; x_wconf 88' lang='lat' dir='ltr'><strong>dies</strong></span> <span class='ocrx_word' id='word_1_192' title='bbox 2131 1123 2297 1194; x_wconf 88' lang='lat' dir='ltr'><strong>ipsius</strong></span> <span class='ocrx_word' id='word_1_193' title='bbox 2317 1126 2516 1180; x_wconf 85' lang='lat' dir='ltr'><strong>mensis</strong></span> <span class='ocrx_word' id='word_1_194' title='bbox 2543 1141 2575 1181; x_wconf 91' lang='lat' dir='ltr'><strong>a</strong></span> <span class='ocrx_word' id='word_1_195' title='bbox 2596 1126 2833 1183; x_wconf 85' lang='lat' dir='ltr'><strong>calendis</strong></span> <span class='ocrx_word' id='word_1_196' title='bbox 2854 1126 3091 1184; x_wconf 83' lang='lat' dir='ltr'><strong>Januarii</strong></span> <span class='ocrx_word' id='word_1_197' title='bbox 3111 1131 3181 1185; x_wconf 88' lang='lat' dir='ltr'><strong>sit</strong></span> <span class='ocrx_word' id='word_1_198' title='bbox 3210 1131 3335 1186; x_wconf 93' lang='lat' dir='ltr'><strong>luna</strong></span> <span class='ocrx_word' id='word_1_199' title='bbox 3366 1133 3587 1203; x_wconf 85' lang='lat' dir='ltr'><strong>pascha-</strong></span> 
     </span>
    </p>
   </div>
   <div class='ocr_carea' id='block_1_26' title="bbox 1988 1214 3583 1293">
    <p class='ocr_par' dir='ltr' id='par_1_26' title="bbox 1988 1214 3583 1293">
     <span class='ocr_line' id='line_1_26' title="bbox 1988 1214 3583 1293; baseline 0.006 -23"><span class='ocrx_word' id='word_1_200' title='bbox 1988 1214 2054 1270; x_wconf 85' lang='lat' dir='ltr'><strong>lis</strong></span> <span class='ocrx_word' id='word_1_201' title='bbox 2081 1231 2191 1271; x_wconf 69' lang='grc' dir='ltr'><strong>ιιι.</strong></span> <span class='ocrx_word' id='word_1_202' title='bbox 2221 1215 2449 1282; x_wconf 85' lang='lat' dir='ltr'><strong>Quando</strong></span> <span class='ocrx_word' id='word_1_203' title='bbox 2475 1227 2654 1273; x_wconf 92' lang='lat' dir='ltr'><strong>autem</strong></span> <span class='ocrx_word' id='word_1_204' title='bbox 2687 1218 2849 1290; x_wconf 78' lang='lat' dir='ltr'><strong>(post)</strong></span> <span class='ocrx_word' id='word_1_205' title='bbox 2894 1220 3158 1277; x_wconf 88' lang='lat' dir='ltr'><strong>deductas</strong></span> <span class='ocrx_word' id='word_1_206' title='bbox 3185 1224 3413 1293; x_wconf 66' lang='lat' dir='ltr'><strong>epactas&#39;</strong></span> <span class='ocrx_word' id='word_1_207' title='bbox 3446 1224 3583 1280; x_wconf 81' lang='lat' dir='ltr'><strong>infra</strong></span> 
     </span>
    </p>
   </div>
   <div class='ocr_carea' id='block_1_27' title="bbox 1989 1308 3583 1381">
    <p class='ocr_par' dir='ltr' id='par_1_27' title="bbox 1989 1308 3583 1381">
     <span class='ocr_line' id='line_1_27' title="bbox 1989 1308 3583 1381; baseline 0.006 -21"><span class='ocrx_word' id='word_1_208' title='bbox 1989 1321 2117 1366; x_wconf 86' lang='lat' dir='ltr'><strong>xxx.</strong></span> <span class='ocrx_word' id='word_1_209' title='bbox 2148 1314 2208 1359; x_wconf 90' lang='lat' dir='ltr'><strong>ut</strong></span> <span class='ocrx_word' id='word_1_210' title='bbox 2246 1315 2374 1375; x_wconf 89' lang='lat' dir='ltr'><strong>puta</strong></span> <span class='ocrx_word' id='word_1_211' title='bbox 2402 1323 2494 1373; x_wconf 88' lang='lat' dir='ltr'><strong>xx,</strong></span> <span class='ocrx_word' id='word_1_212' title='bbox 2525 1323 2621 1363; x_wconf 88' lang='lat' dir='ltr'><strong>seu</strong></span> <span class='ocrx_word' id='word_1_213' title='bbox 2650 1308 2881 1379; x_wconf 85' lang='lat' dir='ltr'><strong>amplius</strong></span> <span class='ocrx_word' id='word_1_214' title='bbox 2923 1311 3169 1367; x_wconf 86' lang='lat' dir='ltr'><strong>minusve</strong></span> <span class='ocrx_word' id='word_1_215' title='bbox 3208 1316 3583 1381; x_wconf 84' lang='lat' dir='ltr'><strong>remanserint,</strong></span> 
     </span>
    </p>
   </div>
   <div class='ocr_carea' id='block_1_28' title="bbox 1989 1394 3583 1472">
    <p class='ocr_par' dir='ltr' id='par_1_28' title="bbox 1989 1394 3583 1472">
     <span class='ocr_line' id='line_1_28' title="bbox 1989 1394 3583 1472; baseline 0.007 -23"><span class='ocrx_word' id='word_1_216' title='bbox 1989 1394 2134 1466; x_wconf 87' lang='lat' dir='ltr'><strong>quod</strong></span> <span class='ocrx_word' id='word_1_217' title='bbox 2178 1396 2346 1451; x_wconf 87' lang='lat' dir='ltr'><strong>semei</strong></span> <span class='ocrx_word' id='word_1_218' title='bbox 2403 1397 2457 1451; x_wconf 91' lang='lat' dir='ltr'><strong>in</strong></span> <span class='ocrx_word' id='word_1_219' title='bbox 2521 1415 2608 1452; x_wconf 77' lang='lat' dir='ltr'><strong>xix</strong></span> <span class='ocrx_word' id='word_1_220' title='bbox 2640 1399 2798 1454; x_wconf 92' lang='lat' dir='ltr'><strong>annis</strong></span> <span class='ocrx_word' id='word_1_221' title='bbox 2825 1400 3073 1457; x_wconf 89' lang='lat' dir='ltr'><strong>accidere</strong></span> <span class='ocrx_word' id='word_1_222' title='bbox 3099 1402 3442 1461; x_wconf 83' lang='lat' dir='ltr'><strong>manifestum</strong></span> <span class='ocrx_word' id='word_1_223' title='bbox 3480 1416 3583 1472; x_wconf 88' lang='lat' dir='ltr'><strong>est,</strong></span> 
     </span>
    </p>
   </div>
   <div class='ocr_carea' id='block_1_29' title="bbox 1990 1486 3200 1559">
    <p class='ocr_par' dir='ltr' id='par_1_29' title="bbox 1990 1486 3200 1559">
     <span class='ocr_line' id='line_1_29' title="bbox 1990 1486 3200 1559; baseline 0.005 -18"><span class='ocrx_word' id='word_1_224' title='bbox 1990 1502 2101 1542; x_wconf 83' lang='lat' dir='ltr'><strong>xxx</strong></span> <span class='ocrx_word' id='word_1_225' title='bbox 2125 1486 2212 1543; x_wconf 90' lang='lat' dir='ltr'><strong>die</strong></span> <span class='ocrx_word' id='word_1_226' title='bbox 2232 1486 2433 1556; x_wconf 86' lang='lat' dir='ltr'><strong>Aprilis</strong></span> <span class='ocrx_word' id='word_1_227' title='bbox 2460 1488 2562 1543; x_wconf 84' lang='lat' dir='ltr'><strong>erit</strong></span> <span class='ocrx_word' id='word_1_228' title='bbox 2585 1489 2710 1545; x_wconf 87' lang='lat' dir='ltr'><strong>luna</strong></span> <span class='ocrx_word' id='word_1_229' title='bbox 2740 1490 3007 1559; x_wconf 85' lang='lat' dir='ltr'><strong>paschalis</strong></span> <span class='ocrx_word' id='word_1_230' title='bbox 3036 1507 3125 1546; x_wconf 79' lang='lat' dir='ltr'><strong>xlv</strong></span> <span class='ocrx_word' id='word_1_231' title='bbox 3151 1490 3200 1546; x_wconf 64' lang='grc' dir='ltr'><strong>ιι.</strong></span> 
     </span>
    </p>
   </div>
   <div class='ocr_carea' id='block_1_30' title="bbox 2171 1599 3396 1674">
    <p class='ocr_par' dir='ltr' id='par_1_30' title="bbox 2171 1599 3396 1674">
     <span class='ocr_line' id='line_1_30' title="bbox 2171 1599 3396 1674; baseline 0.008 -21"><span class='ocrx_word' id='word_1_232' title='bbox 2171 1599 2303 1655; x_wconf 81' lang='lat' dir='ltr'><strong>Anc.</strong></span> <span class='ocrx_word' id='word_1_233' title='bbox 2347 1599 2464 1655; x_wconf 80' lang='lat' dir='ltr'><strong>XV.</strong></span> <span class='ocrx_word' id='word_1_234' title='bbox 2511 1600 2587 1655; x_wconf 88' lang='lat' dir='ltr'><strong>De</strong></span> <span class='ocrx_word' id='word_1_235' title='bbox 2624 1603 2710 1655; x_wconf 88' lang='lat' dir='ltr'><strong>die</strong></span> <span class='ocrx_word' id='word_1_236' title='bbox 2747 1605 3043 1674; x_wconf 76' lang='lat' dir='ltr'><strong>wquinoctii</strong></span> <span class='ocrx_word' id='word_1_237' title='bbox 3081 1614 3131 1659; x_wconf 89' lang='lat' dir='ltr'><strong>et</strong></span> <span class='ocrx_word' id='word_1_238' title='bbox 3169 1607 3396 1663; x_wconf 76' lang='lat' dir='ltr'><strong>solstitii.</strong></span> 
     </span>
    </p>
   </div>
   <div class='ocr_carea' id='block_1_31' title="bbox 2063 1690 3586 1758">
    <p class='ocr_par' dir='ltr' id='par_1_31' title="bbox 2063 1690 3586 1758">
     <span class='ocr_line' id='line_1_31' title="bbox 2063 1690 3586 1758; baseline 0.007 -13"><span class='ocrx_word' id='word_1_239' title='bbox 2063 1690 2178 1758; x_wconf 86' lang='lat' dir='ltr'><strong>Qua</strong></span> <span class='ocrx_word' id='word_1_240' title='bbox 2204 1691 2290 1747; x_wconf 90' lang='lat' dir='ltr'><strong>die</strong></span> <span class='ocrx_word' id='word_1_241' title='bbox 2321 1700 2479 1747; x_wconf 88' lang='lat' dir='ltr'><strong>natus</strong></span> <span class='ocrx_word' id='word_1_242' title='bbox 2508 1701 2590 1747; x_wconf 89' lang='lat' dir='ltr'><strong>est</strong></span> <span class='ocrx_word' id='word_1_243' title='bbox 2622 1693 2878 1751; x_wconf 88' lang='lat' dir='ltr'><strong>Dominus</strong></span> <span class='ocrx_word' id='word_1_244' title='bbox 2907 1695 3062 1751; x_wconf 86' lang='lat' dir='ltr'><strong>Jesus</strong></span> <span class='ocrx_word' id='word_1_245' title='bbox 3099 1698 3345 1755; x_wconf 88' lang='lat' dir='ltr'><strong>Christus</strong></span> <span class='ocrx_word' id='word_1_246' title='bbox 3390 1715 3586 1757; x_wconf 83' lang='lat' dir='ltr'><strong>secun-</strong></span> 
     </span>
    </p>
   </div>
   <div class='ocr_carea' id='block_1_32' title="bbox 1992 1781 3583 1860">
    <p class='ocr_par' dir='ltr' id='par_1_32' title="bbox 1992 1781 3583 1860">
     <span class='ocr_line' id='line_1_32' title="bbox 1992 1781 3583 1860; baseline 0.006 -24"><span class='ocrx_word' id='word_1_247' title='bbox 1992 1781 2119 1836; x_wconf 88' lang='lat' dir='ltr'><strong>dum</strong></span> <span class='ocrx_word' id='word_1_248' title='bbox 2146 1797 2364 1837; x_wconf 86' lang='lat' dir='ltr'><strong>carnem</strong></span> <span class='ocrx_word' id='word_1_249' title='bbox 2395 1798 2461 1838; x_wconf 88' lang='lat' dir='ltr'><strong>ex</strong></span> <span class='ocrx_word' id='word_1_250' title='bbox 2493 1783 2658 1837; x_wconf 77' lang='lat' dir='ltr'><strong>Maria</strong></span> <span class='ocrx_word' id='word_1_251' title='bbox 2683 1784 2900 1853; x_wconf 79' lang='lat' dir='ltr'><strong>Virgine</strong></span> <span class='ocrx_word' id='word_1_252' title='bbox 2930 1786 2981 1839; x_wconf 90' lang='lat' dir='ltr'><strong>in</strong></span> <span class='ocrx_word' id='word_1_253' title='bbox 3011 1786 3349 1857; x_wconf 87' lang='lat' dir='ltr'><strong>Bethlchem,</strong></span> <span class='ocrx_word' id='word_1_254' title='bbox 3374 1790 3545 1860; x_wconf 90' lang='lat' dir='ltr'><strong>inqua</strong></span> <span class='ocrx_word' id='word_1_255' title='bbox 3570 1791 3583 1828; x_wconf 80' lang='grc' dir='ltr'><strong>ί</strong></span> 
     </span>
    </p>
   </div>
   <div class='ocr_carea' id='block_1_33' title="bbox 285 1856 3587 1948">
    <p class='ocr_par' dir='ltr' id='par_1_33' title="bbox 285 1856 3587 1948">
     <span class='ocr_line' id='line_1_33' title="bbox 285 1856 3587 1948; baseline 0.008 -36"><span class='ocrx_word' id='word_1_256' title='bbox 285 1859 337 1911; x_wconf 88' lang='lat' dir='ltr'><strong>in</strong></span> <span class='ocrx_word' id='word_1_257' title='bbox 365 1856 559 1913; x_wconf 86' lang='lat' dir='ltr'><strong>eodem</strong></span> <span class='ocrx_word' id='word_1_258' title='bbox 588 1871 803 1927; x_wconf 88' lang='lat' dir='ltr'><strong>semper</strong></span> <span class='ocrx_word' id='word_1_259' title='bbox 845 1872 1030 1913; x_wconf 90' lang='lat' dir='ltr'><strong>mense</strong></span> <span class='ocrx_word' id='word_1_260' title='bbox 1076 1860 1244 1929; x_wconf 84' lang='lat' dir='ltr'><strong>Aprili</strong></span> <span class='ocrx_word' id='word_1_261' title='bbox 1285 1877 1375 1924; x_wconf 83' lang='lat' dir='ltr'><strong>vn,</strong></span> <span class='ocrx_word' id='word_1_262' title='bbox 1428 1861 1561 1916; x_wconf 80' lang='lat' dir='ltr'><strong>ﬁunt</strong></span> <span class='ocrx_word' id='word_1_263' title='bbox 1607 1878 1717 1918; x_wconf 76' lang='lat' dir='ltr'><strong>XVI.</strong></span> <span class='ocrx_word' id='word_1_264' title='bbox 1769 1861 1882 1917; x_wconf 77' lang='lat' dir='ltr'><strong>H05</strong></span> <span class='ocrx_word' id='word_1_265' title='bbox 1917 1864 1957 1919; x_wconf 80' lang='grc' dir='ltr'><strong><em>Β</em></strong></span> <span class='ocrx_word' id='word_1_266' title='bbox 1986 1874 2172 1943; x_wconf 90' lang='lat' dir='ltr'><strong>incipit</strong></span> <span class='ocrx_word' id='word_1_267' title='bbox 2194 1887 2438 1929; x_wconf 85' lang='lat' dir='ltr'><strong>crescere</strong></span> <span class='ocrx_word' id='word_1_268' title='bbox 2460 1874 2595 1929; x_wconf 88' lang='lat' dir='ltr'><strong>dies.</strong></span> <span class='ocrx_word' id='word_1_269' title='bbox 2622 1874 3029 1946; x_wconf 64' lang='lat' dir='ltr'><strong>Aiquinoctium</strong></span> <span class='ocrx_word' id='word_1_270' title='bbox 3055 1879 3285 1948; x_wconf 88' lang='lat' dir='ltr'><strong>primum</strong></span> <span class='ocrx_word' id='word_1_271' title='bbox 3310 1856 3473 1937; x_wconf 76' lang='lat' dir='ltr'><strong>estin</strong></span> <span class='ocrx_word' id='word_1_272' title='bbox 3497 1898 3587 1939; x_wconf 84' lang='lat' dir='ltr'><strong>vut</strong></span> 
     </span>
    </p>
   </div>
   <div class='ocr_carea' id='block_1_34' title="bbox 285 1947 1878 2021">
    <p class='ocr_par' dir='ltr' id='par_1_34' title="bbox 285 1947 1878 2021">
     <span class='ocr_line' id='line_1_34' title="bbox 285 1947 1878 2021; baseline 0.004 -20"><span class='ocrx_word' id='word_1_273' title='bbox 285 1947 485 2016; x_wconf 88' lang='lat' dir='ltr'><strong>partire</strong></span> <span class='ocrx_word' id='word_1_274' title='bbox 512 1962 612 2017; x_wconf 86' lang='lat' dir='ltr'><strong>per</strong></span> <span class='ocrx_word' id='word_1_275' title='bbox 638 1964 730 2014; x_wconf 84' lang='lat' dir='ltr'><strong>vn,</strong></span> <span class='ocrx_word' id='word_1_276' title='bbox 776 1947 832 2003; x_wconf 94' lang='lat' dir='ltr'><strong>id</strong></span> <span class='ocrx_word' id='word_1_277' title='bbox 861 1957 946 2005; x_wconf 89' lang='lat' dir='ltr'><strong>est</strong></span> <span class='ocrx_word' id='word_1_278' title='bbox 985 1950 1071 2005; x_wconf 90' lang='lat' dir='ltr'><strong>bis</strong></span> <span class='ocrx_word' id='word_1_279' title='bbox 1116 1952 1327 2021; x_wconf 87' lang='lat' dir='ltr'><strong>septeni</strong></span> <span class='ocrx_word' id='word_1_280' title='bbox 1369 1969 1480 2017; x_wconf 79' lang='lat' dir='ltr'><strong>xiv,</strong></span> <span class='ocrx_word' id='word_1_281' title='bbox 1512 1962 1797 2010; x_wconf 84' lang='lat' dir='ltr'><strong>remanent</strong></span> <span class='ocrx_word' id='word_1_282' title='bbox 1823 1970 1878 2008; x_wconf 92' lang='grc' dir='ltr'><strong>ιι.</strong></span> 
     </span>
    </p>
   </div>
   <div class='ocr_carea' id='block_1_35' title="bbox 284 2038 1886 2113">
    <p class='ocr_par' dir='ltr' id='par_1_35' title="bbox 284 2038 1886 2113">
     <span class='ocr_line' id='line_1_35' title="bbox 284 2038 1886 2113; baseline 0.005 -20"><span class='ocrx_word' id='word_1_283' title='bbox 284 2038 529 2093; x_wconf 69' lang='lat' dir='ltr'><strong>Secunda</strong></span> <span class='ocrx_word' id='word_1_284' title='bbox 558 2038 686 2094; x_wconf 80' lang='lat' dir='ltr'><strong>feria</strong></span> <span class='ocrx_word' id='word_1_285' title='bbox 714 2043 954 2096; x_wconf 91' lang='lat' dir='ltr'><strong>occurrit</strong></span> <span class='ocrx_word' id='word_1_286' title='bbox 981 2042 1105 2097; x_wconf 91' lang='lat' dir='ltr'><strong>luna</strong></span> <span class='ocrx_word' id='word_1_287' title='bbox 1133 2043 1403 2113; x_wconf 87' lang='lat' dir='ltr'><strong>paschalis</strong></span> <span class='ocrx_word' id='word_1_288' title='bbox 1428 2061 1539 2107; x_wconf 74' lang='lat' dir='ltr'><strong>xxv,</strong></span> <span class='ocrx_word' id='word_1_289' title='bbox 1570 2055 1628 2100; x_wconf 91' lang='lat' dir='ltr'><strong>et</strong></span> <span class='ocrx_word' id='word_1_290' title='bbox 1658 2044 1886 2101; x_wconf 87' lang='lat' dir='ltr'><strong>domini-</strong></span> 
     </span>
    </p>
   </div>
   <div class='ocr_carea' id='block_1_36' title="bbox 284 2132 1292 2202">
    <p class='ocr_par' dir='ltr' id='par_1_36' title="bbox 284 2132 1292 2202">
     <span class='ocr_line' id='line_1_36' title="bbox 284 2132 1292 2202; baseline 0.003 -14"><span class='ocrx_word' id='word_1_291' title='bbox 284 2147 375 2188; x_wconf 86' lang='lat' dir='ltr'><strong>cus</strong></span> <span class='ocrx_word' id='word_1_292' title='bbox 422 2132 547 2187; x_wconf 83' lang='lat' dir='ltr'><strong>festi</strong></span> <span class='ocrx_word' id='word_1_293' title='bbox 589 2132 860 2202; x_wconf 88' lang='lat' dir='ltr'><strong>paschalis</strong></span> <span class='ocrx_word' id='word_1_294' title='bbox 888 2134 1005 2190; x_wconf 89' lang='lat' dir='ltr'><strong>dies</strong></span> <span class='ocrx_word' id='word_1_295' title='bbox 1034 2135 1157 2190; x_wconf 89' lang='lat' dir='ltr'><strong>luna</strong></span> <span class='ocrx_word' id='word_1_296' title='bbox 1203 2153 1292 2192; x_wconf 92' lang='lat' dir='ltr'><strong>xx.</strong></span> 
     </span>
    </p>
   </div>
   <div class='ocr_carea' id='block_1_37' title="bbox 348 2244 1886 2316">
    <p class='ocr_par' dir='ltr' id='par_1_37' title="bbox 348 2244 1886 2316">
     <span class='ocr_line' id='line_1_37' title="bbox 348 2244 1886 2316; baseline 0.003 -20"><span class='ocrx_word' id='word_1_297' title='bbox 348 2244 503 2298; x_wconf 71' lang='lat' dir='ltr'><strong>Anno</strong></span> <span class='ocrx_word' id='word_1_298' title='bbox 538 2244 1019 2300; x_wconf 65' lang='lat' dir='ltr'><strong>secundm—Item</strong></span> <span class='ocrx_word' id='word_1_299' title='bbox 1049 2245 1255 2316; x_wconf 69' lang='lat' dir='ltr'><strong>praefati</strong></span> <span class='ocrx_word' id='word_1_300' title='bbox 1285 2247 1470 2302; x_wconf 88' lang='lat' dir='ltr'><strong>circuli</strong></span> <span class='ocrx_word' id='word_1_301' title='bbox 1499 2263 1671 2303; x_wconf 89' lang='lat' dir='ltr'><strong>annus</strong></span> <span class='ocrx_word' id='word_1_302' title='bbox 1693 2262 1886 2302; x_wconf 78' lang='lat' dir='ltr'><strong>secun-</strong></span> 
     </span>
    </p>
   </div>
   <div class='ocr_carea' id='block_1_38' title="bbox 279 2335 1882 2410">
    <p class='ocr_par' dir='ltr' id='par_1_38' title="bbox 279 2335 1882 2410">
     <span class='ocr_line' id='line_1_38' title="bbox 279 2335 1882 2410; baseline 0.003 -19"><span class='ocrx_word' id='word_1_303' title='bbox 279 2335 395 2401; x_wconf 78' lang='lat' dir='ltr'><strong>dus,</strong></span> <span class='ocrx_word' id='word_1_304' title='bbox 428 2351 461 2389; x_wconf 85' lang='lat' dir='ltr'><strong>a</strong></span> <span class='ocrx_word' id='word_1_305' title='bbox 508 2352 618 2405; x_wconf 91' lang='lat' dir='ltr'><strong>quo</strong></span> <span class='ocrx_word' id='word_1_306' title='bbox 663 2345 881 2392; x_wconf 89' lang='lat' dir='ltr'><strong>sumunt</strong></span> <span class='ocrx_word' id='word_1_307' title='bbox 916 2339 1197 2393; x_wconf 88' lang='lat' dir='ltr'><strong>exordium</strong></span> <span class='ocrx_word' id='word_1_308' title='bbox 1225 2347 1431 2410; x_wconf 68' lang='lat' dir='ltr'><strong>epactas</strong></span> <span class='ocrx_word' id='word_1_309' title='bbox 1474 2356 1546 2395; x_wconf 77' lang='grc' dir='ltr'><strong>ιι.</strong></span> <span class='ocrx_word' id='word_1_310' title='bbox 1596 2340 1789 2396; x_wconf 84' lang='lat' dir='ltr'><strong>Incidit</strong></span> <span class='ocrx_word' id='word_1_311' title='bbox 1826 2342 1882 2396; x_wconf 91' lang='lat' dir='ltr'><strong>in</strong></span> 
     </span>
    </p>
   </div>
   <div class='ocr_carea' id='block_1_39' title="bbox 282 2428 1883 2500">
    <p class='ocr_par' dir='ltr' id='par_1_39' title="bbox 282 2428 1883 2500">
     <span class='ocr_line' id='line_1_39' title="bbox 282 2428 1883 2500; baseline 0.003 -16"><span class='ocrx_word' id='word_1_312' title='bbox 282 2443 346 2485; x_wconf 89' lang='lat' dir='ltr'><strong>eo</strong></span> <span class='ocrx_word' id='word_1_313' title='bbox 402 2443 548 2484; x_wconf 85' lang='lat' dir='ltr'><strong>anno</strong></span> <span class='ocrx_word' id='word_1_314' title='bbox 603 2428 728 2484; x_wconf 88' lang='lat' dir='ltr'><strong>luna</strong></span> <span class='ocrx_word' id='word_1_315' title='bbox 791 2430 1061 2500; x_wconf 83' lang='lat' dir='ltr'><strong>paschalis</strong></span> <span class='ocrx_word' id='word_1_316' title='bbox 1116 2447 1204 2486; x_wconf 77' lang='lat' dir='ltr'><strong>xiv</strong></span> <span class='ocrx_word' id='word_1_317' title='bbox 1243 2446 1430 2487; x_wconf 88' lang='lat' dir='ltr'><strong>mense</strong></span> <span class='ocrx_word' id='word_1_318' title='bbox 1482 2432 1678 2488; x_wconf 80' lang='lat' dir='ltr'><strong>Martii.</strong></span> <span class='ocrx_word' id='word_1_319' title='bbox 1737 2433 1883 2489; x_wconf 91' lang='lat' dir='ltr'><strong>Tene</strong></span> 
     </span>
    </p>
   </div>
   <div class='ocr_carea' id='block_1_40' title="bbox 280 2521 1877 2597">
    <p class='ocr_par' dir='ltr' id='par_1_40' title="bbox 280 2521 1877 2597">
     <span class='ocr_line' id='line_1_40' title="bbox 280 2521 1877 2597; baseline 0.004 -23"><span class='ocrx_word' id='word_1_320' title='bbox 280 2534 442 2575; x_wconf 74' lang='lat' dir='ltr'><strong>xxxvi</strong></span> <span class='ocrx_word' id='word_1_321' title='bbox 507 2521 783 2591; x_wconf 86' lang='lat' dir='ltr'><strong>regulares</strong></span> <span class='ocrx_word' id='word_1_322' title='bbox 834 2523 888 2577; x_wconf 92' lang='lat' dir='ltr'><strong>in</strong></span> <span class='ocrx_word' id='word_1_323' title='bbox 952 2537 1020 2578; x_wconf 89' lang='lat' dir='ltr'><strong>eo</strong></span> <span class='ocrx_word' id='word_1_324' title='bbox 1068 2538 1303 2594; x_wconf 88' lang='lat' dir='ltr'><strong>semper,</strong></span> <span class='ocrx_word' id='word_1_325' title='bbox 1347 2525 1605 2580; x_wconf 89' lang='lat' dir='ltr'><strong>subtrahe</strong></span> <span class='ocrx_word' id='word_1_326' title='bbox 1658 2540 1877 2597; x_wconf 87' lang='lat' dir='ltr'><strong>semper</strong></span> 
     </span>
    </p>
   </div>
   <div class='ocr_carea' id='block_1_41' title="bbox 278 2615 1879 2687">
    <p class='ocr_par' dir='ltr' id='par_1_41' title="bbox 278 2615 1879 2687">
     <span class='ocr_line' id='line_1_41' title="bbox 278 2615 1879 2687; baseline 0.004 -20"><span class='ocrx_word' id='word_1_327' title='bbox 278 2622 506 2683; x_wconf 84' lang='lat' dir='ltr'><strong>epactas</strong></span> <span class='ocrx_word' id='word_1_328' title='bbox 535 2628 613 2682; x_wconf 77' lang='lat' dir='ltr'><strong>x1,</strong></span> <span class='ocrx_word' id='word_1_329' title='bbox 638 2625 921 2669; x_wconf 89' lang='lat' dir='ltr'><strong>remanent</strong></span> <span class='ocrx_word' id='word_1_330' title='bbox 945 2631 1073 2671; x_wconf 88' lang='lat' dir='ltr'><strong>xxv.</strong></span> <span class='ocrx_word' id='word_1_331' title='bbox 1104 2615 1373 2673; x_wconf 83' lang='lat' dir='ltr'><strong>Vicesimo</strong></span> <span class='ocrx_word' id='word_1_332' title='bbox 1400 2618 1590 2687; x_wconf 90' lang='lat' dir='ltr'><strong>quinto</strong></span> <span class='ocrx_word' id='word_1_333' title='bbox 1616 2618 1704 2673; x_wconf 91' lang='lat' dir='ltr'><strong>die</strong></span> <span class='ocrx_word' id='word_1_334' title='bbox 1725 2634 1757 2673; x_wconf 89' lang='lat' dir='ltr'><strong>a</strong></span> <span class='ocrx_word' id='word_1_335' title='bbox 1786 2634 1879 2674; x_wconf 86' lang='lat' dir='ltr'><strong>ca-</strong></span> 
     </span>
    </p>
   </div>
   <div class='ocr_carea' id='block_1_42' title="bbox 276 2704 1883 2779">
    <p class='ocr_par' dir='ltr' id='par_1_42' title="bbox 276 2704 1883 2779">
     <span class='ocr_line' id='line_1_42' title="bbox 276 2704 1883 2779; baseline 0.002 -19"><span class='ocrx_word' id='word_1_336' title='bbox 276 2705 449 2761; x_wconf 85' lang='lat' dir='ltr'><strong>Iendis</strong></span> <span class='ocrx_word' id='word_1_337' title='bbox 478 2704 673 2771; x_wconf 74' lang='lat' dir='ltr'><strong>Martii,</strong></span> <span class='ocrx_word' id='word_1_338' title='bbox 704 2707 849 2776; x_wconf 90' lang='lat' dir='ltr'><strong>quod</strong></span> <span class='ocrx_word' id='word_1_339' title='bbox 889 2716 974 2763; x_wconf 89' lang='lat' dir='ltr'><strong>est</strong></span> <span class='ocrx_word' id='word_1_340' title='bbox 998 2722 1093 2763; x_wconf 86' lang='lat' dir='ltr'><strong>vnl</strong></span> <span class='ocrx_word' id='word_1_341' title='bbox 1132 2709 1235 2763; x_wconf 92' lang='lat' dir='ltr'><strong>cal.</strong></span> <span class='ocrx_word' id='word_1_342' title='bbox 1269 2708 1464 2779; x_wconf 86' lang='lat' dir='ltr'><strong>April.,</strong></span> <span class='ocrx_word' id='word_1_343' title='bbox 1490 2710 1730 2765; x_wconf 88' lang='lat' dir='ltr'><strong>occurrit</strong></span> <span class='ocrx_word' id='word_1_344' title='bbox 1756 2710 1883 2764; x_wconf 86' lang='lat' dir='ltr'><strong>luna</strong></span> 
     </span>
    </p>
   </div>
   <div class='ocr_carea' id='block_1_43' title="bbox 275 2796 1883 2870">
    <p class='ocr_par' dir='ltr' id='par_1_43' title="bbox 275 2796 1883 2870">
     <span class='ocr_line' id='line_1_43' title="bbox 275 2796 1883 2870; baseline 0.002 -19"><span class='ocrx_word' id='word_1_345' title='bbox 275 2796 547 2868; x_wconf 87' lang='lat' dir='ltr'><strong>paschalis</strong></span> <span class='ocrx_word' id='word_1_346' title='bbox 583 2812 695 2853; x_wconf 72' lang='lat' dir='ltr'><strong>xxv.</strong></span> <span class='ocrx_word' id='word_1_347' title='bbox 728 2796 877 2854; x_wconf 90' lang='lat' dir='ltr'><strong>Tene</strong></span> <span class='ocrx_word' id='word_1_348' title='bbox 904 2800 1300 2870; x_wconf 86' lang='lat' dir='ltr'><strong>suprascriptos</strong></span> <span class='ocrx_word' id='word_1_349' title='bbox 1329 2815 1457 2865; x_wconf 89' lang='lat' dir='ltr'><strong>xxv,</strong></span> <span class='ocrx_word' id='word_1_350' title='bbox 1487 2799 1629 2855; x_wconf 89' lang='lat' dir='ltr'><strong>adde</strong></span> <span class='ocrx_word' id='word_1_351' title='bbox 1650 2815 1883 2856; x_wconf 85' lang='lat' dir='ltr'><strong>concur-</strong></span> 
     </span>
    </p>
   </div>
   <div class='ocr_carea' id='block_1_44' title="bbox 275 2888 1882 2962">
    <p class='ocr_par' dir='ltr' id='par_1_44' title="bbox 275 2888 1882 2962">
     <span class='ocr_line' id='line_1_44' title="bbox 275 2888 1882 2962; baseline 0.001 -17"><span class='ocrx_word' id='word_1_352' title='bbox 275 2897 461 2947; x_wconf 82' lang='lat' dir='ltr'><strong>rentes</strong></span> <span class='ocrx_word' id='word_1_353' title='bbox 510 2888 752 2957; x_wconf 86' lang='lat' dir='ltr'><strong>ejusdem</strong></span> <span class='ocrx_word' id='word_1_354' title='bbox 805 2891 932 2946; x_wconf 90' lang='lat' dir='ltr'><strong>anni</strong></span> <span class='ocrx_word' id='word_1_355' title='bbox 959 2907 1013 2957; x_wconf 81' lang='grc' dir='ltr'><strong>ν,</strong></span> <span class='ocrx_word' id='word_1_356' title='bbox 1060 2891 1195 2946; x_wconf 88' lang='lat' dir='ltr'><strong>ﬁunt</strong></span> <span class='ocrx_word' id='word_1_357' title='bbox 1224 2907 1354 2946; x_wconf 87' lang='lat' dir='ltr'><strong>xxx.</strong></span> <span class='ocrx_word' id='word_1_358' title='bbox 1388 2892 1539 2946; x_wconf 85' lang='lat' dir='ltr'><strong>Adde</strong></span> <span class='ocrx_word' id='word_1_359' title='bbox 1577 2906 1791 2962; x_wconf 87' lang='lat' dir='ltr'><strong>semper</strong></span> <span class='ocrx_word' id='word_1_360' title='bbox 1828 2892 1882 2946; x_wconf 91' lang='lat' dir='ltr'><strong>in</strong></span> 
     </span>
    </p>
   </div>
   <div class='ocr_carea' id='block_1_45' title="bbox 274 2985 1880 3059">
    <p class='ocr_par' dir='ltr' id='par_1_45' title="bbox 274 2985 1880 3059">
     <span class='ocr_line' id='line_1_45' title="bbox 274 2985 1880 3059; baseline 0.004 -20"><span class='ocrx_word' id='word_1_361' title='bbox 274 2985 386 3041; x_wconf 86' lang='lat' dir='ltr'><strong>ﬁne</strong></span> <span class='ocrx_word' id='word_1_362' title='bbox 414 2986 577 3056; x_wconf 88' lang='lat' dir='ltr'><strong>hujus</strong></span> <span class='ocrx_word' id='word_1_363' title='bbox 625 2985 827 3044; x_wconf 86' lang='lat' dir='ltr'><strong>mensis</strong></span> <span class='ocrx_word' id='word_1_364' title='bbox 873 2987 1149 3059; x_wconf 85' lang='lat' dir='ltr'><strong>regulares</strong></span> <span class='ocrx_word' id='word_1_365' title='bbox 1189 3004 1263 3056; x_wconf 82' lang='grc' dir='ltr'><strong>ιν,</strong></span> <span class='ocrx_word' id='word_1_366' title='bbox 1296 2988 1395 3044; x_wconf 91' lang='lat' dir='ltr'><strong>hos</strong></span> <span class='ocrx_word' id='word_1_367' title='bbox 1435 2989 1635 3058; x_wconf 90' lang='lat' dir='ltr'><strong>partire</strong></span> <span class='ocrx_word' id='word_1_368' title='bbox 1664 3005 1761 3059; x_wconf 89' lang='lat' dir='ltr'><strong>per</strong></span> <span class='ocrx_word' id='word_1_369' title='bbox 1787 3006 1880 3057; x_wconf 85' lang='lat' dir='ltr'><strong>vn,</strong></span> 
     </span>
    </p>
   </div>
   <div class='ocr_carea' id='block_1_46' title="bbox 274 3075 1885 3147">
    <p class='ocr_par' dir='ltr' id='par_1_46' title="bbox 274 3075 1885 3147">
     <span class='ocr_line' id='line_1_46' title="bbox 274 3075 1885 3147; baseline 0.004 -17"><span class='ocrx_word' id='word_1_370' title='bbox 274 3075 331 3130; x_wconf 85' lang='lat' dir='ltr'><strong>id</strong></span> <span class='ocrx_word' id='word_1_371' title='bbox 352 3085 434 3131; x_wconf 85' lang='lat' dir='ltr'><strong>est</strong></span> <span class='ocrx_word' id='word_1_372' title='bbox 456 3078 660 3147; x_wconf 85' lang='lat' dir='ltr'><strong>septies</strong></span> <span class='ocrx_word' id='word_1_373' title='bbox 688 3081 1159 3146; x_wconf 75' lang='lat' dir='ltr'><strong>quaterni&#39;xmu,</strong></span> <span class='ocrx_word' id='word_1_374' title='bbox 1197 3090 1482 3138; x_wconf 82' lang='lat' dir='ltr'><strong>remanent</strong></span> <span class='ocrx_word' id='word_1_375' title='bbox 1507 3096 1581 3134; x_wconf 75' lang='lat' dir='ltr'><strong>vr.</strong></span> <span class='ocrx_word' id='word_1_376' title='bbox 1612 3080 1777 3135; x_wconf 85' lang='lat' dir='ltr'><strong>Sexta</strong></span> <span class='ocrx_word' id='word_1_377' title='bbox 1807 3080 1885 3137; x_wconf 80' lang='lat' dir='ltr'><strong>fe-</strong></span> 
     </span>
    </p>
   </div>
   <div class='ocr_carea' id='block_1_47' title="bbox 273 3166 1861 3242">
    <p class='ocr_par' dir='ltr' id='par_1_47' title="bbox 273 3166 1861 3242">
     <span class='ocr_line' id='line_1_47' title="bbox 273 3166 1861 3242; baseline 0.003 -21"><span class='ocrx_word' id='word_1_378' title='bbox 273 3166 355 3221; x_wconf 90' lang='lat' dir='ltr'><strong>ria</strong></span> <span class='ocrx_word' id='word_1_379' title='bbox 394 3169 630 3223; x_wconf 84' lang='lat' dir='ltr'><strong>occurrit</strong></span> <span class='ocrx_word' id='word_1_380' title='bbox 656 3169 785 3225; x_wconf 90' lang='lat' dir='ltr'><strong>luna</strong></span> <span class='ocrx_word' id='word_1_381' title='bbox 827 3186 920 3226; x_wconf 79' lang='lat' dir='ltr'><strong>xiv</strong></span> <span class='ocrx_word' id='word_1_382' title='bbox 949 3173 1245 3242; x_wconf 85' lang='lat' dir='ltr'><strong>paschalis.</strong></span> <span class='ocrx_word' id='word_1_383' title='bbox 1297 3183 1351 3228; x_wconf 84' lang='lat' dir='ltr'><strong>et</strong></span> <span class='ocrx_word' id='word_1_384' title='bbox 1400 3171 1704 3232; x_wconf 82' lang='lat' dir='ltr'><strong>dominicus</strong></span> <span class='ocrx_word' id='word_1_385' title='bbox 1759 3172 1861 3227; x_wconf 82' lang='lat' dir='ltr'><strong>fest</strong></span> 
     </span>
    </p>
   </div>
   <div class='ocr_carea' id='block_1_48' title="bbox 272 3259 985 3330">
    <p class='ocr_par' dir='ltr' id='par_1_48' title="bbox 272 3259 985 3330">
     <span class='ocr_line' id='line_1_48' title="bbox 272 3259 985 3330; baseline 0.008 -18"><span class='ocrx_word' id='word_1_386' title='bbox 272 3259 549 3330; x_wconf 83' lang='lat' dir='ltr'><strong>paschalis</strong></span> <span class='ocrx_word' id='word_1_387' title='bbox 574 3260 691 3316; x_wconf 90' lang='lat' dir='ltr'><strong>dies</strong></span> <span class='ocrx_word' id='word_1_388' title='bbox 721 3261 848 3317; x_wconf 86' lang='lat' dir='ltr'><strong>luna</strong></span> <span class='ocrx_word' id='word_1_389' title='bbox 877 3280 985 3318; x_wconf 74' lang='lat' dir='ltr'><strong>xvn.</strong></span> 
     </span>
    </p>
   </div>
   <div class='ocr_carea' id='block_1_49' title="bbox 346 3350 1883 3432">
    <p class='ocr_par' dir='ltr' id='par_1_49' title="bbox 346 3350 1883 3432">
     <span class='ocr_line' id='line_1_49' title="bbox 346 3350 1883 3432; baseline 0.008 -28"><span class='ocrx_word' id='word_1_390' title='bbox 346 3350 498 3405; x_wconf 68' lang='lat' dir='ltr'><strong>Anno</strong></span> <span class='ocrx_word' id='word_1_391' title='bbox 526 3352 695 3407; x_wconf 82' lang='lat' dir='ltr'><strong>tertio.</strong></span> <span class='ocrx_word' id='word_1_392' title='bbox 744 3382 819 3393; x_wconf 94' lang='lat'><strong><em>—</em></strong></span> <span class='ocrx_word' id='word_1_393' title='bbox 844 3352 977 3410; x_wconf 91' lang='lat' dir='ltr'><strong>Item</strong></span> <span class='ocrx_word' id='word_1_394' title='bbox 1007 3370 1193 3413; x_wconf 88' lang='lat' dir='ltr'><strong>mense</strong></span> <span class='ocrx_word' id='word_1_395' title='bbox 1234 3357 1405 3428; x_wconf 80' lang='lat' dir='ltr'><strong>Aprili</strong></span> <span class='ocrx_word' id='word_1_396' title='bbox 1434 3375 1577 3432; x_wconf 68' lang='lat' dir='ltr'><strong>saepe</strong></span> <span class='ocrx_word' id='word_1_397' title='bbox 1606 3360 1735 3417; x_wconf 87' lang='lat' dir='ltr'><strong>dicti</strong></span> <span class='ocrx_word' id='word_1_398' title='bbox 1784 3362 1883 3418; x_wconf 89' lang='lat' dir='ltr'><strong>cir-</strong></span> 
     </span>
    </p>
   </div>
   <div class='ocr_carea' id='block_1_50' title="bbox 270 3438 1879 3521">
    <p class='ocr_par' dir='ltr' id='par_1_50' title="bbox 270 3438 1879 3521">
     <span class='ocr_line' id='line_1_50' title="bbox 270 3438 1879 3521; baseline 0.008 -24"><span class='ocrx_word' id='word_1_399' title='bbox 270 3438 386 3497; x_wconf 84' lang='lat' dir='ltr'><strong>culi</strong></span> <span class='ocrx_word' id='word_1_400' title='bbox 412 3441 569 3511; x_wconf 86' lang='lat' dir='ltr'><strong>primi</strong></span> <span class='ocrx_word' id='word_1_401' title='bbox 615 3456 759 3499; x_wconf 88' lang='lat' dir='ltr'><strong>anno</strong></span> <span class='ocrx_word' id='word_1_402' title='bbox 796 3446 977 3501; x_wconf 87' lang='lat' dir='ltr'><strong>tertio.</strong></span> <span class='ocrx_word' id='word_1_403' title='bbox 1020 3446 1172 3504; x_wconf 88' lang='lat' dir='ltr'><strong>Tene</strong></span> <span class='ocrx_word' id='word_1_404' title='bbox 1195 3463 1412 3521; x_wconf 86' lang='lat' dir='ltr'><strong>semper</strong></span> <span class='ocrx_word' id='word_1_405' title='bbox 1454 3451 1510 3505; x_wconf 90' lang='lat' dir='ltr'><strong>in</strong></span> <span class='ocrx_word' id='word_1_406' title='bbox 1542 3466 1610 3507; x_wconf 93' lang='lat' dir='ltr'><strong>eo</strong></span> <span class='ocrx_word' id='word_1_407' title='bbox 1636 3466 1824 3509; x_wconf 87' lang='lat' dir='ltr'><strong>mense</strong></span> <span class='ocrx_word' id='word_1_408' title='bbox 1855 3462 1879 3492; x_wconf 73' lang='grc' dir='ltr'><strong>ο</strong></span> 
     </span>
    </p>
   </div>
   <div class='ocr_carea' id='block_1_51' title="bbox 272 3532 1881 3618">
    <p class='ocr_par' dir='ltr' id='par_1_51' title="bbox 272 3532 1881 3618">
     <span class='ocr_line' id='line_1_51' title="bbox 272 3532 1881 3618; baseline 0.009 -29"><span class='ocrx_word' id='word_1_409' title='bbox 272 3532 541 3603; x_wconf 84' lang='lat' dir='ltr'><strong>imprimis</strong></span> <span class='ocrx_word' id='word_1_410' title='bbox 566 3536 845 3604; x_wconf 83' lang='lat' dir='ltr'><strong>regulares</strong></span> <span class='ocrx_word' id='word_1_411' title='bbox 874 3554 1040 3594; x_wconf 87' lang='lat' dir='ltr'><strong>xxxv.</strong></span> <span class='ocrx_word' id='word_1_412' title='bbox 1085 3540 1355 3599; x_wconf 86' lang='lat' dir='ltr'><strong>Subtrahe</strong></span> <span class='ocrx_word' id='word_1_413' title='bbox 1394 3553 1613 3615; x_wconf 88' lang='lat' dir='ltr'><strong>epactas</strong></span> <span class='ocrx_word' id='word_1_414' title='bbox 1641 3546 1881 3618; x_wconf 84' lang='lat' dir='ltr'><strong>ejusdem</strong></span> 
     </span>
    </p>
   </div>
   <div class='ocr_carea' id='block_1_52' title="bbox 272 3627 1879 3705">
    <p class='ocr_par' dir='ltr' id='par_1_52' title="bbox 272 3627 1879 3705">
     <span class='ocr_line' id='line_1_52' title="bbox 272 3627 1879 3705; baseline 0.009 -25"><span class='ocrx_word' id='word_1_415' title='bbox 272 3627 404 3681; x_wconf 87' lang='lat' dir='ltr'><strong>anni</strong></span> <span class='ocrx_word' id='word_1_416' title='bbox 428 3643 565 3693; x_wconf 68' lang='grc' dir='ltr'><strong>χιιι,</strong></span> <span class='ocrx_word' id='word_1_417' title='bbox 597 3639 882 3685; x_wconf 86' lang='lat' dir='ltr'><strong>remanent</strong></span> <span class='ocrx_word' id='word_1_418' title='bbox 912 3648 1026 3687; x_wconf 88' lang='lat' dir='ltr'><strong>xm.</strong></span> <span class='ocrx_word' id='word_1_419' title='bbox 1059 3632 1244 3690; x_wconf 90' lang='lat' dir='ltr'><strong>Tertio</strong></span> <span class='ocrx_word' id='word_1_420' title='bbox 1274 3635 1485 3692; x_wconf 89' lang='lat' dir='ltr'><strong>decimo</strong></span> <span class='ocrx_word' id='word_1_421' title='bbox 1533 3636 1623 3694; x_wconf 90' lang='lat' dir='ltr'><strong>die</strong></span> <span class='ocrx_word' id='word_1_422' title='bbox 1660 3639 1879 3705; x_wconf 89' lang='lat' dir='ltr'><strong>mensis,</strong></span> 
     </span>
    </p>
   </div>
   <div class='ocr_carea' id='block_1_53' title="bbox 273 3717 1884 3795">
    <p class='ocr_par' dir='ltr' id='par_1_53' title="bbox 273 3717 1884 3795">
     <span class='ocr_line' id='line_1_53' title="bbox 273 3717 1884 3795; baseline 0.009 -24"><span class='ocrx_word' id='word_1_423' title='bbox 273 3717 331 3773; x_wconf 87' lang='lat' dir='ltr'><strong>id</strong></span> <span class='ocrx_word' id='word_1_424' title='bbox 354 3725 436 3773; x_wconf 89' lang='lat' dir='ltr'><strong>est</strong></span> <span class='ocrx_word' id='word_1_425' title='bbox 453 3717 735 3790; x_wconf 86' lang='lat' dir='ltr'><strong>id.April.,</strong></span> <span class='ocrx_word' id='word_1_426' title='bbox 758 3722 992 3778; x_wconf 89' lang='lat' dir='ltr'><strong>occurrit</strong></span> <span class='ocrx_word' id='word_1_427' title='bbox 1010 3724 1132 3779; x_wconf 92' lang='lat' dir='ltr'><strong>luna</strong></span> <span class='ocrx_word' id='word_1_428' title='bbox 1162 3728 1430 3795; x_wconf 84' lang='lat' dir='ltr'><strong>paschalis</strong></span> <span class='ocrx_word' id='word_1_429' title='bbox 1460 3745 1570 3784; x_wconf 80' lang='lat' dir='ltr'><strong>xiv.</strong></span> <span class='ocrx_word' id='word_1_430' title='bbox 1604 3728 1752 3786; x_wconf 87' lang='lat' dir='ltr'><strong>Tene</strong></span> <span class='ocrx_word' id='word_1_431' title='bbox 1782 3731 1884 3786; x_wconf 86' lang='lat' dir='ltr'><strong>hos</strong></span> 
     </span>
    </p>
   </div>
   <div class='ocr_carea' id='block_1_54' title="bbox 274 3809 1882 3891">
    <p class='ocr_par' dir='ltr' id='par_1_54' title="bbox 274 3809 1882 3891">
     <span class='ocr_line' id='line_1_54' title="bbox 274 3809 1882 3891; baseline 0.008 -28"><span class='ocrx_word' id='word_1_432' title='bbox 274 3824 394 3875; x_wconf 85' lang='lat' dir='ltr'><strong>xm,</strong></span> <span class='ocrx_word' id='word_1_433' title='bbox 424 3809 561 3866; x_wconf 88' lang='lat' dir='ltr'><strong>adde</strong></span> <span class='ocrx_word' id='word_1_434' title='bbox 608 3822 994 3869; x_wconf 89' lang='lat' dir='ltr'><strong>concurrentes</strong></span> <span class='ocrx_word' id='word_1_435' title='bbox 1020 3830 1092 3881; x_wconf 74' lang='lat' dir='ltr'><strong>vn,</strong></span> <span class='ocrx_word' id='word_1_436' title='bbox 1124 3814 1259 3871; x_wconf 92' lang='lat' dir='ltr'><strong>ﬁunt</strong></span> <span class='ocrx_word' id='word_1_437' title='bbox 1288 3834 1399 3874; x_wconf 76' lang='lat' dir='ltr'><strong>xix.</strong></span> <span class='ocrx_word' id='word_1_438' title='bbox 1441 3818 1592 3875; x_wconf 85' lang='lat' dir='ltr'><strong>Adde</strong></span> <span class='ocrx_word' id='word_1_439' title='bbox 1632 3820 1685 3875; x_wconf 92' lang='lat' dir='ltr'><strong>in</strong></span> <span class='ocrx_word' id='word_1_440' title='bbox 1715 3820 1882 3891; x_wconf 87' lang='lat' dir='ltr'><strong>Aprili</strong></span> 
     </span>
    </p>
   </div>
   <div class='ocr_carea' id='block_1_55' title="bbox 273 3899 1883 3982">
    <p class='ocr_par' dir='ltr' id='par_1_55' title="bbox 273 3899 1883 3982">
     <span class='ocr_line' id='line_1_55' title="bbox 273 3899 1883 3982; baseline 0.007 -25"><span class='ocrx_word' id='word_1_441' title='bbox 273 3914 494 3971; x_wconf 78' lang='lat' dir='ltr'><strong>semper</strong></span> <span class='ocrx_word' id='word_1_442' title='bbox 520 3899 743 3958; x_wconf 79' lang='lat' dir='ltr'><strong>inferius</strong></span> <span class='ocrx_word' id='word_1_443' title='bbox 767 3904 1039 3975; x_wconf 85' lang='lat' dir='ltr'><strong>regulares</strong></span> <span class='ocrx_word' id='word_1_444' title='bbox 1062 3922 1155 3972; x_wconf 88' lang='lat' dir='ltr'><strong>vn,</strong></span> <span class='ocrx_word' id='word_1_445' title='bbox 1186 3906 1321 3964; x_wconf 88' lang='lat' dir='ltr'><strong>ﬁunt</strong></span> <span class='ocrx_word' id='word_1_446' title='bbox 1347 3926 1491 3965; x_wconf 76' lang='lat' dir='ltr'><strong>xxvi.</strong></span> <span class='ocrx_word' id='word_1_447' title='bbox 1541 3910 1654 3968; x_wconf 84' lang='lat' dir='ltr'><strong>Hos</strong></span> <span class='ocrx_word' id='word_1_448' title='bbox 1681 3913 1883 3982; x_wconf 88' lang='lat' dir='ltr'><strong>partire</strong></span> 
     </span>
    </p>
   </div>
   <div class='ocr_carea' id='block_1_56' title="bbox 274 3994 1882 4071">
    <p class='ocr_par' dir='ltr' id='par_1_56' title="bbox 274 3994 1882 4071">
     <span class='ocr_line' id='line_1_56' title="bbox 274 3994 1882 4071; baseline 0.009 -27"><span class='ocrx_word' id='word_1_449' title='bbox 274 4005 383 4061; x_wconf 86' lang='lat' dir='ltr'><strong>per</strong></span> <span class='ocrx_word' id='word_1_450' title='bbox 409 4006 481 4046; x_wconf 83' lang='lat' dir='ltr'><strong>vn</strong></span> <span class='ocrx_word' id='word_1_451' title='bbox 523 4000 607 4048; x_wconf 91' lang='lat' dir='ltr'><strong>ter</strong></span> <span class='ocrx_word' id='word_1_452' title='bbox 656 3994 887 4064; x_wconf 90' lang='lat' dir='ltr'><strong>septeni,</strong></span> <span class='ocrx_word' id='word_1_453' title='bbox 938 4012 1051 4063; x_wconf 77' lang='lat' dir='ltr'><strong>xxi,</strong></span> <span class='ocrx_word' id='word_1_454' title='bbox 1081 4009 1363 4054; x_wconf 88' lang='lat' dir='ltr'><strong>remanent</strong></span> <span class='ocrx_word' id='word_1_455' title='bbox 1389 4002 1647 4071; x_wconf 89' lang='lat' dir='ltr'><strong>quinque.</strong></span> <span class='ocrx_word' id='word_1_456' title='bbox 1683 4002 1882 4069; x_wconf 84' lang='lat' dir='ltr'><strong>Quinta</strong></span> 
     </span>
    </p>
   </div>
   <div class='ocr_carea' id='block_1_57' title="bbox 274 4082 1884 4163">
    <p class='ocr_par' dir='ltr' id='par_1_57' title="bbox 274 4082 1884 4163">
     <span class='ocr_line' id='line_1_57' title="bbox 274 4082 1884 4163; baseline 0.01 -25"><span class='ocrx_word' id='word_1_457' title='bbox 274 4082 415 4138; x_wconf 80' lang='lat' dir='ltr'><strong>feria</strong></span> <span class='ocrx_word' id='word_1_458' title='bbox 444 4085 542 4139; x_wconf 90' lang='lat' dir='ltr'><strong>erit</strong></span> <span class='ocrx_word' id='word_1_459' title='bbox 566 4085 773 4141; x_wconf 89' lang='lat' dir='ltr'><strong>decima</strong></span> <span class='ocrx_word' id='word_1_460' title='bbox 802 4098 993 4158; x_wconf 87' lang='lat' dir='ltr'><strong>quarta</strong></span> <span class='ocrx_word' id='word_1_461' title='bbox 1021 4090 1143 4146; x_wconf 90' lang='lat' dir='ltr'><strong>luna</strong></span> <span class='ocrx_word' id='word_1_462' title='bbox 1174 4094 1462 4163; x_wconf 88' lang='lat' dir='ltr'><strong>paschalis,</strong></span> <span class='ocrx_word' id='word_1_463' title='bbox 1496 4103 1551 4150; x_wconf 90' lang='lat' dir='ltr'><strong>et</strong></span> <span class='ocrx_word' id='word_1_464' title='bbox 1578 4096 1884 4154; x_wconf 85' lang='lat' dir='ltr'><strong>dominicus</strong></span> 
     </span>
    </p>
   </div>
   <div class='ocr_carea' id='block_1_58' title="bbox 273 4176 1882 4255">
    <p class='ocr_par' dir='ltr' id='par_1_58' title="bbox 273 4176 1882 4255">
     <span class='ocr_line' id='line_1_58' title="bbox 273 4176 1882 4255; baseline 0.009 -26"><span class='ocrx_word' id='word_1_465' title='bbox 273 4176 398 4231; x_wconf 86' lang='lat' dir='ltr'><strong>dies</strong></span> <span class='ocrx_word' id='word_1_466' title='bbox 425 4178 695 4247; x_wconf 86' lang='lat' dir='ltr'><strong>paschalis</strong></span> <span class='ocrx_word' id='word_1_467' title='bbox 748 4180 869 4235; x_wconf 84' lang='lat' dir='ltr'><strong>festi</strong></span> <span class='ocrx_word' id='word_1_468' title='bbox 900 4181 1027 4236; x_wconf 88' lang='lat' dir='ltr'><strong>luna</strong></span> <span class='ocrx_word' id='word_1_469' title='bbox 1075 4199 1206 4239; x_wconf 85' lang='lat' dir='ltr'><strong>xvn.</strong></span> <span class='ocrx_word' id='word_1_470' title='bbox 1258 4184 1339 4239; x_wconf 86' lang='lat' dir='ltr'><strong>Ita</strong></span> <span class='ocrx_word' id='word_1_471' title='bbox 1383 4186 1605 4255; x_wconf 86' lang='lat' dir='ltr'><strong>singulis</strong></span> <span class='ocrx_word' id='word_1_472' title='bbox 1650 4188 1805 4243; x_wconf 91' lang='lat' dir='ltr'><strong>annis</strong></span> <span class='ocrx_word' id='word_1_473' title='bbox 1850 4205 1882 4244; x_wconf 89' lang='lat' dir='ltr'><strong>a</strong></span> 
     </span>
    </p>
   </div>
   <div class='ocr_carea' id='block_1_59' title="bbox 273 4268 1882 4346">
    <p class='ocr_par' dir='ltr' id='par_1_59' title="bbox 273 4268 1882 4346">
     <span class='ocr_line' id='line_1_59' title="bbox 273 4268 1882 4346; baseline 0.01 -27"><span class='ocrx_word' id='word_1_474' title='bbox 273 4268 457 4338; x_wconf 84' lang='lat' dir='ltr'><strong>primo</strong></span> <span class='ocrx_word' id='word_1_475' title='bbox 484 4283 655 4338; x_wconf 91' lang='lat' dir='ltr'><strong>usque</strong></span> <span class='ocrx_word' id='word_1_476' title='bbox 699 4271 764 4324; x_wconf 86' lang='lat' dir='ltr'><strong>ad</strong></span> <span class='ocrx_word' id='word_1_477' title='bbox 811 4273 1222 4342; x_wconf 89' lang='lat' dir='ltr'><strong>nonagesimum</strong></span> <span class='ocrx_word' id='word_1_478' title='bbox 1253 4275 1497 4346; x_wconf 90' lang='lat' dir='ltr'><strong>quintum</strong></span> <span class='ocrx_word' id='word_1_479' title='bbox 1545 4293 1746 4334; x_wconf 88' lang='lat' dir='ltr'><strong>annum</strong></span> <span class='ocrx_word' id='word_1_480' title='bbox 1773 4280 1882 4335; x_wconf 83' lang='lat' dir='ltr'><strong>ca!-</strong></span> 
     </span>
    </p>
   </div>
   <div class='ocr_carea' id='block_1_60' title="bbox 274 4356 507 4412">
    <p class='ocr_par' dir='ltr' id='par_1_60' title="bbox 274 4356 507 4412">
     <span class='ocr_line' id='line_1_60' title="bbox 274 4356 507 4412; baseline 0.004 -1"><span class='ocrx_word' id='word_1_481' title='bbox 274 4356 507 4412; x_wconf 75' lang='lat' dir='ltr'><strong>ctdabis.</strong></span> 
     </span>
    </p>
   </div>
   <div class='ocr_carea' id='block_1_61' title="bbox 356 4446 1879 4528">
    <p class='ocr_par' dir='ltr' id='par_1_61' title="bbox 356 4446 1879 4528">
     <span class='ocr_line' id='line_1_61' title="bbox 356 4446 1879 4528; baseline 0.009 -27"><span class='ocrx_word' id='word_1_482' title='bbox 356 4446 411 4501; x_wconf 88' lang='lat' dir='ltr'><strong>Si</strong></span> <span class='ocrx_word' id='word_1_483' title='bbox 440 4448 657 4516; x_wconf 87' lang='lat' dir='ltr'><strong>quando</strong></span> <span class='ocrx_word' id='word_1_484' title='bbox 684 4465 869 4508; x_wconf 87' lang='lat' dir='ltr'><strong>mense</strong></span> <span class='ocrx_word' id='word_1_485' title='bbox 897 4451 1090 4510; x_wconf 84' lang='lat' dir='ltr'><strong>Martio</strong></span> <span class='ocrx_word' id='word_1_486' title='bbox 1117 4470 1208 4510; x_wconf 76' lang='lat' dir='ltr'><strong>xlv</strong></span> <span class='ocrx_word' id='word_1_487' title='bbox 1249 4455 1375 4512; x_wconf 91' lang='lat' dir='ltr'><strong>luna</strong></span> <span class='ocrx_word' id='word_1_488' title='bbox 1405 4459 1674 4528; x_wconf 85' lang='lat' dir='ltr'><strong>paschalis</strong></span> <span class='ocrx_word' id='word_1_489' title='bbox 1703 4462 1879 4517; x_wconf 83' lang='lat' dir='ltr'><strong>incur-</strong></span> 
     </span>
    </p>
   </div>
   <div class='ocr_carea' id='block_1_62' title="bbox 272 4537 1884 4624">
    <p class='ocr_par' dir='ltr' id='par_1_62' title="bbox 272 4537 1884 4624">
     <span class='ocr_line' id='line_1_62' title="bbox 272 4537 1884 4624; baseline 0.011 -33"><span class='ocrx_word' id='word_1_490' title='bbox 272 4537 371 4602; x_wconf 85' lang='lat' dir='ltr'><strong>rit,</strong></span> <span class='ocrx_word' id='word_1_491' title='bbox 404 4553 565 4594; x_wconf 66' lang='grc' dir='ltr'><strong>χχιιι</strong></span> <span class='ocrx_word' id='word_1_492' title='bbox 606 4541 881 4611; x_wconf 80' lang='lat' dir='ltr'><strong>regulares</strong></span> <span class='ocrx_word' id='word_1_493' title='bbox 910 4544 1171 4615; x_wconf 88' lang='lat' dir='ltr'><strong>imprimis</strong></span> <span class='ocrx_word' id='word_1_494' title='bbox 1199 4555 1408 4615; x_wconf 90' lang='lat' dir='ltr'><strong>teneas,</strong></span> <span class='ocrx_word' id='word_1_495' title='bbox 1448 4564 1514 4605; x_wconf 82' lang='lat' dir='ltr'><strong>ex</strong></span> <span class='ocrx_word' id='word_1_496' title='bbox 1543 4552 1735 4621; x_wconf 88' lang='lat' dir='ltr'><strong>quibus</strong></span> <span class='ocrx_word' id='word_1_497' title='bbox 1756 4570 1884 4624; x_wconf 84' lang='lat' dir='ltr'><strong>epa-</strong></span> 
     </span>
    </p>
   </div>
   <div class='ocr_carea' id='block_1_63' title="bbox 274 4630 1885 4704">
    <p class='ocr_par' dir='ltr' id='par_1_63' title="bbox 274 4630 1885 4704">
     <span class='ocr_line' id='line_1_63' title="bbox 274 4630 1885 4704; baseline 0.011 -22"><span class='ocrx_word' id='word_1_498' title='bbox 274 4638 401 4683; x_wconf 86' lang='lat' dir='ltr'><strong>ctas</strong></span> <span class='ocrx_word' id='word_1_499' title='bbox 428 4630 582 4698; x_wconf 89' lang='lat' dir='ltr'><strong>cujus</strong></span> <span class='ocrx_word' id='word_1_500' title='bbox 621 4633 856 4689; x_wconf 89' lang='lat' dir='ltr'><strong>volueris</strong></span> <span class='ocrx_word' id='word_1_501' title='bbox 902 4636 1029 4690; x_wconf 92' lang='lat' dir='ltr'><strong>anni</strong></span> <span class='ocrx_word' id='word_1_502' title='bbox 1076 4637 1331 4704; x_wconf 90' lang='lat' dir='ltr'><strong>deducas,</strong></span> <span class='ocrx_word' id='word_1_503' title='bbox 1390 4650 1446 4695; x_wconf 90' lang='lat' dir='ltr'><strong>et</strong></span> <span class='ocrx_word' id='word_1_504' title='bbox 1499 4654 1885 4700; x_wconf 83' lang='lat' dir='ltr'><strong>concurrentes</strong></span> 
     </span>
    </p>
   </div>
   <div class='ocr_carea' id='block_1_64' title="bbox 274 4718 1880 4801">
    <p class='ocr_par' dir='ltr' id='par_1_64' title="bbox 274 4718 1880 4801">
     <span class='ocr_line' id='line_1_64' title="bbox 274 4718 1880 4801; baseline 0.011 -28"><span class='ocrx_word' id='word_1_505' title='bbox 274 4718 526 4789; x_wconf 83' lang='lat' dir='ltr'><strong>adjicias,</strong></span> <span class='ocrx_word' id='word_1_506' title='bbox 560 4732 614 4777; x_wconf 92' lang='lat' dir='ltr'><strong>et</strong></span> <span class='ocrx_word' id='word_1_507' title='bbox 640 4723 691 4778; x_wconf 91' lang='lat' dir='ltr'><strong>in</strong></span> <span class='ocrx_word' id='word_1_508' title='bbox 718 4723 824 4781; x_wconf 84' lang='lat' dir='ltr'><strong>ﬁne</strong></span> <span class='ocrx_word' id='word_1_509' title='bbox 874 4744 887 4781; x_wconf 91' lang='lat'><strong>:</strong></span> <span class='ocrx_word' id='word_1_510' title='bbox 913 4742 1127 4797; x_wconf 87' lang='lat' dir='ltr'><strong>semper</strong></span> <span class='ocrx_word' id='word_1_511' title='bbox 1165 4746 1218 4784; x_wconf 83' lang='lat' dir='ltr'><strong>tv</strong></span> <span class='ocrx_word' id='word_1_512' title='bbox 1247 4731 1521 4800; x_wconf 79' lang='lat' dir='ltr'><strong>regulares</strong></span> <span class='ocrx_word' id='word_1_513' title='bbox 1548 4744 1880 4801; x_wconf 83' lang='lat' dir='ltr'><strong>augmeutes.</strong></span> 
     </span>
    </p>
   </div>
   <div class='ocr_carea' id='block_1_65' title="bbox 273 4810 1885 4892">
    <p class='ocr_par' dir='ltr' id='par_1_65' title="bbox 273 4810 1885 4892">
     <span class='ocr_line' id='line_1_65' title="bbox 273 4810 1885 4892; baseline 0.011 -29"><span class='ocrx_word' id='word_1_514' title='bbox 273 4810 456 4879; x_wconf 80' lang='lat' dir='ltr'><strong>Aprili</strong></span> <span class='ocrx_word' id='word_1_515' title='bbox 487 4828 613 4869; x_wconf 89' lang='lat' dir='ltr'><strong>vero</strong></span> <span class='ocrx_word' id='word_1_516' title='bbox 637 4831 823 4872; x_wconf 90' lang='lat' dir='ltr'><strong>mense</strong></span> <span class='ocrx_word' id='word_1_517' title='bbox 847 4832 1064 4888; x_wconf 89' lang='lat' dir='ltr'><strong>semper</strong></span> <span class='ocrx_word' id='word_1_518' title='bbox 1104 4835 1247 4874; x_wconf 82' lang='lat' dir='ltr'><strong>xxxv</strong></span> <span class='ocrx_word' id='word_1_519' title='bbox 1298 4822 1350 4875; x_wconf 90' lang='lat' dir='ltr'><strong>in</strong></span> <span class='ocrx_word' id='word_1_520' title='bbox 1400 4822 1579 4892; x_wconf 86' lang='lat' dir='ltr'><strong>capite</strong></span> <span class='ocrx_word' id='word_1_521' title='bbox 1626 4834 1770 4889; x_wconf 87' lang='lat' dir='ltr'><strong>tene,</strong></span> <span class='ocrx_word' id='word_1_522' title='bbox 1818 4841 1885 4881; x_wconf 83' lang='lat' dir='ltr'><strong>ex</strong></span> 
     </span>
    </p>
   </div>
   <div class='ocr_carea' id='block_1_66' title="bbox 275 4900 1883 4989">
    <p class='ocr_par' dir='ltr' id='par_1_66' title="bbox 275 4900 1883 4989">
     <span class='ocr_line' id='line_1_66' title="bbox 275 4900 1883 4989; baseline 0.009 -33"><span class='ocrx_word' id='word_1_523' title='bbox 275 4900 496 4972; x_wconf 82' lang='lat' dir='ltr'><strong>quibus,</strong></span> <span class='ocrx_word' id='word_1_524' title='bbox 536 4912 596 4959; x_wconf 89' lang='lat' dir='ltr'><strong>ut</strong></span> <span class='ocrx_word' id='word_1_525' title='bbox 622 4906 956 4976; x_wconf 88' lang='lat' dir='ltr'><strong>supradictas</strong></span> <span class='ocrx_word' id='word_1_526' title='bbox 977 4907 999 4945; x_wconf 71' lang='grc' dir='ltr'>ά</span> <span class='ocrx_word' id='word_1_527' title='bbox 1028 4919 1266 4979; x_wconf 89' lang='lat' dir='ltr'><strong>epactas,</strong></span> <span class='ocrx_word' id='word_1_528' title='bbox 1298 4921 1353 4966; x_wconf 90' lang='lat' dir='ltr'><strong>et</strong></span> <span class='ocrx_word' id='word_1_529' title='bbox 1380 4912 1616 4982; x_wconf 79' lang='lat' dir='ltr'><strong>adjectus</strong></span> <span class='ocrx_word' id='word_1_530' title='bbox 1645 4914 1883 4989; x_wconf 82' lang='lat' dir='ltr'><strong>ejusdem</strong></span> 
     </span>
    </p>
   </div>
   <div class='ocr_carea' id='block_1_67' title="bbox 354 5114 1885 5212">
    <p class='ocr_par' dir='ltr' id='par_1_67' title="bbox 354 5114 1885 5212">
     <span class='ocr_line' id='line_1_67' title="bbox 354 5114 1885 5212; baseline 0.014 -42"><span class='ocrx_word' id='word_1_531' title='bbox 354 5114 601 5212; x_wconf 45' lang='lat' dir='ltr'><strong>itinde:</strong></span> <span class='ocrx_word' id='word_1_532' title='bbox 636 5119 1074 5212; x_wconf 36' lang='lat' dir='ltr'><strong>Cottumkqunoto</strong></span> <span class='ocrx_word' id='word_1_533' title='bbox 1115 5127 1285 5197; x_wconf 73' lang='lat' dir='ltr'><strong>fuerat</strong></span> <span class='ocrx_word' id='word_1_534' title='bbox 1322 5127 1543 5212; x_wconf 70' lang='lat' dir='ltr'><strong>singulis</strong></span> <span class='ocrx_word' id='word_1_535' title='bbox 1590 5133 1743 5212; x_wconf 74' lang='lat' dir='ltr'><strong>annis</strong></span> <span class='ocrx_word' id='word_1_536' title='bbox 1773 5150 1885 5192; x_wconf 81' lang='lat' dir='ltr'><strong>xlm</strong></span> 
     </span>
    </p>
   </div>
   <div class='ocr_carea' id='block_1_68' title="bbox 276 5187 1884 5275">
    <p class='ocr_par' dir='ltr' id='par_1_68' title="bbox 276 5187 1884 5275">
     <span class='ocr_line' id='line_1_68' title="bbox 276 5187 1884 5275; baseline 0.014 -37"><span class='ocrx_word' id='word_1_537' title='bbox 276 5187 413 5275; x_wconf 49' lang='lat' dir='ltr'><strong>(una</strong></span> <span class='ocrx_word' id='word_1_538' title='bbox 433 5190 717 5275; x_wconf 46' lang='lat' dir='ltr'><strong>paschalis.</strong></span> <span class='ocrx_word' id='word_1_539' title='bbox 741 5190 851 5275; x_wconf 41' lang='lat' dir='ltr'><strong>tios.</strong></span> <span class='ocrx_word' id='word_1_540' title='bbox 872 5187 1220 5275; x_wconf 68' lang='lat' dir='ltr'><strong>Digbaeanum</strong></span> <span class='ocrx_word' id='word_1_541' title='bbox 1260 5187 1433 5275; x_wconf 68' lang='lat' dir='ltr'><strong>secuti</strong></span> <span class='ocrx_word' id='word_1_542' title='bbox 1458 5216 1669 5275; x_wconf 80' lang='lat' dir='ltr'><strong>sumus,</strong></span> <span class='ocrx_word' id='word_1_543' title='bbox 1694 5187 1747 5258; x_wconf 85' lang='lat' dir='ltr'><strong>in</strong></span> <span class='ocrx_word' id='word_1_544' title='bbox 1775 5187 1884 5275; x_wconf 69' lang='lat' dir='ltr'><strong>quo</strong></span> 
     </span>
    </p>
   </div>
   <div class='ocr_carea' id='block_1_69' title="bbox 277 5258 1881 5337">
    <p class='ocr_par' dir='ltr' id='par_1_69' title="bbox 277 5258 1881 5337">
     <span class='ocr_line' id='line_1_69' title="bbox 277 5258 1881 5337; baseline 0.015 -29"><span class='ocrx_word' id='word_1_545' title='bbox 277 5258 508 5337; x_wconf 69' lang='lat' dir='ltr'><strong>verbum</strong></span> <span class='ocrx_word' id='word_1_546' title='bbox 531 5261 616 5337; x_wconf 69' lang='lat' dir='ltr'><strong>sit,</strong></span> <span class='ocrx_word' id='word_1_547' title='bbox 667 5270 761 5315; x_wconf 87' lang='lat' dir='ltr'><strong>aut</strong></span> <span class='ocrx_word' id='word_1_548' title='bbox 808 5258 983 5320; x_wconf 71' lang='lat' dir='ltr'><strong>simile</strong></span> <span class='ocrx_word' id='word_1_549' title='bbox 1027 5267 1300 5337; x_wconf 77' lang='lat' dir='ltr'><strong>quidpiam</strong></span> <span class='ocrx_word' id='word_1_550' title='bbox 1345 5258 1769 5329; x_wconf 87' lang='lat' dir='ltr'><strong>subaudiendum</strong></span> <span class='ocrx_word' id='word_1_551' title='bbox 1786 5258 1881 5332; x_wconf 54' lang='lat' dir='ltr'><strong>Ve]</strong></span> 
     </span>
    </p>
   </div>
   <div class='ocr_carea' id='block_1_70' title="bbox 273 5327 770 5398">
    <p class='ocr_par' dir='ltr' id='par_1_70' title="bbox 273 5327 770 5398">
     <span class='ocr_line' id='line_1_70' title="bbox 273 5327 770 5398; baseline 0.004 -15"><span class='ocrx_word' id='word_1_552' title='bbox 273 5327 637 5398; x_wconf 81' lang='lat' dir='ltr'><strong>supplendum</strong></span> <span class='ocrx_word' id='word_1_553' title='bbox 668 5341 770 5387; x_wconf 87' lang='lat' dir='ltr'><strong>est.</strong></span> 
     </span>
    </p>
   </div>
   <div class='ocr_carea' id='block_1_71' title="bbox 354 5397 1213 5475">
    <p class='ocr_par' dir='ltr' id='par_1_71' title="bbox 354 5397 1213 5475">
     <span class='ocr_line' id='line_1_71' title="bbox 354 5397 1213 5475; baseline 0.013 -24"><span class='ocrx_word' id='word_1_554' title='bbox 354 5403 383 5436; x_wconf 71' lang='grc' dir='ltr'>δ</span> <span class='ocrx_word' id='word_1_555' title='bbox 410 5397 508 5475; x_wconf 51' lang='lat' dir='ltr'><strong>iis.</strong></span> <span class='ocrx_word' id='word_1_556' title='bbox 541 5400 722 5470; x_wconf 87' lang='lat' dir='ltr'><strong>Digb.,</strong></span> <span class='ocrx_word' id='word_1_557' title='bbox 750 5419 873 5459; x_wconf 83' lang='lat' dir='ltr'><strong>suas</strong></span> <span class='ocrx_word' id='word_1_558' title='bbox 902 5421 956 5460; x_wconf 77' lang='grc' dir='ltr'><strong>ιιι</strong></span> <span class='ocrx_word' id='word_1_559' title='bbox 986 5416 1213 5475; x_wconf 78' lang='lat' dir='ltr'><strong>epactas.</strong></span> 
     </span>
    </p>
   </div>
   <div class='ocr_carea' id='block_1_72' title="bbox 356 5466 1780 5543">
    <p class='ocr_par' dir='ltr' id='par_1_72' title="bbox 356 5466 1780 5543">
     <span class='ocr_line' id='line_1_72' title="bbox 356 5466 1780 5543; baseline 0.015 -24"><span class='ocrx_word' id='word_1_560' title='bbox 356 5480 380 5543; x_wconf 68' lang='grc' dir='ltr'><strong>ις</strong></span> <span class='ocrx_word' id='word_1_561' title='bbox 407 5466 517 5543; x_wconf 72' lang='lat' dir='ltr'><strong>IIas</strong></span> <span class='ocrx_word' id='word_1_562' title='bbox 546 5466 716 5528; x_wconf 76' lang='lat' dir='ltr'><strong>voces</strong></span> <span class='ocrx_word' id='word_1_563' title='bbox 742 5490 756 5526; x_wconf 89' lang='lat'><strong>:</strong></span> <span class='ocrx_word' id='word_1_564' title='bbox 787 5476 844 5529; x_wconf 80' lang='lat' dir='ltr'><strong>in</strong></span> <span class='ocrx_word' id='word_1_565' title='bbox 871 5492 930 5530; x_wconf 85' lang='lat' dir='ltr'><strong>eo</strong></span> <span class='ocrx_word' id='word_1_566' title='bbox 950 5466 1147 5543; x_wconf 76' lang='lat' dir='ltr'><strong>mense,</strong></span> <span class='ocrx_word' id='word_1_567' title='bbox 1178 5495 1279 5533; x_wconf 90' lang='lat' dir='ltr'><strong>ms.</strong></span> <span class='ocrx_word' id='word_1_568' title='bbox 1311 5480 1530 5538; x_wconf 91' lang='lat' dir='ltr'><strong>Cotton.</strong></span> <span class='ocrx_word' id='word_1_569' title='bbox 1561 5485 1780 5541; x_wconf 90' lang='lat' dir='ltr'><strong>omittit.</strong></span> 
     </span>
    </p>
   </div>
   <div class='ocr_carea' id='block_1_73' title="bbox 355 5537 1150 5614">
    <p class='ocr_par' dir='ltr' id='par_1_73' title="bbox 355 5537 1150 5614">
     <span class='ocr_line' id='line_1_73' title="bbox 355 5537 1150 5614; baseline 0.013 -21"><span class='ocrx_word' id='word_1_570' title='bbox 355 5538 382 5576; x_wconf 69' lang='grc' dir='ltr'><em>ἀ</em></span> <span class='ocrx_word' id='word_1_571' title='bbox 416 5537 666 5614; x_wconf 57' lang='lat' dir='ltr'><strong>Cottum,</strong></span> <span class='ocrx_word' id='word_1_572' title='bbox 694 5559 854 5614; x_wconf 88' lang='lat' dir='ltr'><strong>supra</strong></span> <span class='ocrx_word' id='word_1_573' title='bbox 883 5537 1150 5603; x_wconf 71' lang='lat' dir='ltr'><strong>deductas.</strong></span> 
     </span>
    </p>
   </div>
   <div class='ocr_carea' id='block_1_74' title="bbox 359 5610 1032 5676">
    <p class='ocr_par' dir='ltr' id='par_1_74' title="bbox 359 5610 1032 5676">
     <span class='ocr_line' id='line_1_74' title="bbox 359 5610 1032 5676; baseline 0.013 -14"><span class='ocrx_word' id='word_1_574' title='bbox 359 5622 383 5646; x_wconf 78' lang='grc' dir='ltr'><strong>ι’</strong></span> <span class='ocrx_word' id='word_1_575' title='bbox 414 5610 551 5666; x_wconf 88' lang='lat' dir='ltr'><strong>Cod.</strong></span> <span class='ocrx_word' id='word_1_576' title='bbox 583 5610 826 5676; x_wconf 78' lang='lat' dir='ltr'><strong>Cotton.,</strong></span> <span class='ocrx_word' id='word_1_577' title='bbox 858 5617 1032 5671; x_wconf 78' lang='lat' dir='ltr'><strong>latius.</strong></span> 
     </span>
    </p>
   </div>
   <div class='ocr_carea' id='block_1_75' title="bbox 361 5679 1374 5762">
    <p class='ocr_par' dir='ltr' id='par_1_75' title="bbox 361 5679 1374 5762">
     <span class='ocr_line' id='line_1_75' title="bbox 361 5679 1374 5762; baseline 0.014 -29"><span class='ocrx_word' id='word_1_578' title='bbox 361 5681 379 5717; x_wconf 71' lang='grc' dir='ltr'><em>ί</em></span> <span class='ocrx_word' id='word_1_579' title='bbox 410 5679 486 5762; x_wconf 76' lang='lat' dir='ltr'><strong>Ita</strong></span> <span class='ocrx_word' id='word_1_580' title='bbox 516 5681 693 5752; x_wconf 88' lang='lat' dir='ltr'><strong>Digb.;</strong></span> <span class='ocrx_word' id='word_1_581' title='bbox 725 5686 822 5741; x_wconf 88' lang='lat' dir='ltr'><strong>sed</strong></span> <span class='ocrx_word' id='word_1_582' title='bbox 841 5685 1084 5762; x_wconf 76' lang='lat' dir='ltr'><strong>C9tton.,</strong></span> <span class='ocrx_word' id='word_1_583' title='bbox 1116 5692 1374 5762; x_wconf 65' lang='lat' dir='ltr'><strong>congruit.</strong></span> 
     </span>
    </p>
   </div>
   <div class='ocr_carea' id='block_1_76' title="bbox 356 5750 1878 5833">
    <p class='ocr_par' dir='ltr' id='par_1_76' title="bbox 356 5750 1878 5833">
     <span class='ocr_line' id='line_1_76' title="bbox 356 5750 1878 5833; baseline 0.012 -28"><span class='ocrx_word' id='word_1_584' title='bbox 356 5762 379 5798; x_wconf 77' lang='grc' dir='ltr'><strong>ε</strong></span> <span class='ocrx_word' id='word_1_585' title='bbox 414 5750 489 5833; x_wconf 79' lang='lat' dir='ltr'><strong>Ita</strong></span> <span class='ocrx_word' id='word_1_586' title='bbox 530 5750 760 5833; x_wconf 69' lang='lat' dir='ltr'><strong>uterque</strong></span> <span class='ocrx_word' id='word_1_587' title='bbox 803 5750 1130 5833; x_wconf 88' lang='lat' dir='ltr'><strong>codex;</strong></span> <span class='ocrx_word' id='word_1_588' title='bbox 1178 5750 1406 5817; x_wconf 55' lang='lat' dir='ltr'><strong>fo&#39;rtasstt</strong></span> <span class='ocrx_word' id='word_1_589' title='bbox 1452 5764 1754 5833; x_wconf 82' lang='lat' dir='ltr'><strong>legendum,</strong></span> <span class='ocrx_word' id='word_1_590' title='bbox 1787 5768 1878 5824; x_wconf 81' lang='lat' dir='ltr'><strong>de-</strong></span> 
     </span>
    </p>
   </div>
   <div class='ocr_carea' id='block_1_77' title="bbox 275 5824 1517 5901">
    <p class='ocr_par' dir='ltr' id='par_1_77' title="bbox 275 5824 1517 5901">
     <span class='ocr_line' id='line_1_77' title="bbox 275 5824 1517 5901; baseline 0.011 -28"><span class='ocrx_word' id='word_1_591' title='bbox 275 5825 456 5901; x_wconf 42' lang='lat' dir='ltr'><strong>dre&#39;tis</strong></span> <span class='ocrx_word' id='word_1_592' title='bbox 480 5824 693 5901; x_wconf 68' lang='lat' dir='ltr'><strong>epactis,</strong></span> <span class='ocrx_word' id='word_1_593' title='bbox 722 5835 844 5890; x_wconf 86' lang='lat' dir='ltr'><strong>aut,</strong></span> <span class='ocrx_word' id='word_1_594' title='bbox 876 5838 989 5897; x_wconf 80' lang='lat' dir='ltr'><strong>post</strong></span> <span class='ocrx_word' id='word_1_595' title='bbox 1020 5829 1265 5885; x_wconf 71' lang='lat' dir='ltr'><strong>deductus</strong></span> <span class='ocrx_word' id='word_1_596' title='bbox 1292 5824 1517 5901; x_wconf 59' lang='lat' dir='ltr'><strong>epactas:</strong></span> 
     </span>
    </p>
   </div>
   <div class='ocr_carea' id='block_1_78' title="bbox 360 5891 1878 5971">
    <p class='ocr_par' dir='ltr' id='par_1_78' title="bbox 360 5891 1878 5971">
     <span class='ocr_line' id='line_1_78' title="bbox 360 5891 1878 5971; baseline 0.015 -29"><span class='ocrx_word' id='word_1_597' title='bbox 360 5893 380 5927; x_wconf 72' lang='grc' dir='ltr'><strong>ιδ</strong></span> <span class='ocrx_word' id='word_1_598' title='bbox 419 5891 634 5960; x_wconf 74' lang='lat' dir='ltr'><strong>Cotton.</strong></span> <span class='ocrx_word' id='word_1_599' title='bbox 667 5897 737 5951; x_wconf 85' lang='lat' dir='ltr'><strong>ita</strong></span> <span class='ocrx_word' id='word_1_600' title='bbox 776 5915 786 5949; x_wconf 96' lang='lat'>:</span> <span class='ocrx_word' id='word_1_601' title='bbox 821 5891 1143 5969; x_wconf 69' lang='lat' dir='ltr'><strong>remanserit,</strong></span> <span class='ocrx_word' id='word_1_602' title='bbox 1172 5903 1226 5957; x_wconf 78' lang='lat' dir='ltr'><strong>itl</strong></span> <span class='ocrx_word' id='word_1_603' title='bbox 1248 5891 1357 5971; x_wconf 63' lang='grc' dir='ltr'><strong>αὶ,</strong></span> <span class='ocrx_word' id='word_1_604' title='bbox 1385 5914 1455 5960; x_wconf 90' lang='lat' dir='ltr'><strong>tot</strong></span> <span class='ocrx_word' id='word_1_605' title='bbox 1486 5905 1594 5962; x_wconf 83' lang='lat' dir='ltr'><strong>dies</strong></span> <span class='ocrx_word' id='word_1_606' title='bbox 1626 5910 1815 5967; x_wconf 77' lang='lat' dir='ltr'><strong>mensis</strong></span> <span class='ocrx_word' id='word_1_607' title='bbox 1848 5930 1878 5965; x_wconf 88' lang='lat' dir='ltr'><strong>a</strong></span> 
     </span>
    </p>
   </div>
   <div class='ocr_carea' id='block_1_79' title="bbox 1987 1964 3585 2035">
    <p class='ocr_par' dir='ltr' id='par_1_79' title="bbox 1987 1964 3585 2035">
     <span class='ocr_line' id='line_1_79' title="bbox 1987 1964 3585 2035; baseline 0.005 -16"><span class='ocrx_word' id='word_1_608' title='bbox 1987 1964 2091 2019; x_wconf 88' lang='lat' dir='ltr'><strong>cal.</strong></span> <span class='ocrx_word' id='word_1_609' title='bbox 2124 1965 2289 2035; x_wconf 84' lang='lat' dir='ltr'><strong>April.</strong></span> <span class='ocrx_word' id='word_1_610' title='bbox 2312 2003 2327 2029; x_wconf 95' lang='lat'><strong>,</strong></span> <span class='ocrx_word' id='word_1_611' title='bbox 2361 1966 2412 2019; x_wconf 91' lang='lat' dir='ltr'><strong>in</strong></span> <span class='ocrx_word' id='word_1_612' title='bbox 2442 1980 2549 2035; x_wconf 86' lang='lat' dir='ltr'><strong>qua</strong></span> <span class='ocrx_word' id='word_1_613' title='bbox 2575 1976 2823 2035; x_wconf 72' lang='lat' dir='ltr'><strong>:equatur</strong></span> <span class='ocrx_word' id='word_1_614' title='bbox 2867 1968 2981 2023; x_wconf 91' lang='lat' dir='ltr'><strong>dies</strong></span> <span class='ocrx_word' id='word_1_615' title='bbox 3012 1985 3133 2024; x_wconf 86' lang='lat' dir='ltr'><strong>cum</strong></span> <span class='ocrx_word' id='word_1_616' title='bbox 3163 1980 3345 2026; x_wconf 91' lang='lat' dir='ltr'><strong>nocte.</strong></span> <span class='ocrx_word' id='word_1_617' title='bbox 3380 1972 3585 2029; x_wconf 83' lang='lat' dir='ltr'><strong>Eodem</strong></span> 
     </span>
    </p>
   </div>
   <div class='ocr_carea' id='block_1_80' title="bbox 1985 2055 3587 2132">
    <p class='ocr_par' dir='ltr' id='par_1_80' title="bbox 1985 2055 3587 2132">
     <span class='ocr_line' id='line_1_80' title="bbox 1985 2055 3587 2132; baseline 0.004 -21"><span class='ocrx_word' id='word_1_618' title='bbox 1985 2056 2071 2111; x_wconf 87' lang='lat' dir='ltr'><strong>die</strong></span> <span class='ocrx_word' id='word_1_619' title='bbox 2100 2055 2315 2111; x_wconf 87' lang='lat' dir='ltr'><strong>Gabriel</strong></span> <span class='ocrx_word' id='word_1_620' title='bbox 2348 2059 2557 2112; x_wconf 86' lang='lat' dir='ltr'><strong>nuntiat</strong></span> <span class='ocrx_word' id='word_1_621' title='bbox 2586 2057 2643 2112; x_wconf 92' lang='lat' dir='ltr'><strong>S.</strong></span> <span class='ocrx_word' id='word_1_622' title='bbox 2668 2057 2871 2127; x_wconf 61' lang='lat' dir='ltr'><strong>Mariae,</strong></span> <span class='ocrx_word' id='word_1_623' title='bbox 2896 2060 3109 2115; x_wconf 88' lang='lat' dir='ltr'><strong>dicens:</strong></span> <span class='ocrx_word' id='word_1_624' title='bbox 3128 2062 3356 2132; x_wconf 76' lang='lat' dir='ltr'><strong>Spiritus</strong></span> <span class='ocrx_word' id='word_1_625' title='bbox 3376 2075 3587 2119; x_wconf 77' lang='lat' dir='ltr'><strong>sanctus</strong></span> 
     </span>
    </p>
   </div>
   <div class='ocr_carea' id='block_1_81' title="bbox 1984 2151 3585 2220">
    <p class='ocr_par' dir='ltr' id='par_1_81' title="bbox 1984 2151 3585 2220">
     <span class='ocr_line' id='line_1_81' title="bbox 1984 2151 3585 2220; baseline 0.004 -17"><span class='ocrx_word' id='word_1_626' title='bbox 1984 2151 2306 2220; x_wconf 84' lang='lat' dir='ltr'><strong>superveniet</strong></span> <span class='ocrx_word' id='word_1_627' title='bbox 2350 2152 2403 2205; x_wconf 87' lang='lat' dir='ltr'><strong>in</strong></span> <span class='ocrx_word' id='word_1_628' title='bbox 2440 2160 2518 2216; x_wconf 85' lang='lat' dir='ltr'><strong>te,</strong></span> <span class='ocrx_word' id='word_1_629' title='bbox 2569 2160 2619 2204; x_wconf 89' lang='lat' dir='ltr'><strong>et</strong></span> <span class='ocrx_word' id='word_1_630' title='bbox 2660 2152 2819 2205; x_wconf 83' lang='lat' dir='ltr'><strong>virtus</strong></span> <span class='ocrx_word' id='word_1_631' title='bbox 2863 2152 3119 2205; x_wconf 83' lang='lat' dir='ltr'><strong>Altissimi</strong></span> <span class='ocrx_word' id='word_1_632' title='bbox 3163 2152 3487 2209; x_wconf 82' lang='lat' dir='ltr'><strong>obumbrabit</strong></span> <span class='ocrx_word' id='word_1_633' title='bbox 3519 2168 3585 2209; x_wconf 90' lang='lat' dir='ltr'><strong>te.</strong></span> 
     </span>
    </p>
   </div>
   <div class='ocr_carea' id='block_1_82' title="bbox 1990 2241 3586 2315">
    <p class='ocr_par' dir='ltr' id='par_1_82' title="bbox 1990 2241 3586 2315">
     <span class='ocr_line' id='line_1_82' title="bbox 1990 2241 3586 2315; baseline 0.003 -18"><span class='ocrx_word' id='word_1_634' title='bbox 1990 2241 2277 2313; x_wconf 84' lang='lat' dir='ltr'><strong>Propterea</strong></span> <span class='ocrx_word' id='word_1_635' title='bbox 2305 2243 2443 2315; x_wconf 76' lang='lat' dir='ltr'><strong>quod</strong></span> <span class='ocrx_word' id='word_1_636' title='bbox 2468 2260 2535 2297; x_wconf 74' lang='lat' dir='ltr'><strong>ex</strong></span> <span class='ocrx_word' id='word_1_637' title='bbox 2583 2253 2631 2297; x_wconf 87' lang='lat' dir='ltr'><strong>te</strong></span> <span class='ocrx_word' id='word_1_638' title='bbox 2668 2252 2932 2311; x_wconf 79' lang='lat' dir='ltr'><strong>nascetur,</strong></span> <span class='ocrx_word' id='word_1_639' title='bbox 2973 2242 3237 2299; x_wconf 78' lang='lat' dir='ltr'><strong>vocabitur</strong></span> <span class='ocrx_word' id='word_1_640' title='bbox 3264 2244 3439 2300; x_wconf 85' lang='lat' dir='ltr'><strong>Filius</strong></span> <span class='ocrx_word' id='word_1_641' title='bbox 3467 2246 3586 2302; x_wconf 80' lang='lat' dir='ltr'><strong>Dei.</strong></span> 
     </span>
    </p>
   </div>
   <div class='ocr_carea' id='block_1_83' title="bbox 1986 2334 3585 2406">
    <p class='ocr_par' dir='ltr' id='par_1_83' title="bbox 1986 2334 3585 2406">
     <span class='ocr_line' id='line_1_83' title="bbox 1986 2334 3585 2406; baseline 0.001 -17"><span class='ocrx_word' id='word_1_642' title='bbox 1986 2334 2045 2390; x_wconf 85' lang='lat' dir='ltr'><strong>in</strong></span> <span class='ocrx_word' id='word_1_643' title='bbox 2075 2351 2181 2406; x_wconf 89' lang='lat' dir='ltr'><strong>qua</strong></span> <span class='ocrx_word' id='word_1_644' title='bbox 2212 2337 2380 2397; x_wconf 83' lang='lat' dir='ltr'><strong>etiam</strong></span> <span class='ocrx_word' id='word_1_645' title='bbox 2406 2351 2596 2405; x_wconf 89' lang='lat' dir='ltr'><strong>passus</strong></span> <span class='ocrx_word' id='word_1_646' title='bbox 2625 2342 2710 2391; x_wconf 88' lang='lat' dir='ltr'><strong>est</strong></span> <span class='ocrx_word' id='word_1_647' title='bbox 2750 2335 2994 2391; x_wconf 80' lang='lat' dir='ltr'><strong>Christus</strong></span> <span class='ocrx_word' id='word_1_648' title='bbox 3023 2336 3318 2391; x_wconf 90' lang='lat' dir='ltr'><strong>secundum</strong></span> <span class='ocrx_word' id='word_1_649' title='bbox 3346 2353 3585 2393; x_wconf 88' lang='lat' dir='ltr'><strong>carnem.</strong></span> 
     </span>
    </p>
   </div>
   <div class='ocr_carea' id='block_1_84' title="bbox 1986 2424 3587 2496">
    <p class='ocr_par' dir='ltr' id='par_1_84' title="bbox 1986 2424 3587 2496">
     <span class='ocr_line' id='line_1_84' title="bbox 1986 2424 3587 2496; baseline 0.001 -15"><span class='ocrx_word' id='word_1_650' title='bbox 1986 2424 2291 2481; x_wconf 90' lang='lat' dir='ltr'><strong>Soistitium</strong></span> <span class='ocrx_word' id='word_1_651' title='bbox 2313 2427 2611 2482; x_wconf 90' lang='lat' dir='ltr'><strong>secundum</strong></span> <span class='ocrx_word' id='word_1_652' title='bbox 2632 2434 2716 2482; x_wconf 90' lang='lat' dir='ltr'><strong>est</strong></span> <span class='ocrx_word' id='word_1_653' title='bbox 2745 2442 2837 2481; x_wconf 86' lang='lat' dir='ltr'><strong>vm</strong></span> <span class='ocrx_word' id='word_1_654' title='bbox 2866 2427 2969 2481; x_wconf 87' lang='lat' dir='ltr'><strong>cal.</strong></span> <span class='ocrx_word' id='word_1_655' title='bbox 2996 2425 3146 2496; x_wconf 90' lang='lat' dir='ltr'><strong>Julii,</strong></span> <span class='ocrx_word' id='word_1_656' title='bbox 3176 2428 3396 2496; x_wconf 85' lang='lat' dir='ltr'><strong>quando</strong></span> <span class='ocrx_word' id='word_1_657' title='bbox 3424 2430 3587 2484; x_wconf 87' lang='lat' dir='ltr'><strong>etiam</strong></span> 
     </span>
    </p>
   </div>
   <div class='ocr_carea' id='block_1_85' title="bbox 1986 2516 3585 2589">
    <p class='ocr_par' dir='ltr' id='par_1_85' title="bbox 1986 2516 3585 2589">
     <span class='ocr_line' id='line_1_85' title="bbox 1986 2516 3585 2589; baseline 0.003 -18"><span class='ocrx_word' id='word_1_658' title='bbox 1986 2526 2147 2572; x_wconf 89' lang='lat' dir='ltr'><strong>natus</strong></span> <span class='ocrx_word' id='word_1_659' title='bbox 2173 2526 2259 2572; x_wconf 90' lang='lat' dir='ltr'><strong>est</strong></span> <span class='ocrx_word' id='word_1_660' title='bbox 2298 2517 2358 2572; x_wconf 89' lang='lat' dir='ltr'><strong>S.</strong></span> <span class='ocrx_word' id='word_1_661' title='bbox 2387 2516 2624 2573; x_wconf 85' lang='lat' dir='ltr'><strong>Joannes</strong></span> <span class='ocrx_word' id='word_1_662' title='bbox 2664 2517 2905 2588; x_wconf 86' lang='lat' dir='ltr'><strong>Baptista</strong></span> <span class='ocrx_word' id='word_1_663' title='bbox 2933 2533 3002 2573; x_wconf 90' lang='lat' dir='ltr'><strong>ex</strong></span> <span class='ocrx_word' id='word_1_664' title='bbox 3041 2533 3149 2587; x_wconf 90' lang='lat' dir='ltr'><strong>quo</strong></span> <span class='ocrx_word' id='word_1_665' title='bbox 3179 2519 3369 2589; x_wconf 88' lang='lat' dir='ltr'><strong>incipit</strong></span> <span class='ocrx_word' id='word_1_666' title='bbox 3404 2519 3585 2575; x_wconf 88' lang='lat' dir='ltr'><strong>decre-</strong></span> 
     </span>
    </p>
   </div>
   <div class='ocr_carea' id='block_1_86' title="bbox 1984 2609 3586 2680">
    <p class='ocr_par' dir='ltr' id='par_1_86' title="bbox 1984 2609 3586 2680">
     <span class='ocr_line' id='line_1_86' title="bbox 1984 2609 3586 2680; baseline 0 -15"><span class='ocrx_word' id='word_1_667' title='bbox 1984 2625 2139 2665; x_wconf 86' lang='lat' dir='ltr'><strong>scere</strong></span> <span class='ocrx_word' id='word_1_668' title='bbox 2167 2610 2299 2664; x_wconf 87' lang='lat' dir='ltr'><strong>dies.</strong></span> <span class='ocrx_word' id='word_1_669' title='bbox 2330 2609 2740 2680; x_wconf 71' lang='lat' dir='ltr'><strong>Aiiquinoctium</strong></span> <span class='ocrx_word' id='word_1_670' title='bbox 2764 2610 3058 2666; x_wconf 90' lang='lat' dir='ltr'><strong>secundum</strong></span> <span class='ocrx_word' id='word_1_671' title='bbox 3085 2621 3171 2667; x_wconf 90' lang='lat' dir='ltr'><strong>est</strong></span> <span class='ocrx_word' id='word_1_672' title='bbox 3192 2627 3283 2667; x_wconf 84' lang='lat' dir='ltr'><strong>vm</strong></span> <span class='ocrx_word' id='word_1_673' title='bbox 3306 2613 3414 2666; x_wconf 89' lang='lat' dir='ltr'><strong>cal.</strong></span> <span class='ocrx_word' id='word_1_674' title='bbox 3440 2612 3586 2675; x_wconf 86' lang='lat' dir='ltr'><strong>0ct.,</strong></span> 
     </span>
    </p>
   </div>
   <div class='ocr_carea' id='block_1_87' title="bbox 1984 2700 3588 2774">
    <p class='ocr_par' dir='ltr' id='par_1_87' title="bbox 1984 2700 3588 2774">
     <span class='ocr_line' id='line_1_87' title="bbox 1984 2700 3588 2774; baseline 0.002 -18"><span class='ocrx_word' id='word_1_675' title='bbox 1984 2702 2042 2757; x_wconf 86' lang='lat' dir='ltr'><strong>in</strong></span> <span class='ocrx_word' id='word_1_676' title='bbox 2069 2715 2176 2771; x_wconf 88' lang='lat' dir='ltr'><strong>qua</strong></span> <span class='ocrx_word' id='word_1_677' title='bbox 2201 2700 2289 2757; x_wconf 90' lang='lat' dir='ltr'><strong>die</strong></span> <span class='ocrx_word' id='word_1_678' title='bbox 2320 2710 2616 2771; x_wconf 88' lang='lat' dir='ltr'><strong>conceptus</strong></span> <span class='ocrx_word' id='word_1_679' title='bbox 2642 2710 2725 2757; x_wconf 85' lang='lat' dir='ltr'><strong>est</strong></span> <span class='ocrx_word' id='word_1_680' title='bbox 2766 2701 3007 2758; x_wconf 87' lang='lat' dir='ltr'><strong>Joannes</strong></span> <span class='ocrx_word' id='word_1_681' title='bbox 3054 2702 3424 2774; x_wconf 25' lang='lat' dir='ltr'><strong>Baptista.rEt</strong></span> <span class='ocrx_word' id='word_1_682' title='bbox 3463 2703 3588 2759; x_wconf 90' lang='lat' dir='ltr'><strong>hinc</strong></span> 
     </span>
    </p>
   </div>
   <div class='ocr_carea' id='block_1_88' title="bbox 1980 2790 3593 2863">
    <p class='ocr_par' dir='ltr' id='par_1_88' title="bbox 1980 2790 3593 2863">
     <span class='ocr_line' id='line_1_88' title="bbox 1980 2790 3593 2863; baseline 0.002 -17"><span class='ocrx_word' id='word_1_683' title='bbox 1980 2790 2092 2862; x_wconf 88' lang='lat' dir='ltr'><strong>jam</strong></span> <span class='ocrx_word' id='word_1_684' title='bbox 2118 2792 2296 2848; x_wconf 91' lang='lat' dir='ltr'><strong>minor</strong></span> <span class='ocrx_word' id='word_1_685' title='bbox 2321 2790 2552 2849; x_wconf 82' lang='lat' dir='ltr'><strong>efﬁcitur</strong></span> <span class='ocrx_word' id='word_1_686' title='bbox 2571 2792 2687 2848; x_wconf 86' lang='lat' dir='ltr'><strong>dies</strong></span> <span class='ocrx_word' id='word_1_687' title='bbox 2712 2803 2892 2859; x_wconf 89' lang='lat' dir='ltr'><strong>nocte,</strong></span> <span class='ocrx_word' id='word_1_688' title='bbox 2926 2808 3097 2863; x_wconf 91' lang='lat' dir='ltr'><strong>usque</strong></span> <span class='ocrx_word' id='word_1_689' title='bbox 3121 2795 3191 2849; x_wconf 90' lang='lat' dir='ltr'><strong>ad</strong></span> <span class='ocrx_word' id='word_1_690' title='bbox 3212 2795 3449 2849; x_wconf 84' lang='lat' dir='ltr'><strong>natalem</strong></span> <span class='ocrx_word' id='word_1_691' title='bbox 3480 2794 3593 2851; x_wconf 90' lang='lat' dir='ltr'><strong>Do-</strong></span> 
     </span>
    </p>
   </div>
   <div class='ocr_carea' id='block_1_89' title="bbox 1986 2883 3586 2957">
    <p class='ocr_par' dir='ltr' id='par_1_89' title="bbox 1986 2883 3586 2957">
     <span class='ocr_line' id='line_1_89' title="bbox 1986 2883 3586 2957; baseline -0.001 -18"><span class='ocrx_word' id='word_1_692' title='bbox 1986 2885 2117 2939; x_wconf 86' lang='lat' dir='ltr'><strong>mini</strong></span> <span class='ocrx_word' id='word_1_693' title='bbox 2142 2883 2457 2939; x_wconf 88' lang='lat' dir='ltr'><strong>Salvatoris.</strong></span> <span class='ocrx_word' id='word_1_694' title='bbox 2486 2883 2569 2938; x_wconf 88' lang='lat' dir='ltr'><strong>Ex</strong></span> <span class='ocrx_word' id='word_1_695' title='bbox 2596 2900 2689 2939; x_wconf 88' lang='lat' dir='ltr'><strong>vm</strong></span> <span class='ocrx_word' id='word_1_696' title='bbox 2709 2884 2815 2940; x_wconf 90' lang='lat' dir='ltr'><strong>cal.</strong></span> <span class='ocrx_word' id='word_1_697' title='bbox 2848 2884 3019 2957; x_wconf 88' lang='lat' dir='ltr'><strong>April.</strong></span> <span class='ocrx_word' id='word_1_698' title='bbox 3052 2893 3110 2940; x_wconf 86' lang='lat' dir='ltr'><strong>et</strong></span> <span class='ocrx_word' id='word_1_699' title='bbox 3134 2886 3188 2940; x_wconf 89' lang='lat' dir='ltr'><strong>in</strong></span> <span class='ocrx_word' id='word_1_700' title='bbox 3209 2901 3303 2941; x_wconf 85' lang='lat' dir='ltr'><strong>vut</strong></span> <span class='ocrx_word' id='word_1_701' title='bbox 3329 2886 3435 2941; x_wconf 90' lang='lat' dir='ltr'><strong>cal.</strong></span> <span class='ocrx_word' id='word_1_702' title='bbox 3464 2885 3586 2941; x_wconf 89' lang='lat' dir='ltr'><strong>Jan.</strong></span> 
     </span>
    </p>
   </div>
   <div class='ocr_carea' id='block_1_90' title="bbox 1984 2976 3587 3035">
    <p class='ocr_par' dir='ltr' id='par_1_90' title="bbox 1984 2976 3587 3035">
     <span class='ocr_line' id='line_1_90' title="bbox 1984 2976 3587 3035; baseline 0.001 -2"><span class='ocrx_word' id='word_1_703' title='bbox 1984 2977 2101 3033; x_wconf 91' lang='lat' dir='ltr'><strong>dies</strong></span> <span class='ocrx_word' id='word_1_704' title='bbox 2129 2983 2487 3032; x_wconf 89' lang='lat' dir='ltr'><strong>numerantur</strong></span> <span class='ocrx_word' id='word_1_705' title='bbox 2533 2992 2749 3032; x_wconf 67' lang='lat' dir='ltr'><strong>ccuxxr.</strong></span> <span class='ocrx_word' id='word_1_706' title='bbox 2782 2976 2935 3033; x_wconf 91' lang='lat' dir='ltr'><strong>Unde</strong></span> <span class='ocrx_word' id='word_1_707' title='bbox 2964 2980 3262 3035; x_wconf 84' lang='lat' dir='ltr'><strong>secundum</strong></span> <span class='ocrx_word' id='word_1_708' title='bbox 3307 2995 3587 3035; x_wconf 88' lang='lat' dir='ltr'><strong>numerum</strong></span> 
     </span>
    </p>
   </div>
   <div class='ocr_carea' id='block_1_91' title="bbox 1986 3068 3585 3138">
    <p class='ocr_par' dir='ltr' id='par_1_91' title="bbox 1986 3068 3585 3138">
     <span class='ocr_line' id='line_1_91' title="bbox 1986 3068 3585 3138; baseline 0.002 -14"><span class='ocrx_word' id='word_1_709' title='bbox 1986 3069 2197 3124; x_wconf 90' lang='lat' dir='ltr'><strong>dierum</strong></span> <span class='ocrx_word' id='word_1_710' title='bbox 2226 3076 2524 3138; x_wconf 88' lang='lat' dir='ltr'><strong>conceptus</strong></span> <span class='ocrx_word' id='word_1_711' title='bbox 2555 3077 2642 3124; x_wconf 89' lang='lat' dir='ltr'><strong>est</strong></span> <span class='ocrx_word' id='word_1_712' title='bbox 2691 3068 2937 3125; x_wconf 89' lang='lat' dir='ltr'><strong>Christus</strong></span> <span class='ocrx_word' id='word_1_713' title='bbox 2984 3069 3243 3126; x_wconf 85' lang='lat' dir='ltr'><strong>Dominus</strong></span> <span class='ocrx_word' id='word_1_714' title='bbox 3296 3080 3482 3127; x_wconf 87' lang='lat' dir='ltr'><strong>noster</strong></span> <span class='ocrx_word' id='word_1_715' title='bbox 3531 3071 3585 3127; x_wconf 91' lang='lat' dir='ltr'><strong>in</strong></span> 
     </span>
    </p>
   </div>
   <div class='ocr_carea' id='block_1_92' title="bbox 1987 3161 3579 3233">
    <p class='ocr_par' dir='ltr' id='par_1_92' title="bbox 1987 3161 3579 3233">
     <span class='ocr_line' id='line_1_92' title="bbox 1987 3161 3579 3233; baseline 0 -16"><span class='ocrx_word' id='word_1_716' title='bbox 1987 3161 2079 3217; x_wconf 90' lang='lat' dir='ltr'><strong>die</strong></span> <span class='ocrx_word' id='word_1_717' title='bbox 2106 3161 2374 3217; x_wconf 88' lang='lat' dir='ltr'><strong>dominica</strong></span> <span class='ocrx_word' id='word_1_718' title='bbox 2396 3176 2489 3217; x_wconf 86' lang='lat' dir='ltr'><strong>vm</strong></span> <span class='ocrx_word' id='word_1_719' title='bbox 2515 3162 2618 3216; x_wconf 91' lang='lat' dir='ltr'><strong>cal.</strong></span> <span class='ocrx_word' id='word_1_720' title='bbox 2651 3161 2868 3233; x_wconf 83' lang='lat' dir='ltr'><strong>Aprilis,</strong></span> <span class='ocrx_word' id='word_1_721' title='bbox 2906 3171 2962 3219; x_wconf 88' lang='lat' dir='ltr'><strong>et</strong></span> <span class='ocrx_word' id='word_1_722' title='bbox 2987 3171 3145 3217; x_wconf 90' lang='lat' dir='ltr'><strong>natus</strong></span> <span class='ocrx_word' id='word_1_723' title='bbox 3169 3170 3252 3218; x_wconf 91' lang='lat' dir='ltr'><strong>est</strong></span> <span class='ocrx_word' id='word_1_724' title='bbox 3278 3163 3329 3216; x_wconf 91' lang='lat' dir='ltr'><strong>in</strong></span> <span class='ocrx_word' id='word_1_725' title='bbox 3361 3179 3420 3217; x_wconf 87' lang='grc' dir='ltr'><strong>ιιι</strong></span> <span class='ocrx_word' id='word_1_726' title='bbox 3448 3163 3579 3218; x_wconf 85' lang='lat' dir='ltr'><strong>feria</strong></span> 
     </span>
    </p>
   </div>
   <div class='ocr_carea' id='block_1_93' title="bbox 1926 3246 3586 3324">
    <p class='ocr_par' dir='ltr' id='par_1_93' title="bbox 1926 3246 3586 3324">
     <span class='ocr_line' id='line_1_93' title="bbox 1926 3246 3586 3324; baseline 0 -16"><span class='ocrx_word' id='word_1_727' title='bbox 1926 3246 1951 3308; x_wconf 68' lang='grc'><em>3</em></span> <span class='ocrx_word' id='word_1_728' title='bbox 1984 3268 2077 3307; x_wconf 85' lang='lat' dir='ltr'><strong>xm</strong></span> <span class='ocrx_word' id='word_1_729' title='bbox 2105 3253 2207 3308; x_wconf 88' lang='lat' dir='ltr'><strong>cal.</strong></span> <span class='ocrx_word' id='word_1_730' title='bbox 2233 3251 2457 3307; x_wconf 88' lang='lat' dir='ltr'><strong>Januar.</strong></span> <span class='ocrx_word' id='word_1_731' title='bbox 2486 3251 2737 3309; x_wconf 88' lang='lat' dir='ltr'><strong>Christus</strong></span> <span class='ocrx_word' id='word_1_732' title='bbox 2762 3254 3023 3311; x_wconf 88' lang='lat' dir='ltr'><strong>Dominus</strong></span> <span class='ocrx_word' id='word_1_733' title='bbox 3043 3261 3249 3310; x_wconf 87' lang='lat' dir='ltr'><strong>noster.</strong></span> <span class='ocrx_word' id='word_1_734' title='bbox 3281 3252 3341 3309; x_wconf 91' lang='lat' dir='ltr'><strong>In</strong></span> <span class='ocrx_word' id='word_1_735' title='bbox 3368 3254 3458 3309; x_wconf 90' lang='lat' dir='ltr'><strong>die</strong></span> <span class='ocrx_word' id='word_1_736' title='bbox 3480 3269 3586 3324; x_wconf 84' lang='lat' dir='ltr'><strong>qua</strong></span> 
     </span>
    </p>
   </div>
   <div class='ocr_carea' id='block_1_94' title="bbox 1983 3343 3588 3421">
    <p class='ocr_par' dir='ltr' id='par_1_94' title="bbox 1983 3343 3588 3421">
     <span class='ocr_line' id='line_1_94' title="bbox 1983 3343 3588 3421; baseline -0.001 -17"><span class='ocrx_word' id='word_1_737' title='bbox 1983 3365 2174 3421; x_wconf 90' lang='lat' dir='ltr'><strong>passus</strong></span> <span class='ocrx_word' id='word_1_738' title='bbox 2202 3354 2304 3416; x_wconf 89' lang='lat' dir='ltr'><strong>est,</strong></span> <span class='ocrx_word' id='word_1_739' title='bbox 2338 3343 2470 3405; x_wconf 81' lang='lat' dir='ltr'><strong>lium</strong></span> <span class='ocrx_word' id='word_1_740' title='bbox 2490 3346 2619 3401; x_wconf 85' lang='lat' dir='ltr'><strong>anni</strong></span> <span class='ocrx_word' id='word_1_741' title='bbox 2640 3362 2845 3402; x_wconf 81' lang='lat' dir='ltr'><strong>cxxxtu</strong></span> <span class='ocrx_word' id='word_1_742' title='bbox 2871 3346 2884 3397; x_wconf 90' lang='lat' dir='ltr'><strong>i</strong></span> <span class='ocrx_word' id='word_1_743' title='bbox 2930 3355 2989 3401; x_wconf 87' lang='lat' dir='ltr'><strong>et</strong></span> <span class='ocrx_word' id='word_1_744' title='bbox 3012 3361 3226 3401; x_wconf 86' lang='lat' dir='ltr'><strong>menses</strong></span> <span class='ocrx_word' id='word_1_745' title='bbox 3246 3362 3324 3412; x_wconf 88' lang='grc' dir='ltr'><strong>ιιι,</strong></span> <span class='ocrx_word' id='word_1_746' title='bbox 3348 3346 3441 3415; x_wconf 90' lang='lat' dir='ltr'><strong>qui</strong></span> <span class='ocrx_word' id='word_1_747' title='bbox 3466 3354 3588 3402; x_wconf 89' lang='lat' dir='ltr'><strong>sunt</strong></span> 
     </span>
    </p>
   </div>
   <div class='ocr_carea' id='block_1_95' title="bbox 1981 3437 3581 3500">
    <p class='ocr_par' dir='ltr' id='par_1_95' title="bbox 1981 3437 3581 3500">
     <span class='ocr_line' id='line_1_95' title="bbox 1981 3437 3581 3500; baseline -0.004 -2"><span class='ocrx_word' id='word_1_748' title='bbox 1981 3442 2098 3498; x_wconf 85' lang='lat' dir='ltr'><strong>dies</strong></span> <span class='ocrx_word' id='word_1_749' title='bbox 2127 3457 2467 3500; x_wconf 86' lang='lat' dir='ltr'><strong>xnccccxuu.</strong></span> <span class='ocrx_word' id='word_1_750' title='bbox 2502 3438 2656 3499; x_wconf 87' lang='lat' dir='ltr'><strong>Unde</strong></span> <span class='ocrx_word' id='word_1_751' title='bbox 2696 3438 2992 3499; x_wconf 84' lang='lat' dir='ltr'><strong>secundum</strong></span> <span class='ocrx_word' id='word_1_752' title='bbox 3039 3453 3321 3493; x_wconf 90' lang='lat' dir='ltr'><strong>numerum</strong></span> <span class='ocrx_word' id='word_1_753' title='bbox 3370 3437 3581 3493; x_wconf 89' lang='lat' dir='ltr'><strong>dierum</strong></span> 
     </span>
    </p>
   </div>
   <div class='ocr_carea' id='block_1_96' title="bbox 1982 3529 3587 3605">
    <p class='ocr_par' dir='ltr' id='par_1_96' title="bbox 1982 3529 3587 3605">
     <span class='ocr_line' id='line_1_96' title="bbox 1982 3529 3587 3605; baseline -0.003 -17"><span class='ocrx_word' id='word_1_754' title='bbox 1982 3532 2102 3603; x_wconf 86' lang='lat' dir='ltr'><strong>ejus</strong></span> <span class='ocrx_word' id='word_1_755' title='bbox 2128 3542 2236 3589; x_wconf 89' lang='lat' dir='ltr'><strong>stat</strong></span> <span class='ocrx_word' id='word_1_756' title='bbox 2254 3549 2378 3590; x_wconf 91' lang='lat' dir='ltr'><strong>cum</strong></span> <span class='ocrx_word' id='word_1_757' title='bbox 2404 3550 2461 3591; x_wconf 87' lang='grc' dir='ltr'><strong>ιιι</strong></span> <span class='ocrx_word' id='word_1_758' title='bbox 2492 3533 2624 3590; x_wconf 81' lang='lat' dir='ltr'><strong>feria</strong></span> <span class='ocrx_word' id='word_1_759' title='bbox 2656 3544 2860 3600; x_wconf 90' lang='lat' dir='ltr'><strong>natum,</strong></span> <span class='ocrx_word' id='word_1_760' title='bbox 2888 3544 2944 3589; x_wconf 87' lang='lat' dir='ltr'><strong>et</strong></span> <span class='ocrx_word' id='word_1_761' title='bbox 2970 3544 3185 3605; x_wconf 81' lang='lat' dir='ltr'><strong>passum</strong></span> <span class='ocrx_word' id='word_1_762' title='bbox 3210 3545 3262 3589; x_wconf 82' lang='lat' dir='ltr'><strong>vt</strong></span> <span class='ocrx_word' id='word_1_763' title='bbox 3289 3529 3419 3585; x_wconf 78' lang='lat' dir='ltr'><strong>feria</strong></span> <span class='ocrx_word' id='word_1_764' title='bbox 3451 3546 3466 3582; x_wconf 89' lang='lat'><strong>:</strong></span> <span class='ocrx_word' id='word_1_765' title='bbox 3498 3545 3587 3583; x_wconf 88' lang='lat' dir='ltr'><strong>na-</strong></span> 
     </span>
    </p>
   </div>
   <div class='ocr_carea' id='block_1_97' title="bbox 1984 3623 3588 3695">
    <p class='ocr_par' dir='ltr' id='par_1_97' title="bbox 1984 3623 3588 3695">
     <span class='ocr_line' id='line_1_97' title="bbox 1984 3623 3588 3695; baseline 0.001 -18"><span class='ocrx_word' id='word_1_766' title='bbox 1984 3632 2096 3678; x_wconf 90' lang='lat' dir='ltr'><strong>tum</strong></span> <span class='ocrx_word' id='word_1_767' title='bbox 2124 3639 2216 3679; x_wconf 86' lang='lat' dir='ltr'><strong>vut</strong></span> <span class='ocrx_word' id='word_1_768' title='bbox 2242 3625 2348 3681; x_wconf 87' lang='lat' dir='ltr'><strong>cal.</strong></span> <span class='ocrx_word' id='word_1_769' title='bbox 2375 3623 2618 3687; x_wconf 88' lang='lat' dir='ltr'><strong>Januar.,</strong></span> <span class='ocrx_word' id='word_1_770' title='bbox 2650 3640 2863 3695; x_wconf 87' lang='lat' dir='ltr'><strong>passum</strong></span> <span class='ocrx_word' id='word_1_771' title='bbox 2906 3641 2994 3679; x_wconf 87' lang='lat' dir='ltr'><strong>vm</strong></span> <span class='ocrx_word' id='word_1_772' title='bbox 3020 3626 3124 3680; x_wconf 90' lang='lat' dir='ltr'><strong>cal.</strong></span> <span class='ocrx_word' id='word_1_773' title='bbox 3155 3623 3324 3694; x_wconf 90' lang='lat' dir='ltr'><strong>April.</strong></span> <span class='ocrx_word' id='word_1_774' title='bbox 3354 3623 3436 3679; x_wconf 85' lang='lat' dir='ltr'><strong>Ex</strong></span> <span class='ocrx_word' id='word_1_775' title='bbox 3479 3640 3588 3694; x_wconf 91' lang='lat' dir='ltr'><strong>quo</strong></span> 
     </span>
    </p>
   </div>
   <div class='ocr_carea' id='block_1_98' title="bbox 1982 3717 3587 3791">
    <p class='ocr_par' dir='ltr' id='par_1_98' title="bbox 1982 3717 3587 3791">
     <span class='ocr_line' id='line_1_98' title="bbox 1982 3717 3587 3791; baseline -0.001 -16"><span class='ocrx_word' id='word_1_776' title='bbox 1982 3719 2286 3791; x_wconf 85' lang='lat' dir='ltr'><strong>baptizatus</strong></span> <span class='ocrx_word' id='word_1_777' title='bbox 2314 3728 2401 3775; x_wconf 83' lang='lat' dir='ltr'><strong>est</strong></span> <span class='ocrx_word' id='word_1_778' title='bbox 2443 3717 2600 3774; x_wconf 90' lang='lat' dir='ltr'><strong>Jesus</strong></span> <span class='ocrx_word' id='word_1_779' title='bbox 2629 3718 2875 3773; x_wconf 88' lang='lat' dir='ltr'><strong>Christus</strong></span> <span class='ocrx_word' id='word_1_780' title='bbox 2902 3717 3161 3772; x_wconf 90' lang='lat' dir='ltr'><strong>Dominus</strong></span> <span class='ocrx_word' id='word_1_781' title='bbox 3206 3727 3412 3783; x_wconf 88' lang='lat' dir='ltr'><strong>noster,</strong></span> <span class='ocrx_word' id='word_1_782' title='bbox 3456 3718 3587 3773; x_wconf 84' lang='lat' dir='ltr'><strong>ﬁunt</strong></span> 
     </span>
    </p>
   </div>
   <div class='ocr_carea' id='block_1_99' title="bbox 1984 3804 3586 3876">
    <p class='ocr_par' dir='ltr' id='par_1_99' title="bbox 1984 3804 3586 3876">
     <span class='ocr_line' id='line_1_99' title="bbox 1984 3804 3586 3876; baseline -0.002 -14"><span class='ocrx_word' id='word_1_783' title='bbox 1984 3808 2112 3862; x_wconf 92' lang='lat' dir='ltr'><strong>anni</strong></span> <span class='ocrx_word' id='word_1_784' title='bbox 2138 3824 2198 3871; x_wconf 90' lang='grc' dir='ltr'><strong>ιι,</strong></span> <span class='ocrx_word' id='word_1_785' title='bbox 2228 3816 2285 3863; x_wconf 85' lang='lat' dir='ltr'><strong>et</strong></span> <span class='ocrx_word' id='word_1_786' title='bbox 2300 3808 2415 3864; x_wconf 89' lang='lat' dir='ltr'><strong>dies</strong></span> <span class='ocrx_word' id='word_1_787' title='bbox 2443 3816 2798 3863; x_wconf 87' lang='lat' dir='ltr'><strong>numerantur</strong></span> <span class='ocrx_word' id='word_1_788' title='bbox 2823 3823 2908 3872; x_wconf 88' lang='lat' dir='ltr'><strong>xc,</strong></span> <span class='ocrx_word' id='word_1_789' title='bbox 2934 3807 3025 3876; x_wconf 90' lang='lat' dir='ltr'><strong>qui</strong></span> <span class='ocrx_word' id='word_1_790' title='bbox 3053 3804 3187 3861; x_wconf 89' lang='lat' dir='ltr'><strong>ﬁunt</strong></span> <span class='ocrx_word' id='word_1_791' title='bbox 3215 3822 3442 3875; x_wconf 85' lang='lat' dir='ltr'><strong>ncccxx,</strong></span> <span class='ocrx_word' id='word_1_792' title='bbox 3466 3822 3586 3862; x_wconf 91' lang='lat' dir='ltr'><strong>cum</strong></span> 
     </span>
    </p>
   </div>
   <div class='ocr_carea' id='block_1_100' title="bbox 1983 3894 3584 3968">
    <p class='ocr_par' dir='ltr' id='par_1_100' title="bbox 1983 3894 3584 3968">
     <span class='ocr_line' id='line_1_100' title="bbox 1983 3894 3584 3968; baseline -0.004 -15"><span class='ocrx_word' id='word_1_793' title='bbox 1983 3897 2087 3955; x_wconf 69' lang='lat' dir='ltr'><strong>his.</strong></span> <span class='ocrx_word' id='word_1_794' title='bbox 2140 3897 2164 3936; x_wconf 80' lang='grc' dir='ltr'><strong>¹ι</strong></span> <span class='ocrx_word' id='word_1_795' title='bbox 2194 3898 2325 3963; x_wconf 91' lang='lat' dir='ltr'><strong>suis,</strong></span> <span class='ocrx_word' id='word_1_796' title='bbox 2357 3913 2422 3953; x_wconf 90' lang='lat' dir='ltr'><strong>ac</strong></span> <span class='ocrx_word' id='word_1_797' title='bbox 2466 3899 2545 3953; x_wconf 89' lang='lat' dir='ltr'><strong>sic</strong></span> <span class='ocrx_word' id='word_1_798' title='bbox 2590 3898 2896 3968; x_wconf 82' lang='lat' dir='ltr'><strong>baptizatur</strong></span> <span class='ocrx_word' id='word_1_799' title='bbox 2936 3912 3029 3951; x_wconf 78' lang='lat' dir='ltr'><strong>vui</strong></span> <span class='ocrx_word' id='word_1_800' title='bbox 3059 3896 3131 3950; x_wconf 88' lang='lat' dir='ltr'><strong>id.</strong></span> <span class='ocrx_word' id='word_1_801' title='bbox 3163 3894 3385 3950; x_wconf 86' lang='lat' dir='ltr'><strong>Januar.</strong></span> <span class='ocrx_word' id='word_1_802' title='bbox 3417 3895 3525 3962; x_wconf 89' lang='lat' dir='ltr'><strong>die,</strong></span> <span class='ocrx_word' id='word_1_803' title='bbox 3556 3910 3584 3947; x_wconf 88' lang='lat' dir='ltr'><strong>v</strong></span> 
     </span>
    </p>
   </div>
   <div class='ocr_carea' id='block_1_101' title="bbox 1982 3987 3585 4061">
    <p class='ocr_par' dir='ltr' id='par_1_101' title="bbox 1982 3987 3585 4061">
     <span class='ocr_line' id='line_1_101' title="bbox 1982 3987 3585 4061; baseline -0.002 -15"><span class='ocrx_word' id='word_1_804' title='bbox 1982 3992 2139 4059; x_wconf 79' lang='lat' dir='ltr'><strong>feria,</strong></span> <span class='ocrx_word' id='word_1_805' title='bbox 2179 4000 2236 4047; x_wconf 89' lang='lat' dir='ltr'><strong>et</strong></span> <span class='ocrx_word' id='word_1_806' title='bbox 2261 4005 2450 4061; x_wconf 89' lang='lat' dir='ltr'><strong>passus</strong></span> <span class='ocrx_word' id='word_1_807' title='bbox 2473 3998 2578 4055; x_wconf 88' lang='lat' dir='ltr'><strong>est,</strong></span> <span class='ocrx_word' id='word_1_808' title='bbox 2621 3998 2683 4045; x_wconf 92' lang='lat' dir='ltr'><strong>ut</strong></span> <span class='ocrx_word' id='word_1_809' title='bbox 2708 3989 2957 4060; x_wconf 89' lang='lat' dir='ltr'><strong>superius</strong></span> <span class='ocrx_word' id='word_1_810' title='bbox 2985 3989 3117 4054; x_wconf 84' lang='lat' dir='ltr'><strong>dixi,</strong></span> <span class='ocrx_word' id='word_1_811' title='bbox 3158 4004 3251 4043; x_wconf 83' lang='lat' dir='ltr'><strong>VIII</strong></span> <span class='ocrx_word' id='word_1_812' title='bbox 3279 3987 3385 4043; x_wconf 91' lang='lat' dir='ltr'><strong>cal.</strong></span> <span class='ocrx_word' id='word_1_813' title='bbox 3413 3988 3585 4058; x_wconf 87' lang='lat' dir='ltr'><strong>April.</strong></span> 
     </span>
    </p>
   </div>
   <div class='ocr_carea' id='block_1_102' title="bbox 1983 4078 3585 4147">
    <p class='ocr_par' dir='ltr' id='par_1_102' title="bbox 1983 4078 3585 4147">
     <span class='ocr_line' id='line_1_102' title="bbox 1983 4078 3585 4147; baseline -0.001 -10"><span class='ocrx_word' id='word_1_814' title='bbox 1983 4097 2037 4137; x_wconf 79' lang='lat' dir='ltr'><strong>vr</strong></span> <span class='ocrx_word' id='word_1_815' title='bbox 2066 4080 2216 4136; x_wconf 82' lang='lat' dir='ltr'><strong>feria.</strong></span> <span class='ocrx_word' id='word_1_816' title='bbox 2248 4079 2383 4136; x_wconf 91' lang='lat' dir='ltr'><strong>Cum</strong></span> <span class='ocrx_word' id='word_1_817' title='bbox 2410 4080 2519 4135; x_wconf 73' lang='lat' dir='ltr'><strong>bis.</strong></span> <span class='ocrx_word' id='word_1_818' title='bbox 2548 4080 2660 4135; x_wconf 87' lang='lat' dir='ltr'><strong>suis</strong></span> <span class='ocrx_word' id='word_1_819' title='bbox 2704 4078 2836 4133; x_wconf 90' lang='lat' dir='ltr'><strong>ﬁunt</strong></span> <span class='ocrx_word' id='word_1_820' title='bbox 2877 4079 3037 4133; x_wconf 88' lang='lat' dir='ltr'><strong>simul</strong></span> <span class='ocrx_word' id='word_1_821' title='bbox 3063 4078 3179 4135; x_wconf 86' lang='lat' dir='ltr'><strong>dies</strong></span> <span class='ocrx_word' id='word_1_822' title='bbox 3205 4093 3504 4147; x_wconf 86' lang='lat' dir='ltr'><strong>xnccccxv,</strong></span> <span class='ocrx_word' id='word_1_823' title='bbox 3531 4086 3585 4135; x_wconf 91' lang='lat' dir='ltr'><strong>et</strong></span> 
     </span>
    </p>
   </div>
   <div class='ocr_carea' id='block_1_103' title="bbox 1986 4170 3245 4245">
    <p class='ocr_par' dir='ltr' id='par_1_103' title="bbox 1986 4170 3245 4245">
     <span class='ocr_line' id='line_1_103' title="bbox 1986 4170 3245 4245; baseline 0 -18"><span class='ocrx_word' id='word_1_824' title='bbox 1986 4170 2098 4245; x_wconf 74' lang='lat' dir='ltr'><strong>(ab)</strong></span> <span class='ocrx_word' id='word_1_825' title='bbox 2124 4188 2215 4229; x_wconf 87' lang='lat' dir='ltr'><strong>vm</strong></span> <span class='ocrx_word' id='word_1_826' title='bbox 2239 4172 2313 4228; x_wconf 90' lang='lat' dir='ltr'><strong>id.</strong></span> <span class='ocrx_word' id='word_1_827' title='bbox 2344 4170 2465 4227; x_wconf 93' lang='lat' dir='ltr'><strong>Jan.</strong></span> <span class='ocrx_word' id='word_1_828' title='bbox 2499 4174 2551 4226; x_wconf 90' lang='lat' dir='ltr'><strong>in</strong></span> <span class='ocrx_word' id='word_1_829' title='bbox 2581 4187 2675 4227; x_wconf 81' lang='lat' dir='ltr'><strong>Vill</strong></span> <span class='ocrx_word' id='word_1_830' title='bbox 2704 4172 2807 4227; x_wconf 90' lang='lat' dir='ltr'><strong>cal.</strong></span> <span class='ocrx_word' id='word_1_831' title='bbox 2844 4170 2973 4241; x_wconf 91' lang='lat' dir='ltr'><strong>Apr.</strong></span> <span class='ocrx_word' id='word_1_832' title='bbox 3005 4171 3121 4228; x_wconf 89' lang='lat' dir='ltr'><strong>dies</strong></span> <span class='ocrx_word' id='word_1_833' title='bbox 3156 4188 3245 4227; x_wconf 88' lang='lat' dir='ltr'><strong>xc.</strong></span> 
     </span>
    </p>
   </div>
   <div class='ocr_carea' id='block_1_104' title="bbox 2338 4284 3241 4341">
    <p class='ocr_par' dir='ltr' id='par_1_104' title="bbox 2338 4284 3241 4341">
     <span class='ocr_line' id='line_1_104' title="bbox 2338 4284 3241 4341; baseline 0 -2"><span class='ocrx_word' id='word_1_834' title='bbox 2338 4285 2474 4341; x_wconf 77' lang='lat' dir='ltr'><strong>Anc.</strong></span> <span class='ocrx_word' id='word_1_835' title='bbox 2514 4284 2653 4339; x_wconf 84' lang='lat' dir='ltr'><strong>XVI.</strong></span> <span class='ocrx_word' id='word_1_836' title='bbox 2686 4284 2763 4338; x_wconf 87' lang='lat' dir='ltr'><strong>De</strong></span> <span class='ocrx_word' id='word_1_837' title='bbox 2784 4286 2986 4341; x_wconf 81' lang='lat' dir='ltr'><strong>ratione</strong></span> <span class='ocrx_word' id='word_1_838' title='bbox 3007 4285 3241 4340; x_wconf 73' lang='lat' dir='ltr'><strong>bissexti.</strong></span> 
     </span>
    </p>
   </div>
   <div class='ocr_carea' id='block_1_105' title="bbox 2057 4375 3583 4451">
    <p class='ocr_par' dir='ltr' id='par_1_105' title="bbox 2057 4375 3583 4451">
     <span class='ocr_line' id='line_1_105' title="bbox 2057 4375 3583 4451; baseline 0.004 -21"><span class='ocrx_word' id='word_1_839' title='bbox 2057 4375 2359 4432; x_wconf 87' lang='lat' dir='ltr'><strong>Bissextum</strong></span> <span class='ocrx_word' id='word_1_840' title='bbox 2391 4392 2499 4431; x_wconf 92' lang='lat' dir='ltr'><strong>non</strong></span> <span class='ocrx_word' id='word_1_841' title='bbox 2525 4378 2596 4431; x_wconf 88' lang='lat' dir='ltr'><strong>ob</strong></span> <span class='ocrx_word' id='word_1_842' title='bbox 2625 4377 2774 4431; x_wconf 90' lang='lat' dir='ltr'><strong>illum</strong></span> <span class='ocrx_word' id='word_1_843' title='bbox 2804 4377 2945 4432; x_wconf 92' lang='lat' dir='ltr'><strong>diem</strong></span> <span class='ocrx_word' id='word_1_844' title='bbox 2970 4377 3102 4444; x_wconf 87' lang='lat' dir='ltr'><strong>iieri,</strong></span> <span class='ocrx_word' id='word_1_845' title='bbox 3136 4386 3195 4432; x_wconf 93' lang='lat' dir='ltr'><strong>ut</strong></span> <span class='ocrx_word' id='word_1_846' title='bbox 3214 4378 3436 4448; x_wconf 90' lang='lat' dir='ltr'><strong>quidam</strong></span> <span class='ocrx_word' id='word_1_847' title='bbox 3482 4395 3583 4451; x_wconf 73' lang='grc' dir='ltr'><strong>ρυ-</strong></span> 
     </span>
    </p>
   </div>
   <div class='ocr_carea' id='block_1_106' title="bbox 1985 4468 3581 4541">
    <p class='ocr_par' dir='ltr' id='par_1_106' title="bbox 1985 4468 3581 4541">
     <span class='ocr_line' id='line_1_106' title="bbox 1985 4468 3581 4541; baseline 0.004 -18"><span class='ocrx_word' id='word_1_848' title='bbox 1985 4477 2123 4538; x_wconf 84' lang='lat' dir='ltr'><strong>tant,</strong></span> <span class='ocrx_word' id='word_1_849' title='bbox 2150 4485 2258 4541; x_wconf 88' lang='lat' dir='ltr'><strong>quo</strong></span> <span class='ocrx_word' id='word_1_850' title='bbox 2286 4468 2449 4525; x_wconf 83' lang='lat' dir='ltr'><strong>Josua</strong></span> <span class='ocrx_word' id='word_1_851' title='bbox 2483 4470 2659 4526; x_wconf 73' lang='lat' dir='ltr'><strong>oravit</strong></span> <span class='ocrx_word' id='word_1_852' title='bbox 2696 4471 2866 4526; x_wconf 90' lang='lat' dir='ltr'><strong>solem</strong></span> <span class='ocrx_word' id='word_1_853' title='bbox 2919 4482 3083 4538; x_wconf 89' lang='lat' dir='ltr'><strong>stare,</strong></span> <span class='ocrx_word' id='word_1_854' title='bbox 3110 4474 3433 4529; x_wconf 90' lang='lat' dir='ltr'><strong>credendum</strong></span> <span class='ocrx_word' id='word_1_855' title='bbox 3463 4485 3545 4529; x_wconf 84' lang='lat' dir='ltr'><strong>est</strong></span> <span class='ocrx_word' id='word_1_856' title='bbox 3570 4495 3581 4529; x_wconf 91' lang='lat'>:</span> 
     </span>
    </p>
   </div>
   <div class='ocr_carea' id='block_1_107' title="bbox 1988 4562 3585 4636">
    <p class='ocr_par' dir='ltr' id='par_1_107' title="bbox 1988 4562 3585 4636">
     <span class='ocr_line' id='line_1_107' title="bbox 1988 4562 3585 4636; baseline 0.003 -19"><span class='ocrx_word' id='word_1_857' title='bbox 1988 4564 2114 4631; x_wconf 88' lang='lat' dir='ltr'><strong>quia</strong></span> <span class='ocrx_word' id='word_1_858' title='bbox 2135 4563 2251 4619; x_wconf 87' lang='lat' dir='ltr'><strong>dies</strong></span> <span class='ocrx_word' id='word_1_859' title='bbox 2272 4564 2362 4619; x_wconf 90' lang='lat' dir='ltr'><strong>ille</strong></span> <span class='ocrx_word' id='word_1_860' title='bbox 2390 4573 2445 4619; x_wconf 91' lang='lat' dir='ltr'><strong>et</strong></span> <span class='ocrx_word' id='word_1_861' title='bbox 2470 4562 2589 4633; x_wconf 82' lang='lat' dir='ltr'><strong>fuit,</strong></span> <span class='ocrx_word' id='word_1_862' title='bbox 2621 4573 2676 4620; x_wconf 91' lang='lat' dir='ltr'><strong>et</strong></span> <span class='ocrx_word' id='word_1_863' title='bbox 2701 4566 2980 4636; x_wconf 73' lang='lat' dir='ltr'><strong>prmteriit.</strong></span> <span class='ocrx_word' id='word_1_864' title='bbox 3008 4566 3117 4623; x_wconf 88' lang='lat' dir='ltr'><strong>Sed</strong></span> <span class='ocrx_word' id='word_1_865' title='bbox 3147 4568 3214 4623; x_wconf 91' lang='lat' dir='ltr'><strong>ab</strong></span> <span class='ocrx_word' id='word_1_866' title='bbox 3255 4568 3361 4623; x_wconf 93' lang='lat' dir='ltr'><strong>hoc</strong></span> <span class='ocrx_word' id='word_1_867' title='bbox 3389 4569 3585 4624; x_wconf 89' lang='lat' dir='ltr'><strong>dicitur</strong></span> 
     </span>
    </p>
   </div>
   <div class='ocr_carea' id='block_1_108' title="bbox 1920 4627 3584 4734">
    <p class='ocr_par' dir='ltr' id='par_1_108' title="bbox 1920 4627 3584 4734">
     <span class='ocr_line' id='line_1_108' title="bbox 1920 4627 3584 4734; baseline 0.002 -20"><span class='ocrx_word' id='word_1_868' title='bbox 1920 4627 2276 4727; x_wconf 65' lang='lat' dir='ltr'><strong>l)bissextus,</strong></span> <span class='ocrx_word' id='word_1_869' title='bbox 2308 4660 2453 4730; x_wconf 89' lang='lat' dir='ltr'><strong>quod</strong></span> <span class='ocrx_word' id='word_1_870' title='bbox 2500 4660 2552 4714; x_wconf 95' lang='lat' dir='ltr'><strong>in</strong></span> <span class='ocrx_word' id='word_1_871' title='bbox 2590 4669 3025 4731; x_wconf 88' lang='lat' dir='ltr'><strong>unumquemque</strong></span> <span class='ocrx_word' id='word_1_872' title='bbox 3076 4678 3315 4718; x_wconf 91' lang='lat' dir='ltr'><strong>mensem</strong></span> <span class='ocrx_word' id='word_1_873' title='bbox 3357 4672 3584 4734; x_wconf 87' lang='lat' dir='ltr'><strong>punctus</strong></span> 
     </span>
    </p>
   </div>
   <div class='ocr_carea' id='block_1_109' title="bbox 1992 4750 3582 4825">
    <p class='ocr_par' dir='ltr' id='par_1_109' title="bbox 1992 4750 3582 4825">
     <span class='ocr_line' id='line_1_109' title="bbox 1992 4750 3582 4825; baseline 0.004 -21"><span class='ocrx_word' id='word_1_874' title='bbox 1992 4767 2129 4807; x_wconf 90' lang='lat' dir='ltr'><strong>unus</strong></span> <span class='ocrx_word' id='word_1_875' title='bbox 2154 4752 2436 4808; x_wconf 89' lang='lat' dir='ltr'><strong>accrescit.</strong></span> <span class='ocrx_word' id='word_1_876' title='bbox 2466 4750 2703 4809; x_wconf 89' lang='lat' dir='ltr'><strong>Punctus</strong></span> <span class='ocrx_word' id='word_1_877' title='bbox 2732 4769 2861 4809; x_wconf 90' lang='lat' dir='ltr'><strong>vero</strong></span> <span class='ocrx_word' id='word_1_878' title='bbox 2892 4769 3028 4810; x_wconf 92' lang='lat' dir='ltr'><strong>unus</strong></span> <span class='ocrx_word' id='word_1_879' title='bbox 3052 4764 3243 4825; x_wconf 86' lang='lat' dir='ltr'><strong>quarta</strong></span> <span class='ocrx_word' id='word_1_880' title='bbox 3275 4771 3398 4825; x_wconf 88' lang='lat' dir='ltr'><strong>pars</strong></span> <span class='ocrx_word' id='word_1_881' title='bbox 3438 4756 3582 4810; x_wconf 80' lang='lat' dir='ltr'><strong>horae</strong></span> 
     </span>
    </p>
   </div>
   <div class='ocr_carea' id='block_1_110' title="bbox 1990 4842 3582 4916">
    <p class='ocr_par' dir='ltr' id='par_1_110' title="bbox 1990 4842 3582 4916">
     <span class='ocr_line' id='line_1_110' title="bbox 1990 4842 3582 4916; baseline 0.003 -21"><span class='ocrx_word' id='word_1_882' title='bbox 1990 4848 2092 4895; x_wconf 79' lang='lat' dir='ltr'><strong>est.</strong></span> <span class='ocrx_word' id='word_1_883' title='bbox 2109 4856 2161 4896; x_wconf 87' lang='lat' dir='ltr'><strong>tv</strong></span> <span class='ocrx_word' id='word_1_884' title='bbox 2175 4857 2304 4897; x_wconf 87' lang='lat' dir='ltr'><strong>vero</strong></span> <span class='ocrx_word' id='word_1_885' title='bbox 2326 4842 2509 4913; x_wconf 85' lang='lat' dir='ltr'><strong>puncti</strong></span> <span class='ocrx_word' id='word_1_886' title='bbox 2533 4858 2690 4898; x_wconf 90' lang='lat' dir='ltr'><strong>unam</strong></span> <span class='ocrx_word' id='word_1_887' title='bbox 2708 4843 2898 4898; x_wconf 89' lang='lat' dir='ltr'><strong>horam</strong></span> <span class='ocrx_word' id='word_1_888' title='bbox 2914 4842 3117 4900; x_wconf 80' lang='lat' dir='ltr'><strong>faciunt</strong></span> <span class='ocrx_word' id='word_1_889' title='bbox 3132 4864 3146 4912; x_wconf 90' lang='lat'><strong>;</strong></span> <span class='ocrx_word' id='word_1_890' title='bbox 3163 4863 3239 4902; x_wconf 84' lang='lat' dir='ltr'><strong>xu</strong></span> <span class='ocrx_word' id='word_1_891' title='bbox 3252 4862 3382 4902; x_wconf 89' lang='lat' dir='ltr'><strong>vero</strong></span> <span class='ocrx_word' id='word_1_892' title='bbox 3400 4848 3582 4916; x_wconf 88' lang='lat' dir='ltr'><strong>puncti</strong></span> 
     </span>
    </p>
   </div>
   <div class='ocr_carea' id='block_1_111' title="bbox 1990 4932 3582 5008">
    <p class='ocr_par' dir='ltr' id='par_1_111' title="bbox 1990 4932 3582 5008">
     <span class='ocr_line' id='line_1_111' title="bbox 1990 4932 3582 5008; baseline 0.004 -21"><span class='ocrx_word' id='word_1_893' title='bbox 1990 4947 2047 4988; x_wconf 81' lang='lat' dir='ltr'><strong>tu</strong></span> <span class='ocrx_word' id='word_1_894' title='bbox 2069 4932 2232 4988; x_wconf 91' lang='lat' dir='ltr'><strong>horas</strong></span> <span class='ocrx_word' id='word_1_895' title='bbox 2256 4934 2548 5004; x_wconf 87' lang='lat' dir='ltr'><strong>explicant.</strong></span> <span class='ocrx_word' id='word_1_896' title='bbox 2573 4933 2715 5005; x_wconf 84' lang='lat' dir='ltr'><strong>Ergo</strong></span> <span class='ocrx_word' id='word_1_897' title='bbox 2743 4936 2796 4991; x_wconf 93' lang='lat' dir='ltr'><strong>in</strong></span> <span class='ocrx_word' id='word_1_898' title='bbox 2818 4953 2869 4991; x_wconf 80' lang='lat' dir='ltr'><strong>IV</strong></span> <span class='ocrx_word' id='word_1_899' title='bbox 2891 4938 3045 4993; x_wconf 92' lang='lat' dir='ltr'><strong>annis</strong></span> <span class='ocrx_word' id='word_1_900' title='bbox 3074 4946 3241 4993; x_wconf 79' lang='lat' dir='ltr'><strong>terna:</strong></span> <span class='ocrx_word' id='word_1_901' title='bbox 3271 4938 3435 5002; x_wconf 75' lang='lat' dir='ltr'><strong>bone,</strong></span> <span class='ocrx_word' id='word_1_902' title='bbox 3465 4953 3582 5008; x_wconf 72' lang='lat' dir='ltr'><strong>qua:</strong></span> 
     </span>
    </p>
   </div>
   <div class='ocr_carea' id='block_1_112' title="bbox 1990 5136 3580 5212">
    <p class='ocr_par' dir='ltr' id='par_1_112' title="bbox 1990 5136 3580 5212">
     <span class='ocr_line' id='line_1_112' title="bbox 1990 5136 3580 5212; baseline 0.008 -22"><span class='ocrx_word' id='word_1_903' title='bbox 1990 5136 2091 5192; x_wconf 84' lang='lat' dir='ltr'><strong>cal.</strong></span> <span class='ocrx_word' id='word_1_904' title='bbox 2144 5141 2369 5194; x_wconf 82' lang='lat' dir='ltr'><strong>occurrit</strong></span> <span class='ocrx_word' id='word_1_905' title='bbox 2413 5142 2540 5194; x_wconf 87' lang='lat' dir='ltr'><strong>tuna</strong></span> <span class='ocrx_word' id='word_1_906' title='bbox 2590 5144 2849 5212; x_wconf 82' lang='lat' dir='ltr'><strong>paschalis</strong></span> <span class='ocrx_word' id='word_1_907' title='bbox 2898 5159 3006 5196; x_wconf 83' lang='lat' dir='ltr'><strong>xlv.</strong></span> <span class='ocrx_word' id='word_1_908' title='bbox 3041 5143 3105 5198; x_wconf 82' lang='lat' dir='ltr'><strong>Si</strong></span> <span class='ocrx_word' id='word_1_909' title='bbox 3160 5145 3295 5198; x_wconf 82' lang='lat' dir='ltr'><strong>enim</strong></span> <span class='ocrx_word' id='word_1_910' title='bbox 3337 5146 3580 5204; x_wconf 81' lang='lat' dir='ltr'><strong>deductas</strong></span> 
     </span>
    </p>
   </div>
   <div class='ocr_carea' id='block_1_113' title="bbox 1987 5215 3578 5285">
    <p class='ocr_par' dir='ltr' id='par_1_113' title="bbox 1987 5215 3578 5285">
     <span class='ocr_line' id='line_1_113' title="bbox 1987 5215 3578 5285; baseline 0.007 -24"><span class='ocrx_word' id='word_1_911' title='bbox 1987 5218 2196 5285; x_wconf 68' lang='lat' dir='ltr'><strong>epactas</strong></span> <span class='ocrx_word' id='word_1_912' title='bbox 2225 5225 2331 5285; x_wconf 77' lang='lat' dir='ltr'><strong>xxx</strong></span> <span class='ocrx_word' id='word_1_913' title='bbox 2364 5221 2562 5266; x_wconf 83' lang='lat' dir='ltr'><strong>tantum</strong></span> <span class='ocrx_word' id='word_1_914' title='bbox 2602 5216 2970 5275; x_wconf 84' lang='lat' dir='ltr'><strong>remanserint,</strong></span> <span class='ocrx_word' id='word_1_915' title='bbox 3020 5215 3158 5285; x_wconf 83' lang='lat' dir='ltr'><strong>quod</strong></span> <span class='ocrx_word' id='word_1_916' title='bbox 3200 5218 3358 5271; x_wconf 84' lang='lat' dir='ltr'><strong>semel</strong></span> <span class='ocrx_word' id='word_1_917' title='bbox 3388 5234 3441 5272; x_wconf 82' lang='lat' dir='ltr'><strong>tn</strong></span> <span class='ocrx_word' id='word_1_918' title='bbox 3490 5236 3578 5274; x_wconf 73' lang='lat' dir='ltr'><strong>xw</strong></span> 
     </span>
    </p>
   </div>
   <div class='ocr_carea' id='block_1_114' title="bbox 1987 5279 3580 5404">
    <p class='ocr_par' dir='ltr' id='par_1_114' title="bbox 1987 5279 3580 5404">
     <span class='ocr_line' id='line_1_114' title="bbox 1987 5279 3580 5404; baseline 0.009 -73"><span class='ocrx_word' id='word_1_919' title='bbox 1987 5279 2141 5403; x_wconf 63' lang='lat' dir='ltr'><strong>armi;</strong></span> <span class='ocrx_word' id='word_1_920' title='bbox 2170 5279 2405 5404; x_wconf 37' lang='lat' dir='ltr'><strong>accidere</strong></span> <span class='ocrx_word' id='word_1_921' title='bbox 2434 5284 2763 5353; x_wconf 73' lang='lat' dir='ltr'><strong>manifestum</strong></span> <span class='ocrx_word' id='word_1_922' title='bbox 2791 5293 2886 5351; x_wconf 84' lang='lat' dir='ltr'><strong>est,</strong></span> <span class='ocrx_word' id='word_1_923' title='bbox 2917 5279 3042 5338; x_wconf 56' lang='lat' dir='ltr'><strong>xxx&#39;</strong></span> <span class='ocrx_word' id='word_1_924' title='bbox 3063 5286 3147 5339; x_wconf 82' lang='lat' dir='ltr'><strong>die</strong></span> <span class='ocrx_word' id='word_1_925' title='bbox 3168 5303 3200 5341; x_wconf 92' lang='lat' dir='ltr'><strong>a</strong></span> <span class='ocrx_word' id='word_1_926' title='bbox 3223 5288 3453 5344; x_wconf 78' lang='lat' dir='ltr'><strong>colendis</strong></span> <span class='ocrx_word' id='word_1_927' title='bbox 3482 5294 3580 5345; x_wconf 86' lang='lat' dir='ltr'><strong>erit</strong></span> 
     </span>
     <span class='ocr_line' id='line_1_115' title="bbox 1987 5366 2265 5404; baseline 0 0"><span class='ocrx_word' id='word_1_928' title='bbox 1987 5366 2108 5404; x_wconf 78' lang='lat' dir='ltr'><strong>uase</strong></span> <span class='ocrx_word' id='word_1_929' title='bbox 2128 5368 2178 5403; x_wconf 82' lang='grc' dir='ltr'><strong>ια</strong></span> <span class='ocrx_word' id='word_1_930' title='bbox 2201 5367 2265 5404; x_wconf 79' lang='lat' dir='ltr'><strong>ts.</strong></span> 
     </span>
    </p>
   </div>
   <div class='ocr_carea' id='block_1_115' title="bbox 1984 5366 2265 5418">
    <p class='ocr_par' dir='ltr' id='par_1_115' title="bbox 1984 5366 2265 5418">
     <span class='ocr_line' id='line_1_116' title="bbox 1984 5366 2265 5418; baseline 0.007 -17"><span class='ocrx_word' id='word_1_931' title='bbox 1984 5366 2265 5418; x_wconf 83' lang='lat' dir='ltr'><strong>pascnatts.</strong></span> 
     </span>
    </p>
   </div>
   <div class='ocr_carea' id='block_1_116' title="bbox 2061 5418 3576 5492">
    <p class='ocr_par' dir='ltr' id='par_1_116' title="bbox 2061 5418 3576 5492">
     <span class='ocr_line' id='line_1_117' title="bbox 2061 5418 3576 5492; baseline 0.008 -19"><span class='ocrx_word' id='word_1_932' title='bbox 2061 5418 2077 5457; x_wconf 77' lang='grc' dir='ltr'><strong>ί</strong></span> <span class='ocrx_word' id='word_1_933' title='bbox 2114 5421 2220 5474; x_wconf 88' lang='lat' dir='ltr'><strong>Aut</strong></span> <span class='ocrx_word' id='word_1_934' title='bbox 2247 5421 2329 5477; x_wconf 66' lang='grc' dir='ltr'><strong>Ιιω</strong></span> <span class='ocrx_word' id='word_1_935' title='bbox 2357 5420 2644 5475; x_wconf 74' lang='lat' dir='ltr'><strong>dumvnccs</strong></span> <span class='ocrx_word' id='word_1_936' title='bbox 2675 5422 2995 5492; x_wconf 80' lang='lat' dir='ltr'><strong>redundant,</strong></span> <span class='ocrx_word' id='word_1_937' title='bbox 3016 5436 3108 5482; x_wconf 90' lang='lat' dir='ltr'><strong>aut</strong></span> <span class='ocrx_word' id='word_1_938' title='bbox 3137 5429 3336 5483; x_wconf 86' lang='lat' dir='ltr'><strong>librarii</strong></span> <span class='ocrx_word' id='word_1_939' title='bbox 3370 5432 3576 5485; x_wconf 72' lang='lat' dir='ltr'><strong>incuria</strong></span> 
     </span>
    </p>
   </div>
   <div class='ocr_carea' id='block_1_117' title="bbox 1986 5492 3577 5571">
    <p class='ocr_par' dir='ltr' id='par_1_117' title="bbox 1986 5492 3577 5571">
     <span class='ocr_line' id='line_1_118' title="bbox 1986 5492 3577 5571; baseline 0.008 -29"><span class='ocrx_word' id='word_1_940' title='bbox 1986 5497 2112 5571; x_wconf 77' lang='lat' dir='ltr'><strong>ante</strong></span> <span class='ocrx_word' id='word_1_941' title='bbox 2141 5492 2259 5546; x_wconf 91' lang='lat' dir='ltr'><strong>illas</strong></span> <span class='ocrx_word' id='word_1_942' title='bbox 2287 5493 2485 5571; x_wconf 80' lang='lat' dir='ltr'><strong>omissa</strong></span> <span class='ocrx_word' id='word_1_943' title='bbox 2516 5502 2599 5571; x_wconf 79' lang='lat' dir='ltr'><strong>est</strong></span> <span class='ocrx_word' id='word_1_944' title='bbox 2629 5496 2829 5571; x_wconf 77' lang='lat' dir='ltr'><strong>mentio</strong></span> <span class='ocrx_word' id='word_1_945' title='bbox 2859 5498 3014 5571; x_wconf 74' lang='lat' dir='ltr'><strong>primi</strong></span> <span class='ocrx_word' id='word_1_946' title='bbox 3043 5501 3272 5565; x_wconf 68' lang='lat' dir='ltr'><strong>solstitii,</strong></span> <span class='ocrx_word' id='word_1_947' title='bbox 3301 5500 3445 5571; x_wconf 89' lang='lat' dir='ltr'><strong>quod</strong></span> <span class='ocrx_word' id='word_1_948' title='bbox 3480 5518 3577 5571; x_wconf 56' lang='lat' dir='ltr'><strong>po.</strong></span> 
     </span>
    </p>
   </div>
   <div class='ocr_carea' id='block_1_118' title="bbox 1985 5560 3573 5641">
    <p class='ocr_par' dir='ltr' id='par_1_118' title="bbox 1985 5560 3573 5641">
     <span class='ocr_line' id='line_1_119' title="bbox 1985 5560 3573 5641; baseline 0.008 -28"><span class='ocrx_word' id='word_1_949' title='bbox 1985 5560 2180 5641; x_wconf 83' lang='lat' dir='ltr'><strong>sterius</strong></span> <span class='ocrx_word' id='word_1_950' title='bbox 2223 5564 2393 5641; x_wconf 76' lang='lat' dir='ltr'><strong>magis</strong></span> <span class='ocrx_word' id='word_1_951' title='bbox 2423 5563 2708 5641; x_wconf 78' lang='lat' dir='ltr'><strong>verisimile</strong></span> <span class='ocrx_word' id='word_1_952' title='bbox 2749 5566 2837 5633; x_wconf 90' lang='lat' dir='ltr'><strong>sit,</strong></span> <span class='ocrx_word' id='word_1_953' title='bbox 2859 5560 2995 5637; x_wconf 77' lang='lat' dir='ltr'><strong>quia</strong></span> <span class='ocrx_word' id='word_1_954' title='bbox 3028 5572 3188 5640; x_wconf 88' lang='lat' dir='ltr'><strong>paulo</strong></span> <span class='ocrx_word' id='word_1_955' title='bbox 3220 5560 3342 5641; x_wconf 74' lang='lat' dir='ltr'><strong>post</strong></span> <span class='ocrx_word' id='word_1_956' title='bbox 3368 5560 3573 5627; x_wconf 80' lang='lat' dir='ltr'><strong>memo-</strong></span> 
     </span>
    </p>
   </div>
   <div class='ocr_carea' id='block_1_119' title="bbox 1984 5633 2764 5708">
    <p class='ocr_par' dir='ltr' id='par_1_119' title="bbox 1984 5633 2764 5708">
     <span class='ocr_line' id='line_1_120' title="bbox 1984 5633 2764 5708; baseline 0.006 -23"><span class='ocrx_word' id='word_1_957' title='bbox 1984 5638 2134 5708; x_wconf 70' lang='lat' dir='ltr'><strong>ratur</strong></span> <span class='ocrx_word' id='word_1_958' title='bbox 2156 5633 2447 5708; x_wconf 52' lang='lat' dir='ltr'><strong>solstitium</strong></span> <span class='ocrx_word' id='word_1_959' title='bbox 2463 5635 2764 5708; x_wconf 71' lang='lat' dir='ltr'><strong>secundum.</strong></span> 
     </span>
    </p>
   </div>
   <div class='ocr_carea' id='block_1_120' title="bbox 2060 5700 3573 5777">
    <p class='ocr_par' dir='ltr' id='par_1_120' title="bbox 2060 5700 3573 5777">
     <span class='ocr_line' id='line_1_121' title="bbox 2060 5700 3573 5777; baseline 0.009 -27"><span class='ocrx_word' id='word_1_960' title='bbox 2060 5700 2075 5749; x_wconf 84' lang='lat' dir='ltr'><strong>i</strong></span> <span class='ocrx_word' id='word_1_961' title='bbox 2115 5700 2173 5755; x_wconf 92' lang='lat' dir='ltr'><strong>In</strong></span> <span class='ocrx_word' id='word_1_962' title='bbox 2198 5702 2622 5777; x_wconf 67' lang='lat' dir='ltr'><strong>rus._Digbteano</strong></span> <span class='ocrx_word' id='word_1_963' title='bbox 2652 5707 2849 5775; x_wconf 84' lang='lat' dir='ltr'><strong>legitur</strong></span> <span class='ocrx_word' id='word_1_964' title='bbox 2877 5726 3004 5777; x_wconf 83' lang='lat' dir='ltr'><strong>xxx,</strong></span> <span class='ocrx_word' id='word_1_965' title='bbox 3056 5712 3340 5768; x_wconf 82' lang='lat' dir='ltr'><strong>manifesto</strong></span> <span class='ocrx_word' id='word_1_966' title='bbox 3372 5712 3573 5765; x_wconf 86' lang='lat' dir='ltr'><strong>librarii</strong></span> 
     </span>
    </p>
   </div>
   <div class='ocr_carea' id='block_1_121' title="bbox 1983 5770 3576 5895">
    <p class='ocr_par' dir='ltr' id='par_1_121' title="bbox 1983 5770 3576 5895">
     <span class='ocr_line' id='line_1_122' title="bbox 1983 5770 3576 5895; baseline 0.009 -71"><span class='ocrx_word' id='word_1_967' title='bbox 1983 5785 2189 5895; x_wconf 50' lang='lat' dir='ltr'><strong>era-ore.</strong></span> <span class='ocrx_word' id='word_1_968' title='bbox 2221 5770 2328 5826; x_wconf 88' lang='lat' dir='ltr'><strong>Sed</strong></span> <span class='ocrx_word' id='word_1_969' title='bbox 2353 5770 2526 5843; x_wconf 86' lang='lat' dir='ltr'><strong>neque</strong></span> <span class='ocrx_word' id='word_1_970' title='bbox 2552 5770 2902 5838; x_wconf 76' lang='lat' dir='ltr'><strong>succedentes</strong></span> <span class='ocrx_word' id='word_1_971' title='bbox 2925 5770 3133 5841; x_wconf 78' lang='lat' dir='ltr'><strong>numeri</strong></span> <span class='ocrx_word' id='word_1_972' title='bbox 3163 5782 3360 5841; x_wconf 86' lang='lat' dir='ltr'><strong>mendo</strong></span> <span class='ocrx_word' id='word_1_973' title='bbox 3389 5796 3576 5838; x_wconf 83' lang='lat' dir='ltr'><strong>carere</strong></span> 
     </span>
     <span class='ocr_line' id='line_1_123' title="bbox 1983 5857 2253 5895; baseline 0.004 -1"><span class='ocrx_word' id='word_1_974' title='bbox 1983 5857 2033 5895; x_wconf 77' lang='grc' dir='ltr'><strong>γι</strong></span> <span class='ocrx_word' id='word_1_975' title='bbox 2076 5857 2141 5895; x_wconf 78' lang='grc' dir='ltr'><strong>ΘΠ</strong></span> <span class='ocrx_word' id='word_1_976' title='bbox 2173 5857 2253 5895; x_wconf 71' lang='grc'><strong>[11⁸.</strong></span> 
     </span>
    </p>
   </div>
   <div class='ocr_carea' id='block_1_122' title="bbox 1982 5850 2253 5897">
    <p class='ocr_par' dir='ltr' id='par_1_122' title="bbox 1982 5850 2253 5897">
     <span class='ocr_line' id='line_1_124' title="bbox 1982 5850 2253 5897; baseline 0.007 -3"><span class='ocrx_word' id='word_1_977' title='bbox 1982 5850 2253 5897; x_wconf 81' lang='lat' dir='ltr'><strong>videntur.</strong></span> 
     </span>
    </p>
   </div>
   <div class='ocr_carea' id='block_1_123' title="bbox 2057 5909 2791 5982">
    <p class='ocr_par' dir='ltr' id='par_1_123' title="bbox 2057 5909 2791 5982">
     <span class='ocr_line' id='line_1_125' title="bbox 2057 5909 2791 5982; baseline 0.012 -14"><span class='ocrx_word' id='word_1_978' title='bbox 2057 5909 2080 5950; x_wconf 64' lang='grc' dir='ltr'><strong>ι</strong></span> <span class='ocrx_word' id='word_1_979' title='bbox 2116 5911 2170 5969; x_wconf 87' lang='lat' dir='ltr'><strong>Id</strong></span> <span class='ocrx_word' id='word_1_980' title='bbox 2198 5922 2298 5982; x_wconf 86' lang='lat' dir='ltr'><strong>cst,</strong></span> <span class='ocrx_word' id='word_1_981' title='bbox 2330 5913 2567 5979; x_wconf 64' lang='lat' dir='ltr'><strong>bissexti:</strong></span> <span class='ocrx_word' id='word_1_982' title='bbox 2597 5918 2791 5979; x_wconf 76' lang='lat' dir='ltr'><strong>diebus.</strong></span> 
     </span>
    </p>
   </div>
  </div>
