3878 6194
378 315 482 371 507

1607 310 1960 367 DIONYSIUS

2076 310 2321 366 LlGUUS.
3516 324 3599 382 sua

376 427 761 495 suntut,die:n
783 427 983 483 faciunt
1009 427 1053 492 l,
1074 426 1161 495 qui
1176 425 1405 480 adiatur
1425 424 1740 487 Februario,
1762 438 1885 477 cum
1908 439 1960 478 vr
1990 437 2035 490 Α
2069 421 2175 475 teni
2202 439 2213 473 :
2261 420 2399 475 liJnt
2432 421 2483 474 in
2525 420 2765 475 tricentis
2813 420 3004 476 diebus
3052 422 3273 479 bonum
3312 441 3388 482 nc.
3430 428 3593 492 lterum

375 520 478 574 cal.
512 518 667 572 Mart.
712 520 977 581 habuerit,
1002 528 1061 571 nt
1082 519 1140 571 in
1174 518 1409 573 crastino
1432 517 1512 572 sic
1540 517 1756 571 habent.
1802 513 1964 569 Verbi

375 627 558 679 causa,
581 612 627 666 si
648 612 807 666 hodie
830 628 880 666 vr
899 612 1003 666 cal.
1023 611 1179 665 Mart.
1200 609 1416 665 additur
1430 610 1519 666 ille
1536 610 1654 665 dies
1675 610 1725 663 in
1749 623 1801 663 IV
1822 624 1964 663 auito

374 702 632 771 expleto;
666 702 1014 757 nihilominus
1044 712 1100 757 et
1141 703 1376 756 crastino
1422 718 1475 757 νι
1502 702 1607 756 cal.
1658 700 1830 755 Martii
1860 700 1965 755 ha-

374 789 582 845 beatur.
622 789 692 844 Et
731 790 854 845 ideo
898 792 1168 848 bissextus
1212 791 1427 857 dicitur,
1458 791 1583 861 quia
1636 792 1718 845 bis
1762 807 1811 845 vi
1860 790 1963 845 cal.

374 878 548 933 Martii
573 880 735 934 habet
762 879 1104 936 Februarius.

442 969 554 1024 Sex
581 970 769 1026 diebus
786 970 914 1026 fecit
934 971 1078 1027 Deus
1107 971 1388 1037 mundum,
1420 972 1651 1041 septimo
1682 972 1963 1041 requievit.

380 1060 447 1115 Ut
474 1077 603 1131 ergo
625 1063 834 1132 plenius
862 1065 1206 1133 intelligatur,
1239 1074 1493 1134 computa
1521 1074 1659 1133 quot
1684 1066 1845 1119 horas
1869 1065 1968 1119 ha-

374 1155 498 1208 beat
528 1170 667 1209 unus
691 1155 809 1211 dies
832 1162 879 1224 ⁸,
905 1166 961 1213 et
989 1158 1196 1213 divides
1218 1158 1335 1212 illas
1357 1158 1409 1212 in
1435 1157 1465 1210 7
1492 1167 1692 1227 partes,
1720 1165 1776 1213 et
1795 1172 1967 1227 quan-

376 1254 461 1299 tus
488 1256 755 1314 remanet,
786 1248 984 1303 exinde
1016 1250 1088 1302 sit
1128 1250 1417 1304 bissextus.
1443 1246 1681 1303 Primum
1712 1256 1965 1317 computa

376 1340 493 1396 dies
516 1341 540 1380 δ
560 1359 678 1409 ccc,
701 1343 973 1412 quomodo
999 1344 1159 1398 horas
1188 1345 1406 1409 habent,
1438 1342 1620 1397 decies
1646 1343 1914 1396 tricenteni
1934 1353 1961 1381 ο

375 1442 501 1486 sunt
522 1434 623 1487 tria
653 1435 838 1489 millia.
872 1434 1071 1491 lterum
1100 1436 1234 1491 facis
1262 1453 1276 1487 2
1306 1436 1389 1491 bis
1408 1434 1717 1499 tricenteni,
1744 1448 1966 1491 sexcen-

447 1619 471 1644 ἰ
505 1608 680 1677 Digb.,
707 1620 947 1681 computa
990 1620 1208 1683 quantas
1238 1613 1392 1666 horas
1434 1611 1586 1665 habet
1630 1627 1764 1665 unus
1811 1610 1960 1675 dies;

375 1677 618 1747 Cottum,
641 1691 760 1749 quot
784 1677 939 1735 horas
967 1677 1173 1747 habent,
1210 1693 1257 1737 et
1288 1684 1389 1737 div.

2070 513 2228 569 facis:
2260 514 2439 569 decies
2464 515 2710 584 sexageni
2744 527 2831 581 nc,
2870 522 2928 567 et
2954 514 3034 567 bis
3054 517 3303 583 sexageni
3329 535 3442 575 cxx.
3467 522 3596 582 Fiunt

2067 621 2198 675 ergo
2218 607 2270 661 in
2291 606 2581 676 sexagenis
2603 605 2799 662 diebus
2818 605 2967 659 bene
2988 620 3146 659 ccxx.
3164 604 3347 665 lterum
3362 610 3479 667 facis
3494 632 3509 669 ι
3524 616 3597 670 de-

2066 698 2179 755 cies
2197 699 2341 771 quiui
2362 715 2412 762 ι.
2432 708 2489 752 et
2514 698 2594 752 bis
2618 698 2764 766 quini
2784 713 2835 751 ι.
2863 695 2999 752 Ecce
3017 698 3184 753 habes
3204 698 3254 755 in
3278 701 3491 772 quinque
3510 706 3602 761 die.

2072 793 2174 849 bus
2186 795 2348 848 horas
2358 809 2446 847 ιι.
2463 792 2622 846 Fiunt
2635 790 2792 845 simul
2812 791 3021 860 integro
3034 805 3177 845 anno
3189 791 3241 845 in
3255 792 3425 848 diebus
3434 812 3601 852 eccm

2073 885 2220 942 horae
2246 901 2321 940 ιιιι
2344 899 2611 947 cccuxx,
2629 890 2685 936 et
2708 882 2842 935 alias
2862 889 3039 935 tantas
3060 882 3111 935 in
3138 891 3309 947 nocte,
3336 883 3459 938 liunt
3472 888 3605 942 simul

2072 976 2281 1037 dierum
2305 986 2362 1031 et
2382 977 2620 1031 noctium
2649 975 2812 1029 totius
2833 975 2961 1029 anni
2979 990 3070 1029 vui
3085 989 3254 1029 occu
3273 974 3427 1031 hora).
3451 977 3607 1035 Divide

2072 1069 2127 1123 in
2148 1067 2265 1121 illas
2283 1084 2352 1122 vn
2368 1076 2571 1137 partes.
2589 1064 2827 1120 Primum
2850 1065 2983 1120 facis
2998 1083 3012 1118 :
3026 1066 3222 1135 septies
3243 1067 3429 1122 milleui
3447 1086 3527 1135 vn,
3542 1087 3606 1125 re

2070 1169 2319 1214 manenti
2337 1174 2523 1213 uccu.
2539 1158 2668 1212 Item
2693 1156 2854 1212 facis:
2869 1158 3069 1227 septies
3082 1156 3315 1223 ducenti,
3332 1158 3609 1227 fiunttcccc,

2070 1260 2355 1308 remeent
2371 1266 2560 1307 cchx.
2583 1250 2715 1305 item
2738 1250 2899 1307 facis:
2924 1250 3125 1320 septles
3146 1250 3483 1321 quinquageni
3500 1253 3609 1309 lium

2072 1358 2222 1407 eccs,
2252 1350 2534 1397 remanent
2561 1359 2614 1397 ι.
2653 1341 2786 1396 Item
2825 1340 2992 1396 facis:
3024 1342 3223 1412 septies
3256 1358 3315 1397 as
3341 1359 3426 1407 vn,
3460 1360 3609 1399 rema-

2072 1444 2201 1489 nent
2223 1450 2303 1489 ιιι.
2345 1432 2465 1488 Ista:
2494 1442 2601 1488 tres
2622 1433 2769 1488 bene
2790 1430 2995 1488 faciunt
3014 1432 3067 1487 in
3097 1448 3151 1487 iv
3182 1433 3331 1487 annis
3356 1433 3502 1488 dictu.

2134 1608 2163 1646 ιδ
2186 1605 2428 1672 Cottum,
2461 1606 2659 1663 diebus.

2144 1689 2165 1716 ο
2189 1676 2403 1733 Cotton.
2418 1721 2431 1745 ,
2475 1679 2673 1731 triceni.

492 1928 993 2025 PROTERII,
1054 1927 1505 2006 EPISCOPI
1564 1922 2279 2019 ALEXANDRINI,
2353 1919 2849 1999 EPISTOLA
2927 1920 3059 1996 AD
3150 1921 3537 2000 LE‘ONEM

1809 2049 2139 2127 PAPAM
2160 2054 2186 2081 ³
2210 2099 2231 2121 .

442 2188 671 2244 Domino
712 2201 837 2241 meo
875 2184 1230 2240 dilectissimo
1269 2183 1419 2239 fratri
1468 2192 1526 2240 et
1579 2182 1958 2241 consacerdoti
1993 2185 2033 2241 Β
2065 2187 2366 2248 plurarum.
2400 2179 2698 2258 ill-nrgolio
2724 2188 2831 2234 tam
2854 2195 3057 2251 magno
3082 2195 3148 2236 ac
3170 2182 3486 2248 necessario,
3507 2198 3620 2253 prm-

379 2280 548 2336 Leoni
573 2280 845 2333 l’roterius
872 2280 925 2332 in
958 2279 1186 2334 Domino
1217 2281 1467 2335 salutem.

442 2371 717 2426 Piizssiiuus
744 2378 811 2425 et.
828 2369 1167 2425 ﬁdelissimus
1208 2371 1504 2439 imperator
1532 2380 1719 2423 noster
1747 2367 1966 2422 Marcia-

371 2479 472 2518 nus
492 2462 685 2517 litteris
704 2476 880 2530 nuper
908 2461 976 2515 ad
1001 2478 1102 2516 nos
1124 2462 1522 2516 venerabilibus
1552 2476 1681 2515 usus
1704 2470 1807 2524 est,
1838 2461 1963 2528 qni-

373 2554 472 2606 bus
495 2551 727 2606 asseruit
754 2553 1023 2606 aestimare
1048 2551 1312 2620 quosdam
1344 2566 1457 2606 non
1483 2550 1769 2619 diligenter
1798 2549 1964 2603 ascri—

373 2655 518 2716 ptam
549 2644 689 2698 diem
717 2643 839 2698 festi
868 2643 1158 2712 paschalis,
1181 2658 1301 2711 quae
1324 2658 1421 2713 per
1439 2651 1685 2699 octavam
1716 2642 1966 2698 indictio-

374 2749 495 2787 nem
546 2733 799 2799 futuram,
852 2734 1081 2788 Domino
1125 2742 1432 2802 pnestsnte,
1480 2734 1801 2790 celebranda
1858 2742 1960 2789 est.

375 2824 755 2877 Verumtamen
804 2840 915 2878 non
941 2824 1085 2877 velut
1114 2840 1144 2879 a
1173 2840 1233 2879 se
1261 2834 1565 2880 commotus
1604 2825 1707 2880 hoc
1759 2825 1965 2881 indica-

375 2918 468 2978 vit,
516 2914 613 2968 sed
659 2915 784 2983 quia
828 2914 1024 2986 scripta
1077 2924 1178 2969 ture
1217 2917 1523 2972 sanctitatis
1568 2919 1854 2987 acceperit.
1899 2917 1965 2973 Et

375 3003 718 3073 prmcipiebat
750 3012 1007 3074 oportere
1038 3020 1136 3058 nos
1175 3020 1393 3060 causam
1441 3006 1730 3074 diligenter
1781 3008 1962 3075 inqui-

370 3111 512 3159 rere,
559 3096 801 3152 adhibita
857 3096 1018 3151 nimis
1074 3097 1384 3152 tenuissima
1429 3102 1794 3168 scrutatione,
1843 3117 1964 3169 qua:

374 3191 596 3245 multum
634 3187 1012 3244 sollicitud'mis
1042 3204 1106 3243 ac
1144 3189 1310 3244 studii
1351 3191 1673 3247 contineret.
1722 3193 1965 3263 Quapro-

375 3296 494 3355 pter
528 3284 906 3356 negligendum
946 3301 1053 3339 non
1084 3283 1217 3348 fuit,
1260 3285 1551 3353 quominus
1584 3286 1764 3341 statim
1799 3301 1964 3354 nego-

370 3380 505 3432 tium
539 3377 884 3441 ventilat-em;
926 3377 1145 3445 quando
1188 3392 1252 3430 ex
1298 3375 1390 3430 illo
1415 3375 1528 3446 jam
1578 3386 1819 3446 tempore
1853 3392 1963 3446 quo

374 3471 846 3525 coinmonitorium
891 3479 998 3527 tuae
1029 3471 1394 3527 venerationis
1431 3471 1639 3541 accepi,
1680 3472 1963 3541 plurimam

2069 2276 2318 2333 termisso
2344 2276 2636 2344 diligentias
2666 2276 2869 2342 labore,
2916 2277 3162 2344 potuisse
3180 2276 3505 2347 delinquere.
3536 2276 3629 2333 Sed

2065 2367 2223 2429 forte,
2242 2367 2379 2420 sicut
2390 2375 2476 2420 tua
2491 2367 2747 2421 sanctitas
2757 2367 2945 2422 scribit
2960 2377 3005 2431 ο,
3018 2368 3268 2422 mendosi
3280 2367 3493 2431 codicis,
3505 2375 3587 2421 aut
3603 2367 3625 2403 ά

2068 2457 2270 2514 librarii
2292 2476 2442 2515 error
2471 2468 2587 2526 est;
2618 2467 2676 2514 et
2715 2471 3002 2530 propterea
3032 2476 3136 2516 nos
3175 2468 3445 2531 oporteret
3467 2469 3487 2496 °
3507 2458 3627 2513 diem

2065 2564 2265 2609 sancta:
2294 2555 2434 2609 illius
2460 2553 2767 2610 festivitatis
2793 2554 3117 2619 transferre,
3149 2553 3295 2622 quod
3326 2553 3456 2606 absit
3478 2550 3515 2607 ί.
3540 2551 3626 2605 Ce-

2066 2647 2303 2701 lebretur
2333 2655 2359 2694 ι
2389 2654 2570 2701 autem
2598 2645 2672 2698 ita
2701 2646 2902 2714 potius,
2934 2652 2995 2699 ut
3022 2643 3372 2700 centenarias
3396 2655 3629 2697 annorum

2065 2753 2254 2794 cursus
2281 2736 2527 2806 ejusdem
2552 2736 2851 2791 beatissimi
2870 2733 3057 2790 Patris
3088 2734 3259 2790 nostri
3284 2742 3342 2787 et
3359 2730 3632 2801 coepiscopi

2067 2827 2351 2897 Theophili
2379 2829 2653 2894 continet;
2682 2827 2774 2899 qui
2818 2829 3170 2897 antiquorum
3200 2826 3405 2897 paginis
3440 2823 3631 2879 omnino

2066 2919 2383 2988 concordat,
2408 2920 2460 2974 id
2488 2928 2588 2985 est,
2619 2920 2707 2974 die
2737 2920 2935 2974 mensis
2965 2918 3307 2983 Pharmotbi,
3318 2917 3467 2986 juxta
3489 2915 3631 2983 Εεν-

2067 3013 2227 3083 ptios,
2258 3013 2350 3081 qui
2399 3021 2484 3068 est
2524 3028 2613 3067 vm
2664 3013 2767 3068 cal.
2810 3009 3037 3072 Mai.Et
3094 3028 3197 3067 nos
3240 3012 3401 3074 enim,
3447 3017 3499 3063 et
3539 3016 3633 3061 tota

2066 3104 2325 3176 Egyptia
2356 3106 2528 3173 regio,
2567 3112 2731 3172 atque
2771 3102 2963 3157 Oriens
3003 3102 3321 3164 universus,
3371 3100 3446 3154 sic
3487 3100 3635 3167 ipsqu

2068 3197 2210 3251 diem
2241 3196 2565 3251 celebraturi
2592 3212 2777 3251 sumus
2808 3196 2853 3260 δ,
2880 3195 2992 3251 Deo
3023 3203 3341 3266 przestantc.

2140 3287 2211 3343 Ut
2238 3297 2419 3343 autem
2451 3304 2561 3342 non
2581 3287 2908 3343 arbitremur
2937 3288 3225 3353 absoiute,
3259 3300 3377 3357 quin
3402 3283 3543 3339 nobis
3567 3281 3636 3334 vi-

2065 3381 2283 3451 dentur,
2314 3380 2550 3437 scribere
2580 3396 2679 3436 seu
2707 3381 2845 3436 velle
2877 3380 3125 3445 lirinarc,
3144 3378 3475 3439 inseruimus
3498 3374 3636 3441 etiam

2069 3488 2258 3528 causas
2273 3471 2407 3526 huic
2429 3471 2691 3540 epistolae,
2714 3472 2908 3540 quibus
2939 3480 3031 3525 tua
3061 3472 3334 3526 sanctitas
3358 3468 3490 3523 forte
3513 3462 3637 3519 aesti-

375 3581 562 3619 cnram
593 3563 669 3618 rei
700 3565 857 3634 hujus
888 3566 1195 3633 habuerim;
1230 3585 1373 3623 nunc
1397 3569 1595 3636 legales
1617 3568 1783 3624 libros
1806 3568 1965 3638 inspi-
1995 3576 2039 3639 ρ
2071 3572 2206 3633 met,
2229 3580 2337 3618 non
2365 3579 2423 3618 se
2439 3563 2636 3618 debere
2658 3564 3061 3632 reprehendere
3083 3562 3460 3636 Egyptiorum
3480 3557 3636 3613 Eccle-

374 3658 541 3717 ciens,
578 3672 717 3713 nunc
746 3659 1088 3727 antiquarunt
1122 3661 1405 3714 doctorum
1455 3659 1697 3714 instituta
1749 3661 1963 3717 contine

373 3765 507 3818 gens
533 3750 590 3818 δς
621 3766 687 3806 ex
714 3753 907 3821 quibus
935 3753 1188 3823 possibile
1217 3762 1301 3807 est
1319 3752 1627 3821 bujusmodi
1655 3762 1965 3822 computum

377 3843 703 3911 investigare
734 3846 1004 3899 solertius.
1056 3845 1287 3900 Sumens
1330 3846 1496 3899 etiam
1536 3852 1591 3899 et
1630 3844 1964 3900 centenalem

375 3949 591 3988 cursum
636 3933 876 4003 Paschze,
922 3937 1251 4008 descriptum
1288 3953 1320 3990 a
1358 3937 1670 3992 beatissimo
1710 3935 1871 3991 Patre
1911 3943 1968 3990 et

375 4026 698 4094 coepiscopo
722 4034 910 4081 nostro
937 4027 1259 4097 TheOphilo,
1287 4042 1617 4097 omnemque
1650 4028 1963 4094 decurrens,

376 4118 447 4171 ita
480 4119 652 4186 reperi
675 4118 957 4188 diligenter
987 4121 1302 4188 integreque
1324 4122 1704 4189 compositum,
1734 4129 1812 4184 ut,
1842 4121 1964 4189 qui-

376 4226 585 4279 cunque
615 4209 701 4263 ille
729 4213 815 4271 sit,
848 4211 1224 4263 auctoritatem
1246 4209 1523 4278 scriptura:
1543 4208 1700 4277 hujus
1725 4210 1965 4278 quolibet

375 4301 535 4355 modo
563 4302 965 4369 reprehendere
1000 4318 1066 4354 ac
1095 4302 1399 4372 vituperare
1444 4316 1552 4356 non
1602 4302 1791 4372 possit.
1836 4301 1965 4356 Erat

374 4389 516 4442 enim
565 4389 956 4458 inconsequens
1004 4392 1177 4445 virum
1244 4392 1317 4445 ita
1377 4390 1683 4458 vigilantem
1748 4391 1965 4461 Deoque

376 4478 769 4544 charissimam,
804 4479 1105 4535 divinarum
1134 4482 1295 4537 etiam
1327 4481 1550 4537 ditatum
1575 4482 1801 4536 scientia
1827 4480 1965 4538 Scri-

451 4642 474 4671 α
505 4633 579 4688 De
606 4635 844 4706 epistola:
879 4636 1114 4708 Dionysii
1146 4637 1210 4691 ad
1235 4636 1534 4691 Proterium
1560 4643 1876 4708 argumento
1893 4652 1965 4708 Aac

376 4714 618 4777 tenipore
640 4707 757 4775 lege
779 4708 871 4761 lib.
899 4724 935 4762 ιι
957 4706 1027 4761 de
1044 4708 1196 4763 Dect.
1222 4716 1385 4777 temp.
1412 4723 1531 4775 cap.
1550 4706 1718 4777 645p.
1741 4706 1862 4759 Μ.
1891 4706 1965 4761 De

376 4774 639 4832 l’aschate
667 4774 792 4831 auiti
822 4779 1171 4834 Diocletianei
1196 4778 1287 4831 l7t
1318 4774 1346 4843 ,'
1365 4774 1559 4832 Christi
1590 4775 1712 4834 455.
1749 4779 1963 4831 haesita-

375 4848 448 4919 tio
477 4849 700 4919 subortu
752 4858 885 4913 erat,
937 4848 1004 4919 de
1056 4866 1159 4918 qua
1209 4849 1491 4919 oonsultus
1534 4847 1810 4919 Protcrius
1840 4864 1868 4901 a
1902 4852 1959 4901 ὃ.

375 4916 551 4987 Leone
609 4919 915 4987 respondet.
971 4916 1255 4974 Ριιιῖλνιυε.
1301 4950 1372 4960 —-
1422 4917 1672 4987 Epistula:
1726 4918 1879 4983 hujus
1927 4934 1954 4970 a

374 4985 615 5042 l’rnterio
640 4985 825 5043 Graece
846 4990 1078 5058 script-.e,
1099 4999 1151 5043 et
1178 5007 1204 5041 a
1229 4985 1481 5057 Dionysio
1507 4990 1691 5041 Latine
1709 4988 1950 5049 rcdlitzc,

373 5059 443 5129 i__t_:I
478 5061 720 5113 Ineniinit
750 5058 1061 5129 Sigebertus
1094 5060 1144 5113 in
1169 5060 1339 5114 Calai.
1368 5062 1482 5112 Scr.
1510 5061 1667 5121 cccl.,
1701 5074 1818 5125 cap.
1844 5058 1911 5129 27
1938 5076 1949 5109 :

376 5126 659 5182 Transtulit
689 5130 752 5183 de
784 5126 964 5185 Greece
990 5132 1044 5184 in
1086 5130 1330 5183 Latinum
1364 5129 1583 5183 l’roterii
1612 5128 1952 5181 .»llc.rundrini

373 5199 660 5271 epistolam,
686 5202 933 5270 scriptum
962 5201 1033 5254 ad
1064 5200 1287 5254 Leonem
1311 5218 1501 5271 pupum
1524 5245 1534 5257 .
1561 5200 1622 5252 de
1643 5196 1952 5271 celebrando

379 5264 580 5319 Pascha
605 5270 657 5320 in
699 5264 837 5324 anno
886 5272 1094 5324 Domini
1138 5264 1352 5326 eccenv.
1381 5264 1541 5335 Quod
1571 5286 1696 5322 vero
1730 5270 1946 5323 transla'

375 5340 682 5410 tzun‘cyclo
734 5358 832 5393 suo
883 5344 1118 5409 paschali
1159 5343 1465 5408 subjecerit,
1524 5343 1637 5410 ipse
1666 5340 1763 5393 sub
1795 5338 1952 5410 linem

377 5405 699 5483 pneliitmnis
729 5412 795 5463 ad
828 5405 1135 5466 Petronium
1166 5405 1450 5466 ψέγω-ωδ
1478 5405 1704 5465 testatur
1737 5407 1952 5483 :_Quam

376 5476 699 5596 XCHiaLOlaIII)
755 5490 876 5533 ante
922 5482 1014 5535 hos
1068 5500 1230 5537 annos
1278 5482 1648 5552 transferentes
1689 5498 1721 5535 a
1753 5478 1954 5546 erco,

413 5561 491 5596 mc
540 5549 683 5596 ooeri
731 5550 1107 5596 adm’clmidnm
1155 5571 1265 5596 ρςςρ
1311 5551 1682 5596 nrnsneximns-
1738 5549 1883 5596 Illam
1923 5566 1952 5596 a

413 5545 491 5596 uic
540 5545 688 5621 operi
731 5550 1107 5605 adnectendnm
1155 5571 1265 5607 esse
1308 5545 1682 5621 prospeximus.
1735 5549 1889 5621 Illam
1923 5566 1954 5603 a

377 5613 596 5691 lfetavin
624 5620 675 5691 in
705 5621 839 5690 App.
870 5638 963 5690 op.
986 5623 1051 5678 de
1081 5623 1259 5677 Doctr.
1295 5613 1482 5690 tenui,
1508 5640 1558 5691 p.
1593 5621 1718 5685 87!,
1750 5630 1803 5675 et
1826 5617 1948 5687 ng.

376 5686 714 5763 Bucherioin
744 5686 1045 5747 Coinn'lent.
1093 5694 1161 5747 ad
1193 5686 1417 5749 Victorii
1437 5686 1644 5749 Canon.
1687 5686 1949 5763 pascnal.,

378 5777 427 5831 p.
452 5760 541 5824 8:2,
570 5761 766 5815 editum
789 5803 803 5825 ,
837 5779 935 5816 nos
959 5775 1080 5816 Cum
1113 5763 1315 5831 aliquot
1339 5766 1496 5817 codd.
1524 5781 1646 5819 mss.
1678 5760 1950 5826 collatam,

377 5830 496 5888 hinc
523 5832 646 5887 inde
671 5832 1034 5903 EUpplCVltllus
1064 5840 1118 5888 ct
1157 5834 1552 5889 emcndarimus
1577 5878 1591 5904 ,
1637 5835 1949 5892 nominatim

1987 4961 2038 5022 Ι)

2069 3658 2163 3712 size
2193 3657 2495 3723 veritatem,
2527 3672 2646 3725 qua:
2674 3663 2845 3709 mater
2874 3655 3192 3724 bujusmodi
3220 3655 3419 3709 laboris
3442 3648 3637 3709 exstitit.

2068 3751 2459 3819 diligenterque
2486 3749 2825 3820 conscripsit.
2870 3748 3006 3804 Olim
3034 3750 3263 3818 quidem
3290 3746 3531 3801 Dominus
3560 3755 3639 3810 per

2068 3843 2289 3915 Moysen
2320 3853 2532 3913 tempus
2562 3844 2816 3913 paschale
2847 3842 3199 3917 significavit,
3225 3841 3435 3896 dicens:
3458 3831 3641 3891 Custodi

2069 3951 2601 4002 mensem'novorum,
2649 3937 2879 4006 primum
2930 3936 3077 3989 hunc
3119 3951 3244 3990 esse
3291 3929 3640 4003 pronuntians;

2068 4028 2211 4081 sicut
2239 4028 2431 4082 iterum
2456 4027 2586 4081 dicit
2617 4045 2627 4079 :
2658 4025 2852 4079 Mensis
2878 4027 2973 4080 iste
2995 4025 3142 4080 vobis
3164 4026 3373 4079 initium
3400 4019 3640 4080 utentium:

2067 4120 2264 4189 primus
2292 4120 2388 4171 erit
2417 4120 2469 4171 in
2492 4116 2747 4170 mensibus
2771 4118 2927 4180 anili;
2958 4127 3008 4170 et
3035 4118 3205 4187 facies
3229 4114 3421 4186 pascha
3450 4110 3640 4165 Domino

2069 4208 2179 4263 Deo
2210 4220 2292 4263 tuo
2315 4226 2400 4263 xw
2422 4209 2506 4262 die
2528 4210 2713 4264 stensi:
2733 4209 2908 4278 primi.
2936 4206 3043 4261 Sed
3077 4208 3171 4278 qui
3205 4207 3321 4260 hinc
3342 4219 3434 4274 per
3454 4201 3642 4269 Moysen

2066 4299 2279 4356 locutus
2301 4310 2383 4355 est
2414 4301 2686 4367 Dominus,
2711 4300 2988 4370 plenitudo
3020 4300 3157 4367 legis
3178 4299 3433 4358 existens,
3456 4288 3641 4361 quando

2068 4391 2315 4459 dignatus
2343 4400 2425 4447 est
2448 4391 2610 4445 homo
2638 4389 2775 4457 fieri,
2800 4391 2985 4459 quinta
3010 4391 3373 4445 sabbatorum
3402 4386 3442 4453 ί,
3466 4384 3642 4439 decima

2067 4496 2257 4555 quarta
2287 4487 2411 4541 luna
2442 4485 2643 4541 mensis
2669 4484 2850 4555 primi,
2881 4485 2935 4538 in
2956 4484 3252 4539 cinnaculo
3278 4498 3404 4537 cum
3433 4478 3641 4544 discipu-

2068 4661 2189 4700 com
2219 4645 2404 4700 codice
2435 4644 2723 4700 Bodleiano
2756 4643 2813 4698 F.
2843 4644 2885 4699 N
2938 4643 2999 4697 E.
3035 4644 3107 4711 5,
3142 4642 3212 4708 5';
3242 4640 3569 4698 Cottoniano.
3600 4640 3641 4683 III

2067 4716 2265 4769 scrinio
2295 4715 2548 4781 Caligula:
2601 4716 2666 4769 Α.
2723 4713 2809 4777 l5,
2867 4724 2922 4769 et
2966 4715 3269 4782 Digbmano
3300 4713 3369 4765 65
3400 4731 3411 4763 :
3440 4717 3637 4783 quorum

2069 4786 2214 4839 illum
2245 4802 2340 4857 per
2392 4775 2452 4849 Β,
2504 4788 2662 4839 istum
2719 4775 2815 4857 per
2841 4784 2903 4848 C,
2956 4775 3108 4840 hunc
3170 4800 3269 4857 per
3329 4784 3392 4850 D,
3436 4775 3641 4847 signabi-

2069 4873 2206 4910 tuus.

2139 4926 2165 4965 δ
2195 4926 2255 4992 C,
2288 4926 2425 4979 dicta
2451 4928 2688 4980 instituta
2718 4930 3001 4981 continens.

2139 5008 2161 5068 ξε
2190 4997 2231 5068 C
2260 5007 2315 5052 ct
2341 4998 2399 5061 D,
2429 4998 2656 5065 scripsit.
3473 5063 3483 5068 _
3508 5063 3518 5068 _
3579 5058 3588 5068 ,

2130 5066 2155 5104 ἀ
2188 5067 2300 5121 Vox
2336 5063 2625 5137 scriptoris,
2680 5084 2798 5137 quae
2842 5069 2895 5124 in
2931 5076 3173 5137 utraque
3212 5068 3451 5123 editione
3469 5063 3549 5116 hic
3577 5063 3639 5111 in-

2060 5140 2357 5199 terseritur,
2391 5139 2444 5191 in
2465 5153 2595 5191 mss.
2624 5139 2795 5195 abest.

2132 5220 2154 5246 θ
2258 5215 2313 5262 et
2345 5206 2406 5273 D,
2439 5218 2657 5278 oportet.

2136 5278 2153 5316 τ
2189 5277 2296 5331 llas
2341 5277 2477 5332 duas
2518 5295 2696 5343 voces,
2732 5295 2801 5333 ex
2855 5279 3101 5332 omnium
3164 5294 3293 5333 mss.
3353 5283 3632 5330 nostrorum

2058 5365 2343 5413 consensu,
2384 5349 2795 5421 substituimus,
2829 5366 2927 5421 pro
2950 5351 3019 5404 iis
3050 5364 3179 5419 qua:
3209 5350 3261 5402 in
3292 5347 3448 5404 editis
3474 5345 3632 5412 legun-

2060 5433 2164 5487 tur,
2197 5436 2310 5492 qua:
2337 5420 2505 5492 ubiit._
2545 5491 2548 5492 ν
3090 5490 3095 5492 Α
3451 5484 3463 5492 ,
3555 5489 3563 5492 _
3596 5478 3604 5489 .

2111 5484 2263 5613 151.11“
2294 5508 2414 5545 cum
2468 5490 2507 5543 (ἶ
2539 5491 2765 5560 legimus
2788 5532 2803 5558 ,
2836 5507 2933 5563 pro
2961 5490 3295 5559 celebratur,
3327 5484 3469 5560 quod
3494 5484 3636 5538 estin

2132 5580 2142 5613 l
2176 5580 2236 5613 IS.

2061 5573 2236 5617 e.llllS.

2130 5630 2155 5704 β
2183 5633 2250 5704 7|),
2284 5632 2353 5685 sic
2405 5633 2567 5702 ipsius
2597 5633 2697 5687 diei
2733 5634 3039 5688 celebraturi
3070 5634 3436 5688 auctoritatem
3452 5636 3631 5704 suntut:

2137 5703 2149 5739 ί
2179 5703 2255 5757 ita
2286 5697 2474 5758 (nones
2505 5714 2612 5758 tres
2637 5704 2852 5762 codices
2879 5707 3054 5762 nostri
3103 5706 3327 5772 habent,
3357 5715 3453 5773 pro
3470 5697 3631 5770 quin”

2060 5776 2210 5846 feria,
2245 5786 2300 5829 ut
2332 5783 2412 5830 est
2441 5776 2496 5831 in
2513 5775 2691 5831 editis.
