3878 6194
190 400 284 453 51ὶ9

1130 390 1465 448 EPISTULA
1504 386 1822 446 PROTERll
1854 388 1942 443 AD
1974 382 2249 443 LEONEM
2292 385 2543 440 PAPAM.

3365 381 3470 437 5m
3502 360 3509 369 ’

186 516 243 567 lis
276 514 477 579 pascha
508 508 861 571 manducans,
894 507 1055 578 paulo
1099 515 1224 576 post
1260 522 1289 560 a
1322 505 1456 562 Juda
1507 504 1777 560 traditur:
1815 516 1858 567 Α
1889 517 2033 556 nono
2060 511 2116 556 et
2141 501 2493 569 nonagesimo
2534 498 2694 552 tertio
2725 511 2870 551 anno
2910 512 2939 549 a
2983 494 3297 551 Diocletiani
3343 510 3473 564 pro.

186 616 233 660 et
276 604 525 675 sequenti
553 602 671 669 die,
724 618 794 656 xv
837 601 960 655 luna
996 598 1356 669 cruciﬁgitur,
1406 598 1455 652 id
1499 605 1581 652 est
1623 603 1776 651 sexta

113 738 127 753 .
185 693 349 760 feria;
401 702 455 748 et
482 691 553 748 ad
599 693 802 746 inferos
842 690 1195 756 descendens,
1245 689 1311 742 ad
1354 687 1778 758 dispensationes

188 786 371 843 salutis
399 796 596 842 nostrae
626 783 932 855 perliciens,
957 798 1184 853 vespere
1209 781 1441 850 sabbati,
1473 780 1777 834 lucescente

190 880 477 943 dominico,
507 881 806 935 resurrexit
863 895 891 933 a
941 878 1203 944 mortuis;
1230 876 1282 929 in
1315 891 1423 945 quo
1467 874 1553 929 die
1597 873 1777 927 lunam

187 974 342 1046 primi
372 974 574 1028 mensis
596 972 748 1042 juxta
798 969 1073 1035 Hebraeos,
1119 968 1390 1024 exstitisse
1436 964 1775 1020 manifestum

188 1076 285 1120 est.
329 1066 437 1120 Nos
477 1078 607 1133 ergo
651 1062 963 1129 Christiani,
1012 1077 1119 1115 non
1142 1061 1315 1115 solum
1363 1074 1452 1113 xiv
1495 1057 1676 1109 lunam
1723 1054 1776 1108 in

186 1153 393 1209 Pascha
422 1153 746 1223 requirimus
776 1152 903 1211 (hoc
942 1152 1083 1206 enim
1114 1148 1282 1204 Judzei
1330 1147 1611 1211 facientes,
1661 1146 1778 1200 sine

186 1244 476 1300 festivitate
504 1246 681 1311 sunt);
713 1243 805 1297 sed
850 1243 1010 1296 etiam
1056 1240 1469 1295 resurrectionis
1498 1238 1638 1292 diem
1674 1235 1778 1289 Re-

186 1336 482 1407 demptoris
530 1334 721 1399 nostri,
769 1334 859 1402 qui
908 1341 992 1387 est
1035 1348 1142 1385 xvn
1186 1331 1311 1385 luna
1363 1327 1562 1399 praefati
1610 1322 1775 1396 ‘primi

185 1429 390 1482 mensis
439 1443 721 1490 novorum,
754 1425 1038 1480 sollicitius
1082 1424 1450 1478 observamus.
1491 1419 1644 1485 Quod
1671 1427 1694 1453 ἰ
1732 1415 1776 1471 si

184 1520 383 1576 eodem
407 1519 566 1573 modo
588 1517 938 1588 plenilunium
961 1530 1174 1585 semper
1196 1510 1563 1575 occurreretb,
1591 1510 1776 1578 quinta

185 1612 559 1675 sabbatorum,
587 1606 805 1679 quando
832 1605 1082 1661 Salvator
1106 1604 1303 1675 pascha
1344 1618 1464 1659 cum
1505 1601 1778 1670 discipulis

185 1702 553 1766 manducavit,
586 1715 747 1755 omne
784 1699 1064 1753 tolleretur
1108 1696 1436 1764 ambiguum.
1467 1692 1601 1760 Quia
1648 1707 1777 1747 vero

182 1796 331 1849 lunze
344 1794 575 1849 circulus
592 1792 658 1847 ad
675 1791 804 1847 solis
820 1806 1036 1847 cursum
1061 1788 1339 1859 inmqualis
1356 1797 1456 1852 est,
1474 1794 1529 1840 et
1545 1800 1632 1841 xiv
1649 1784 1775 1840 luna

1882 593 2039 648 batur
2081 591 2325 661 imperio.
2364 589 2454 645 Sic
2489 590 2633 644 enim
2683 597 2739 644 et
2783 596 2912 642 tunc
2951 586 3243 642 beatissimi
3285 584 3473 640 Patres

1880 687 2052 740 nostri
2080 685 2267 740 fecisse
2296 683 2633 737 declarantur
2656 682 2828 751 (Anno
2849 681 3040 735 Christi
3064 679 3212 749 575).
3238 679 3293 732 1n
3320 687 3476 734 octo-

1880 777 2085 848 gesimo
2117 791 2259 830 nono
2285 784 2307 812 ⁸
2339 774 2554 844 quidem
2583 788 2725 827 anno
2770 771 2839 826 ab
2865 770 3093 841 imperio
3134 768 3472 831 Diocletiani,

1881 866 2170 936 superstite
2198 865 2370 918 beata:
2398 862 2671 919 memoriae
2717 861 2876 916 Patre
2904 871 3091 915 nostro
3124 867 3179 913 et
3216 860 3471 927 episcopo

1883 956 2180 1011 Athanasio
2217 955 2259 1020 ί,
2293 970 2413 1010 cum
2446 970 2534 1008 xtv
2564 954 2687 1008 luna
2715 952 2979 1024 paschalis
3003 967 3169 1006 xxvm
3196 949 3283 1004 die
3319 963 3471 1003 meu-

1882 1050 1953 1105 sis
1984 1046 2345 1113 Phamcnoth,
2390 1045 2443 1101 id
2474 1054 2580 1113 est,
2614 1060 2755 1100 nono
2793 1044 3007 1101 calend.
3051 1043 3311 1113 Aprilium
3361 1041 3469 1106 die,

1883 1140 2236 1210 provenisset,
2268 1136 2354 1192 die
2376 1136 2674 1200 dominico;
2711 1137 2763 1190 in
2792 1137 3207 1207 subsequentem
3240 1134 3468 1190 transla-

1883 1239 1992 1283 tum
2019 1240 2100 1284 est
2129 1230 2551 1294 hebdomadem;
2580 1229 2652 1282 ita
2677 1237 2733 1281 ut
2753 1229 2937 1298 quinta
2968 1228 3054 1282 die
3084 1228 3284 1282 mensis
3307 1226 3473 1281 Phar-

1882 1324 2073 1385 mothi,
2106 1324 2209 1377 hoc
2239 1331 2343 1391 est,
2389 1322 2560 1392 pridie
2609 1322 2953 1377 calendarum
3004 1320 3281 1390 Aprilium,
3329 1322 3471 1375 cele-

1885 1417 2133 1469 braretur
2166 1415 2369 1470 Pascha
2401 1412 2748 1469 dominicum.
2792 1411 2849 1467 In
2897 1413 3246 1479 nonagesimo
3292 1420 3469 1466 autem

1882 1507 2045 1560 tertio
2068 1516 2093 1553 ε
2116 1521 2256 1559 anno
2279 1506 2345 1560 ab
2368 1506 2591 1576 imperio
2614 1504 2850 1573 ejusdem
2876 1502 3209 1567 Diocletiani,
3242 1518 3361 1555 cum
3387 1518 3472 1556 xiv

1882 1597 2007 1651 luna
2035 1597 2303 1667 paschalis
2332 1613 2423 1653 xiv
2457 1598 2545 1653 die
2579 1598 2781 1653 mensis
2811 1597 3141 1661 Pharmothi,
3180 1596 3271 1665 qui
3318 1603 3401 1649 cst
3438 1610 3474 1649 v

1880 1689 1999 1744 idus
2018 1689 2231 1759 Aprilis,
2277 1691 2365 1745 die
2402 1690 2672 1745 dominico
2703 1691 3046 1757 contigisset,
3078 1690 3129 1744 in
3158 1696 3473 1758 sequentem

1882 1782 2009 1836 item
2043 1782 2395 1852 septimanam
2426 1783 2614 1838 dilatio
2643 1783 2783 1838 facta
2812 1791 2897 1837 est
2924 1800 2936 1835 :
2963 1783 3035 1835 ita
3067 1791 3124 1836 ut
3145 1780 3473 1835 dominicmn

183 1882 458 1955 paschalis
482 1884 535 1936 in
564 1882 652 1936 die
677 1881 951 1937 dominico
981 1895 1122 1950 smpe
1146 1877 1426 1948 contingit,
1456 1893 1560 1932 non
1584 1885 1668 1931 est
1688 1892 1778 1931 au-
1810 1891 1854 1950 Β
1882 1873 2079 1940 pascha
2108 1888 2197 1927 xxi
2227 1874 2312 1928 die
2341 1874 2541 1928 mensis
2568 1872 2901 1937 Pharmothi,
2927 1874 3016 1942 qui
3042 1879 3125 1926 est
3153 1887 3239 1926 xvt
3262 1870 3471 1926 calend.

185 1983 304 2031 tem
332 1973 585 2045 possibile
616 1982 744 2028 tunc
772 1970 964 2028 festum
992 1972 1294 2037 celebrare;
1325 1970 1419 2026 sed
1447 1986 1549 2026 nec
1582 1970 1772 2040 pridie,

1883 1961 2029 2029 Maii,
2057 1963 2372 2017 solemniter
2399 1971 2665 2031 ageretur.
2699 1962 2755 2017 in
2778 1963 3073 2017 centesimo
3110 1977 3326 2032 quoque
3363 1970 3474 2014 tcr-

183 2068 433 2127 sabbato,
452 2067 576 2120 luna
596 2066 960 2135 xmjejunium
976 2066 1217 2131 solvere;
1244 2064 1297 2118 in
1318 2064 1671 2134 septimanam
1692 2077 1778 2117 se-
1874 2055 1958 2109 tio
1987 2072 2129 2111 anno
2155 2057 2222 2111 ab
2245 2056 2473 2126 imperio
2500 2056 2703 2126 prtefati
2737 2054 3051 2109 Diocletiani
3084 2054 3254 2125 (Auno
3285 2052 3475 2107 Christi

184 2166 442 2226 quentem
491 2155 844 2211 diderendum
893 2165 1005 2222 est;
1037 2156 1271 2210 maxime
1316 2170 1437 2209 cum
1488 2154 1778 2209 habeamus

184 2249 333 2303 intra
352 2263 469 2303 eam
492 2264 561 2302 xv
588 2249 787 2313 lunam,
812 2247 1043 2316 qumdo,
1068 2248 1208 2301 sicut
1227 2246 1442 2315 scripsit
1467 2245 1778 2314 Apostolus,

183 2339 385 2407 pascha
408 2348 638 2392 nostrum
659 2338 953 2392 immolatus
977 2346 1051 2391 est
1071 2335 1327 2390 Christus.
1352 2335 1566 2390 Decima
1590 2342 1781 2405 quarta

183 2444 427 2497 namque
454 2430 575 2483 luna
609 2430 765 2500 primi
796 2430 992 2483 mensis
1018 2428 1168 2496 juxta
1199 2428 1487 2495 liebrteos,
1517 2438 1575 2482 ut
1620 2441 1781 2497 supe-

183 2519 307 2572 rius
333 2520 531 2573 dictum
561 2528 663 2583 est,
689 2517 847 2574 Jesus
883 2519 1082 2589 pascha
1130 2520 1363 2590 typicum
1396 2520 1779 2585 manducavit;

182 2610 440 2679 sequenti
458 2624 590 2666 vero
621 2620 809 2665 csexta
831 2610 982 2675 feria,
1002 2626 1071 2665 xv
1095 2609 1241 2676 luna,
1269 2618 1326 2665 ut
1352 2612 1470 2667 ovis
1496 2612 1784 2667 occisionis

180 2698 344 2753 cruci
374 2714 473 2769 pro
493 2700 653 2755 nobis
673 2699 868 2754 al'tlxus
892 2709 1007 2766 est;
1033 2709 1089 2755 et
1113 2714 1343 2770 vespere
1377 2700 1607 2767 sabbati,
1638 2701 1785 2757 luce-

180 2799 383 2845 scestte
408 2789 698 2856 dominico,
731 2806 840 2845 xvu
876 2790 1020 2856 luna,
1047 2791 1341 2846 resurrexit
1370 2805 1399 2844 a
1427 2792 1675 2846 mortuis.

252 2882 407 2950 Quia
436 2896 565 2952 ergo
593 2883 648 2937 in
676 2882 1017 2938 solemnitate
1058 2883 1235 2937 futura
1280 2884 1536 2953 paschali,
1571 2898 1668 2953 per
1693 2898 1789 2939 vtu

182 2974 568 3038 indictionem,
584 2973 793 3028 xxndie
805 2973 829 3010 ἀ
848 2971 1165 3028 Pharmotbi
1183 2974 1383 3030 mensis
1396 2989 1683 3043 novorum,
1695 2976 1786 3043 qui

182 3074 269 3120 est
306 3079 376 3117 xv
416 3063 520 3119 cal.
566 3063 709 3128 Maii,
738 3064 983 3118 occurrit
1008 3079 1101 3119 xw
1129 3064 1255 3118 luna
1283 3064 1371 3119 die
1395 3064 1692 3129 dominico,
1734 3065 1789 3120 in

181 3156 552 3228 septimanam
577 3153 795 3210 «ἥσθη-θ
820 3156 1073 3211 convenit
1109 3156 1546 3225 subsequentem.
1577 3156 1791 3212 Haben-

1878 2145 2032 2217 387),
2058 2162 2180 2202 cum
2207 2146 2333 2201 luna
2376 2147 2640 2216 paschalis
2668 2144 2878 2200 decima
2926 2154 3113 2214 quarta
3160 2143 3473 2198 Pharmothi

1880 2253 2015 2293 xxiii
2038 2240 2146 2303 die,
2168 2238 2262 2308 qui
2288 2247 2371 2294 est
2400 2255 2485 2293 xtv
2508 2237 2716 2294 calend.
2747 2236 2893 2306 Maii,
2921 2245 3064 2291 esset
3091 2236 3180 2291 die
3204 2236 3475 2291 dominico

1878 2339 2304 2399 ’superventura;
2335 2330 2530 2385 iterum
2557 2332 2855 2397 septimana
2899 2328 3121 2398 quaesita
3158 2336 3266 2392 est,
3297 2336 3350 2381 et
3378 2328 3475 2382 do-

1882 2423 2137 2477 minicum
2185 2423 2386 2493 pascha
2419 2421 2507 2476 die
2554 2422 2757 2476 mensis
2799 2421 2965 2491 ipsius
2997 2420 3329 2483 Pharmothi,
3382 2421 3476 2489 qui

1885 2522 1968 2569 est
1994 2532 2065 2570 vn
2092 2514 2301 2570 calend.
2329 2514 2475 2580 Maii,
2496 2520 2710 2570 constat
2730 2528 2850 2568 csse
2880 2513 3236 2577 celebratum,
3258 2521 3477 2582 propter

1886 2606 2185 2675 angustiam
2210 2605 2472 2676 temporis
2492 2604 2879 2660 imminentem.
2906 2602 3039 2659 Item
3062 2619 3184 2658 cum
3207 2604 3260 2658 in
3291 2613 3476 2658 cente-

1884 2691 2023 2755 simo
2050 2700 2388 2766 sexagesimo
2412 2696 2441 2736 ιι
2471 2714 2616 2754 anno
2642 2697 2814 2766 (Anno
2844 2697 3035 2752 Christi
3061 2694 3188 2768 444)
3212 2711 3243 2751 a
3267 2694 3479 2751 Diocle-

1889 2791 2020 2847 tiani
2051 2790 2300 2861 imperio,
2325 2789 2393 2844 M
2422 2790 2547 2846 luna
2577 2789 2846 2860 paschalis
2867 2787 3186 2843 Pharmothi
3206 2804 3340 2842 xxnt
3370 2786 3479 2854 die,

1892 2884 1985 2954 qui
2013 2892 2099 2938 est
2138 2898 2225 2936 xiv
2262 2881 2474 2936 calend.
2518 2880 2663 2944 Maii,
2710 2880 3011 2935 occurrerit
3045 2878 3091 2946 ί,
3148 2879 3305 2933 tertia
3351 2877 3479 2931 feria

1888 2975 2222 3045 septimanaa,
2252 2981 2308 3028 et
2334 2971 2663 3027 dominicum
2694 2970 2899 3025 Pascha
2948 2986 3115 3024 xxvtn
3154 2969 3242 3023 die
3279 2968 3480 3023 mensis

1890 3067 2058 3137 ipsius
2081 3064 2414 3128 Pharmothi,
2448 3063 2537 3133 qui
2579 3073 2664 3118 est
2703 3078 2849 3118 nono
2891 3063 3141 3119 calendas
3183 3061 3331 3131 Maii,
3384 3079 3480 3117 nos

1892 3159 2198 3216 celebrasse
2225 3154 2587 3212 meminimus.

184 3258 266 3304 tes
293 3248 449 3303 enim
477 3247 616 3301 intra
638 3261 760 3302 eam
786 3247 1093 3303 triduanum
1122 3248 1458 3319 mysterium,
1484 3249 1588 3304 hoc
1617 3258 1700 3304 est
1720 3265 1790 3303 xv
1816 3272 1858 3332 ε
1963 3251 2194 3307 Necesse
2241 3257 2323 3304 est
2366 3249 2548 3317 igitur,
2596 3249 2650 3303 in
2700 3264 2835 3304 CCLV
2868 3249 2881 3299 i
2921 3265 3063 3303 alllto
3088 3264 3118 3302 a
3169 3248 3486 3303 Diocletiani

183 3340 396 3403 lunam,
420 3337 636 3407 quando
655 3337 944 3396 cruciﬁxus
971 3348 1053 3394 est
1070 3339 1336 3406 Christus,
1357 3339 1789 3411 qnartmdecinue

183 3434 590 3498 cohaerentem;
623 3447 726 3487 nec
746 3448 858 3488 non
886 3441 943 3488 et
968 3449 1058 3489 xv1
1080 3441 1136 3488 et
1160 3442 1479 3503 sequentem
1522 3434 1789 3490 decimam

181 3524 513 3597 septimam;
535 3523 796 3593 vigesimo
824 3524 1041 3594 quidem
1067 3528 1261 3581 octavo
1290 3524 1377 3580 die
1400 3526 1603 3581 mensis
1624 3525 1791 3581 Phar-

184 3616 385 3679 mothi,
422 3616 510 3685 qui
533 3628 616 3669 est
642 3631 695 3670 ιιι
722 3616 823 3671 cal.
858 3616 999 3680 Maii,
1026 3616 1232 3687 jejunia
1270 3618 1543 3674 solvemus
1567 3635 1792 3689 vespere

180 3707 566 3761 sabbatorum.
620 3707 878 3778 Sequenti
949 3724 1078 3765 vero
1136 3710 1446 3766 lucesceute
1496 3711 1789 3780 dominico,

181 3815 317 3853 xxix
346 3799 436 3853 die
464 3801 667 3856 mensis
700 3801 865 3871 ipsius
907 3798 1245 3867 Pharmothi,
1276 3803 1369 3873 qui
1420 3812 1504 3860 est
1548 3819 1639 3860 vm
1681 3805 1785 3860 cal.

180 3887 340 3958 Maii,
371 3889 722 3947 festivitatem
754 3892 1115 3949 sincerissime
1142 3894 1555 3951 celebrabimus.

254 3984 396 4037 Nam
427 3994 482 4038 et
510 3984 704 4054 priscis
749 3986 1101 4056 temporibus,
1142 3987 1186 4040 si
1227 3987 1441 4056 quando
1488 3988 1576 4042 die
1617 3987 1792 4043 domi-

177 4075 337 4139 nico,
370 4074 578 4130 decima
603 4083 796 4146 quarta
828 4075 956 4130 luna
999 4085 1211 4147 reperta
1234 4087 1337 4146 est,
1382 4080 1435 4133 in
1473 4087 1789 4150 sequentem

175 4170 549 4242 septimanam
577 4175 663 4224 est
689 4168 854 4225 dilata
883 4169 1166 4228 festivitas.
1200 4169 1353 4227 Sicut
1380 4172 1435 4227 in
1457 4172 1788 4242 octogesimo

254 4377 285 4403 ⁸·
309 4365 370 4421 ln
400 4364 607 4423 Petavii
637 4367 768 4424 edit.
796 4368 992 4437 legitur
1014 4385 1146 4438 qua.
1170 4370 1287 4426 sine
1306 4386 1485 4434 sensu,
1511 4379 1567 4427 et
1595 4379 1782 4429 contra

166 4438 430 4493 omnium
460 4440 707 4494 codicum
739 4450 1047 4494 nostrorum
1076 4438 1253 4494 ﬁdem.

246 4508 280 4545 δ
319 4508 397 4561 Ita
436 4508 689 4580 Bucherii
738 4510 903 4564 editio
952 4518 1006 4563 et
1051 4510 1227 4565 codex
1284 4509 1344 4575 D,
1398 4510 1594 4566 rectius
1624 4526 1781 4580 quam

163 4578 397 4651 Petavii
426 4579 615 4651 editio,
644 4594 764 4647 qua:
784 4580 872 4636 hic
898 4595 1115 4651 sensum
1136 4583 1296 4651 plane
1325 4581 1525 4635 turbat.

253 4659 282 4686 ε
325 4647 758 4722 Ϋοςιιὶειωᾷιιξιηο
801 4647 1152 4722 restituimus,
1195 4661 1250 4706 et
1294 4668 1390 4722 per
1414 4667 1535 4706 eam
1562 4666 1776 4707 sensum

163 4719 493 4790 pla_ni_orem
518 4720 811 4790 reddimus,
844 4719 1109 4776 beneﬁcio
1138 4719 1360 4777 coddIC
1390 4732 1445 4776 et
1476 4722 1535 4775 ι).

247 4788 279 4826 δ
515 4789 608 4847 hic
648 4792 975 4863 interserunt
1028 4807 1214 4863 vocem
1263 4793 1550 4858 dominico,
1582 4808 1702 4863 qua:
1726 4792 1781 4847 in

158 4860 207 4917 C
236 4859 384 4931 etii)
413 4860 595 4926 abest,
629 4870 686 4915 et
709 4862 920 4916 videtur
944 4876 1064 4916 esse
1085 4862 1371 4931 glossema.

248 4941 279 4968 ο
316 4929 561 5005 Meminit
580 4931 928 5005 utriusqueS.
955 4929 1341 5005 Anthrosiusfin
1360 4934 1514 5005 epist.
1541 4932 1781 5005 ejusdem

156 5002 492 5069 agmini
522 5002 596 5058 ad
640 5004 925 5072 episcopos
970 5001 1219 5057 Emilim.
1251 5001 1437 5059 Amnis
1465 5001 1781 5059 Diocletiani

154 5086 395 5130 uxxnx
443 5073 563 5128 iniit
609 5088 637 5125 a
668 5073 841 5126 Thoth
878 5073 983 5127 tixo
1013 5075 1137 5127 anni
1193 5074 1392 5128 Christi
1442 5074 1567 5129 372.
1617 5074 1783 5141 Igitur

154 5157 339 5221 εςιηρ
368 5144 614 5221 sequenti
644 5141 843 5221 Christi
866 5143 1005 5221 573,Δ
1023 5144 1241 5199 labente
1270 5146 1462 5221 eodem
1488 5160 1633 5200 anno
1660 5146 1782 5221 Dio-

151 5212 428 5277 cletiani,
478 5222 598 5267 orta
628 5222 712 5268 est
765 5213 1046 5269 altercatio
1084 5230 1258 5285 super
1300 5214 1580 5280 Paschate,
1627 5215 1780 5285 cyclo

149 5290 332 5337 tame
365 5298 472 5354 xm.
524 5285 656 5338 solis
682 5299 807 5338 xvm
832 5327 846 5351 ,
878 5284 1054 5338 littera
1080 5284 1120 5338 F
1141 5284 1467 5353 ,neomenia
1517 5284 1781 5354 paschalis

146 5356 259 5427 die
294 5367 345 5405 ιι
366 5351 534 5427 Martii
552 5395 567 5419 ,
593 5356 724 5408 feria
750 5370 812 5427 in,
835 5354 1040 5411 decima
1064 5351 1253 5427 quarta
1276 5356 1361 5409 die
1381 5354 1451 5409 9.4
1480 5351 1676 5427 Martii,
1700 5355 1775 5427 ie-

146 5426 247 5479 ria
272 5437 386 5476 vn.
411 5422 536 5479 ldeo
555 5426 801 5481 nonnulli
822 5426 875 5480 in
900 5422 1128 5481 termino
1150 5427 1511 5489 celebrarunt;
1531 5426 1780 5481 catholici

144 5504 379 5547 autem
408 5492 580 5548 Martii
608 5495 818 5550 ultimo.
848 5493 1082 5550 Prmerat
1104 5506 1229 5550 tunc
1253 5495 1509 5552 Romanis
1528 5495 1780 5551 Ecclesia:

142 5565 485 5639 lhsltasus;
532 5566 923 5639 Alexandriam
988 5568 1256 5639 legitimus
1321 5570 1608 5639 episcopus
1661 5579 1780 5639 erat

140 5636 429 5707 PetrusL
456 5634 551 5707 qui
600 5636 893 5692 Athanasio
938 5634 1192 5693 suffectus
1236 5634 1374 5705 erat,
1424 5634 1641 5694 mortuo
1665 5638 1777 5707 jam

138 5721 339 5779 anno
369 5705 491 5779 37f.
538 5705 725 5776 Itaque
765 5708 1107 5762 divinandum
1138 5718 1219 5763 est
1259 5710 1387 5779 quid
1416 5710 1473 5765 S.
1502 5705 1778 5779 Proterius

133 5778 269 5834 sibi
310 5777 469 5839 velit,
498 5794 621 5833 cum
660 5779 1003 5849 superstitem
1026 5780 1097 5833 ait
1126 5777 1289 5836 fuisse
1322 5790 1450 5836 tunc
1478 5778 1694 5833 Patrem
1724 5789 1781 5835 et

130 5850 504 5921 cpiscppum
535 5849 896 5921 Anastasium.
950 5851 1028 5903 An
1077 5852 1429 5907 Athanasium
1455 5850 1695 5917 scripsit,
1723 5860 1780 5906 et

132 5918 530 5987 aliuciuatus,
563 5918 790 5977 credidit
818 5935 937 5976 eum
960 5961 975 5987 ,
1007 5924 1093 5993 qui
1134 5925 1351 5983 biennio
1382 5932 1503 5979 ante
1531 5920 1777 5979 decesse-

1814 4596 1867 4655 υ
1890 4581 1980 4655 hic
2010 4582 2175 4655 latere
2226 4581 2351 4652 Eg.

1896 3343 2145 3412 imperio,
2182 3341 2235 3396 in
2268 3341 2445 3395 futuro
2475 3339 2711 3410 paschali
2736 3340 2875 3395 festo
2907 3339 3213 3395 indictionis
3261 3350 3482 3409 octavzr,

1892 3435 2153 3505 vigesimo
2174 3435 2411 3490 secundo
2433 3434 2521 3490 die
2549 3432 2881 3499 Pharmothi,
2911 3434 3001 3503 qui
3037 3442 3119 3489 est
3161 3450 3230 3488 xv
3273 3434 3483 3489 calend.

1899 3526 2025 3584 Maii
2053 3529 2181 3584 luna
2210 3527 2418 3583 decima
2464 3536 2675 3595 quarta,
2706 3534 3027 3582 occurrente
3065 3526 3154 3581 die
3194 3527 3484 3591 dominico,

1893 3622 1948 3678 in
1994 3621 2297 3693 proximam
2336 3619 2710 3689 septimanam,
2739 3618 2893 3686 juxta
2941 3617 3333 3688 praecedentem
3383 3615 3499 3671 for-

1894 3713 2450 3782 mam,convenienter
2464 3709 2702 3773 extendi,
2717 3719 2773 3762 ut
2788 3724 2911 3763 xxtx
2926 3710 3009 3763 die
3022 3710 3219 3765 mensis
3232 3708 3489 3762 Pharmo-

1895 3806 1991 3871 thi,
2024 3806 2115 3876 qui
2143 3812 2225 3860 est
2252 3819 2342 3859 Vlll
2372 3794 2583 3858 calend.
2615 3800 2769 3864 Maii,
2803 3799 3129 3854 dominicum
3155 3799 3485 3854 celebremus

1896 3897 2122 3961 Pascha,
2154 3901 2378 3966 propter
2402 3890 2897 3963 apprehendentem
2931 3905 3113 3944 rursus
3154 3890 3484 3957 angustiam;

1894 3990 2032 4044 sicut
2060 3985 2250 4041 Patres
2278 3985 2450 4040 nostri
2495 3983 2757 4043 fecerunt,
2789 3982 3024 4035 decimas
3069 3988 3289 4048 quartas
3333 3979 3484 4032 lunas

1892 4086 2238 4131 occurrentes
2255 4074 2342 4127 die
2364 4072 2656 4134 dominico,
2684 4069 3009 4123 differentes.
3041 4068 3172 4122 Nam
3194 4069 3239 4122 si
3263 4086 3372 4123 xxn
3397 4068 3483 4123 die

1897 4170 2096 4225 mensis
2126 4166 2463 4232 Pharmothi,
2483 4164 2573 4233 Qui
2596 4170 2678 4218 est
2700 4176 2770 4217 xv
2793 4161 3044 4218 calendas
3066 4160 3211 4230 Maii,
3236 4162 3359 4216 luna
3376 4178 3487 4229 xxv,

1890 4379 1996 4441 rat,
2027 4371 2204 4427 adhuc
2231 4371 2322 4425 illo
2354 4379 2597 4441 tempore
2625 4369 2862 4441 vixisse?
2904 4365 3192 4422 Perxvms.

1968 4440 1987 4479 ί
2022 4442 2224 4495 Nomen
2277 4437 2551 4497 Athanasii
2597 4440 2930 4494 restituimus
2956 4454 3021 4493 ex
3069 4441 3190 4493 cod.
3242 4437 3282 4491 Β
3334 4446 3385 4492 et
3420 4439 3483 4505 D,

1891 4528 1992 4582 pro
2017 4512 2318 4582 Anastasio,
2368 4512 2512 4580 quod
2541 4521 2622 4565 est
2648 4512 2701 4565 in
2731 4520 2960 4582 utraque
2987 4508 3480 4582 editiouc._Vitimn

2411 4582 2705 4637 Bucherius
2750 4580 3153 4643 animadvertit,
3186 4580 3337 4648 cujus
3369 4580 3482 4634 hine

1888 4653 2165 4707 adnotatio
2208 4650 2345 4707 estV:
2379 4650 2512 4714 Lege
2561 4652 2888 4714 Arumxsno,
2949 4660 2998 4703 et
3055 4652 3195 4703 disce
3232 4667 3347 4704 eum
3377 4668 3480 4706 non

1886 4733 2006 4776 ante
2054 4724 2184 4776 hunc
2215 4740 2404 4777 annum
2439 4720 2629 4777 Chriin
2660 4723 2766 4777 573
2796 4722 2928 4776 mori
2973 4722 3199 4790 potuisse
3222 4763 3235 4783 ,
3270 4721 3303 4772 2
3327 4720 3475 4783 Maii,

1883 4810 1973 4865 seu
1998 4835 2013 4860 ,
2049 4804 2104 4846 ut
2132 4795 2557 4865 chronograplms
2604 4795 2957 4847 iunominutus
2988 4792 3138 4865 apud
3167 4792 3366 4865 Scatig.
3424 4793 3478 4842 in

1883 4863 2076 4919 Euseb.
2102 4881 2171 4921 vn
2206 4860 2439 4919 Paclion.
2468 4865 2599 4919 Vide
2626 4873 2808 4919 notam
2841 4862 3073 4932 prmced.
3106 4860 3330 4915 Petavii.

1957 4945 1982 4982 κ
2006 4934 2203 4989 Christi
2229 4936 2353 4996 5'77,
2385 4937 2535 4999 cyclu
2569 4936 2707 4989 luna:
2735 4952 2861 4999 xm,
2893 4935 3025 4989 solis
3049 4947 3183 4995 xxu,
3205 4932 3381 4999 littera
3408 4932 3472 4985 A.

1884 5003 2168 5076 Terminus
2210 4996 2484 5076 paschalis
2509 5006 2593 5059 die
2622 5006 2656 5058 9
2682 4996 2855 5072 April.
2905 5004 3196 5076 dominica.
3229 4998 3355 5052 ldco
3387 5001 3475 5055 die

1886 5076 1953 5129 16
1984 5070 2225 5139 ejusdeni
2246 5077 2443 5129 mensis
2474 5077 2575 5129 rite
2594 5070 2923 5130 celebratum
2947 5081 3048 5127 est.
3081 5070 3372 5125 Pennus.

1957 5146 1985 5185 δ
2005 5146 2205 5201 Christi
2230 5145 2354 5201 “4.
2386 5145 2508 5201 Vid.
2537 5146 2631 5201 lib.
2656 5161 2695 5201 ιι
2742 5146 2807 5199 de
2832 5145 2985 5197 Dect.
3020 5154 3186 5210 temp.
3212 5180 3229 5205 ,
3262 5156 3315 5211 p.
3346 5140 3474 5200 ΕΙ.

1882 5215 2169 5274 Psnvws.

1961 5289 1976 5326 ί
2004 5287 2047 5342 Β
2076 5296 2132 5342 et
2151 5288 2214 5350 D,
2242 5288 2485 5342 occurrit.

1958 5360 1973 5409 ι
2012 5357 2087 5413 Ita
2119 5359 2313 5426 legitur
2355 5359 2405 5410 in
2436 5355 2761 5412 edition‘bus
2793 5352 2996 5409 Petavii
3024 5360 3079 5407 et
3118 5352 3364 5410 Buchenii
3391 5397 3404 5419 ,
3438 5371 3469 5411 a

1882 5431 2076 5499 quibus
2095 5446 2259 5496 mss,
2290 5445 2395 5482 non
2428 5428 2603 5482 minus
2629 5442 2791 5494 quam
2823 5426 2964 5499 inter
3009 5440 3087 5489 se,
3107 5497 3115 5499 _
3136 5426 3469 5493 discrepant.

1882 5496 2015 5554 Nam
2068 5498 2108 5553 Β
2138 5500 2339 5553 habet:
2373 5500 2428 5553 in
2466 5514 2603 5552 (:va
2628 5514 2799 5555 anno;
2832 5496 2872 5549 D
2925 5510 3076 5559 vero,
3099 5497 3154 5549 in
3174 5511 3346 5550 CCLXY
3374 5514 3471 5549 an-

1882 5588 2065 5625 norum
2086 5586 2119 5624 a
2153 5568 2351 5634 Diocl.,
2392 5580 2497 5624 etc.
2529 5569 2636 5625 Sed
2675 5569 2730 5622 in
2749 5568 2959 5623 nullum
2982 5568 3175 5620 horum
3203 5582 3469 5621 annorum

1883 5643 2223 5695 characteres
2270 5656 2298 5692 a
2334 5639 2580 5693 Protcrio
2611 5638 2891 5693 memorati
2933 5637 3280 5691 conveniunt.
3332 5636 3467 5691 Iliuc

1883 5710 2007 5775 Eg.
2063 5710 2357 5765 Bucherius
2387 5712 2438 5765 in
2473 5711 2719 5779 margine
2742 5709 2888 5779 addit
2922 5727 2935 5761 :
2971 5707 3109 5776 Lege
3150 5708 3465 5779 σιμαὶ-«μή

1881 5792 1966 5833 est
1987 5798 2157 5836 annus
2182 5780 2379 5836 Christi
2421 5776 2654 5849 vulgaris
2699 5778 2824 5846 £55,
2856 5780 3036 5834 itnlict.
3074 5794 3181 5831 vtn.
3206 5776 3464 5830 Similiter

1885 5849 2134 5931 Petavius
2162 5852 2214 5931 in
2242 5854 2385 5910 notis
2411 5872 2422 5909 :
2447 5851 2649 5923 Scribe,
2675 5852 2863 5920 inquit,
2891 5853 2943 5906 iu
2973 5850 3246 5903 centesimo
3265 5856 3462 5914 septua-

1880 5939 2075 5993 gesimo
2108 5939 2289 5998 primo.
