3938 6196
457 343 553 400 fill

1024 338 1379 396 DIONYSIUS
1408 337 1731 395 EXIGUUS.
1771 336 2067 393 EP.STOL.

2176 335 2457 391 rnorem!
2494 336 2587 391 AD
2626 334 2905 392 LEONEM
2949 337 3198 397 ρΑρΑιι.
3618 352 3700 409 5n

452 457 591 512 sicut
631 454 761 518 dixi,
789 453 985 523 saepius
1017 460 1339 507 occurrente
1377 450 1650 506 dominico
1694 449 1802 515 die,
1849 448 2056 505 Pascha
2091 452 2133 505 Α
2164 447 2363 502 mensis
2388 446 2749 514 Phamenoth,
2775 447 2866 517 qui
2897 457 2979 502 est
3003 464 3071 503 xu
3115 439 3219 508 cal.
3261 450 3468 523 Aprilis,
3492 459 3694 528 aequino-

462 548 817 607 celcbremus,
856 543 1194 598 inveniemus
1225 541 1417 613 pridie,
1450 541 1503 596 id
1545 549 1631 597 est
1671 541 1921 607 sabbato,
1965 558 2056 598 xxi

458 635 544 690 die
573 635 772 689 mensis
801 632 1065 701 ejusdem,
1096 632 1187 701 qui
1213 638 1296 687 est
1343 647 1435 686 xvi
1483 630 1738 686 calendas
1785 631 1929 696 Maii,
1963 648 2055 687 xui

455 726 579 779 luna
620 733 750 778 tunc
786 724 1071 782 existente.
1124 739 1232 777 non
1276 722 1381 777 rite
1420 722 1626 792 jejunia
1669 721 1901 778 solvere.
1948 721 2059 777 Nec

462 814 602 866 cnim
635 814 685 866 in
711 813 917 868 decima
951 814 1105 866 tertia
1150 812 1274 866 luna
1315 812 1617 867 comeditur
1645 812 1868 882 pascha.
1907 809 2058 866 Unde

461 903 583 970 quia
612 918 725 957 xxu
748 902 834 955 die
862 903 1059 956 mensis
1077 902 1617 971 Pharmothi,quiest
1639 902 1850 957 decimo
1872 903 2059 971 quinto

463 994 719 1049 calendas
757 994 905 1062 Maii,
954 994 1227 1049 dominico
1273 994 1391 1058 die,
1439 995 1651 1050 decima
1690 1002 1883 1066 quarta
1935 995 2057 1049 luna

464 1086 756 1153 contingit;
790 1101 898 1139 non
944 1094 1127 1141 autem
1182 1086 1438 1140 convenit
1474 1084 1563 1141 die
1601 1085 1875 1140 dominico
1918 1085 2059 1154 jeju-

461 1193 610 1242 uare,
644 1180 770 1248 quia
816 1179 920 1232 hoc
958 1178 1379 1235 Manichazorum
1406 1188 1491 1234 est
1518 1179 1796 1250 pr0prium
1824 1197 1836 1231 :
1870 1194 2063 1234 conse-

466 1283 636 1335 quens
670 1276 754 1322 est
791 1268 845 1322 in
887 1269 1189 1338 proximam
1223 1270 1445 1324 tendere
1490 1270 1870 1339 septimanam,
1921 1272 2060 1326 intra

466 1373 649 1427 quam,
700 1368 758 1414 ut
801 1358 1051 1424 diximus,
1103 1359 1364 1416 habemus
1408 1368 1463 1415 et
1499 1378 1568 1415 xv
1599 1362 1801 1426 lunam,
1844 1362 2061 1430 quando

468 1450 751 1504 :rucilixus
779 1458 861 1505 est
890 1450 1169 1517 Dominus,
1201 1460 1255 1505 et
1295 1463 1383 1505 xv:
1419 1452 1623 1521 lunam,
1655 1452 1813 1507 simul
1860 1460 1915 1507 et
1954 1468 2063 1507 xvu

468 1540 669 1602 lunam,
702 1540 919 1609 quando
948 1541 1245 1595 resurrexit
1278 1557 1307 1595 a
1334 1544 1578 1597 mortuis.
1604 1543 1680 1596 ita
1706 1552 1765 1597 ut
1785 1559 1951 1599 xxvul
1976 1544 2064 1600 die

470 1632 669 1686 mensis
714 1630 1044 1699 Pharmothi,
1074 1634 1163 1702 qui
1194 1644 1278 1688 est
1315 1651 1367 1688 ix
1396 1634 1607 1690 calend.
1648 1634 1791 1701 Maii,
1838 1651 2066 1707 vespere

462 1725 672 1780 sabbati
698 1723 905 1794 jejunia
938 1741 1035 1795 pro
1059 1741 1210 1780 more
1242 1726 1538 1795 solvamus,
1583 1735 1638 1782 et
1683 1729 1930 1797 sequenti
1961 1727 2065 1781 do-

2163 540 2328 595 ctium
2365 555 2485 595 esse
2531 540 2899 609 cognoscitur.
2951 539 3053 595 Sed
3103 559 3209 597 non
3256 555 3462 615 oportet
3513 550 3573 605 ab
3615 552 3699 610 hoc

2156 633 2485 703 :cquinoctio
2529 632 2688 703 primi
2735 633 2939 688 mensis
2998 635 3294 698 exordium,
3337 637 3482 707 juxta
3522 658 3699 701 cursum

2157 724 2319 787 lunae,
2351 740 2570 794 prorsus
2600 723 2837 794 afﬁgere.
2874 726 3122 794 Alioquin
3154 743 3250 797 per
3273 731 3444 785 omnia
3473 734 3589 789 solis
3619 738 3700 792 cir-

2159 816 2281 872 culo
2308 817 2444 871 luna:
2467 816 2740 871 discursus
2761 816 3089 871 concordare
3115 818 3388 874 debuerat.
3412 819 3585 877 Verum
3603 829 3701 894 quia

2160 908 2369 963 cunctis
2393 907 2714 961 habentibus
2744 906 3073 962 intellectum
3101 917 3304 964 certum
3332 920 3413 965 est
3431 914 3556 981 quod
3580 916 3702 970 velo-

2160 1003 2435 1057 cissimum
2476 1001 2615 1056 luna:
2658 1009 2864 1055 motum
2897 1016 3086 1055 cursus
3133 1001 3261 1056 solis
3308 1003 3513 1058 minime
3546 1020 3705 1061 conse-

2161 1098 2393 1159 quatur,
2419 1104 2518 1159 age
2540 1089 2654 1159 jam
2704 1105 2847 1144 nunc
2882 1091 3134 1156 breviter,
3172 1092 3281 1147 Deo
3321 1102 3602 1163 praestante,
3628 1099 3705 1153 du-

2161 1181 2283 1237 bios
2326 1182 2677 1251 instruamus,
2699 1181 2842 1251 quod
2884 1182 2937 1235 in
2982 1184 3275 1238 secundum
3316 1201 3540 1241 mensem
3586 1190 3705 1246 nullo

2163 1272 2327 1327 modo
2354 1274 2623 1343 possimus
2646 1272 2931 1330 excedere.
2960 1272 3017 1328 Si
3047 1275 3191 1329 enim
3227 1276 3282 1330 in
3314 1277 3626 1347 aequinoctio,
3646 1282 3706 1339 id

2163 1372 2249 1419 est
2278 1381 2382 1419 xxv
2414 1364 2504 1420 die
2529 1366 2730 1421 mensis
2752 1364 3112 1432 Phamenoth,
3138 1367 3232 1437 qui
3256 1376 3337 1421 est
3364 1384 3434 1423 xu
3462 1370 3553 1424 cal.
3575 1371 3705 1442 Apri-

2167 1454 2251 1521 lis,
2270 1454 2425 1525 juxta
2447 1471 2664 1511 cursum
2689 1456 2849 1523 lunte,
2879 1456 3078 1511 mensis
3099 1458 3504 1513 constitueretur
3516 1459 3708 1532 initium,

2165 1546 2391 1601 rationis
2410 1556 2555 1601 esset
2580 1547 2791 1615 opinari
2814 1547 3123 1611 nonnullos,
3144 1548 3197 1603 in
3212 1549 3493 1604 secundum
3512 1568 3709 1610 mensem

2168 1653 2267 1694 nos
2295 1654 2453 1707 posse
2474 1639 2748 1694 recedere.
2773 1638 2926 1695 Nunc
2948 1648 3151 1707 autem,
3182 1641 3308 1712 quia
3332 1657 3416 1696 xiv
3444 1642 3556 1697 luna
3580 1645 3709 1714 primi

2167 1732 2367 1787 mensis
2388 1748 2485 1802 per
2499 1743 2744 1789 octavam
2770 1733 3142 1802 indictionem,
3168 1752 3288 1807 quin
3307 1747 3521 1795 ventura
3538 1750 3609 1795 εει
3627 1758 3711 1801 xxn

469 1815 683 1881 ininico,
718 1832 845 1869 xxix
875 1816 962 1870 die
986 1817 1189 1873 mensis
1237 1816 1423 1887 ipsius,
1474 1816 1563 1886 qui
1614 1827 1698 1872 est
1735 1834 1822 1873 \‘lll
1852 1819 2061 1873 calend.
2099 1845 2143 1905 Β
2169 1822 2256 1878 die
2276 1825 2474 1881 mensis
2493 1825 2840 1892 Pharmothi,
2862 1828 2953 1896 qui
2975 1837 3058 1884 est
3079 1845 3152 1884 xv
3183 1829 3287 1884 cal.
3310 1829 3448 1895 Maii,
3470 1830 3710 1897 invenitur,

468 1906 614 1972 Maii,
648 1908 844 1961 festum
874 1908 1130 1977 paschale
1153 1908 1512 1963 celebremus.

539 1997 673 2051 Illud
697 1997 858 2052 etiam
885 1997 1190 2054 necessario
1221 1999 1373 2053 vobis
1407 2000 1816 2062 innoteseiiuus,
1841 2002 1985 2070 quod
2013 2001 2067 2085 in

466 2093 644 2145 futuro
659 2099 680 2125 ⁸
697 2105 839 2145 anno
853 2107 1022 2146 ccnxv
1035 2092 1101 2146 ab
1119 2091 1343 2161 imperio
1358 2090 1698 2158 Diocletiani,
1718 2111 1804 2148 xlv
1820 2095 1945 2148 luna
1961 2112 2066 2150 rur-

469 2197 556 2236 sus
579 2192 1061 2248 occurrente,xvm
1082 2183 1168 2238 die
1193 2184 1391 2238 mensis
1415 2182 1857 2256 Pharmothi,qui
1877 2195 1958 2241 est
1982 2203 2071 2243 xxv

467 2274 676 2331 calend.
696 2274 843 2345 Maii,
862 2276 1188 2335 dominicum
1208 2275 1415 2337 Pascha
1430 2296 1460 2337 x
1472 2296 1598 2337 tvm
1612 2278 1638 2317 δ
1653 2279 1738 2338 die
1762 2282 1964 2338 mensis
1984 2282 2070 2356 ip-

463 2364 600 2431 sius,
623 2369 715 2437 qui
740 2378 824 2423 est
844 2385 915 2424 vn
943 2370 1045 2425 cal.
1079 2370 1227 2439 Maii,
1254 2372 1363 2428 Deo
1387 2384 1672 2442 praestante
1688 2377 2068 2432 celebrabitur.

544 2460 650 2514 Sed
683 2463 921 2517 nonnulli
953 2463 1306 2521 subtilitatem
1342 2468 1612 2536 paschalis
1639 2473 1877 2540 computi
1911 2472 2070 2527 forsi-

466 2563 559 2606 tan
592 2553 922 2620 ignorantes,
961 2555 1199 2612 Judaicis
1235 2559 1441 2615 seducti
1485 2559 1700 2629 fabulis,
1727 2565 2072 2620 mstimabunt

474 2662 572 2699 nos
614 2646 667 2700 in
711 2648 1009 2703 secundum
1038 2665 1277 2706 mensem
1312 2652 1587 2721 recedere,
1628 2656 1673 2709 si
1723 2653 2070 2715 festivitatem

479 2748 705 2794 eatenus
736 2740 1035 2809 exigamus,
1065 2743 1249 2797 nescio
1280 2760 1501 2812 prorsus
1527 2745 1667 2801 unde
1697 2747 1801 2802 hoc
1826 2764 2072 2805 asseren-

477 2841 579 2883 tes.
606 2829 739 2883 Nam
764 2847 851 2884 xiv
883 2831 1009 2885 luna
1040 2833 1205 2901 ipsius
1240 2835 1438 2889 musis
1478 2846 1797 2892 occurrente
1837 2854 1947 2895 xxu
1985 2841 2072 2895 die

475 2920 672 2974 mensis
721 2918 1057 2986 Pharmothi,
1088 2923 1179 2991 qui
1221 2933 1302 2977 est
1342 2941 1411 2978 xv
1458 2925 1562 2980 cal.
1604 2925 1751 2995 Maii,
1792 2928 2070 2996 quomodo

472 3011 747 3078 querelam
800 3012 1215 3077 sustinebimus,
1281 3015 1427 3085 quod
1478 3016 1530 3070 in
1588 3018 1829 3072 secundo
1887 3035 2072 3075 mense

476 3098 681 3155 Pascha
720 3101 1096 3157 celebremus?
1124 3103 1293 3160 Judaei
1333 3123 1566 3177 namque
1612 3110 1924 3177 ignorantes
1964 3112 2071 3167 Do-

2171 1923 2376 1969 certum
2404 1925 2486 1971 est
2514 1917 2656 1985 quod
2688 1918 2896 1972 initium
2928 1919 3171 1986 ejusdem
3215 1922 3409 1977 mensis
3432 1922 3571 1992 primi
3592 1922 3712 1991 juxta

2170 2007 2310 2063 luna:
2355 2024 2569 2063 cursum
2618 2026 2763 2069 nono
2810 2012 2897 2065 die
2946 2011 3289 2079 Pharmothi,
3331 2015 3421 2083 qui
3464 2025 3541 2071 est
3575 2018 3713 2086 pridie

2172 2115 2342 2154 nouas
2389 2101 2585 2169 Aprilis
2632 2112 2900 2157 occurrat.
2952 2104 3086 2158 Cum
3139 2120 3270 2175 ergo
3317 2105 3513 2162 decima
3559 2119 3712 2178 quarta

2172 2192 2322 2261 luna,
2358 2210 2465 2249 xxu
2504 2195 2593 2249 die
2633 2199 2833 2253 mensis
2862 2197 3180 2254 Pharmothi
3211 2201 3522 2271 inveniatur,
3543 2204 3623 2274 qui
3652 2212 3713 2259 est

2170 2299 2242 2343 xv
2271 2285 2522 2347 calendas
2566 2286 2712 2360 Maii,
2750 2288 3075 2350 dominicum
3105 2292 3311 2367 pascha
3337 2310 3461 2354 xxix
3486 2295 3563 2353 die
3594 2310 3713 2354 men-

2174 2379 2248 2435 sis
2278 2380 2448 2450 ipsius
2476 2381 2811 2448 Pharmothi,
2842 2387 2933 2455 qui
2961 2397 3044 2442 est
3072 2404 3169 2443 vui
3200 2391 3303 2445 cal.
3328 2390 3463 2454 Maii,
3490 2391 3714 2447 celebratio

2175 2479 2278 2539 tes,
2310 2472 2365 2525 in
2394 2475 2694 2529 secundum
2724 2492 2964 2532 mensem
3008 2480 3236 2534 minime
3276 2482 3583 2548 recedimus,
3616 2499 3713 2539 eum

2172 2564 2356 2620 lunam
2385 2575 2512 2623 tunc
2530 2568 2935 2626 xxtindubitate
2960 2570 3280 2628 habeamus.
3311 2573 3574 2640 Quomodo
3592 2576 3714 2645 igitur

2173 2673 2523 2715 excurremus
2569 2662 2623 2715 in
2677 2678 2917 2718 mensem
2969 2667 3291 2734 secundum,
3339 2667 3715 2737 quandoquidem

2174 2753 2387 2809 initium
2418 2755 2575 2821 primi
2600 2757 2797 2811 mensis
2820 2756 2974 2825 juxta
3002 2757 3148 2813 luna:
3176 2776 3409 2825 cursum,
3438 2763 3565 2816 sicut
3591 2762 3716 2831 paulc

2174 2853 2305 2901 ante
2326 2846 2526 2901 dictum
2572 2856 2674 2912 est,
2722 2865 2779 2903 ix
2823 2848 2911 2904 die
2957 2852 3164 2907 mensis
3206 2850 3531 2915 Pharmothi.
3558 2854 3717 2923 quiest

2174 2935 2347 3005 pridie
2376 2953 2504 2992 non.
2535 2939 2753 3007 Aprilis,
2780 2941 3001 3009 existat,
3025 2955 3080 2997 et
3100 2959 3195 2999 xtv
3219 2944 3363 3007 luna,
3390 2945 3581 3000 xxudie
3600 2960 3717 2999 men-

2174 3026 2249 3081 sis
2271 3027 2457 3095 ipsius,
2491 3029 2542 3083 id
2573 3039 2656 3084 est
2684 3046 2754 3083 xv
2780 3031 2885 3085 cal.
2918 3031 3045 3092 Maii
3074 3036 3393 3104 proveniat?
3430 3034 3537 3091 Hoc
3574 3045 3716 3091 amet:

2175 3118 2250 3173 ita
2273 3118 2571 3185 declarato,
2599 3132 2807 3177 certum
2830 3131 2917 3178 est
2939 3124 3085 3193 quod
3114 3126 3173 3182 in
3201 3128 3488 3183 secundum
3521 3142 3719 3182 mensem

472 3193 696 3257 minum,
733 3203 942 3264 tempus
983 3211 1199 3268 quoque
1225 3196 1442 3254 Pascha:
1470 3200 1740 3268 ignorant.
1776 3200 1926 3259 Unde
1965 3219 2067 3258 sac-
2096 3223 2143 3286 ο
2174 3210 2478 3267 nullatenus
2506 3228 2877 3281 excurramus,
2910 3233 3036 3273 xxix
3066 3219 3159 3275 die
3195 3222 3396 3277 mensis
3425 3220 3720 3284 Phan-metiri,

474 3290 594 3355 pius
622 3305 652 3342 ει
680 3288 853 3357 primo
876 3304 1063 3343 mense
1093 3290 1371 3357 recedunt,
1407 3300 1462 3346 et
1488 3293 1541 3347 in
1569 3310 1639 3349 xu
1661 3310 1845 3352 mense
1861 3295 2069 3352 Pascha

475 3380 752 3435 celebrare
781 3397 839 3437 se
867 3393 887 3419 σε
913 3384 1251 3452 aliquatenus
1277 3386 1624 3440 arbitrantur.
1649 3386 1755 3442 Sed
1775 3389 2069 3445 beatissimi

476 3478 655 3539 patres
684 3471 854 3525 nostri
882 3473 1089 3543 cyclum
1121 3474 1672 3533 decemnoveunalem
1718 3480 1918 3535 certius
1954 3480 2071 3535 alii-

476 3566 685 3627 gentcs,
713 3575 873 3630 quem
898 3562 1089 3617 violari
1137 3564 1469 3634 impossibile
1516 3577 1616 3634 est,
1651 3570 1794 3625 velut
1838 3573 2069 3642 crepidi-

478 3665 600 3705 nem
632 3666 697 3706 ac
722 3650 1150 3719 fundamentum,
1185 3664 1240 3711 et
1277 3658 1536 3728 regulam,
1588 3658 1735 3716 hunc
1777 3663 2071 3718 decemno-

478 3743 759 3797 vcnnalem
804 3754 1115 3815 computum
1149 3754 1494 3805 statuerunt:
1525 3766 1631 3805 non
1662 3751 1818 3821 juxta
1860 3751 2073 3811 Judazo-

476 3848 591 3886 rum
622 3848 767 3889 nunc
788 3834 1031 3892 indoctas
1078 3846 1240 3907 atque
1280 3840 1491 3910 ineptas
1530 3842 1773 3899 actiones
1802 3842 1861 3911 d;
1894 3861 2071 3915 neque

479 3925 773 3982 tecundum
812 3936 1125 3985 exterarum
1165 3933 1462 4002 putativam
1508 3933 1795 4007 fictamque
1836 3939 2003 4007 prude
2043 3968 2076 3995 (-

479 4025 625 4092 tiam,
653 4026 746 4082 sed
775 4029 1069 4084 secundum
1087 4041 1109 4069 ⁸
1131 4032 1361 4102 gratiam
1380 4034 1612 4104 Spiritus
1627 4037 1796 4091 sancti
1820 4037 2072 4106 instituti,

477 4119 533 4173 in
558 4119 896 4175 revolutione
924 4136 1068 4191 saepe
1102 4126 1387 4179 memorati
1416 4126 1925 4183 decemnovennalis
1963 4130 2072 4184 cir-

476 4209 584 4264 culi
612 4209 851 4266 decimas
878 4220 1100 4282 quartas
1138 4215 1420 4283 paschales
1458 4216 1611 4272 lunas
1640 4218 1947 4288 diligentius
1977 4221 2075 4276 ad-

478 4308 753 4355 notarunt.

550 4388 647 4443 llis
675 4391 855 4459 itaque
878 4391 1164 4463 confectis,
1187 4393 1317 4450 illud
1343 4398 1506 4452 etiam
1530 4409 1747 4469 oportet
1771 4403 2071 4469 attendere,

476 4479 620 4546 quod
650 4490 833 4535 errent
855 4484 1077 4538 nimium
1104 4486 1194 4555 qui
1217 4487 1373 4555 primi
1402 4494 1603 4545 mensis
1632 4493 1841 4548 initium
1872 4495 2075 4552 lunaris

480 4583 666 4622 cursus
686 4584 717 4623 a
735 4585 840 4625 xxv
854 4571 943 4627 die
964 4575 1162 4630 mensis
1179 4575 1538 4647 Phamenotli,
1554 4583 1645 4650 qui
1662 4594 1743 4637 est
1765 4600 1837 4639 xu
1861 4585 2070 4641 calend.
2106 4616 2156 4675 Β

481 4658 697 4730 Aprilis,
727 4665 948 4721 omnino
973 4683 1092 4723 esse
1117 4671 1492 4726 constituunt:
1526 4690 1593 4729 eo
1638 4676 1780 4744 quod
1817 4686 1943 4732 tunc
1971 4678 2075 4733 ini-

478 4753 610 4806 tium
640 4756 790 4809 verni
824 4760 1099 4828 temporis,
1133 4761 1201 4815 ab
1226 4761 1309 4817 his
1333 4763 1425 4832 qui
1469 4764 1573 4818 hoc
1612 4765 1854 4822 invenire
1884 4768 2069 4824 value-

478 4854 603 4900 runt
627 4862 749 4901 cum
779 4850 927 4903 omni
951 4850 1224 4919 diligentia
1262 4852 1539 4923 pricfixum
1569 4872 1688 4912 esse
1730 4858 1991 4926 videatur,
2019 4870 2075 4916 et

478 4937 763 4995 manifeste
790 4941 1006 5012 quidem
1035 4944 1330 4999 secundum
1372 4962 1586 5003 cursum
1627 4949 1780 5018 solis,
1833 4967 1937 5006 xxv
1984 4954 2072 5009 die

549 5128 574 5156 ⁸
610 5120 649 5172 Β
694 5121 1071 5209 corrigendum
1098 5142 1112 5178 :
1132 5136 1194 5209 εξ
1310 5130 1498 5209 futuro
1516 5133 1797 5209 centesimo
1829 5150 2060 5209 nonage-

478 5190 608 5242 simo
637 5190 987 5271 octavogllic
1016 5205 1100 5271 est
1127 5190 1475 5271 Christi/£82.
1508 5202 1702 5271 Cyclus
1756 5214 1873 5258 erat
1925 5190 2061 5262 hunc

480 5261 1026 5341 vut,_.sol_is.xv,_l_ittera
1042 5265 1102 5341 C.
1127 5266 1294 5341 igitur
1310 5261 1589 5326 neouieuia
1615 5275 1877 5341 paschalis
1896 5261 2065 5332 Nican-

479 5344 544 5411 ua
569 5330 655 5411 die
677 5328 709 5380 5
727 5328 1208 5411 April.,__terminus
1232 5339 1319 5396 die
1354 5341 1419 5395 18
1444 5328 1676 5411 Aprilis,
1704 5344 1816 5397 sive
1842 5328 2058 5404 xiv

482 5399 581 5465 Ap.
610 5399 875 5481 dputinica
905 5405 1011 5481 die.
1039 5408 1223 5481 Itaque
1241 5399 1640 5467 diil'uudendum
1663 5399 2064 5474 l’asehafniiﬁiu

482 5483 549 5551 vn
576 5471 701 5551 ςέιΙ.3
744 5471 797 5551 id
821 5482 905 5527 est
942 5471 1149 5551 die_95'
1176 5480 1391 5551 Aprilis.
1415 5482 1697 5539 ΡετΑι-ιυε.
1730 5516 1800 5527 --
1826 5471 2066 5545 Censen;

484 5537 1144 5631 Alitic‘lieriusifode‘x
1171 5537 1703 5611 Bodleianusﬂltabet
1737 5574 1749 5611 :
1782 5537 1856 5611 inv
1877 5537 2068 5631 Ῑιῦὶὶῖο

479 5609 820 5665 ducentesimo
842 5624 983 5667 ιιωο
1008 5628 1171 5673 vum.

552 5678 577 5717 δ
603 5678 896 5757 Eucherius
921 5703 934 5737 :
967 5686 1079 5757 tege
1107 5689 1195 5745 30.

553 5760 573 5789 ε
610 5751 806 5807 Vocem
832 5770 888 5808 se
917 5751 1123 5812 add'unt
1150 5759 1192 5813 Β
1220 5770 1276 5816 ει
1305 5763 1364 5816 D.

547 5820 572 5858 ά
604 5821 767 5878 Forte
791 5828 1040 5883 rationes.
1072 5828 1390 5892 Βυοιιειιιυε.

2172 3301 2265 3371 qui
2294 3311 2377 3357 est
2400 3319 2491 3359 vui
2516 3304 2623 3359 cal.
2664 3304 2815 3374 Mai.,
2839 3308 3172 3366 dominicum
3198 3314 3399 3382 pascha
3415 3315 3721 3370 celebrantes.

2245 3435 2586 3507 Cognoscant
2632 3442 2813 3512 itaque
2856 3460 2954 3515 per
2996 3454 3141 3501 tuam
3194 3450 3546 3517 sanctitatem,
3579 3452 3656 3520 qui
3687 3450 3727 3503 in

2174 3525 2280 3581 illis
2328 3530 2569 3599 partibus
2609 3534 2903 3603 ambigunt,
2937 3538 3083 3606 quod
3123 3539 3370 3610 legitime
3404 3559 3494 3613 per
3523 3552 3727 3598 octavam

2172 3618 2521 3677 indictionem
2577 3621 2781 3680 Pascha
2836 3629 3140 3697 peragimus
3207 3633 3249 3685 τ.
3299 3632 3572 3705 Propterea
3614 3634 3728 3688 enim

2174 3711 2366 3780 scripsi
2406 3721 2454 3779 ε,
2488 3711 2708 3769 Patrum
2752 3726 2806 3770 et
2844 3718 2898 3771 in
2939 3719 3043 3774 hoc
3078 3722 3477 3780 ecclesiasticas
3515 3723 3727 3781 formulas

2174 3804 2528 3873 subsequens,
2554 3815 2608 3861 et
2630 3808 2827 3864 exinde
2855 3812 3166 3868 occasiones
3194 3817 3275 3871 rei
3304 3816 3456 3887 hujus
3475 3832 3728 3878 assumens.

2176 3892 2266 3949 Sic
2301 3912 2534 3968 namque
2568 3907 2624 3954 et
2662 3915 3014 3970 praecessores
3056 3903 3083 3941 ιι
3112 3910 3313 3978 nostri,
3346 3911 3389 3964 si
3426 3911 3619 3978 quando
3649 3909 3729 3962 du-

2176 3987 2347 4043 bietas
2373 3997 2490 4044 orta
2513 3998 2616 4057 est,
2648 3992 2944 4062 praedicere
2972 3995 3324 4068 festinabant,
3350 4011 3406 4057 ut
3426 4002 3607 4072 ubique
3627 4016 3731 4056 con.

2175 4093 2435 4139 sonanter
2462 4096 2715 4155 ageretur
2741 4100 2927 4144 sancta
2959 4089 3244 4149 festivitas.
3272 4095 3423 4162 Quod
3445 4096 3593 4151 etiam
3618 4108 3730 4149 nunc

2171 4172 2325 4244 juxta
2363 4178 2594 4246 priscam
2636 4182 3085 4238 consuetudinem
3133 4188 3406 4244 credimus
3450 4189 3499 4243 in
3538 4189 3732 4244 Domino

2180 4266 2461 4333 praedicari
2492 4268 2546 4322 in
2588 4271 2833 4325 ecclesiis
2876 4288 3038 4326 unam
3082 4275 3267 4343 fidem,
3301 4294 3459 4333 unum
3486 4279 3730 4348 baptisma,

2177 4365 2234 4412 et
2274 4374 2435 4413 unam
2482 4360 2879 4417 solemnitatem
2930 4368 3349 4423 sacratissimam
3381 4367 3731 4441 paschalemalt

2180 4453 2427 4507 omnibus
2454 4453 2775 4511 Christianis
2801 4456 2999 4527 ubique
3029 4460 3294 4515 celebrari
3324 4464 3377 4517 in
3407 4462 3606 4519 Christo
3631 4462 3733 4515 Jesu

2179 4540 2409 4598 Domino
2440 4555 2663 4613 nostro;
2693 4548 2819 4607 quia
2866 4549 2919 4603 in
2962 4550 3077 4609 ipso
3119 4553 3369 4619 vivimus,
3397 4563 3451 4609 et
3474 4568 3732 4615 movemur,

2181 4641 2235 4687 et
2258 4634 2465 4690 sum'us.

2252 4772 2568 4831 Transferre
2606 4793 2737 4833 vero
2774 4780 2915 4834 hanc
2955 4783 3238 4852 epistolam
3288 4787 3341 4840 in
3387 4786 3580 4840 Latium
3616 4784 3734 4839 vocis

2182 4865 2476 4936 eloquium,
2508 4884 2616 4923 non
2647 4870 2778 4925 satis
2806 4882 3012 4927 certum
3040 4891 3159 4930 esse
3184 4879 3517 4947 putavimus;
3542 4894 3603 4932 ne
3623 4876 3735 4929 forte

2179 4961 2552 5027 gmcissantes
2590 4962 2772 5031 potius
2798 4964 2940 5034 apud
2972 4980 3071 5021 nos
3107 4965 3149 5035 ί,
3188 4984 3292 5025 nec
3325 4972 3339 5021 ι
3374 4969 3485 5040 jam
3531 4968 3737 5024 valentes

2243 5151 2267 5217 ξ
2389 5144 2482 5197 sed
2507 5147 2678 5215 gratia
2706 5145 2850 5217 Spir.
2885 5147 2948 5203 S.

2247 5211 2266 5251 ί
2298 5212 2359 5285 Β,
2386 5211 2709 5285 perdgenms.

2246 5294 2269 5356 β
2384 5284 2596 5356 scripta.

2248 5352 2273 5390 ιι
2300 5354 2373 5409 Ita
2402 5357 2440 5409 Β
2480 5352 2534 5432 et
2564 5357 2625 5432 ζ),
2678 5373 2908 5432 quorum
2934 5360 3084 5430 prior
3106 5377 3204 5432 pro
3231 5363 3397 5417 nostri
3436 5362 3590 5417 habet
3613 5370 3729 5429 pra-

2174 5442 2398 5480 cessores
2424 5428 2536 5481 met".
2575 5429 2630 5503 lu
2662 5430 2792 5485 edit.
2836 5428 3047 5487 Petavii
3074 5428 3131 5489 et
3158 5433 3326 5488 Buch.
3359 5433 3579 5503 legitur,
3606 5443 3716 5499 μηθ’

2175 5512 2409 5550 cursores
2439 5501 2620 5552 nostri.

2257 5565 2267 5602 ι
2306 5567 2381 5646 ita
2406 5566 2692 5656 Petaviana
2725 5570 2908 5638 editio,
2926 5581 2987 5656 et
3013 5589 3151 5656 mss.
3167 5574 3349 5642 codd.,
3372 5588 3506 5656 qui)?
3529 5568 3728 5656 ητοξῇιιέ

2176 5638 2326 5704 sequi
2380 5639 2663 5696 maluimus
2688 5682 2702 5706 ,
2733 5656 2894 5710 quam
2926 5643 3240 5702 Bucherium
3266 5687 3281 5711 ,
3314 5638 3407 5715 qui
3444 5638 3669 5710 hic—legit
3714 5653 3725 5689 ε

2174 5724 2279 5760 ιιοιι.

2246 5780 2258 5825 l
2299 5776 2354 5831 In
2380 5778 2520 5857 edit.
2552 5780 2737 5857 Petav.
2771 5794 2826 5837 et
2849 5783 3016 5839 Buch.
3050 5801 3330 5857 perperam
3362 5786 3448 5840 hic
3477 5778 3724 5857 interseri-

2170 5856 2274 5915 ῑυΐν
2306 5851 2465 5919 enim,
2493 5853 2633 5925 quod
2664 5869 2880 5911 sensum
2915 5851 3119 5918 turbat.
3150 5851 3273 5915 etin
3311 5872 3439 5912 mss.
3471 5855 3631 5911 deest.
