3878 6194
160 298 259 357 643

948 291 1234 348 DlONYSll
1274 290 1515 347 EXIGUI
1554 290 1885 349 EPISTULA
1920 294 2005 349 DE
2046 292 2342 349 RATIONE
2385 293 2698 349 PASCHAE.

3352 299 3449 355 5H

161 414 275 464 hac
303 407 589 476 diligenter
628 406 953 477 exprimere,
985 406 1240 460 laederent
1281 406 1591 474 veritatem,
1631 421 1758 475 pro-
1787 420 1834 471 Α
1861 408 2271 463 fraternitatem.
2305 408 2401 472 Te,
2432 425 2549 477 qua:
2582 410 2857 463 uobiscum
2884 418 2989 472 est,
3019 409 3221 464 salutat
3256 410 3309 465 in
3347 410 3455 466 Do-

160 510 271 572 ptet
311 502 596 556 informem
637 515 943 555 sermonem
974 507 1136 568 atque
1167 500 1549 569 incongruum,
1579 508 1637 555 et
1664 500 1758 569 qui

161 590 303 646 forte
334 608 439 647 non
466 594 538 646 ita
578 593 751 661 possit
790 593 1041 645 ardenter
1079 591 1420 659 scienterque
1456 589 1760 660 transferri,

158 684 311 739 sicut
348 698 505 739 causa
546 684 826 755 poscebat.
875 682 1059 738 Saluta
1099 698 1243 750 eam,
1282 698 1402 752 quae
1446 692 1625 740 tecum
1656 695 1757 749 est,

1865 502 2031 556 mino.
2058 500 2128 555 Et
2157 502 2264 556 alia
2290 518 2446 555 manu
2475 520 2487 555 :
2516 502 2711 555 Valere
2742 509 2795 555 te
2834 510 2889 556 et
2929 502 3098 556 nostri
3126 502 3454 569 meminisse,

1865 595 2098 660 domine,
2130 612 2342 665 precor,
2379 596 2725 651 dilectissime
2768 604 2824 651 et
2857 595 3311 650 desideratissime
3350 594 3458 647 fra-

1868 695 1950 741 ter
1984 696 2030 742 ⁸.

232 826 264 856 ⁸
301 817 549 875 Ultimam
571 819 711 873 hanc
736 833 945 882 vocem,
971 832 1087 885 qum
1115 817 1328 871 additur
1352 818 1403 871 in
1430 834 1581 881 mss.,
1619 816 1867 873 Petavius
1895 829 1948 872 et
1972 818 2265 874 Buclierius
2296 820 2614 874 omiserunt.

646 1029 1197 1107 ’EPISTOLA
1272 1024 1726 1103 DIONYSII
1807 1025 1937 1099 DE
2005 1024 2451 1101 RATIONE
2534 1022 2966 1122 PASCH/E,

1232 1176 1443 1214 SCRlI‘TA
1487 1174 1583 1212 ANK
1611 1186 1617 1197 '
1650 1172 1856 1211 οιιιιιδτι
1889 1172 2109 1210 νιτιΑςΑίιι
2145 1173 2298 1210 LXXVI
2334 1176 2377 1209 ".

223 1321 483 1378 Dominis
503 1335 534 1375 a
557 1334 647 1376 me
671 1318 958 1390 plurimum
979 1317 1319 1378 venerandis,
1347 1314 1620 1371 Bonifacio
1652 1317 1762 1387 pri-

158 1413 401 1469 micerio
424 1410 779 1475 notariorum,
807 1418 864 1463 et
888 1408 1039 1464 Bono
1064 1406 1454 1471 secundicerio,
1479 1407 1761 1479 Dionysius

156 1504 411 1572 Exiguus
436 1503 657 1559 salutem
681 1501 730 1555 δ.

224 1591 608 1647 Observantize
655 1601 678 1629 ο
722 1589 991 1660 paschalis
1033 1588 1294 1656 regulam,
1336 1586 1428 1642 diu
1471 1597 1660 1643 sancto
1700 1604 1764 1645 ac

157 1681 470 1739 venerabili
512 1679 767 1735 Petronio
808 1679 1065 1748 episcopo
1110 1687 1508 1741 commonente,
1545 1679 1761 1734 tandem

158 1773 313 1844 ctylo
345 1772 716 1828 commendare
743 1772 1069 1841 compulsus,
1102 1786 1318 1841 omnem
1354 1770 1613 1840 deinceps
1641 1787 1760 1825 am-

158 1864 487 1931 biguitatem
509 1861 851 1924 diversitatis,
879 1860 1409 1929 oppugnantiamque
1439 1858 1466 1897 ἀ
1495 1861 1762 1916 sublatam

160 1952 290 2008 fore
348 1952 670 2009 credideram
702 1969 717 2005 :
746 1952 980 2006 maxime
1017 1951 1161 2020 quod
1209 1959 1517 2005 sanctorum
1549 1959 1761 2006 trecen-

164 2052 365 2098 torum
391 2043 686 2099 octodecim
736 2043 1033 2096 antistitum
1067 2044 1156 2110 qui
1187 2041 1325 2110 apud
1356 2040 1585 2096 Nicmam
1634 2058 1764 2097 eon-

159 2143 438 2190 venerant
464 2134 836 2190 auctoritatem
878 2132 1005 2187 totis
1049 2131 1253 2186 nisibus
1297 2131 1568 2186 insinuare
1611 2148 1764 2187 cura-

160 2240 378 2290 verant,
407 2225 495 2295 qui
524 2226 577 2279 in
605 2224 700 2279 illo
733 2234 757 2262 ο
779 2223 1009 2278 concilio
1038 2222 1344 2277 venerando
1369 2222 1764 2278 decemnoven-

161 2316 354 2369 nalem
381 2315 583 2383 cyclum
615 2313 932 2381 regulariter
961 2310 1259 2379 afﬁgentes,
1282 2320 1499 2379 quartas
1526 2313 1765 2368 decimas

162 2402 332 2459 lanas
369 2403 629 2474 paschalis
659 2403 1014 2459 observantize
1042 2418 1139 2472 per
1166 2403 1343 2458 omnia
1378 2412 1617 2475 tempora
1649 2406 1765 2473 lege

161 2511 275 2553 suae
339 2492 357 2533 ί
408 2495 755 2551 revolutionis
816 2496 1121 2551 immobiles
1181 2494 1596 2551 adnotaverunt.
1656 2498 1764 2553 Sed

160 2586 430 2655 quoniam
471 2586 731 2641 sanctitas
767 2596 969 2652 vestra,
999 2593 1119 2639 orta
1150 2586 1227 2640 rei
1258 2586 1415 2653 hujus
1443 2588 1761 2654 qutestione,

162 2679 221 2730 de
250 2677 489 2732 archivo
511 2676 770 2733 Romanae
794 2676 1067 2741 Ecclesim,
1095 2662 1420 2741 Pasch'asini,
1446 2680 1767 2735 venerabilis

164 2768 437 2837 episcopi,
468 2768 685 2837 scripta,
714 2782 873 2836 quem
920 2775 1150 2833 constat,
1185 2783 1282 2837 pro
1309 2782 1538 2837 persona
1568 2770 1769 2824 beatis-

162 2859 285 2912 simi
327 2874 477 2927 papa
515 2858 726 2923 Leonis,
758 2868 946 2913 sancto
984 2858 1404 2914 Chalcedonensi
1449 2861 1766 2929 praesedisse

1868 1318 1969 1371 hac
1992 1318 2199 1371 ratione
2222 1316 2497 1386 peragitur
2524 1332 2535 1368 :
2562 1325 2617 1369 ut
2639 1331 2808 1370 annos
2829 1317 3059 1385 primum
3089 1325 3141 1373 et
3164 1318 3458 1375 secundum

1866 1422 2199 1471 communes,
2233 1407 2283 1460 id
2330 1416 2412 1460 est
2450 1407 2684 1459 minores
2714 1407 2940 1471 habeat;
2974 1409 3187 1461 tertium
3230 1411 3457 1465 emboli-

1796 1535 1840 1593 Β
1866 1512 2064 1562 smum,
2089 1497 2139 1551 id
2170 1507 2252 1553 est
2282 1496 2570 1564 majorem;
2603 1512 2800 1550 annum
2838 1506 3088 1565 quartum
3129 1507 3186 1554 et
3210 1500 3456 1569 quintum

1868 1588 1995 1642 item
2052 1602 2394 1650 communes,
2450 1596 2660 1641 sextum
2716 1587 3117 1653 embolismum,
3173 1589 3460 1659 septimum

1866 1695 2231 1741 communem,
2261 1689 2512 1734 octavum
2539 1679 2936 1733 embolismum.
2969 1680 3048 1735 Ac
3088 1696 3184 1750 per
3225 1681 3327 1735 hoc
3366 1695 3461 1751 og-

1866 1770 2056 1825 doadis
2103 1786 2417 1824 communes
2454 1770 2580 1823 anui
2629 1770 2869 1840 quinque
2915 1780 2971 1825 et
3009 1780 3119 1825 tres
3155 1773 3459 1828 embolismi

1863 1857 2065 1926 jugiter
2093 1860 2451 1913 ascribuntur.
2484 1858 2793 1914 Communis
2820 1869 3000 1914 autem
3040 1877 3211 1916 annus
3253 1863 3460 1917 duode-

1866 1949 1970 2003 cim
2000 1955 2214 2004 lunares
2242 1966 2453 2005 menses
2482 1950 2707 2017 colligit,
2737 1952 2828 2021 qui
2856 1952 2971 2005 dies
3001 1961 3273 2008 trecentos
3300 1954 3460 2022 quin-

1865 2040 2118 2109 quaginta
2148 2048 2379 2109 quatuor
2406 2039 2663 2095 efﬁeiunt.
2696 2040 3052 2096 Embolismus
3081 2052 3259 2097 autem
3289 2058 3461 2099 annus

1865 2137 1920 2182 et
1945 2130 2096 2184 lunas
2116 2130 2399 2198 tredecim,
2421 2138 2474 2185 et
2500 2131 2612 2185 dies
2643 2140 2912 2185 trecentos
2933 2132 3205 2200 octoginta
3229 2143 3461 2203 quatuor

1865 2218 2065 2273 habere
2113 2228 2463 2274 monstratur.
2516 2219 2645 2274 item
2685 2220 2954 2275 bendecas
2989 2221 3090 2276 hac
3119 2221 3236 2290 lege
3264 2223 3459 2277 decur-

1866 2310 1939 2362 rit
1966 2309 2013 2362 ⁸.
2050 2310 2237 2380 lncipit
2268 2326 2295 2363 a
2328 2323 2473 2364 nono
2506 2312 2515 2347 ι
2550 2311 2706 2380 cyclo
2736 2311 3230 2377 decemnovennali,
3262 2313 3354 2383 qui
3379 2323 3461 2368 est

1867 2397 2072 2453 lunari~
2102 2410 2319 2466 sextus;
2345 2400 2495 2469 cujus
2520 2401 2724 2470 primus
2754 2409 2807 2455 et
2836 2404 3098 2457 secundus
3120 2419 3291 2457 annus
3311 2418 3460 2458 com-

1868 2490 2043 2543 munis
2083 2499 2186 2554 est,
2238 2491 2427 2543 tertius
2477 2490 2843 2556 embolismus,
2890 2502 3112 2561 quartus
3148 2502 3203 2547 et
3243 2494 3459 2562 quintus

1866 2580 2186 2645 communis,
2224 2589 2411 2635 sextus
2450 2582 2822 2649 embolismus,
2849 2582 3111 2651 septimus
3147 2591 3203 2636 et
3237 2594 3461 2639 octavus

1868 2684 2204 2736 communes,
2250 2686 2421 2725 nonus
2469 2672 2837 2739 embolismus,
2869 2672 3105 2727 decimus
3138 2674 3460 2744 communis,

1870 2761 2183 2816 undecimus
2211 2761 2559 2818 embolismus
2589 2805 2600 2816 .
2632 2765 2814 2833 sicque
2842 2763 3112 2820 heudecas
3152 2765 3454 2823 communi-

1870 2851 1969 2907 bus
2016 2852 2170 2907 annis
2215 2862 2442 2923 septem,
2475 2854 2807 2909 embolismis
2842 2863 3074 2923 quatuor
3120 2857 3455 2910 terminatur.

164 2948 427 3015 ατη.εῆἰο⁹
454 2950 517 3003 ad
539 2952 785 3005 eumdem
816 2966 1006 3020 papam
1038 2966 1135 3020 per
1164 2951 1302 3004 idem
1326 2960 1537 3021 tempus
1560 2951 1763 3007 directa
1793 2929 1837 2992 C
1869 2942 2318 3000 Embolismorum
2365 2955 2543 3000 autem
2588 2947 2688 3001 ista
2731 2948 2873 3001 ratio
2916 2947 3177 3017 probatur
3203 2949 3456 3014 existere,

162 3056 315 3097 nunc
348 3044 590 3112 pratulit,
619 3058 739 3114 qua:
764 3043 966 3099 sanctis
1004 3041 1250 3097 Patribns
1289 3043 1523 3099 evidenti
1553 3044 1765 3100 ratione

162 3135 541 3201 consentiunt,
590 3135 703 3189 haec
749 3144 773 3180 Β
826 3134 1075 3204 praesenti
1127 3134 1412 3190 indidimus
1459 3136 1609 3205 operi
1651 3154 1664 3189 :
1706 3144 1765 3191 ut

164 3226 332 3293 hujus
358 3225 523 3279 etiam
555 3226 654 3279 viri
685 3225 992 3281 testimonio
1020 3225 1333 3289 niteremur,
1359 3225 1450 3295 qui
1474 3226 1762 3295 manifesto

164 3314 437 3368 miraculo
486 3315 867 3370 venerabilium
908 3314 1219 3385 pontiﬁcum
1249 3315 1520 3385 paschalia
1547 3316 1763 3372 decreta

165 3402 476 3456 conﬁrmat.
508 3402 644 3469 Quia
666 3419 794 3458 vero
824 3403 875 3457 in
909 3403 1124 3472 scriptis
1152 3403 1318 3471 ipsius
1347 3402 1370 3440 ι’
1397 3405 1762 3460 communium

164 3507 436 3548 annorum
483 3504 541 3549 et
584 3496 1020 3552 embolismorum
1066 3498 1269 3552 mentio
1315 3496 1455 3551 facta
1494 3504 1596 3559 est,
1636 3505 1691 3550 et
1730 3511 1764 3551 a

165 3585 442 3639 nonnullis
468 3586 585 3641 hare
613 3588 773 3656 ratio,
810 3603 927 3657 qua:
972 3604 1039 3643 ex
1086 3588 1452 3651 Hebraeorum,
1488 3596 1544 3640 ut
1574 3586 1761 3656 fertur,

164 3675 459 3730 traditione
487 3675 784 3743 descendit,
817 3692 1142 3748 magnopere
1170 3677 1447 3747 quzeritur,
1491 3676 1630 3730 scire
1662 3692 1761 3730 vo-

163 3763 403 3820 lentibus
434 3774 612 3820 utrum
659 3766 782 3823 huic
819 3777 1043 3837 paterna
1081 3768 1266 3837 regula
1306 3766 1317 3802 ί
1355 3780 1653 3820 consonare
1683 3766 1764 3820 vi-

162 3852 378 3915 deatur,
413 3855 775 3908 necessarium
822 3856 1073 3909 duximus
1118 3862 1173 3909 et
1214 3855 1353 3907 hanc
1391 3853 1659 3915 notitiam,
1694 3868 1762 3909 ne

163 3946 429 4011 probetur
468 3948 521 3999 in
566 3946 744 4017 aliquo
782 3946 1061 4011 dissidere,
1093 3954 1279 4001 coacta
1320 3944 1583 4000 brevitate
1610 3946 1760 4014 dige-

162 4048 312 4089 rere.

233 4124 562 4179 Noverimus
606 4126 787 4194 itaque
813 4127 937 4194 quia
970 4125 1110 4179 idem
1138 4124 1641 4179 deccmnovcnnalis
1670 4140 1759 4195 cy-

162 4215 281 4269 clus
316 4216 330 4263 i
370 4232 467 4285 per
496 4216 795 4285 ogdoadem
843 4226 896 4271 et
940 4216 1302 4271 hendecadem
1349 4230 1562 4285 semper
1604 4217 1655 4270 in
1701 4232 1760 4270 se

1867 3034 1991 3103 quia
2031 3049 2296 3090 annorum
2325 3036 2690 3091 communium
2717 3037 2928 3093 videtur
2954 3038 3148 3094 damna
3184 3041 3454 3113 supplere,

1866 3133 2133 3194 quatenus
2156 3126 2222 3180 ad
2248 3127 2425 3181 solare
2452 3136 2661 3197 tempus
2699 3127 2901 3183 lunaris
2929 3138 3242 3199 exmquetur
3267 3146 3459 3186 excur-

1864 3214 1967 3273 sio.
1999 3217 2252 3284 Quamvis
2275 3219 2416 3274 enim
2446 3220 2571 3273 anni
2600 3220 2791 3275 solaris
2810 3220 3068 3276 circulum
3090 3231 3128 3258 ω
3152 3236 3250 3291 per
3277 3223 3461 3292 singu-

1866 3307 2189 3365 los-menses
2216 3309 2343 3363 luna
2369 3310 2687 3379 circumeat,
2718 3318 2897 3366 tamen
2927 3310 3043 3380 ejus
3071 3312 3457 3382 perfectionem

1865 3398 2148 3453 duodecim
2186 3400 2298 3455 suis
2337 3401 2611 3455 mensibus
2640 3402 2863 3472 implere
2893 3419 2999 3458 non
3027 3404 3173 3460 valet
3202 3413 3251 3457 ι.
3298 3404 3459 3461 Deni-

1865 3505 1971 3559 que
2010 3491 2063 3545 in
2104 3493 2259 3547 annis
2300 3494 2675 3547 communibus
2702 3494 2767 3547 ad
2798 3495 3061 3551 rationem
3100 3496 3293 3552 solaris
3331 3498 3459 3553 anni

1865 3580 2113 3635 undecim
2143 3581 2259 3637 dies
2287 3582 2426 3636 lunae
2454 3583 2644 3637 deesse
2673 3593 2987 3641 cernuntur.
3031 3585 3089 3639 ln
3128 3588 3459 3643 embolismis

1864 3688 1995 3728 vero
2022 3674 2395 3729 novemdecim
2426 3674 2616 3731 diebus
2640 3676 2889 3731 eumdem
2918 3692 3117 3732 annum
3142 3680 3350 3734 videtur
3376 3696 3461 3734 so-

1865 3762 2031 3819 larem
2063 3773 2087 3799 °
2120 3764 2244 3819 luna
2286 3767 2684 3821 transcendere.
2727 3768 3065 3836 Quapropter
3103 3770 3361 3837 ogdoadis
3400 3782 3457 3825 et

1866 3854 2194 3909 liendecadis
2228 3871 2421 3923 annos,
2454 3856 2607 3925 juxta
2641 3858 2848 3925 praefati
2881 3858 3063 3911 circuli
3108 3860 3370 3923 ordinem,
3403 3861 3457 3915 in

1864 3946 2101 4002 medium
2132 3946 2493 4015 proferamus,
2526 3956 2580 4002 et
2609 3947 2809 4015 liquido
2835 3948 3180 4017 probabimus
3209 3966 3306 4020 per
3330 3962 3457 4007 octo

1864 4052 2036 4091 annos
2058 4044 2114 4090 et
2140 4036 2385 4091 undecim
2409 4037 2546 4091 lunae
2572 4053 2786 4091 cursum
2811 4053 2931 4091 cum
2955 4039 3069 4093 sole
3091 4042 3420 4097 contendere
3436 4082 3453 4109 ,

1862 4126 2079 4196 quando
2101 4134 2180 4182 tot
2201 4127 2315 4181 dies
2338 4127 2421 4179 illa
2451 4128 2668 4196 colligat
2694 4140 2823 4198 quot
2854 4129 2944 4183 ille
2969 4132 3285 4188 cucurrerit.

1935 4219 1990 4273 In
2015 4219 2257 4289 ogdoade
2278 4220 2508 4275 diximus
2527 4222 2765 4291 quinque
2790 4239 2960 4277 annos
2979 4240 3099 4280 esse
3120 4241 3454 4291 communes,

162 4305 479 4361 revolvitur.
525 4306 661 4363 Octo
707 4324 935 4377 namque
972 4316 1028 4362 et
1066 4306 1310 4361 undecim
1350 4308 1465 4376 ipse
1512 4323 1765 4362 numerus
1794 4306 1845 4365 D
1872 4318 1980 4364 tres
2025 4310 2389 4364 embolismos.
2423 4310 2718 4380 Quinquies
2762 4326 2891 4380 ergo
2920 4324 2946 4362 ρ
2979 4318 3271 4370 trecenteni
3301 4320 3458 4387 quin-

160 4397 487 4465 explicatur.
511 4397 727 4466 Ogdoas
753 4411 906 4465 ergo,
932 4412 1050 4468 quze
1080 4398 1262 4467 incipit
1292 4412 1320 4450 a
1353 4397 1527 4466 primo
1546 4398 1761 4452 decem-

162 4488 454 4543 uorennali
490 4488 669 4559 cytlo,
700 4490 789 4558 qui
828 4497 910 4543 est
957 4488 1157 4543 lunaris
1196 4486 1436 4542 decimus
1479 4486 1757 4557 septimus,

240 4628 269 4656 ⁸
307 4618 415 4674 Boc
440 4634 585 4673 anno
616 4619 869 4688 scriptam
894 4634 1012 4674 esse
1034 4620 1172 4673 hanc
1192 4619 1496 4689 epistolam,
1527 4618 1758 4689 probant

167 4688 518 4759 gharacteres
569 4690 736 4759 ipsius
761 4689 868 4756 jam
898 4704 1059 4759 supra
1090 4688 1313 4759 notati,
1335 4700 1390 4759 et
1416 4688 1758 4759 consentiunt

164 4756 467 4827 Eucherius
514 4756 603 4813 de'
627 4757 878 4813 Doctrina
928 4756 1113 4827 temp.,
1159 4774 1211 4827 p.
1256 4756 1391 4821 489;
1448 4758 1622 4812 Noris.
1691 4760 1761 4813 de

164 4826 337 4899 βιαιο
358 4828 516 4891 Rav.,
550 4845 601 4899 p.
636 4827 758 4893 200,
780 4839 882 4883 etc.
911 4828 1021 4899 Nos
1042 4826 1207 4899 illam,
1240 4844 1269 4880 a
1302 4827 1521 4882 Petavio
1554 4829 1676 4899 licet
1705 4838 1758 4884 et

164 4886 437 4952 Eucherio
464 4886 576 4967 jam
605 4886 824 4962 editam,
847 4914 964 4952 cum
998 4886 1205 4967 duplici
1226 4899 1412 4952 codice
1440 4914 1538 4951 ms.
1571 4898 1761 4952 Cotto-

166 4968 354 5025 niano.
385 4966 657 5023 Tiber/f3.
685 4967 739 5031 4,
770 4978 821 5020 et
841 4966 1007 5036 Calig.
1042 4967 1105 5020 A.
1140 4966 1232 5029 15,
1267 4968 1554 5036 Qigbzeano
1583 4968 1616 5021 6
1659 5011 1675 5036 ,
1702 4978 1759 5023 et

166 5036 466 5093 Bodleiano
495 5038 555 5091 ιτ.
581 5036 624 5091 Ν
662 5036 724 5090 Ε.
759 5038 810 5101 5,
830 5032 1238 5094 5.eontulimus.
1264 5032 1500 5103 Quorum
1525 5032 1757 5106 primum

162 5108 500 5178 gignabimus
530 5123 628 5177 per
669 5106 712 5178 β
767 5112 817 5174 l,
857 5108 1085 5160 alterum
1118 5107 1272 5176 pch
1307 5106 1371 5172 Ξ,
1403 5108 1616 5161 tertium
1662 5124 1762 5178 per

166 5175 235 5239 Β.
270 5175 639 5246 (ιυπιιιπιρει-
668 5176 726 5229 Β.
1121 5175 1128 5176 ί

242 5247 275 5285 δ
308 5246 419 5300 Vox
450 5248 565 5301 haec
594 5248 645 5300 in
677 5255 907 5317 utroque
932 5245 1259 5299 Cottoniano
1298 5250 1470 5302 deest.

245 5328 273 5353 ε
310 5318 429 5377 Alii,
454 5319 748 5372 reverentia
768 5334 786 5371 :
818 5334 921 5370 non
951 5319 1109 5371 bene.
1146 5317 1468 5373 Bucnsntus.
1489 5348 1567 5365 -—
1586 5318 1681 5376 Sic
1708 5326 1763 5374 et

165 5394 408 5509 «atque
435 5388 605 5441 eodex
634 5387 852 5440 Cotton.

332 5467 383 5509 ta
412 5454 452 5509 C
476 5456 514 5509 Ω
539 5464 596 5509 et
626 5455 689 5509 D.
717 5488 788 5498 --
815 5456 852 5509 It

240 5454 275 5493 ⁴
309 5454 383 5510 Ita
412 5454 452 5510 C
476 5456 514 5510 Ξ
539 5464 596 5511 et
626 5455 689 5509 D.
717 5488 788 5498 --
815 5456 872 5509 In
899 5456 1061 5512 editis
1084 5457 1315 5525 legitur:
1341 5476 1545 5514 omnem
1593 5461 1757 5516 diver-

156 5528 349 5583 ιὶωιίε
370 5527 823 5648 ορρυῖῃνιαιίοιιεηι.

247 5607 276 5633 ο
308 5595 397 5648 Sic
423 5598 463 5648 C
538 5612 636 5648 oro
663 5598 796 5648 imo.
820 5620 823 5643 ι

247 5607 276 5633 ο
308 5595 397 5650 Sic
423 5598 463 5650 C
482 5595 519 5648 Ξ
538 5612 636 5667 pro
663 5598 796 5666 ipso,
820 5598 961 5666 quod
990 5604 1074 5652 est
1102 5598 1154 5652 in
1174 5598 1349 5654 editis.

233 5711 255 5778 _’
282 5708 357 5778 si
366 5721 569 5778 noscere
589 5711 716 5778 velis
742 5724 885 5778 quam
908 5712 970 5759 oh
1006 5725 1196 5778 causam
1234 5715 1357 5764 hanc
1392 5716 1644 5774 epistolam
1666 5718 1763 5778 jam

160 5774 269 5822 ml.
296 5770 360 5819 23
382 5773 674 5834 exscriptam
698 5770 787 5823 hoc
809 5776 985 5824 iterum
1019 5774 1124 5826 loco
1164 5770 1497 5840 posuerimus,
1522 5781 1630 5828 vide
1652 5770 1763 5845 qua)

1866 4402 2095 4470 quageni
2121 4402 2388 4471 quaterni,
2415 4403 2545 4455 ﬁunt
2575 4404 2720 4457 mille
2747 4405 3068 4476 septingenti
3096 4410 3455 4477 septuaginta;

1865 4501 1922 4545 et
1963 4500 2045 4545 ter
2092 4492 2387 4545 trecenteni
2426 4494 2674 4561 octogeni
2720 4497 2999 4564 quaterni,
3049 4495 3195 4553 mille
3241 4508 3457 4554 centum

1865 4692 1883 4745 ι
1942 4621 1963 4703 ί.
1989 4622 2081 4678 Sic
2104 4632 2332 4694 uterque
2383 4624 2445 4679 C.
2493 4626 2774 4694 Petavius,
2808 4628 2933 4702 legis
2961 4649 3099 4695 ειιιε;
3128 4632 3419 4691 Bucherius
3439 4676 3455 4703 ,

1885 4710 1983 4745 em.

1885 4710 2067 4816 castita
2101 4763 2142 4817 B
2167 4773 2221 4819 et
2251 4765 2313 4819 D.
2340 4764 2524 4821 Petav.
2555 4776 2609 4821 et
2643 4767 2831 4834 Bucb.,
2859 4771 2998 4825 huic.

1939 4833 1963 4908 ξι
1992 4834 2080 4908 Sic
2108 4836 2149 4888 C
2180 4835 2202 4887 ‘I
2234 4846 2287 4888 et
2316 4836 2376 4900 Β,
2412 4853 2507 4905 pro
2537 4839 2683 4905 ipsis,
2715 4833 2860 4908 quod
2890 4851 2972 4895 est
2996 4842 3047 4895 in
3083 4842 3263 4899 editis.

1866 4971 1901 5025 2
1928 4902 2100 5026 ἐιλὲη
2125 4914 2357 4976 paterna:
2396 4902 2610 4980 regalia.
2642 4902 2965 4966 Buénsuws.
3006 4910 3289 4967 Consentit
3326 4912 3366 4967 C
3400 4915 3451 4980 ἐ,

1942 5055 1954 5092 ι
1991 5044 2052 5105 Β,
2086 5046 2334 5099 circulus.

1941 5111 1962 5150 κ
1987 5112 2062 5167 lta
2087 5114 2628 5183 Cottonianus.Editi,
2657 5121 2917 5174 discurrit.

1944 5183 1959 5221 ι
1998 5185 2085 5239 Sic
2108 5185 2264 5259 pigb.
2316 5198 2369 5241 et
2402 5188 2631 5252 Bodlei.,
2674 5205 2742 5243 ex
2764 5192 2957 5259 quibus
2980 5192 3318 5248 correximus
3342 5194 3449 5252 lec-

1870 5255 2071 5329 tionem
2098 5255 2307 5329 Petavii
2335 5276 2347 5311 :
2382 5276 2519 5311 anno
2550 5260 2691 5329 cyclo
2720 5255 2832 5313 dcc.

1941 5337 1977 5405 ξο
2018 5325 2058 5379 C
2092 5326 2151 5405 i__,
2186 5328 2323 5405 solis_
2364 5316 2601 5405 nituntur;
2647 5334 2863 5405 cyclum.
2920 5328 3205 5405 consentit
3243 5336 3319 5405 B;
3353 5336 3394 5394 C
3422 5338 3461 5394 2
3560 5316 3563 5317 ν

1870 5397 2031 5474 lia!.e_t
2050 5396 2175 5474 solis
2197 5398 2371 5474 arguit:
2384 5398 2543 5474 (forte
2574 5396 2825 5472 annuum)
2857 5402 3079 5474 cyclttm.

1944 5476 1968 5501 υ
1998 5466 2069 5519 Ita
2099 5466 2137 5519 Β
2166 5466 2305 5521 etC.
2334 5466 2494 5534 Editi,
2521 5474 2783 5533 pravam.

1944 5544 1968 5570 ο
2002 5536 2125 5591 Haec
2152 5553 2255 5591 vox
2285 5540 2334 5591 in
2362 5538 2404 5591 D
2432 5539 2605 5595 deest.

1942 5617 1967 5655 ι)
1998 5606 2038 5661 C
2072 5607 2094 5659 l
2132 5606 2279 5661 addit
2309 5609 2437 5664 dies.

1869 5721 2205 5788 adeptstolam
2229 5721 2461 5788 Petronio
2494 5726 2729 5788 directam
2756 5734 3025 5783 notavimus
3050 5734 3142 5784 col.
3164 5736 3257 5788 483
3283 5750 3294 5785 :
3330 5736 3459 5785 idem

1868 5784 1998 5831 enim
2024 5788 2086 5831 de
2110 5787 2339 5846 prwsenti
2361 5786 2441 5850 epi
2460 5786 2566 5837 tola
2585 5793 2916 5845 Senticudum.
2946 5795 3078 5848 Eutr.
