3938 6196
535 254 639 309 515

535 376 920 444 quinquaginta
955 377 1081 442 duo,
1114 394 1179 433 ac
1219 395 1315 449 per
1357 380 1463 435 hoc
1504 381 1661 436 simul
1703 382 1835 436 ﬁunt
1874 383 1955 438 bis
1984 385 2131 439 mille

537 468 795 535 nongenti
828 468 1010 538 viginti
1043 470 1170 524 duo.
1218 471 1484 527 Similiter
1511 482 1638 529 octo
1677 476 1805 529 anni
1833 475 2057 543 solares,
2086 477 2132 532 si

535 559 590 615 in
616 576 876 616 summam
904 563 1234 631 redigantur,
1260 564 1311 618 id
1332 573 1414 619 est
1438 567 1607 623 octies
1634 568 1858 623 trecenti
1879 569 2133 637 sexageni

535 650 705 717 quini,
739 658 793 704 et
817 651 1085 719 quadrans
1116 662 1162 717 ⁸,
1189 653 1389 707 faciunt
1417 656 1571 709 simul
1602 658 1684 711 bis
1713 659 1860 712 mille
1888 671 2129 726 nongen-

538 746 621 793 tos
653 741 838 809 viginti
885 742 1038 797 duos.
1086 742 1260 799 Simili
1297 747 1458 802 modo
1490 758 1545 803 et
1582 749 1905 807 heudecadis
1932 767 2122 816 annos,

539 830 627 897 qui
658 839 781 885 sunt
809 847 1124 889 communes
1150 843 1356 905 septem
1387 846 1441 891 et
1467 848 1699 906 quatuor
1728 841 2048 908 embolismi,
2080 843 2127 897 si

540 919 590 973 in
619 936 880 976 summam
901 939 965 978 ea
986 939 1090 992 qua
1119 926 1350 981 diximus
1372 931 1753 999 supputatione
1775 933 2128 1001 congesseris,

541 1014 869 1067 tantumdem
908 1031 1047 1095 pene
1076 1020 1331 1088 reperies,
1364 1031 1621 1089 quantum
1651 1022 1901 1078 undecim
1927 1025 2135 1079 solares

542 1104 665 1156 anni
688 1104 999 1172 coniiciunt,
1030 1110 1133 1163 hoc
1160 1118 1460 1181 estquater
1485 1114 1629 1169 mille
1651 1115 2055 1183 quatuordecim
2082 1112 2129 1170 δ.

545 1191 667 1249 llaec
689 1202 773 1251 est
795 1210 924 1264 ergo
946 1198 1403 1266 embolismorum,
1427 1202 1564 1258 sicut
1585 1204 1947 1273 praediximus,
1973 1206 2130 1271 ratio,

544 1294 603 1339 ut
629 1286 976 1344 incrementis
994 1292 1105 1346 suis
1129 1294 1491 1348 communium
1520 1310 1787 1351 annorum
1810 1295 2134 1350 detrimenta

546 1389 922 1446 compensant.

614 1466 722 1521 Sed
745 1467 863 1535 jam-
883 1470 1297 1538 pulcberrimam
1320 1475 1474 1529 vobis
1503 1484 1665 1545 atque
1692 1477 2003 1546 praeclaram
2032 1480 2140 1533 col-

547 1558 831 1612 lectionem
883 1560 1049 1628 ipsius
1092 1563 1229 1632 cycli
1277 1563 1787 1620 decemnovennalis
1833 1568 2137 1632 ostendam,

548 1661 643 1714 per
684 1660 843 1715 quam
890 1663 1108 1702 omnem
1156 1650 1409 1721 deinceps
1464 1652 1893 1722 ambiguitatem,
1938 1656 1982 1709 si
2032 1670 2139 1724 qua

549 1743 694 1791 mota
722 1736 900 1803 fuerit,
925 1737 1181 1795 auleratis
1206 1758 1219 1794 :
1250 1755 1352 1796 nec
1378 1741 1447 1797 sit
1474 1742 1548 1796 ita
1573 1743 1695 1812 quis
1720 1744 1889 1799 nimio
1915 1754 2136 1814 stupore

624 2003 647 2062 fl
680 1991 745 2062 ρ,
773 1990 1107 2062 quadrantes.

624 2060 650 2099 ι)
680 2057 803 2115 Ηίεὰ
841 2061 1035 2115 desunt
1065 2060 1117 2111 in
1156 2057 1198 2111 Β
1244 2065 1299 2111 et
1349 2060 1404 2111 in
1436 2067 1664 2128 utroque
1707 2058 1779 2126 C;
1839 2060 1933 2115 sed
1981 2060 2024 2113 D
2072 2077 2137 2118 ea

552 2132 768 2187 retinet.
802 2129 841 2183 C
890 2128 941 2192 1,
987 2128 1145 2198 paulo
1202 2135 1345 2196 post,
1368 2128 1554 2198 alieno
1585 2131 1711 2185 licet
1740 2130 1892 2198 loco,
1922 2130 2139 2186 hiccin-

553 2208 693 2257 serta
719 2200 896 2261 habet,
924 2198 991 2273 ad
1018 2206 1336 2273 priesentem
1366 2197 1539 2273 locum
1565 2202 1867 2273 Spectantia
1900 2219 1912 2253 :
1940 2199 2138 2273 Conge-

555 2287 729 2327 ramus
746 2286 866 2340 ergo
889 2266 1199 2321 endecadem
1225 2268 1549 2340 persolarem
1572 2266 1621 2323 et
1643 2271 1879 2325 lunarem
1904 2266 2134 2336 cursum,

560 2336 928 2414 incommu'nes“
958 2353 1142 2414 anng,
1194 2344 1244 2392 et
1288 2336 1323 2390 4
1367 2338 1714 2395 emboliSmos.
1769 2341 1972 2414 Septies
1998 2359 2137 2414 ergo

554 2411 661 2466 dies
685 2407 1049 2481 cccuv_tiu_ut_
1073 2409 1117 2463 Ti
1145 2422 1511 2481 ccchxxvm,
1548 2420 1607 2481 _e_t
1646 2407 1881 2481 quaterni
1912 2407 2142 2478 (scilicet

552 2481 855 2534 embolismi
872 2476 976 2532 584
1000 2477 1274 2547 dierum)?
1296 2494 1511 2532 nxxxvr.
1538 2476 1701 2533 Fiunt
1725 2481 1878 2533 simul
1896 2476 1979 2537 ii—n
2004 2497 2137 2538 xuii.

560 2550 695 2605 Item
719 2562 775 2604 ιι
795 2551 993 2618 solare:
1016 2563 1183 2603 annos
1203 2548 1381 2602 eodem
1402 2552 1779 2618 sapputaiionis
1809 2554 2016 2605 tramite
2036 2554 2146 2607 cab-

557 2620 800 2693 culemus.
833 2617 1122 2693 UndecieL
1136 2617 1244 2672 dies
1286 2617 1566 2693 trecenteni
1617 2622 1865 2693 sexageni
1892 2624 2053 2693 quini,
2092 2630 2143 2676 et

558 2688 868 2764 quadrantes
881 2688 1015 2764 ﬁant
1133 2697 1315 2764 xvn_et
1340 2686 1578 2764 ignora}.
1608 2686 1813 2764 Idcir'co
1834 2693 1887 2764 in
1903 2686 2139 2764 bgdoade

560 2758 720 2824 (forte
744 2759 1027 2828 legendum
1074 2760 1129 2811 in
1159 2758 1439 2827 endecade)
1465 2759 1662 2812 videtur
1680 2760 1757 2814 sol
1775 2758 1953 2815 tribui
1966 2762 2143 2815 diebus

559 2840 613 2882 et
645 2829 713 2884 i8
739 2829 878 2882 horis
928 2829 1227 2900 praecellere
1255 2828 1450 2900 lunam.
1492 2828 1630 2900 ideo
1655 2830 1791 2884 dixit
1821 2848 1838 2884 :
1868 2848 1998 2900 pene
2027 2840 2146 2885 tan-

561 2899 792 2967 tumdem
820 2899 1063 2971 reperies,
1100 2899 1223 2971 quia
1243 2898 1678 2971 aliquiddi/ferre
1700 2898 1955 2971 previdit,
1976 2911 2026 2955 et
2049 2902 2144 2957 hoc

556 2971 814 3041 pragipzie
830 2968 1280 3041 iniquadrantibus
1311 2969 1501 3022 accidit
1529 2970 1646 3023 sibi.

635 3049 657 3079 ε
684 3037 793 3092 lnC
822 3038 845 3090 i
874 3037 1043 3091 deest.
1360 3063 1383 3083 ο

630 3107 665 3181 δέ
706 3108 781 3181 ita
812 3109 871 3181 D.
906 3106 1049 3163 Editi
1094 3106 1325 3181 habent,
1375 3110 1632 3181 sequentis
1679 3110 1821 3181 quod
1843 3112 2140 3180 quwiimur.

563 3179 672 3235 Sed
699 3178 807 3301 ᾱᾶιο
862 3179 974 3232 ιιωο
1014 3178 1315 3247 posteriora
1358 3178 1525 3233 verba
1557 3180 1610 3233 in
1655 3178 1905 3235 omnibus
1947 3183 2144 3236 nostris

565 3266 695 3301 mss.
764 3259 941 3301 esum.

565 3266 695 3305 IIISS.
727 3259 941 3303 desunt.

635 3329 657 3356 ε
688 3318 859 3389 Valde
903 3318 1159 3387 perplexa
1186 3324 1255 3389 et;
1290 3316 1543 3389 impedita
1568 3326 1651 3371 est
1679 3316 2000 3389 Dionysiana
2031 3320 2145 3375 lucc

562 3390 756 3445 oratio.
810 3388 1086 3442 Sententia
1134 3387 1351 3457 quidem
1400 3388 1475 3457 in,
1506 3387 1649 3441 hunc
1696 3387 2050 3443 fere'modum
2076 3406 2143 3444 ex

562 3460 702 3514 illius
725 3457 971 3514 doctrina
992 3456 1202 3525 concipi
1226 3464 1422 3526 potest.
1451 3456 1637 3513 Annus
1655 3458 1881 3525 quilibet
1908 3475 2143 3514 commu-

563 3531 643 3583 nis
672 3528 861 3582 diebus
887 3536 1098 3582 constat
1131 3527 1235 3583 554
1260 3544 1274 3593 ;
1306 3527 1672 3583 embolimaeus
1702 3543 1830 3583 ve.-o
1859 3527 1983 3582 584.
2032 3530 2143 3585 Ex—

565 3601 681 3667 cipe
707 3597 1247 3667 decemnoveunalem
1277 3598 1536 3667 primum,
1567 3598 1656 3665 qui
1678 3597 1782 3652 555
1811 3599 1926 3652 dies
1950 3598 2142 3652 dunta-

564 3666 655 3722 xat
684 3667 907 3723 obtinet.
939 3666 1072 3721 Nam
1098 3669 1266 3737 prima
1296 3667 1408 3721 dies
1438 3667 1579 3721 illius
1607 3677 1690 3721 est
1717 3668 1921 3722 decima
1955 3670 2142 3737 quinta

564 3737 829 3809 paschalis
851 3740 1048 3809 ,aurei
1091 3738 1303 3809 numeri
1346 3753 1474 3809 xix,
1507 3752 1625 3807 quae
1654 3747 1833 3809 estxv
1860 3739 1961 3791 cal.
1996 3739 2139 3803 Maii,

562 3807 675 3863 sive
714 3808 829 3863 dies
874 3808 940 3860 17
971 3807 1143 3877 April.
1177 3808 1398 3874 ;ultima
1426 3808 1542 3862 dies
1589 3817 1673 3862 est
1722 3808 1929 3864 decima
1954 3820 2145 3878 quarta

600 3878 848 3943 aschalis,
866 3880 1025 3949 aurci
1051 3878 1259 3932 numeri
1289 3894 1326 3940 ι,
1358 3891 1555 3947 nempe
1582 3879 1767 3949 quinia
1793 3878 1909 3932 dies
1927 3879 2141 3949 Aprilis.

600 3897 848 3943 35003115,
878 3897 1025 3933 aurci
1051 3897 1259 3932 numeri
1289 3897 1326 3940 Ι,
1358 3897 1555 3947 nempe
1582 3897 1767 3946 qumta
1793 3897 1909 3932 (lleS
1927 3897 2141 3949 Aprilis.

564 3897 796 4004 groinde
826 3946 930 4002 355
958 3950 1071 4004 dies
1101 3949 1151 4003 ei
1173 3963 1316 4003 anno
1344 3954 1674 4017 competunt.
1710 3946 1920 4003 Etenim
1952 3963 2147 4004 aureus

565 4034 822 4075 numerus
844 4034 965 4087 xix,
985 4021 1050 4071 ad
1073 4027 1293 4086 epactas
1319 4018 1528 4087 priores
1539 4033 1667 4072 xvm
1682 4058 1696 4083 ,
1719 4034 1829 4073 non
1846 4035 1899 4072 xi
1920 4019 2055 4085 dies,
2086 4027 2148 4073 ut

564 4090 764 4148 cmleri,
788 4088 881 4141 sed
911 4086 981 4156 1‘2
1007 4088 1299 4156 adjicit:ex
1322 4086 1520 4155 quibus
1538 4098 1740 4156 epactaa
1765 4089 2061 4154 xxx,velO,
2097 4091 2148 4143 id

564 4168 647 4215 est
668 4158 826 4211 nulla:
848 4155 1223 4221 coniiciuntur,
1255 4172 1374 4224 qua:
1395 4155 1697 4223 congruunt
1726 4172 1890 4212 aureo
1922 4174 2147 4213 numero

564 4244 614 4293 I,
642 4229 715 4281 uti
748 4229 838 4280 lib.
873 4241 923 4280 iv
952 4226 1017 4280 de
1040 4225 1218 4279 Doctr.
1245 4234 1410 4292 temp.
1430 4226 1855 4279 demonstratum
1885 4235 1986 4281 est.
2010 4226 2148 4283 Hinc

565 4298 770 4352 lunaris
797 4297 965 4350 saltus
1007 4296 1181 4350 oritur
1203 4335 1216 4359 ,
1247 4309 1369 4348 cum
1403 4294 1516 4364 dies
1546 4310 1682 4349 unus
1710 4296 2058 4364 supprimitur
2086 4314 2149 4353 ac

566 4366 950 4423 dissimulatur.
1003 4365 1072 4418 At
1119 4364 1406 4433 Dionysius
1452 4362 1738 4418 ﬁculneum
1765 4362 1891 4419 huic
1938 4366 2149 4421 incom-

570 4436 730 4490 modo
783 4436 1075 4489 remedium
1115 4432 1342 4504 paravit.
1392 4432 1555 4488 Jussit
1584 4436 1729 4489 enim
1759 4435 2010 4490 eumdem
2065 4438 2149 4494 bis

569 4506 837 4561 numerari
865 4504 1024 4558 diem.
1057 4504 1189 4557 Nam
1213 4504 1431 4559 ultimus
1458 4505 1571 4559 dies
1599 4505 1714 4573 ejus
1744 4506 1898 4569 anni,
1929 4508 2021 4576 qui
2044 4524 2147 4561 nu-

570 4591 728 4646 mero,
759 4590 925 4646 aureo
953 4591 1079 4646 xviii
1108 4576 1358 4646 praelitas
1385 4584 1494 4640 est,
1527 4576 1578 4629 id
1601 4585 1685 4629 est
1730 4576 1815 4630 die
1848 4577 1909 4629 l7
1951 4577 2143 4646 April.,

568 4649 681 4702 sive
714 4645 778 4697 l4
827 4643 1133 4715 paschalis,
1164 4645 1311 4698 aurci
1361 4646 1566 4698 numeri
1614 4662 1720 4707 χιι,
1784 4643 2148 4714 prirnusdies

568 4724 910 4785 computatur
956 4716 1081 4769 anni
1130 4717 1403 4783 sequentis
1428 4756 1443 4781 ,
1486 4717 1576 4784 qui
1613 4732 1776 4769 aureo
1807 4732 2029 4772 numero
2058 4734 2147 4772 xix

568 4788 783 4842 labente
828 4786 1051 4855 incipit.
1081 4785 1265 4855 itaque
1312 4785 1427 4840 dies
1456 4794 1677 4854 uterque
1726 4787 1914 4854 plenos
1962 4788 2145 4855 habet,

569 4858 659 4913 ille
706 4855 846 4927 584,
880 4853 995 4927 iste
1042 4853 1180 4927 554,
1224 4862 1279 4927 ut
1308 4871 1376 4910 ex
1404 4853 1788 4927 diagrammate
1822 4853 2148 4927 Dionysiauo

569 4930 756 4997 liquet.
789 4926 893 4982 Sed
941 4926 1084 4979 idem
1114 4925 1331 4997 minime
1354 4926 1454 4979 sibi
1484 4934 1712 4997 constat,
1743 4926 1866 4980 dum
1898 4925 2147 4989 eumdem

569 4996 728 5053 motio
759 4996 1024 5063 ultimum,
1056 4996 1217 5049 modo
1248 4997 1475 5063 primum
1526 4996 1756 5065 appellat
1791 5012 2011 5051 annum.
2044 4998 2147 5052 De-

569 5078 923 5123 monstratum
940 5075 1020 5121 est
1042 5067 1133 5119 lib.
1152 5081 1204 5119 vr
1224 5065 1291 5120 de
1309 5066 1488 5120 Doctr.
1510 5074 1670 5135 temp.
1694 5082 1816 5136 cap.
1842 5067 1928 5133 10,
1952 5083 2150 5122 annum

590 5141 797 5193 )l'lllllﬂll
842 5138 979 5209 cycli
1023 5136 1530 5209 decemnovennalis
1572 5151 1843 5209 cumesse
1868 5140 1960 5208 qui
1999 5153 2029 5191 a
2061 5154 2149 5194 xrv

590 5158 797 5193 )l'llnlﬂll
842 5158 979 5209 cycu
1023 5158 1530 5192 αευειιιηυγυιιιιδιιδ
1572 5158 1695 5191 CUI"
1724 5158 1843 5191 6858
1868 5158 1960 5208 (ιω
1999 5158 2029 5191 a
2061 5158 2143 5194 XIV

569 5158 692 5262 luna
726 5209 948 5276 incipit,
982 5208 1129 5262 aurei
1165 5208 1370 5263 numeri
1417 5222 1509 5261 xix
1534 5248 1551 5274 ,
1583 5206 1831 5259 nimirum
1876 5222 1905 5260 a
1933 5223 2003 5261 xv
2040 5209 2143 5263 cal.

571 5279 758 5339 Maias,
787 5288 847 5331 et
870 5279 923 5332 in
951 5294 1078 5333 non.
1112 5277 1280 5348 April.
1315 5277 1510 5331 desinit
1528 5316 1543 5341 ,
1568 5276 1837 5347 habetque
1863 5276 1979 5348 dies
2007 5276 2143 5344 554,

546 5350 549 5355 ’
572 5354 631 5400 ut
653 5348 704 5399 in
719 5348 1104 5415 diagrammate
1119 5346 1333 5404 disertis
1356 5349 1530 5402 verbis
1544 5346 1838 5403 asseverat.
1866 5346 2147 5404 Secundus

571 5427 752 5471 autem
775 5416 958 5486 incipit
977 5433 1006 5470 a
1033 5416 1157 5472 luna
1178 5420 1328 5475 aurei
1355 5418 1563 5473 numeri
1592 5434 1629 5481 ι,
1649 5418 1894 5474 videlicet
1942 5435 1973 5473 a
2001 5420 2087 5473 die
2115 5418 2149 5473 6

572 5487 765 5555 April.,
797 5499 860 5559 ac
886 5487 1080 5540 desinit
1124 5490 1177 5542 in
1222 5506 1317 5546 vni
1356 5488 1461 5543 cai.
1513 5487 1726 5559 Aprilis,
1760 5505 1880 5558 quae
1905 5498 1989 5545 est
2025 5490 2149 5543 luna

571 5572 678 5622 xrv,
710 5555 859 5610 aurei
884 5558 1091 5610 numeri
1116 5574 1170 5611 ir.
1201 5559 1385 5629 itaque
1405 5555 1617 5629 primus
1643 5555 1813 5613 annos
1842 5560 2000 5629 cycli,
2031 5575 2150 5617 cum

571 5642 795 5698 aureum
827 5640 1107 5698 numerum
1132 5630 1324 5683 habeat
1346 5646 1455 5694 xix,
1482 5629 1596 5697 ejus
1619 5640 1820 5698 epacue
1850 5639 1973 5684 sunt
2002 5646 2149 5695 xvm',

571 5696 789 5753 secundi
816 5700 873 5769 ii,
908 5697 991 5749 vel
1022 5712 1146 5750 xxx.
1206 5701 1274 5752 At
1321 5704 1424 5753 hoc
1475 5696 1594 5754 loco
1620 5696 1908 5769 Dionysius
1934 5710 2154 5755 contra-

572 5769 708 5823 rium
740 5766 961 5835 indicat,
986 5775 1041 5823 et
1068 5785 1125 5824 se
1156 5772 1325 5842 ipsum
1341 5772 1554 5825 evertit.
1574 5766 1784 5840 Quippe
1809 5772 1985 5827 verbis
2012 5773 2150 5828 istis:

1882 266 2171 323 DIONYSII
2202 266 2356 323 EXIG
2367 266 2437 323 U1

3669 288 3740 343 Λῦ

2160 393 2206 447 Α
2234 386 2533 455 perculsus,
2563 386 2656 455 qui
2684 386 3052 443 demonstrata
3083 390 3189 445 sibi
3227 402 3250 432 α
3278 397 3499 453 veritatis
3531 399 3631 456 luce
3658 420 3741 461 neu

2233 476 2483 543 gaudeat,
2509 484 2564 529 et
2593 475 2910 543 ignorantia:
2932 478 3134 534 relictis
3160 484 3399 550 tenebris,
3426 492 3566 542 tanta
3583 493 3740 549 rationi

2234 566 2480 636 protinus
2524 582 2631 622 non
2675 568 3002 636 acquiescat.
3036 570 3083 624 A
3109 573 3303 628 decima
3327 577 3500 645 quinta
3535 580 3640 636 luna
3670 600 3742 653 pa-

2234 656 2432 710 schalis
2474 653 2617 720 festi,
2659 659 2805 723 anni,
2846 659 2993 714 vei-bi
3033 663 3219 731 gratia,
3248 667 3584 736 prtecedentis,
3610 689 3743 744 usque

2233 748 2300 801 ad
2330 748 2590 802 decimam
2618 759 2864 818 quartam
2895 754 3166 820 sequentis
3192 756 3399 812 Pascha:
3417 756 3464 825 ἀ,
3493 763 3533 817 si
3554 779 3745 820 comm“.

2232 840 2316 893 nis
2358 854 2532 894 anuus
2578 849 2679 905 est,
2726 847 2995 897 trecentos
3041 845 3413 916 quinquaginta
3438 862 3639 920 quatuor
3659 856 3747 913 dies

2234 927 2482 994 habebit;
2513 930 2557 984 si
2586 930 2952 994 embolismus,
2981 941 3247 991 trecentos
3270 941 3522 1008 octoginta
3544 953 3748 1012 quatuor.

2234 1016 2391 1084 Quod
2417 1018 2462 1072 si
2491 1020 2607 1074 dies
2642 1036 2779 1074 unus
2817 1022 2935 1090 plus
2980 1023 3224 1080 minusve
3262 1030 3545 1097 contigerit,
3578 1034 3752 1093 evidens

2232 1124 2389 1164 error
2420 1118 2522 1163 est.
2556 1109 2796 1180 Excepto
2824 1113 3077 1169 videlicet
3102 1131 3243 1172 anno
3275 1129 3297 1156 ο
3324 1119 3484 1189 primo
3511 1127 3755 1192 saepedicti

2236 1198 2743 1253 decemnovennalis
2774 1202 2933 1271 cycli,
2963 1219 3125 1271 quem
3154 1222 3185 1260 a
3215 1208 3413 1263 decima
3454 1222 3620 1279 quarta
3659 1213 3754 1269 luna

2238 1285 2455 1342 Pascha
2486 1288 2675 1355 ultimi,
2708 1290 2757 1344 id
2788 1300 2872 1345 est
2897 1293 3221 1350 nonideeimi
3252 1298 3393 1363 anni,
3423 1314 3575 1369 usque
3599 1302 3661 1356 ad
3683 1303 3755 1359 de-

2236 1379 2433 1433 cimam
2456 1390 2705 1448 quartam
2732 1381 2972 1449 ejusdem
3000 1387 3163 1455 primi
3190 1402 3465 1446 numerare
3488 1408 3696 1449 curamus
3720 1397 3752 1449 ί.

2242 1470 2470 1539 Propter
2496 1470 2639 1540 quod
2683 1471 2823 1526 idem
2854 1474 3073 1530 ultimus
3102 1488 3341 1549 epactas,
3368 1480 3417 1535 id
3444 1491 3520 1537 est
3547 1484 3754 1553 adjectio-

2242 1576 2341 1616 nes
2365 1562 2600 1627 lunares,
2630 1564 2923 1619 octodenas
2953 1574 3080 1622 tunc
3108 1569 3347 1625 retinens
3371 1581 3417 1637 8,
3445 1575 3602 1642 primo
3631 1592 3756 1642 anno,

2243 1669 2351 1708 non
2379 1654 2647 1720 undecim,
2671 1664 2730 1709 ut
2753 1656 2805 1709 in
2834 1658 3043 1713 ueteris
3071 1662 3229 1715 annis
3256 1661 3369 1716 ﬁeri
3396 1663 3544 1733 solet,
3566 1666 3759 1722 sedduo-

2168 1736 2214 1795 Β
2241 1746 2411 1800 decim
2442 1745 2558 1799 dies
2580 1748 2970 1803 accommodat.
3004 1748 3072 1803 Et
3099 1751 3228 1820 quia
3256 1753 3465 1823 triginta
3483 1756 3660 1811 dierum
3682 1756 3760 1811 line

2243 2000 2457 2063 excepto
2484 1992 2721 2068 videlicet
2748 2009 2886 2068 anno
2925 1995 3111 2068 primo,
3158 2003 3267 2068 etc.
3294 2036 3309 2060 ,
3338 1996 3553 2068 primum
3578 1999 3762 2068 appellat

2244 2061 2441 2138 annum
2459 2064 2548 2131 qui
2571 2078 2604 2116 a
2623 2061 2884 2118 Paschate
2897 2061 3059 2138 cmpit
3072 2066 3227 2119 aurei
3253 2061 3571 2138 numeri_x1x,
3589 2061 3762 2138 ejusque

2242 2146 2297 2204 ix
2310 2132 2419 2187 fere
2432 2147 2644 2186 menses
2656 2144 2885 2204 occupat
2897 2132 2964 2204 ad
2977 2132 3267 2189 exeuntem
3283 2151 3443 2204 usque
3455 2132 3761 2192 Decembrem.

2245 2202 2379 2257 Cum
2393 2211 2574 2275 autem
2597 2202 2831 2268 subjicit,
2859 2203 3006 2275 illum
3027 2205 3204 2275 ipsum
3215 2206 3345 2275 cycli
3358 2202 3762 2261 denumerantur

2245 2288 2440 2325 annum
2464 2273 2685 2340 primum
2708 2289 2738 2323 a
2760 2289 2850 2326 xiv
2874 2273 2999 2326 (una
3035 2273 3260 2329 Pascha?
3299 2276 3463 2328 ultimi
3482 2314 3497 2339 ,
3523 2277 3571 2329 id
3612 2287 3676 2329 est
3694 2293 3763 2331 ito-

2245 2344 2298 2395 ηε
2315 2340 2499 2415 decimi
2523 2344 2647 2395 anni
2659 2342 2925 2415 progredi;
2940 2344 3189 2415 ultimum
3208 2345 3449 2415 eumdem
3470 2353 3626 2409 vocat,
3642 2361 3763 2415 queui

2242 2412 2408 2533 paulo
2439 2420 2564 2464 ante
2614 2412 2845 2481 primum
2883 2413 3220 2467 nominabat.
3247 2413 3371 2468 Hmc
3392 2424 3507 2467 sunt
3528 2412 3761 2469 incondita.

2295 2482 2471 2533 idetur
2498 2479 2783 2533 Dionvsius
2799 2483 3031 2533 primum
3060 2498 3125 2533 ac
3144 2483 3435 2533 secundum
3461 2498 3636 2533 annum
3659 2485 3761 2533 (ενώὶ

2295 2482 2471 2555 idetur
2498 2479 2783 2552 Dionysius
2799 2483 3031 2555 primum
3060 2498 3125 2537 ac
3144 2483 3435 2539 secundum
3461 2498 3636 2538 annum
3659 2485 3765 2555 cycli

2243 2565 2344 2620 pro
2374 2550 2550 2622 primo
2579 2550 2653 2606 ac'
2685 2551 2926 2622 secundo
2973 2567 3139 2608 aureo
3191 2569 3412 2607 numero
3448 2569 3673 2622 usurpare
3687 2550 3765 2606 'vo-

2244 2618 2426 2675 luisse.
2443 2618 2804 2676 PETAVIUSJ—
2817 2620 3006 2675 Mirum
3028 2631 3114 2677 est
3130 2631 3342 2677 tantum
3363 2618 3689 2679 astronoinum
3704 2624 3767 2678 hic

2249 2706 2354 2763 non
2375 2690 2828 2763 animadvertisse
2856 2691 3166 2763 discrimen,
3204 2692 3271 2747 ab
3302 2694 3416 2762 ipso
3445 2692 3667 2763 Dionysio
3687 2702 3767 2745 tarn

2234 2760 2548 2814 luculenter
2594 2761 2943 2829 inculcatum,
2977 2762 3118 2816 inter
3166 2760 3367 2818 annum
3414 2760 3656 2824 lunarem,
3683 2763 3768 2815 sive

2247 2830 2557 2900 paschalem
2569 2838 2625 2885 et
2635 2831 3078 2898 ecclesiasticum,
3100 2840 3158 2887 et
3171 2832 3313 2887 inter
3336 2831 3767 2898 solarem,civilem,

2245 2915 2314 2972 ac
2336 2900 2617 2970 speciatim
2644 2900 2967 2972 Romanum.
2990 2900 3148 2972 illum
3181 2903 3476 2972 Dionysius,
3505 2905 3566 2956 ab
3580 2909 3770 2972 uno_t_ei_'-

2248 2967 2394 3023 mino
2425 2970 2680 3041 paschali
2725 2986 2895 3041 usque
2936 2971 3282 3041 adialterum
3313 2967 3650 3041 numeratum,
3674 2967 3770 3034 554,

2248 3047 2360 3104 aut,
2392 3039 2436 3093 si
2462 3039 2856 3095 embolismaaus
2881 3041 2968 3104 sit,
3002 3040 3105 3094 58L
3136 3041 3329 3097 diebus
3357 3052 3589 3096 constare
3613 3040 3771 3104 docet;

2249 3109 2395 3179 hunc
2415 3123 2547 3163 vero
2572 3111 2715 3178 apud
2734 3110 3124 3165 Alexandrinos
3160 3127 3194 3165 a
3220 3113 3309 3167 die
3331 3110 3401 3164 29
3417 3111 3636 3179 Augusti,
3663 3109 3771 3178 apud

2251 3177 2525 3249 Romanos
2554 3193 2584 3249 a
2611 3177 3067 3249 subsequentibus
3086 3183 3331 3237 calendis
3349 3177 3571 3237 Januarii
3596 3177 3771 3235 hich’oa-

2252 3257 2385 3312 tum,
2416 3244 2524 3301 595
2550 3248 2759 3316 diebus,
2793 3244 2847 3303 et
2873 3249 2906 3302 6
2954 3251 3066 3303 fere
3112 3251 3265 3309 boris
3313 3252 3541 3315 absolvi,
3569 3250 3660 3303 alio
3684 3250 3774 3303 loco

2171 3293 2217 3355 C
2248 3293 2508 3388 agndscit.
2557 3293 2892 3382 Illvum,’rvion
2944 3293 3654 3388 hunc";Idea-inauquaita
3680 3319 3773 3388 luna

2246 3386 2469 3458 Paschm
2492 3388 2685 3452 ultimi,
2716 3389 2770 3442 id
2800 3398 2900 3451 est,
2934 3391 3061 3444 noni
3087 3390 3280 3445 decimi
3308 3394 3450 3453 anni,
3472 3386 3613 3458 usque
3633 3388 3689 3439 ad
3709 3387 3774 3439 de-

2247 3457 2437 3529 cimam
2464 3468 2702 3529 quartam
2750 3461 2939 3529 primi,
2980 3477 3261 3516 numerare
3288 3461 3500 3515 curavit.
3537 3457 3708 3514 Contra
3728 3471 3776 3509 ea

2247 3526 2388 3601 hunc
2409 3528 2712 3601 (solarem),
2736 3526 2844 3583 non
2867 3529 3014 3601 illum
3039 3531 3355 3601 (lunarem),
3373 3531 3775 3585 secundumazrani

2248 3595 2609 3651 Christianam
2638 3595 2922 3652 numerare
2952 3595 3206 3654 instituit.
3242 3595 3355 3655 Hoc
3380 3601 3498 3654 dum
3527 3613 3621 3652 non
3641 3604 3776 3649 atten-

2247 3667 2382 3721 dunt
2411 3668 2663 3722 Petavius
2692 3677 2747 3723 et
2769 3668 3008 3722 nonnulli
3039 3685 3165 3723 eum
3199 3672 3370 3725 secuti
3390 3667 3659 3724 doctissimi
3681 3666 3773 3725 viri,

2248 3753 2312 3790 ex
2335 3738 2511 3792 verbis
2541 3737 2779 3818 Dionysii
2799 3739 2940 3823 male
2966 3739 3283 3819 intellectis,
3311 3753 3577 3823 perperam
3605 3735 3773 3823 exsculc

2248 3822 2380 3930 pere
2425 3808 2604 3862 conati
2634 3807 2759 3863 sunt
2780 3849 2795 3872 ,
2830 3808 3139 3879 Dionysium
3187 3807 3359 3865 annos
3384 3807 3573 3864 Christi
3611 3807 3776 3871 integro

2271 3892 2362 3930 ere
2387 3892 2528 3930 anno
2550 3879 2698 3930 prius
2720 3893 2882 3930 quam
2912 3879 3070 3930 hodie
3096 3880 3148 3930 in
3179 3896 3288 3930 mra
3317 3888 3494 3930 nostra
3521 3876 3775 3930 Christiana

2271 3877 2362 3949 ’ere
2387 3892 2528 3949 anno
2550 3879 2882 3949 priusquam
2912 3876 3070 3934 hodie
3096 3880 3148 3949 in
3179 3896 3288 3933 mra
3316 3888 3494 3934 nostra
3521 3876 3777 3949 Christiana

2251 3946 2365 4001 lieri
2394 3946 2836 4011 solet,'videlicct
2861 3963 2891 4001 a
2912 3964 3095 4003 mense
3120 3948 3318 4004 Martio
3344 3951 3425 4003 vel
3453 3946 3623 4015 Aprili,
3645 3946 3777 3997 nostri

2251 4018 2377 4089 anni
2399 4018 2608 4089 initiu_m
2635 4017 3009 4081 antecedente,
3044 4034 3378 4074 numerasse.
3411 4018 3534 4089 Vide
3560 4029 3666 4089 quin
3683 4018 3778 4089 post

2249 4088 2407 4151 alios,
2439 4102 2507 4156 ex
2536 4085 2743 4142 Petavii
2783 4090 3050 4142 sententia
3080 4098 3137 4143 et
3166 4105 3236 4143 ex
3284 4091 3390 4143 hoc
3433 4088 3542 4156 ipso
3582 4085 3778 4156 Dionysii

2250 4157 2406 4234 loco,
2438 4155 2553 4211 fuse
2582 4166 2637 4212 et
2689 4172 2920 4226 operose
2946 4197 2960 4220 ,
2992 4158 3085 4211 sed
3114 4158 3314 4234 frustra
3333 4201 3346 4219 ,
3379 4152 3558 4234 contra
3584 4152 3777 4234 iisdem,

2252 4229 2402 4296 quasi
2461 4242 2616 4281 nova:
2679 4242 2800 4281 mne
2847 4236 3125 4281 auctorem
3154 4270 3167 4295 ,
3221 4228 3470 4296 disputat
3504 4226 3779 4280 clarissimus

2251 4295 2522 4364 quondam
2565 4298 2975 4366 mathematicus
3014 4296 3215 4366 Georg.
3268 4295 3388 4351 Alb.
3440 4295 3779 4366 Hamliergerns
3874 4302 3875 4305 ‘

2252 4363 2306 4436 in
2358 4366 2487 4420 diss.
2546 4367 2614 4421 de
2666 4365 2798 4421 Ortu
2845 4376 2898 4421 et
2952 4363 3187 4423 auctore'
3224 4369 3447 4436 epocba:
3489 4363 3779 4436 Christiana},

2251 4435 2390 4490 lena:
2417 4436 2581 4500 i707,
2609 4437 2695 4492 ed.
2732 4453 2783 4506 p.
2836 4436 2901 4491 M
2924 4454 3042 4507 sqq.
3085 4439 3155 4491 At
3177 4433 3385 4504 integra
3413 4436 3563 4507 verba
3588 4433 3782 4507 Dionisii

2251 4518 2599 4561 controversa
2648 4505 3059 4575 sic’accipieuda
3088 4516 3144 4561 et
3184 4505 3781 4576 explicandasuntzlt‘r-

2251 4586 2398 4645 cepto
2430 4594 2585 4649 anno
2613 4580 2778 4646 primo
2810 4572 3029 4649 (lunari)
3068 4592 3209 4645 saepe
3255 4572 3387 4649 dicti
3418 4574 3542 4643 cycli
3566 4572 3783 4649 άςεᾳιηφ

2253 4641 2483 4700 renuntia
2517 4641 3020 4717 (ad'noveirideciin'
3056 4641 3229 4701 annos
3272 4641 3476 4701 salares
3513 4652 3565 4696 et
3587 4641 3783 4693 Julianus

2254 4718 2667 4779 accommodati,
2693 4753 2695 4755 ι
2718 4725 2773 4770 et
2800 4718 2865 4786 ab
2912 4718 3098 4771 iisdem
3140 4719 3211 4770 ita
3240 4717 3394 4783 dicti)
3435 4728 3573 4786 quem
3595 4717 3779 4786 (annum

2256 4786 2498 4857 lunarem
2528 4774 2665 4840 sive
2687 4785 3019 4855 paschalem)
3049 4803 3082 4838 a
3110 4786 3311 4840 decima
3339 4774 3520 4857 quarta
3544 4774 3781 4857 lunarat:

2254 4856 2366 4911 chae
2392 4858 2577 4920 uitiati,
2609 4857 2665 4909 id
2687 4848 2767 4909 is:
2796 4858 2917 4925 noni
2941 4848 3149 4923 decimi,
3168 4858 3296 4910 armi
3332 4848 3669 4925 (admissiui
3692 4848 3783 4898 θηί

2254 4926 2458 4997 periodi
2505 4918 2730 4979 Juliante
2788 4924 2955 4990 5244,
2998 4918 3481 4997 aaneDionys'iaiue
3518 4918 3783 4997 Sallust”

2255 4990 2325 5068 ad
2352 4997 2605 5068 decimam
2625 5002 2867 5068 quartam
2898 4997 3126 5068 ejusdem
3154 4990 3310 5067 primi
3341 4994 3487 5064 (anni
3512 4990 3686 5067 solaris
3709 4996 3781 5068 qui

2254 5066 2308 5119 in
2339 5065 2675 5137 capitecycli
2702 5065 3010 5137 Dionysiani
3047 5065 3285 5137 positus,
3316 5075 3435 5137 erat
3455 5065 3783 5137 annusan-

2254 5123 2486 5191 natioiiis
2511 5123 2637 5202 5312,
2658 5145 2719 5190 ut
2747 5123 2947 5192 disérte
2969 5123 3195 5191 tes-tatur
3223 5123 3368 5191 Beda
3394 5133 3461 5189 de
3491 5123 3780 5202 Ερμτεωρ.

2252 5222 2373 5282 93p-
2398 5206 2489 5278 47)
2525 5197 2803 5282 numerare
2832 5224 3095 5282 curamus.
3142 5204 3231 5282 Sic
3259 5219 3396 5282 ergo
3428 5215 3589 5282 annus
3601 5197 3782 5282 ignaris

2247 5264 2364 5333 εἰνὶ
2393 5264 3061 5348 paschalis,antecedentis
3090 5276 3215 5330 anni
3234 5264 3429 5348 solaris
3449 5264 3782 5348 ultimi

2250 5331 2306 5402 et
2329 5331 2714 5421 consequentis
2734 5331 2891 5417 primi
2921 5331 3131 5403 initium
3158 5344 3493 5421 occupabat;
3516 5331 3781 5421 ιςιιυβξξιξρ

2250 5401 2704 5474 nulla—incondita
2723 5401 2750 5485 ,⁸
2770 5401 2951 5476 Mss
2985 5401 3182 5474 mutuo
3217 5401 3511 5471 evertentia
3546 5401 3600 5464 in
3637 5401 3783 5460 verbis

2254 5489 2492 5544 Dionvsii
2523 5499 2833 5544 occurrunt.

2331 5560 2347 5596 ί
2384 5559 2505 5623 Alii,
2530 5559 2873 5614 causauimus.
2905 5561 3226 5616 Bucuwus.
3333 5627 3340 5629 ξ
3503 5619 3534 5629 ..
3569 5620 3577 5629 ,

2327 5639 2353 5675 κ
2380 5603 3226 5705 ii;'Euiii3}?£"rZ&yiTi€§{ﬁi}','
3248 5627 3465 5705 retinet;
3493 5603 3780 5705 Ρτίιςιρ

2255 5714 2375 5753 cum
2402 5700 2670 5768 Bucherii,
2700 5714 2860 5769 quam
2893 5701 2980 5756 hic
3000 5690 3317 5763 retinemus,
3348 5693 3567 5750 lectione
3588 5690 3779 5741 consen-

2257 5772 2395 5824 tiunt
2424 5784 2553 5825 mss.
2585 5770 2737 5840 Digb.
2770 5781 2825 5826 et
2853 5770 2996 5826 Cott.
3023 5782 3271 5837 uterque.
