3878 6194
398 253 502 309 519

475 369 628 407 Anno
658 347 1160 407 decemnovennalis
1188 346 1375 401 circuli
1404 344 1752 407 duodecimo,
1785 344 1985 398 lunaris
2018 349 2063 405 Α

402 461 565 511 nono,
595 459 626 498 a
657 443 865 498 decimo
904 448 1059 494 sexto
1087 437 1344 493 calendas
1377 436 1498 490 Maii
1522 451 1691 506 usque
1738 436 1789 489 in
1821 436 1991 506 pridie

402 551 571 592 nonas
592 533 810 605 Aprilis,
838 531 965 600 quia
996 528 1302 584 communis
1323 536 1426 591 est,
1453 526 1587 581 ﬁunt
1616 525 1734 581 dies
1763 528 1991 581 trecenti

402 625 782 697 quinquaginta
807 629 1058 691 quatuor.

471 721 626 770 Anno
648 710 1154 769 decemnovennalis
1177 709 1362 765 circuli
1390 709 1599 763 decimo
1626 708 1807 772 tertio,
1831 706 1987 760 luna-

403 808 476 862 ris
501 806 733 874 decimo,
762 820 793 859 a
825 803 979 858 nonis
1005 802 1204 872 Aprilis
1234 816 1400 869 usque
1434 802 1484 853 in
1516 815 1718 854 nonum
1740 798 1990 853 calendas

404 896 619 967 Aprilis,
646 895 770 963 quia
795 892 1096 948 communis
1137 898 1239 954 est,
1271 889 1403 943 ﬁunt
1431 890 1544 943 dies
1576 888 1798 943 trecenti
1833 889 1987 955 quin-

400 986 656 1055 quaginta
694 990 953 1053 quatuor.

468 1077 626 1129 Anno
669 1069 1180 1128 decenmovennalis
1206 1068 1390 1123 circuli
1419 1066 1634 1122 decimo
1654 1074 1871 1135 quarto,
1906 1066 1984 1118 lu-

400 1166 541 1220 naris
569 1164 875 1225 undecimo,
907 1161 974 1215 ab
1003 1167 1196 1216 octavo
1232 1158 1486 1214 calendas
1514 1157 1710 1227 Aprilis
1742 1171 1910 1226 usque
1936 1156 1989 1210 in

407 1258 699 1312 secundum
756 1255 875 1309 idus
898 1253 1112 1323 Aprilis,
1161 1253 1287 1323 quia
1330 1250 1675 1305 embolismus
1701 1257 1804 1314 est,
1854 1246 1991 1303 ﬁunt

399 1349 511 1403 dies
540 1348 768 1402 trecenti
798 1346 1071 1411 octoginta
1095 1351 1347 1413 quatuor.

469 1437 625 1492 Anno
655 1434 1160 1491 decemnovennalis
1189 1432 1374 1488 circuli
1403 1432 1616 1488 decimo
1642 1430 1829 1500 quinto
1855 1473 1871 1499 ,
1900 1432 1984 1486 lu-

404 1532 547 1584 naris
576 1529 925 1596 duodecimo,
955 1530 1022 1582 ab
1044 1527 1220 1582 idibus
1236 1526 1434 1596 Aprilis
1456 1540 1625 1596 usque
1655 1526 1707 1580 in
1739 1525 1991 1582 calendas

402 1610 614 1689 Aprilis,
646 1621 770 1690 quia
804 1621 1104 1675 communis
1133 1626 1232 1683 est,
1263 1617 1397 1673 ﬁunt
1437 1618 1553 1673 dies
1587 1618 1813 1674 trecenti
1840 1618 1993 1688 quin—

403 1713 657 1785 quaginta
686 1720 936 1781 quatuor.

881 1827 1204 1843 μμ...-

1145 228 1503 288 DIUNYSIUS
1544 228 1861 285 EXIGUUS.
1912 228 2127 287 EPIST.
2169 228 2312 284 JANl
2354 223 2973 317 AD‘llOFFLiAN-NUM.
3542 239 3628 296 590

2163 344 2317 396 Anno
2343 341 2850 397 deccmnovcnnalis
2871 339 3054 395 circuli
3082 340 3283 398 decium
3307 355 3471 414 sexto,
3498 350 3631 407 luna-

2095 434 2166 488 ris
2189 434 2398 487 decimo
2444 431 2606 486 tertio
2633 473 2649 498 ,
2707 445 2735 482 a
2787 440 2979 498 quarto
3012 445 3176 485 nonas
3204 431 3386 505 Aprilis
3417 452 3563 508 usque
3587 444 3631 502 in

2093 523 2471 579 duodecimum
2530 522 2780 578 calendas
2828 521 3048 591 Aprilis,
3095 523 3215 591 quia
3244 531 3522 585 communis
3546 545 3632 605 est,

2094 615 2229 668 ﬁunt
2255 615 2368 668 dies
2394 612 2619 668 trecenti
2655 611 3041 680 quinquaginta
3081 623 3322 680 quatuor.

2165 707 2320 763 Anno
2368 707 2878 762 decemnovennalis
2928 707 3114 761 circuli
3169 708 3370 766 decimo
3414 716 3635 786 septimo,

2094 798 2293 853 lunaris
2322 798 2530 852 decimo
2558 808 2771 866 quarto,
2804 797 2870 850 ab
2901 796 3184 850 undecimo
3213 799 3446 857 calendas
3470 804 3637 874 Aprilis

2095 903 2264 956 usque
2292 889 2345 941 in
2374 888 2621 958 quintum
2650 888 2767 941 idus
2796 888 3011 970 Aprilis,
3056 888 3178 955 quia
3207 891 3533 950 embolismus
3551 907 3635 965 est,

2098 981 2233 1035 ﬁunt
2262 982 2376 1037 dies
2405 980 2635 1035 trecenti
2664 977 2938 1047 octoginta
2969 989 3219 1049 quatuor.

2166 1074 2323 1127 Anno
2351 1071 2863 1127 decemnovennalis
2890 1071 3079 1125 circuli
3101 1070 3307 1126 decimo
3334 1082 3538 1143 octavo,
3566 1080 3633 1134 lu-

2094 1163 2239 1218 naris
2262 1163 2473 1218 decimo
2496 1162 2705 1231 quinto,
2748 1178 2777 1214 a
2817 1171 3013 1232 quarto
3045 1161 3163 1216 idus
3184 1162 3392 1234 Aprilis,
3422 1181 3570 1237 usque
3596 1173 3639 1229 in

2093 1264 2349 1324 quartum
2376 1254 2631 1310 calendas
2661 1252 2876 1322 Aprilis,
2906 1253 3032 1321 quia
3070 1256 3364 1310 communis
3384 1265 3486 1323 est,
3529 1259 3639 1317 ﬁunt

2095 1344 2211 1401 dies
2238 1344 2469 1399 trecenti
2493 1342 2880 1413 quinquaginta
2901 1351 3154 1412 quatuor.

2168 1436 2327 1491 Anno
2353 1434 2864 1490 decemnovennalis
2886 1434 3071 1489 circuli
3094 1436 3300 1490 decimo
3324 1452 3477 1502 nono,
3505 1440 3634 1496 luna-

2098 1528 2171 1582 ris
2198 1526 2409 1581 decimo
2448 1534 2635 1589 sexto,
2666 1538 2698 1577 a
2738 1526 2898 1579 tertio
2926 1524 3181 1579 calendas
3209 1524 3398 1595 Aprilis
3425 1545 3574 1598 usque
3595 1532 3637 1585 in

2095 1617 2367 1673 decimum
2412 1618 2660 1687 quintum
2690 1616 2946 1672 calendas
2995 1616 3142 1681 Maii,
3173 1617 3298 1686 quia
3339 1620 3644 1677 embolismus

2028 1726 2065 1777 ιι
2097 1716 2197 1772 est,
2230 1707 2360 1763 ﬁunt
2402 1707 2514 1764 dies
2544 1708 2774 1764 trecenti
2805 1708 3080 1776 octoginta
3109 1716 3363 1777 quatuor.

738 1838 1166 1925 ὦῇὧεειωο
1197 1863 1739 1934 υουτιδδιιιορυω
1778 1866 1939 1921 VIRO
1977 1864 2310 1921 BENJAMIN
2349 1864 2769 1921 HOFFMANNO
2809 1864 3374 1923 VBAT25LAVIENSI

1702 1958 1813 2018 JO.
1864 1957 2077 2019 θυεμ.
2124 1958 2386 2019 J\NUS.

475 2062 712 2133 Dionysii
742 2060 929 2129 Exigui
956 2100 971 2125 ,
997 2059 1115 2124 viri,
1146 2067 1205 2114 ut
1228 2067 1355 2114 tunc
1385 2066 1627 2128 tempora
1655 2066 1829 2124 erant,
1860 2073 1988 2113 eru-

398 2154 585 2216 diti,et
608 2150 675 2204 de
697 2166 755 2205 re
781 2165 937 2204 sacra
967 2164 1032 2204 ac
1062 2148 1322 2203 litteraria
1350 2146 1489 2203 bene
1520 2148 1716 2213 meriti,
1750 2148 1859 2202 vita
1889 2164 1989 2218 pa-

395 2244 526 2296 riter
541 2256 604 2294 ac
625 2240 845 2309 scripta,
859 2239 960 2294 etsi
978 2246 1283 2310 temporum
1308 2238 1438 2291 vitio
1466 2253 1573 2291 non
1589 2236 1747 2306 plane
1770 2238 1990 2293 oblitte-

396 2333 503 2387 rari
527 2340 620 2387 aut
638 2332 691 2386 in
714 2330 1039 2387 oblivionem
1053 2329 1240 2383 deduci
1257 2337 1567 2398 potuerunt,
1593 2330 1770 2384 minus
1802 2338 1988 2383 tamen

396 2424 569 2485 adhuc
589 2437 751 2498 quam
773 2422 1399 2478 merebanturillustrata
1412 2431 1555 2477 sunt.
1586 2421 1731 2477 Inter
1755 2424 1990 2492 mquales

396 2525 541 2579 solus
564 2524 676 2580 fere
692 2522 1047 2577 Cassiodorus
1070 2516 1327 2576 virtutum
1347 2515 1492 2571 illius
1512 2516 1829 2571 memoriam
1857 2531 1990 2570 con-

397 2615 651 2682 :ervavit,
674 2630 834 2685 quem
882 2628 1045 2669 unum
1070 2628 1261 2668 omnes
1299 2613 1392 2684 qui
1434 2606 1666 2667 hucdum
1695 2608 1894 2684 aliquid
1921 2607 1992 2667 de

400 2708 505 2762 vita
535 2706 772 2778 Dionysii
799 2704 1149 2769 tradiderunt,
1176 2714 1456 2760 auctorem
1487 2705 1658 2759 secuti
1680 2712 1824 2761 sunt.
1851 2703 1994 2758 Nihil

398 2806 545 2852 certe
567 2794 710 2849 aliud
730 2793 830 2850 ﬁde
855 2795 1073 2864 dignum
1099 2795 1165 2849 de
1181 2810 1246 2848 eo
1265 2793 1410 2863 apud
1436 2802 1648 2849 veteres
1669 2804 1723 2849 et
1746 2794 1993 2864 iuniores

397 2886 684 2955 scriptores
707 2884 1102 2940 ecclesiasticos
1117 2891 1173 2938 et
1196 2884 1485 2939 litterarios
1515 2882 1778 2939 invenias.
1807 2883 1988 2939 Abba-

397 2986 511 3047 tenl
533 2976 776 3046 plerique
810 2982 1037 3040 vocant,
1089 2988 1249 3043 quem
1279 2971 1636 3028 Cassiodorus
1662 2973 1992 3029 monachum

398 3065 551 3119 dixit.
582 3063 690 3118 Sed
720 3062 1108 3119 monasterium
1139 3063 1292 3132 cujus
1340 3063 1506 3118 abbas
1543 3062 1703 3118 fuerit
1731 3063 1988 3132 ignorari,

405 3158 589 3213 Patres
615 3154 946 3211 Benedictini
972 3198 988 3223 ,
1014 3155 1106 3224 qui
1137 3156 1379 3209 ultimam
1407 3169 1633 3225 operum
1673 3153 1985 3210 Cassiodori

2101 2058 2460 2113 conciliarunt
2495 2077 2508 2113 :
2565 2058 2748 2115 Codex
2778 2074 3046 2115 canonum
3076 2075 3199 2116 cum
3224 2059 3446 2118 decretis
3469 2063 3650 2132 pontiﬁ-

2098 2166 2220 2205 cum
2267 2150 2636 2206 Romanorum
2667 2152 2900 2222 primum
2949 2150 3276 2221 conjunctus
3300 2193 3316 2217 ,
3361 2161 3415 2208 et
3453 2153 3651 2212 liberdo

2098 2238 2380 2296 Pascbate.
2413 2241 2507 2297 llle
2536 2251 2732 2313 przeter
2758 2250 3030 2299 caaterosa
3050 2241 3438 2313 Christopboro
3462 2242 3652 2301 Justello

2097 2332 2277 2386 editus
2305 2347 2370 2387 ac
2400 2332 2729 2399 illustratus,
2762 2333 2815 2388 in
2844 2333 3125 2390 communi
3146 2334 3469 2391 eruditorum
3495 2336 3653 2391 notitia

2097 2438 2162 2478 ac
2207 2423 2523 2479 celebritate
2560 2433 2807 2479 versatur
2862 2443 2877 2478 :
2929 2426 3075 2481 hunc
3125 2434 3331 2480 tantum
3372 2442 3472 2481 non
3515 2427 3651 2497 plane

2098 2513 2354 2568 amissum
2376 2553 2390 2577 ,
2417 2514 2607 2569 saltem
2633 2514 2959 2571 doctissimis
2982 2515 3112 2572 viris
3142 2531 3240 2585 pro
3277 2514 3542 2585 deperdita
3576 2516 3655 2569 ha-

2100 2605 2291 2675 bitum,
2322 2620 2463 2666 nunc
2488 2620 2639 2681 sum,
2670 2617 2926 2673 quantum
2959 2606 3129 2671 licuit,
3166 2606 3448 2676 integritati
3473 2606 3651 2660 restitu-

2102 2710 2214 2756 tum
2236 2703 2289 2755 in
2319 2705 2492 2758 lucem
2517 2703 2857 2773 proferimus.
2891 2697 3057 2757 Multo
3084 2699 3268 2757 iorsan
3296 2698 3486 2756 diutius
3512 2698 3586 2749 ille
3611 2698 3653 2750 in

2101 2791 2314 2847 scriniis
2358 2794 2493 2847 meis
2521 2793 2781 2858 latuisset,
2831 2793 2928 2847 nisi
2962 2803 3074 2857 tua,
3108 2794 3189 2846 vir
3231 2788 3657 2856 nobilissime,in-

2104 2884 2309 2941 dustria
2336 2900 2401 2940 ac
2430 2885 2683 2943 alacritas
2728 2886 3065 2941 accessisset.
3100 2885 3239 2940 Cum
3282 2886 3420 2940 enim
3466 2883 3660 2954 publica:

2103 2974 2482 3046 disputationis
2509 2987 2883 3047 argumentum
2936 2979 3269 3046 requireres,
3301 2985 3354 3032 et
3394 2976 3492 3031 hoc
3513 2978 3682 3045 ipsum'

2100 3067 2197 3122 tibi
2225 3068 2466 3122 oblatum
2491 3082 2598 3123 non
2621 3066 2974 3137 improbares,
3002 3083 3090 3121 me
3113 3066 3360 3136 subinde,
3393 3065 3502 3120 aliis
3526 3078 3663 3120 occu~

2100 3156 2410 3227 pationibus
2441 3155 2757 3212 di~tractum
2781 3197 2796 3221 ,
2832 3155 2897 3210 ad
2924 3156 3055 3214 illud
3086 3157 3395 3222 revocasti,
3424 3169 3533 3224 qua:
3557 3153 3662 3207 hinc

400 3248 694 3302 editionem
736 3246 1228 3315 Rothomagensem
1255 3255 1539 3312 curarunt,
1570 3254 1719 3302 recte
1746 3247 1991 3302 animad-
2021 3231 2066 3294 (ἶ
2096 3249 2225 3303 inde
2252 3247 2493 3319 dispersa
2520 3256 2706 3316 erant,
2732 3263 2942 3303 mecum
2972 3248 3024 3301 in
3057 3248 3307 3301 ordinem
3337 3242 3589 3313 redegisti,
3616 3249 3664 3295 et

397 3346 629 3392 vertunt.
661 3337 929 3391 Antonius
968 3335 1097 3405 Pagi
1123 3352 1251 3392 vero
1277 3378 1293 3399 ,
1323 3335 1631 3393 Cassiodori
1660 3339 1989 3394 auctoritate

399 3428 663 3486 inductus.
698 3425 907 3481 abbatis
928 3425 1243 3494 dignitatem
1274 3425 1530 3497 Dionysio
1553 3426 1713 3497 plane
1741 3426 1985 3496 derogat,

397 3518 553 3586 eique
583 3532 611 3569 a
643 3515 787 3570 Beda
833 3516 1067 3587 primum
1096 3516 1334 3571 afﬁetam
1384 3517 1548 3573 fuisse
1591 3518 1886 3574 contendit.
1920 3519 1991 3572 At

398 3610 539 3664 enim
566 3609 774 3678 integro
796 3609 987 3664 saltem
1019 3617 1145 3664 ante
1175 3609 1373 3664 Bedam
1404 3610 1600 3665 seculo
1624 3648 1641 3675 ,
1672 3611 1818 3664 illum
1844 3611 1991 3665 urbis

401 3701 587 3756 Roma:
612 3700 860 3755 abbatem
893 3700 1219 3769 appellatum
1254 3698 1436 3765 fuisse,
1484 3700 1785 3756 luculenter
1803 3712 1983 3756 osten-

396 3792 473 3845 dit
514 3789 775 3859 Prologus
816 3789 1011 3846 Felicis
1061 3790 1272 3846 abbatis
1326 3790 1586 3855 Gillitani,
1635 3805 1798 3861 quem
1844 3806 1991 3846 anno

396 3881 598 3937 Christi
629 3881 733 3935 616
782 3881 948 3954 Cyclo
980 3882 1245 3953 Dionysii,
1290 3897 1319 3936 a
1350 3898 1408 3937 se
1444 3884 1795 3947 continuato,
1850 3897 1988 3952 pra:-

399 3975 559 4037 misit.
606 3976 657 4030 in
711 3974 944 4029 Historia
975 3974 1123 4044 Cycli
1170 3975 1509 4047 Dionysiani,
1561 3990 1626 4029 ex
1660 3974 1846 4029 codice
1871 3973 1995 4045 Dig-

399 4066 586 4117 baeano
609 4075 659 4117 et
694 4063 984 4118 Rhemensi
1033 4064 1225 4118 editus.
1279 4063 1487 4118 lnlerea
1533 4065 1834 4119 communis
1868 4078 1994 4118 sen-

400 4157 565 4211 tentia
593 4172 716 4213 cum
744 4172 809 4210 ea
837 4170 1000 4225 quam
1035 4153 1229 4223 Pagius
1253 4196 1267 4221 ,
1300 4156 1454 4223 quasi
1485 4171 1708 4221 novam,
1731 4155 1990 4222 defendit,

395 4251 549 4305 facile
579 4250 922 4315 conciliatur,
970 4250 1016 4303 si
1045 4263 1388 4303 communem
1414 4248 1624 4304 abbatis
1639 4249 1993 4317 signiﬁcatio-

398 4359 518 4397 nem
547 4358 577 4397 a
604 4343 822 4413 propria
848 4349 903 4396 et
927 4341 1182 4410 singulari
1213 4341 1527 4410 distinguas.
1554 4341 1688 4396 Nam
1714 4384 1729 4409 ,
1752 4352 1812 4397 ut
1841 4352 1991 4399 recte

398 4432 632 4502 Cangius
676 4431 1095 4497 animadvertit,
1129 4432 1351 4487 abbates
1379 4433 1506 4488 dicti
1537 4441 1663 4487 sunt
1707 4433 1909 4491 Latinis
1937 4443 1994 4490 et

398 4524 600 4578 Grmcis
639 4523 928 4578 universim
959 4525 1209 4578 monachi
1237 4540 1425 4579 omnes
1448 4564 1462 4589 ,
1493 4528 1791 4597 praesertim
1839 4528 1991 4582 senio

2092 3349 2339 3410 sumptus
2361 3339 2427 3394 ad
2475 3339 2739 3394 edendum
2772 3339 2915 3393 ultro
2968 3340 3239 3393 obtulisti.
3292 3337 3372 3392 Sit
3400 3337 3545 3405 igitur
3579 3333 3663 3386 hoc

2092 3428 2366 3498 publicum
2394 3430 2471 3483 tui
2498 3429 2550 3482 in
2576 3429 2746 3483 bonas
2767 3428 2977 3483 litteras
3005 3430 3234 3495 amoris,
3256 3428 3455 3499 pariter
3474 3442 3533 3480 ac
3549 3424 3659 3477 doc-

2094 3518 2249 3571 trina:
2279 3527 2335 3572 et
2362 3518 2652 3586 diligentia:
2678 3559 2693 3585 ,
2720 3517 3127 3583 documentum,
3161 3534 3325 3587 quam
3366 3518 3417 3571 in
3460 3515 3581 3570 meis
3616 3520 3663 3566 et

2095 3610 2322 3665 aliorum
2364 3610 2649 3667 doctorum
2707 3612 3144 3666 academieorum
3196 3610 3396 3667 scholis
3444 3604 3657 3677 quotidie

2093 3702 2315 3771 probas,
2345 3711 2399 3758 et
2428 3703 2668 3757 moribus
2688 3703 2755 3758 ad
2778 3718 2990 3758 omnem
3014 3704 3362 3759 honestatem
3393 3710 3545 3770 atque
3568 3712 3663 3751 mo-

2092 3796 2318 3851 destiam
2361 3797 2679 3866 compositis
2725 3812 2887 3851 ornas
2916 3806 2970 3851 et
2999 3795 3377 3851 cmmncndas.
3409 3793 3517 3848 lloc
3544 3790 3663 3845 enim

2092 3886 2263 3941 laudis
2286 3888 2647 3941 testimonium
2672 3887 2790 3954 tibi,
2814 3902 2950 3941 unas
2969 3880 3664 3946 mecummdesinbabitanti,

2093 3976 2284 4031 etinde
2303 3977 2759 4046 abaliqnotannis
2791 3978 3011 4047 propius
3029 3994 3096 4033 ac
3129 3972 3663 4042 familiariuscognito,

2093 4065 2235 4120 bona
2281 4065 2383 4121 ﬁde
2411 4067 2674 4136 impertiri
2707 4083 2944 4137 possum.
2978 4067 3121 4123 Deus
3164 4067 3479 4123 innnortalis
3505 4061 3665 4117 lauda-

2095 4158 2329 4212 tissimos
2359 4168 2587 4214 conatus
2612 4168 2733 4213 tuos
2777 4175 2941 4228 porro
2985 4159 3278 4223 secundet,
3310 4167 3364 4212 et
3404 4156 3467 4210 ad
3493 4153 3664 4225 optima

2092 4263 2320 4316 quicque
2338 4250 2684 4303 contendenti
2708 4264 2988 4303 successus
3011 4249 3387 4319 Optatissimos
3411 4247 3665 4312 largiatur;

2096 4347 2155 4393 ut
2202 4348 2486 4408 parentum
2531 4348 2586 4393 et
2630 4338 2843 4393 familia:
2872 4339 3277 4394 honestissima:
3314 4336 3551 4407 gaudium
3580 4333 3661 4385 im-

2096 4433 2266 4503 pleas,
2296 4431 2749 4500 amplissimorum
2778 4429 3180 4486 ﬂorentissimte
3213 4431 3403 4500 patria:
3442 4438 3539 4482 tua:
3563 4438 3662 4494 pro-

2095 4540 2300 4588 cerum,
2346 4538 2575 4591 quorum
2609 4522 2899 4590 singularia
2931 4524 2984 4575 in
3010 4533 3063 4576 te
3096 4522 3362 4576 beneﬁcia
3392 4516 3667 4588 gratissimo

399 4632 462 4671 ac
489 4617 611 4671 vita:
638 4616 924 4670 sanctitate
937 4615 1249 4680 venerandi,
1295 4631 1401 4684 qua
1432 4617 1653 4671 notione
1680 4633 1779 4670 nos
1802 4616 1989 4672 Patres
2017 4611 2070 4670 D
2095 4614 2432 4670 animocolis
2454 4655 2469 4678 ,
2520 4614 2985 4683 exspectationem
3017 4615 3295 4668 sustineas
3316 4654 3331 4677 ,
3378 4622 3430 4667 et
3473 4625 3574 4663 rem
3599 4619 3667 4659 sa-

399 4709 618 4763 eosdem
647 4706 808 4776 vulgo
847 4707 1200 4777 appellamus.
1245 4704 1409 4769 Illud,
1436 4706 1611 4774 inquit
1640 4706 1991 4775 Augustinus,

397 4799 607 4853 honoris
622 4806 719 4866 est,
736 4805 792 4850 ut
813 4797 1039 4866 quotidie
1060 4795 1267 4849 senibus
1278 4796 1542 4848 dicamus:
1564 4794 1740 4848 Pater.
1759 4795 1992 4850 Lexicon

397 4889 640 4945 Gnaeum
662 4904 793 4943 mss.
824 4891 1028 4959 regium
1060 4888 1181 4942 cod.
1214 4885 1354 4940 2062
1397 4905 1410 4939 :
1439 4889 1603 4947 ἀξϐἀς
1629 4929 1643 4954 ,
1690 4888 1714 4941 ὁ
1745 4892 1934 4963 γέρων.
1966 4888 1992 4944 ὁ

398 4985 588 5054 πατὴρ.
606 4979 683 5033 Ita
698 4978 988 5034 Cassianus
1008 4978 1188 5033 Mosen
1214 4988 1267 5032 et
1296 4977 1645 5040 Germanum,
1680 4994 1993 5033 commona-

398 5072 551 5137 chos,
584 5073 807 5125 abbates
839 5078 1030 5133 vocat;
1085 5078 1140 5122 et
1170 5069 1354 5135 regula
1398 5066 1457 5120 S.
1490 5066 1808 5121 Columbani
1851 5068 1993 5121 mille

399 5165 606 5221 abbates
634 5170 725 5222 sub
766 5186 869 5222 uno
913 5164 1326 5219 archimandrim
1365 5169 1647 5217 memorat.
1693 5160 1806 5216 Hoc
1834 5161 1991 5229 igitur

400 5272 558 5311 sensu
588 5257 744 5311 etiam
782 5257 1064 5327 Dionysius
1094 5264 1278 5309 noster
1303 5296 1316 5317 ,
1363 5253 1581 5307 honoris
1614 5254 1792 5322 potius
1824 5268 1988 5324 quam

403 5346 638 5400 muneris
661 5360 842 5407 causa,
869 5348 1034 5399 abbas
1056 5346 1232 5399 dictus
1257 5352 1356 5397 est.
1390 5342 1499 5397 Sed
1529 5340 1595 5396 de
1616 5343 1723 5395 vita
1750 5340 1989 5412 Dionysii

402 5436 655 5491 nonnulla
680 5474 696 5499 ,
754 5437 1102 5504 scriptoribus
1146 5434 1521 5490 ecclesiasticis
1584 5434 1942 5502 pnetermissa
1970 5474 1987 5500 ,

403 5527 695 5584 adnotandi
726 5527 828 5581 alia
851 5525 1052 5594 forsan,
1073 5534 1129 5579 et
1147 5525 1484 5580 commodior
1508 5522 1727 5577 dabitur
1748 5524 1988 5592 occasio,

404 5636 545 5676 nunc
590 5620 757 5688 magis
784 5621 852 5675 de
880 5620 1133 5689 operibus
1182 5618 1298 5687 ejus
1347 5616 1601 5672 sollicita.
1650 5615 1853 5670 llorum
1882 5616 1991 5671 duo

406 5712 740 5783 potissimum
790 5711 1001 5767 auctori
1038 5724 1140 5766 suo
1188 5709 1387 5765 famam
1436 5718 1490 5766 et
1539 5708 1990 5765 existimationem

2097 4720 2246 4761 cram
2289 4705 2496 4774 pariter
2542 4720 2607 4759 ae
2654 4703 2971 4759 litterariam
3012 4706 3224 4758 meritis
3269 4705 3376 4758 tuis
3416 4694 3667 4767 aliquando

2096 4810 2265 4851 ornes
2304 4804 2469 4863 atque
2498 4794 2788 4849 devincias.
2823 4792 2973 4848 Vale.

2209 4955 2415 5026 Cyclica
2444 4971 2559 5008 cum
2588 4955 2759 5009 studio
2796 4964 3001 5020 teneas,
3036 4955 3385 5025 Hoffmaune,
3419 4951 3611 5007 subacto

2276 5046 2568 5117 Dogmata,
2594 5045 2868 5099 Pieridum
2897 5064 3020 5116 pars
3044 5048 3179 5099 mihi
3208 5048 3371 5099 chara
3399 5043 3535 5097 chori
3563 5056 3579 5093 .'

2209 5138 2400 5210 Ecquis
2429 5140 2646 5193 miretur
2670 5138 2896 5202 tandem,
2922 5147 2971 5191 te
3000 5153 3269 5205 exponere
3290 5137 3420 5209 cycli

2277 5231 2439 5284 Docte
2479 5230 2660 5284 conari
2698 5230 2929 5301 diﬁciles
2962 5230 3248 5285 numeros?

2206 5322 2382 5377 Macte
2412 5331 2501 5375 tua
2524 5324 2729 5385 virtute,
2766 5338 2923 5376 novas
2938 5322 3053 5391 jam
3074 5322 3296 5393 concipe
3324 5324 3473 5385 vires,

2286 5416 2647 5486 Iloctrimeque
2678 5426 2779 5471 luce
2799 5418 2971 5487 perfer
2993 5415 3061 5468 ad
3091 5426 3245 5468 astro
3274 5415 3446 5467 decus.

2173 5528 2586 5584 Litteratissimo
2613 5530 2729 5584 viro
2758 5528 2854 5583 DN.
2893 5528 3273 5583 RESPONDBNTI
3301 5526 3404 5582 hoc
3424 5521 3665 5595 publicqu

2095 5619 2439 5688 elegantioris
2458 5618 2719 5674 doctrinm
2730 5619 3001 5687 specimen
3018 5618 3330 5686 gratulatur

2719 5710 3036 5766 l’stozmcus
3064 5709 3393 5765 Srauszics.
3435 5702 3491 5761 P.
3520 5701 3572 5758 P.
