3878 6194
191 323 3390 338 Μ.

189 327 3442 375 W

1448 469 1616 512 anno
1654 470 1886 515 noun"
1916 473 2156 535 DXLVII.

1005 590 2616 875 FACUNDUS‘
2798 873 2802 877 _

724 955 1579 1086 EPISCOPUS
1655 956 2900 1093 HERMIANENSIS.

1657 1175 1967 1190 —v———-—.

1348 1273 1678 1335 ΝΟΤΙῚΊΛ
1740 1272 1840 1351 (ex
1883 1272 2275 1357 Callandio).

238 1409 271 1464 l.
326 1404 614 1464 Facundus
669 1400 1075 1458 Hermianensis
1125 1400 1430 1470 cpiscopus,
1485 1397 1539 1452 in
1569 1397 1760 1452 Africa:
1793 1412 1838 1470 Α
1867 1412 2010 1454 anno
2039 1397 2163 1467 547,
2185 1399 2520 1458 Justinianus
2541 1405 2838 1475 imperator
2860 1407 2926 1461 ab
2947 1416 3168 1464 auctore
3186 1410 3288 1466 sibi
3317 1414 3469 1468 obla-
3503 1459 3511 1468 .

181 1500 434 1572 provincia
481 1497 760 1570 Byzacena
813 1491 1010 1547 claruit
1057 1498 1183 1560 post
1209 1489 1549 1546 consulatum
1579 1486 1765 1544 Basilii

183 1608 299 1646 anno
322 1590 412 1655 {0,
441 1589 495 1644 id
518 1595 600 1644 est
628 1601 770 1640 anno
801 1581 1000 1639 Christi
1023 1579 1146 1646 551,
1176 1587 1440 1649 regnante
1463 1576 1766 1633 Iustiniano

184 1692 524 1753 imperatore,
577 1687 636 1734 ut
676 1677 964 1748 perhibent
1001 1675 1189 1730 Victor
1230 1671 1571 1728 Tunonensis
1601 1670 1682 1742 (a)
1712 1678 1768 1724 et

184 1775 396 1832 Isidorus
421 1771 756 1843 llispalensis
781 1769 854 1842 (ὁ)
872 1786 886 1835 ;
907 1766 1060 1837 cujus
1089 1773 1273 1820 tamen
1293 1763 1458 1820 editio
1489 1763 1543 1818 in
1565 1762 1768 1819 Biblio-

185 1869 312 1922 theca
339 1863 712 1921 ecclesiastica
734 1859 962 1918 Fabricii
990 1871 1275 1930 perperam
1307 1854 1412 1910 fert
1437 1863 1554 1926 post
1578 1869 1764 1910 consu-

185 1957 315 2012 lutum
333 1955 521 2011 Basilii
548 1971 688 2009 anno
711 1963 893 2024 quarto
912 1950 1006 2022 (c),
1031 1964 1151 2006 cum
1175 1947 1419 2019 reliquae,
1445 1955 1607 2016 atque
1627 1946 1768 2000 inter

183 2058 390 2104 exteras
443 2047 732 2103 Breuliana
757 2084 773 2111 ,
819 2051 1150 2101 constanter.
1180 2057 1324 2101 anno
1365 2041 1562 2102 decimo
1609 2038 1764 2094 exhi-

183 2137 320 2196 beant
352 2139 436 2209 (ά)
467 2156 480 2192 :
513 2152 692 2207 neque
721 2135 876 2190 aliter
903 2149 1035 2190 sane
1057 2131 1364 2202 legendum,
1387 2130 1433 2186 si
1460 2128 1769 2186 attendants

185 2228 227 2283 in
273 2229 466 2300 primis
512 2226 749 2282 Isidorus
781 2224 1051 2280 Victorem
1080 2222 1463 2280 Tnnonensem
1507 2217 1770 2276 assectari

182 2320 532 2376 consuevisse.
559 2317 732 2374 Porro
752 2316 993 2386 ejusdem
1019 2313 1255 2370 Facundi
1282 2312 1526 2369 meminit
1552 2325 1770 2382 quoque

181 2411 544 2474 Cassiodorus,
565 2477 568 2480 ἢ
587 2409 666 2465 sic
695 2407 944 2477 inquiens
973 2405 1045 2477 (ε)
1073 2423 1086 2459 :
1125 2424 1144 2458 ι
1179 2403 1463 2460 Facundus
1482 2401 1768 2458 venerabi-

185 2505 236 2558 lis
258 2503 568 2573 episcopus,
601 2499 983 2555 lizcreticorum
1014 2496 1334 2568 penetrabili
1362 2495 1654 2552 securitate
1678 2493 1772 2549 de-

181 2605 422 2660 structor,
455 2607 630 2663 nupcr
670 2590 736 2646 ad
763 2589 1128 2646 Justinianum
1168 2586 1468 2661 principem
1506 2584 1768 2650 scribens,

183 2687 240 2741 de
265 2685 478 2741 duabus
509 2681 717 2738 naturis
748 2679 963 2738 Domini
992 2679 1194 2736 Christi
1219 2678 1354 2734 duos
1377 2676 1587 2754 libellos
1613 2685 1790 2732 acute.

180 2780 323 2834 nimis
368 2777 782 2848 luculenterque
811 2775 1084 2831 tractavit.
1123 2791 1143 2828 ›
1189 2772 1290 2830 Ubi
1343 2773 1576 2830 Senator
1623 2771 1772 2829 acci-

184 2873 395 2943 piendus
414 2872 632 2928 videtur
659 2887 727 2926 ex
753 2873 997 2927 virorum
1025 2869 1363 2925 eruditorum
1391 2867 1680 2932 sententia,
1704 2866 1773 2923 de

179 2968 379 3040 duobus
423 2966 695 3038 prioribus
745 2965 1009 3035 capitibus
1051 2963 1144 3018 lib.
1178 2979 1196 3018 ι
1225 2978 1292 3019 ex
1321 2961 1603 3018 duodecim
1639 2973 1775 3028 quos

179 3057 236 3111 ad
263 3056 632 3113 Justiuianum
661 3055 892 3122 direxit;
922 3070 1029 3110 non
1053 3062 1236 3112 autem
1255 3053 1324 3108 de
1346 3052 1556 3132 duobus
1586 3050 1777 3107 libellis

183 3151 262 3221 qui
283 3152 402 3220 jam
432 3149 523 3204 diu
553 3148 946 3213 interciderint,
990 3156 1049 3203 ut
1076 3153 1340 3217 putarunt
1381 3144 1603 3202 illustris
1644 3144 1777 3200 Mal-

185 3239 306 3298 irius
341 3243 400 3315 (f
415 3242 434 3314 )
467 3249 524 3298 et
551 3240 835 3296 Fabricius
859 3239 959 3314 (g).
1001 3236 1474 3306 Constantinopoli
1499 3249 1664 3304 agens
1690 3235 1779 3292 hic

185 3330 579 3390 liermianensis
595 3335 880 3405 episcopus
905 3332 972 3387 ad
989 3347 1076 3387 res
1093 3329 1346 3386 Ecclesiae
1363 3328 1628 3386 Africanae
1654 3342 1778 3398 pro-

186 3423 462 3490 curandas,
497 3439 597 3495 pro
626 3422 941 3478 defensione
978 3421 1188 3478 scilicet
1216 3419 1378 3476 trium
1407 3417 1780 3490 Capitulorum

185 3515 390 3568 concilii
422 3511 912 3578 Chalcedonensis,
946 3508 1410 3566 Commentarium
1460 3506 1782 3577 conscripsit

185 3603 462 3661 duodecim
494 3605 647 3662 libris
675 3603 936 3675 partitum
969 3619 982 3656 :
1014 3616 1114 3674 quo
1136 3600 1364 3658 nondum
1392 3600 1540 3671 [inito
1571 3613 1632 3652 ac
1659 3615 1782 3670 per-

184 3703 420 3761 tractato,
447 3698 525 3751 ait
555 3695 674 3768 (Ii),
705 3695 961 3752 adductus
989 3703 1075 3768 est,
1110 3689 1635 3764 Constantinopolim
1675 3687 1784 3744 Ro-

185 3801 358 3839 manus
388 3788 631 3858 pontifex
660 3784 902 3854 Vigilius.
928 3781 1066 3840 llinc
1092 3789 1244 3853 patet
1263 3796 1372 3852 quo
1393 3789 1637 3851 tempore
1657 3794 1786 3835 suos

181 3875 343 3934 libros
397 3878 679 3949 sei-ipserit
728 3875 1030 3932 Facundus.
1061 3875 1229 3942 Nam,
1273 3882 1334 3929 ut
1384 3873 1486 3928 rite
1533 3873 1788 3929 observat

181 3963 497 4024 Sirmondus
513 3970 577 4040 (ἱ)
602 3983 670 4024 ex
691 3967 1001 4040 Appendice
1017 3967 1084 4022 ad
1104 3966 1476 4022 Marcellinum
1497 3965 1784 4028 Comitem,

179 4057 332 4126 cujus
388 4069 582 4114 auctor
611 4068 698 4114 est
748 4059 1119 4129 perantiquus,
1153 4055 1428 4114 erudimur
1458 4057 1532 4129 (j)
1582 4056 1789 4128 Pupam

187 4145 432 4220 Vigilium
473 4152 767 4223 ingressum
817 4167 928 4206 esse
981 4148 1484 4220 Constantinopolim
1535 4163 1626 4206 vm
1677 4147 1780 4202 cal.

1873 1499 1984 1546 tum
2035 1496 2325 1565 acceperit.
2377 1496 2531 1562 Quod
2585 1500 2800 1568 quidem
2848 1499 3141 1564 adnotasse
3192 1504 3376 1574 libuit,
3406 1518 3467 1564 ut

1871 1599 1992 1638 cum
2049 1601 2243 1655 magno
2291 1587 2523 1645 Baronio
2570 1593 3002 1666 asseramus.(n),
3053 1611 3150 1652 eos
3196 1598 3363 1654 libros
3411 1601 3464 1655 in

1871 1679 2253 1738 communione
2281 1681 2547 1738 catholica
2570 1682 2734 1740 fuisse
2762 1701 2793 1739 a
2821 1685 3074 1742 Facundo
3103 1692 3464 1762 conscriptos,

1871 1781 1979 1836 quo
2010 1775 2256 1840 tempore
2298 1772 2549 1829 nimirum
2590 1775 2819 1844 ipsemet
2846 1776 3070 1847 Vigilius
3109 1795 3250 1851 papa
3277 1781 3479 1839 defen-.

1870 1858 2080 1914 sionem
2111 1863 2424 1920 eorumdem
2461 1859 2833 1936 Capitulorum
2874 1869 3124 1939 primitus
3163 1874 3469 1944 suscepisse

1870 1953 2220 2026 comperitur.

1941 2043 2006 2099 ll.
2039 2043 2202 2100 Multa
2239 2060 2371 2102 sane
2400 2047 2659 2117 praeclara
2699 2057 2864 2118 atque
2892 2052 3194 2108 orthodoxa
3225 2055 3468 2112 antistite

1843 2144 1845 2146 '
1870 2135 2030 2204 digna
2062 2137 2203 2193 eoin
2226 2153 2393 2209 opere
2421 2150 2734 2209 occurrunt,
2761 2157 2991 2211 quorum
3015 2147 3273 2200 nonnulla
3307 2145 3468 2202 Petro

1871 2223 1938 2282 de
1965 2225 2144 2284 Marea
2176 2228 2242 2284 γ.
2273 2229 2334 2284 C.
2368 2231 2676 2288 exscribere
2720 2233 2922 2302 placuit
2953 2233 3028 2306 (ο)
3061 2253 3074 2289 :
3123 2254 3140 2287 ι
3177 2236 3319 2290 Nihil
3352 2238 3470 2292 illn-

1871 2316 2056 2390 strius,
2090 2318 2283 2390 inquit,
2324 2319 2518 2376 aﬂ'erre
2571 2337 2793 2392 possum
2836 2324 3034 2380 eximio
3065 2325 3304 2382 Facundi
3333 2326 3472 2384 lier-

1872 2405 2166 2464 mianensis
2194 2407 2348 2476 loco,
2397 2409 2490 2479 qui
2536 2425 2800 2466 summam
2840 2428 3060 2482 quoque
3107 2413 3471 2472 Romanorum

1871 2498 2193 2569 pontiﬁcum
2227 2500 2608 2557 auctoritatem
2637 2503 3006 2560 commendat.
3036 2505 3162 2574 Agit
3190 2506 3258 2562 de
3280 2507 3471 2576 Vigilio

1875 2604 2033 2660 papa,
2059 2604 2223 2659 quem
2251 2590 2658 2662 impugnatores
2684 2593 2843 2648 trium
2856 2593 3230 2664 Capitulorum
3261 2612 3321 2652 se
3341 2613 3473 2653 con-

1875 2679 2107 2735 suluisse
2131 2680 2387 2737 dicebant
2413 2699 2426 2735 :
2460 2681 2580 2749 Ille,
2611 2684 2785 2753 inquit
2812 2683 3096 2741 Facundos
3127 2686 3225 2758 (p),
3275 2703 3382 2742 non
3420 2687 3472 2743 in

1805 2812 1850 2870 Β
1877 2769 2273 2827 destructionem
2313 2783 2546 2844 paterna:
2573 2776 2843 2830 sententia
2872 2776 2948 2846 (id
2989 2784 3072 2832 est
3099 2792 3252 2847 papa:
3279 2776 3474 2834 Leonis

1879 2871 1933 2918 et
1962 2862 2155 2936 synodi
2183 2864 2688 2936 Chalcedonensis),
2719 2867 2812 2920 sed
2837 2868 3008 2937 potius
3033 2868 3088 2921 in
3129 2868 3480 2939 defensionem

1878 2963 2031 3026 atque
2060 2955 2330 3023 ultionem,
2361 2956 2588 3027 primam
2631 2958 2827 3028 accepit
2857 2965 2906 3012 et
2937 2960 3220 3014 maximam
3245 2969 3475 3030 potesta-

1881 3054 2015 3108 tem;
2048 3061 2141 3099 nec
2184 3046 2384 3117 aliquid
2410 3056 2592 3102 contra
2620 3049 2920 3114 veritatem,
2969 3050 3060 3105 sed
3104 3067 3198 3121 pro
3244 3052 3481 3116 veritate,

1879 3136 1995 3208 plus
2024 3137 2222 3192 cteteris
2244 3137 2352 3193 suis
2379 3138 2834 3194 consacerdotibus
2875 3149 3059 3210 potest.
3113 3139 3315 3194 Paulus
3341 3141 3484 3197 enim

1881 3227 2008 3283 dicit
2036 3229 2300 3300 apostolus
2325 3246 2342 3285 :
2371 3229 2488 3286 Non
2526 3230 2668 3286 enim
2691 3246 2979 3302 possumus
3004 3232 3204 3302 aliquid
3225 3232 3482 3289 adversus

1882 3319 2186 3389 veritatem,
2215 3319 2311 3376 sed
2340 3335 2438 3390 pro
2468 3321 2694 3377 veritate
2722 3320 2810 3392 (II
2841 3321 2964 3377 Cor.
3010 3339 3124 3386 χιιι,
3161 3325 3238 3393 ἓζ).
3278 3342 3296 3376 ι
3331 3322 3509 3379 Alibi.
3576 3335 3582 3340 '

1885 3428 2014 3470 vero
2044 3413 2186 3468 idem
2215 3414 2298 3468 vir
2327 3413 2720 3471 illustrissimus
2747 3414 2816 3470 de
2845 3415 3038 3471 eodem
3069 3414 3325 3470 Facundo
3351 3418 3428 3486 (ᾳ)
3463 3433 3476 3468 :

1891 3527 1910 3560 ι
1942 3506 2122 3568 Multis
2152 3507 2368 3578 verbis,
2399 3507 2494 3572 ait,
2527 3508 2832 3580 principum
2882 3507 3165 3566 audaciam
3209 3509 3480 3577 exagitat,

1885 3602 1978 3672 qui
2001 3602 2290 3658 canonicas
2310 3601 2636 3672 quaestiones
2660 3601 2727 3656 ad
2757 3617 2914 3657 suum
2936 3601 3197 3671 judicium
3227 3616 3488 3661 revocare

1889 3702 2116 3759 tentant,
2147 3709 2351 3767 eosque
2371 3694 2438 3749 ad
2461 3693 2767 3764 exemplum
2789 3693 3044 3748 Marciani
3078 3693 3333 3763 principis
3362 3709 3484 3762 pro-

1881 3773 2072 3855 vocat,
2103 3786 2171 3841 de
2200 3801 2308 3855 quo
2339 3785 2454 3841 haec
2482 3793 2606 3839 sunt
2626 3783 2744 3853 ejus
2773 3784 2938 3838 verba
2969 3782 3040 3854 (r)
3071 3801 3084 3836 :
3112 3783 3298 3838 Sciens
3327 3783 3482 3852 igitur

1879 3878 1979 3946 ille
2003 3877 2410 3933 modestissitmts
2430 3879 2690 3947 princeps,
2723 3874 2868 3930 Ozias
2893 3875 3003 3945 regi
3027 3891 3131 3929 non
3153 3875 3362 3941 impune
3383 3889 3484 3929 ces-

1891 3971 2038 4033 sisse,
2089 3971 2209 4040 quia
2256 3969 2556 4040 sacriﬁcare
2602 3968 2960 4038 prarsttmpsit,
3011 3966 3147 4035 quod
3192 3965 3487 4021 licitttmest

1893 4061 2096 4132 singulo
2117 4061 2298 4132 cuique
2326 4061 2485 4116 etiam
2515 4061 2726 4116 secundi
2748 4061 2948 4115 ordinis
2979 4059 3234 4114 sacerdoti
3264 4074 3284 4113 .°
3326 4058 3485 4114 multo

1894 4155 2060 4225 magis
2082 4154 2293 4225 impune
2330 4153 2429 4207 sibi
2476 4154 2657 4208 cedere
2685 4169 2790 4208 non
2817 4169 2970 4224 posse
2996 4153 3251 4223 cognovit,
3279 4151 3354 4204 t'cl
3373 4166 3486 4220 qua

178 4237 334 4296 Γέόνο
367 4255 482 4314 post
513 4245 837 4298 consulatu"!
888 4241 1072 4298 Βαδὶίὶἱ
1099 4259 1171 4306 νιν
1205 4239 1261 4297 id
1290 4250 1371 4297 εει
1396 4256 1539 4296 anno
1583 4239 1785 4296 Christi
1816 4237 1860 4259 υ
1883 4249 1999 4321 jam
2031 4248 2095 4303 de
2128 4248 2234 4319 ﬁde
2273 4247 2576 4303 Christiana
2627 4250 2836 4320 fuerant
2876 4250 3155 4302 constituta
3211 4248 3487 4315 discutere,

177 4332 299 4389 547.
336 4336 511 4404 Quam
540 4330 761 4407 quidem
807 4337 1069 4408 temporis
1099 4335 1431 4394 notationem
1461 4349 1528 4390 ex
1576 4333 1780 4391 Proco-

174 4425 263 4493 pio
294 4426 378 4497 (Ir)
407 4442 470 4482 ac
501 4426 842 4498 Theophane
873 4429 936 4501 (ι)
977 4426 1170 4497 Pagins
1213 4425 1498 4483 conﬁrmat
1542 4425 1658 4497 (ιη).
1708 4424 1784 4483 Eo

173 4517 335 4587 igitur
366 4534 514 4575 anno
537 4517 640 4572 557
671 4520 912 4588 ineunte,
935 4536 1043 4591 quo
1066 4519 1119 4573 in
1151 4518 1352 4589 regiam
1373 4517 1561 4574 urbem
1583 4517 1784 4573 adven-

177 4611 312 4665 tavit
335 4609 586 4680 Vigilius,
617 4613 850 4667 necdum
882 4612 1188 4667 absolverat
1221 4595 1376 4666 suum
1408 4626 1544 4682 opus
1573 4609 1782 4665 Facun-

170 4703 289 4772 dus,
321 4712 390 4760 ut
430 4707 590 4761 modo
619 4722 688 4762 ex
715 4721 781 4761 eo
812 4705 1177 4760 intelleximus
1210 4723 1224 4758 :
1253 4699 1492 4776 quicum
1519 4703 1647 4759 illud
1671 4710 1782 4758 tum

171 4791 342 4851 fuisse
394 4810 531 4866 pene
561 4793 869 4851 confectum
917 4793 1188 4849 aﬂirmare
1236 4794 1499 4858 videatur,
1551 4808 1618 4848 eo
1669 4793 1784 4863 ipso

237 4930 326 5001 (a)
358 4929 504 4986 Vict.
532 4930 749 4986 Tuaen.
792 4930 845 4986 in
887 4929 1090 5001 Chron.
1121 4941 1246 4998 pag.
1281 4927 1367 4993 l0,
1399 4926 1541 4998 apud
1578 4928 1776 4996 Scalig.

171 4998 339 5072 Thes.
370 5015 557 5072 temp.
580 5002 713 5057 edit.
746 5001 920 5072 Antst.
960 4999 1124 5072 1658.,
1291 5042 1308 5050 ,

241 5071 326 5142 (ὁ)
365 5068 668 5142 ιρἱὰίιιὶςρ.
698 5073 765 5125 de
787 5070 987 5142 Script.
1012 5069 1145 5142 eccl,
1164 5085 1300 5142 icap.
1336 5068 1419 5124 19.

239 5139 319 5210 (c)
355 5140 570 5211 Fabric.
601 5139 738 5196 Bibi.
771 5139 927 5210 ecclf.
961 5157 1076 5211 pag.
1113 5139 1202 5194 54.

237 5209 327 5282 (ά)
347 5210 475 5266 Isid.
496 5213 644 5283 llisp.
663 5212 801 5282 Opp.
817 5209 944 5267 edit.
962 5209 1221 5276 du'lireul,
1244 5211 1412 5266 Puris.
1434 5211 1558 5265 16H
1573 5209 1779 5280 ,p.528.

237 5289 319 5350 te)
357 5283 605 5339 Cassiod.
635 5283 832 5353 Expos.
866 5285 917 5338 in
944 5285 1133 5352 psaltn.
1167 5299 1424 5349 cxxxvnt,
1451 5284 1551 5338 sub
1582 5283 1672 5333 litt.

238 5359 331 5426 (ί)
369 5353 512 5408 ntali.
542 5354 743 5426 opusc.
791 5357 981 5410 eccles.
1034 5355 1101 5407 ad
1128 5355 1266 5410 calc.
1321 5353 1458 5408 Hist.
1515 5353 1680 5407 theol.
1713 5353 1779 5405 de

159 5424 361 5491 Crist...
403 5439 513 5494 pag.
544 5424 674 5479 201.

213 5495 581 5576 _(g)_l:‘abric.
615 5495 751 5550 Bibl.
798 5497 942 5551 med.
976 5495 1197 5550 Latum.
1237 5503 1368 5550 tom.
1401 5493 1464 5558 ll,
1493 5507 1615 5564 pag.
1648 5491 1774 5556 455,

157 5564 316 5624 edit:
348 5564 547 5620 llatub.

233 5641 326 5710 (Ιι)
355 5637 599 5694 Facund.
629 5636 835 5707 praefat.
868 5636 1004 5692 infra
1034 5636 1139 5692 col.
1172 5634 1295 5691 527.

1891 4338 2028 4410 quod
2057 4338 2350 4394 nullatenus
2395 4339 2546 4404 licet;
2584 4339 2662 4393 uel
2692 4355 2848 4394 nouos
2900 4339 3212 4394 constituere
3239 4353 3487 4404 canones,

1890 4430 2027 4500 quod
2054 4446 2157 4484 non
2181 4431 2281 4488 nisi
2309 4430 2482 4484 multis
2509 4441 2558 4486 et
2583 4431 2636 4485 in
2667 4447 2826 4485 unum
2866 4431 3198 4503 congregatis
3221 4432 3378 4502 primi
3399 4449 3489 4487 or-

1892 4522 2029 4576 tlinis
2054 4521 2407 4576 sacerdotibus
2428 4524 2566 4576 licet.
2600 4521 2678 4575 Ob
2727 4523 2823 4578 hoc
2869 4525 3043 4594 itaque
3093 4524 3170 4578 vir
3199 4533 3488 4594 temperans

1891 4621 1940 4668 et
1966 4629 2058 4672 suo
2088 4621 2358 4668 contentus
2387 4613 2575 4682 ofﬁcio,
2604 4614 3069 4692 ecclesiasticarum
3110 4630 3368 4668 canonum
3397 4631 3489 4668 ea:-

1893 4710 2094 4758 secutor
2122 4719 2232 4757 esse
2252 4703 2429 4768 voluit,
2463 4719 2566 4758 non
2595 4706 2852 4764 conditor.
2883 4721 2986 4758 non
3017 4715 3247 4758 exactor.
3283 4702 3380 4758 llic
3406 4711 3486 4757 est

1894 4801 2073 4850 certus
2103 4793 2257 4852 limes
2284 4808 2444 4862 quem
2491 4794 2652 4864 regiae
2694 4795 3003 4850 auctoritati
3045 4795 3098 4848 in
3138 4795 3221 4850 his
3262 4792 3486 4862 negotiis

1987 4926 2326 5010 S_i_rmond.
2447 4929 2685 5010 Facund.
2716 4930 2751 4985 l.
2785 4940 2980 5010 ct‘npt.
3015 4931 3067 4983 ιι.

1993 4999 2042 5069 j)
2076 4997 2312 5054 Marcell.
2343 5000 2545 5055 Chron.
2577 5002 2640 5056 ad
2671 5017 2796 5055 ann.
2822 5001 2946 5054 567.

1989 5069 2040 5148 is)
2061 5067 2306 5148 Erocop.
2337 5070 2427 5148 lib.
2455 5088 2511 5127 ιιι
2539 5071 2608 5127 de
2635 5071 2770 5148 Bell.
2801 5070 2988 5148 60th..
3027 5084 3141 5148 :ap.
3171 5068 3266 5148 _l6.

1991 5138 2029 5208 Ι)
2061 5138 2308 5209 Theoph.
2337 5140 2611 5208 Chronng.
2645 5141 2710 5194 ad
2733 5157 2858 5194 ann.
2885 5140 2946 5192 21
2990 5141 3276 5194 Justinian.

1967 5209 2241 5282 (inLPagi.
2277 5211 2343 5264 ad
2368 5228 2492 5264 ann.
2526 5211 2648 5282 iiii,
2682 5211 2793 5282 ξιτ

1965 5281 2043 5349 (κ)
2077 5281 2273 5336 Baron.
2321 5282 2385 5335 ad
2417 5297 2542 5335 ann.
2571 5279 2748 5350 547ξῇ
2781 5279 2869 5332 52.

1961 5352 2037 5428 (ο)
2062 5351 2241 5428 ῌᾳιεει
2265 5351 2333 5408 de
2357 5351 2628 5428 Cpttcord.
2657 5351 2864 5428 saec-rd.
2891 5352 3100 5428 _c_t_it_up.
3134 5351 3226 5409 lib.
3253 5368 3329 5421 nt,
3360 5371 3482 5428 cap.

1886 5420 1976 5488 ts,‘
2014 5422 2160 5494 sto,
2200 5437 2322 5494 pag.
2344 5420 2480 5494 524,
2513 5422 2640 5477 edit.
2677 5421 2862 5494 Paris.
2885 5421 3041 5477 not.

1960 5491 2035 5564 (ιι)
2064 5491 2306 5549 Ρωοιῐιιᾶ.
2339 5493 2427 5548 lib.
2459 5509 2514 5553 ιι,
2549 5509 2665 5563 cap.
2697 5491 2750 5557 6,
2782 5492 2939 5548 infra.

2061 5529 2981 5647 ,”ιῖι›”ῗῖὀ“ἔῂιῖ“ἇὶιῖ’ς
3007 5565 3100 5647 ιιι,
3137 5579 3259 5636 pag.
3292 5566 3414 5621 ιιι.

1962 5634 2030 5706 (r)
2059 5634 2296 5688 Facund.
2333 5635 2424 5688 lib.
2457 5651 2553 5703 ιιι,
2584 5650 2702 5706 cap.
2731 5635 2785 5701 '5,
2816 5637 2915 5692 sub
2945 5634 3064 5692 iuit.

235 5736 256 5753 ⁸
293 5731 364 5787 ιη
397 5728 650 5784 Facundo
675 5729 1074 5804 _etFerrando,
1116 5732 1518 5804 typothctarum
1550 5729 1732 5798 lapsu,
1764 5735 2019 5784 Caeterum
2056 5727 2309 5794 innoxio,
2353 5727 2745 5800 aliquantulum
2794 5744 2823 5784 a
2856 5729 3243 5800 chronologico
3294 5730 3486 5788 ordine

151 5806 380 5862 abem
389 5811 502 5856 tum
532 5810 636 5855 est.
674 5801 832 5858 Eutr.

485 5899 755 5962 ιἰτροι..
805 5901 1058 5966 LXVII.

2950 5900 3017 5956 17
