3878 6194
441 339 547 397 525

1493 328 1855 389 FACUNDUS
1882 327 2095 385 ense.
2138 312 2661 385 nEnittauLNs‘ts.
3548 338 3637 400 εει

421 456 697 523 przrtigere
726 454 975 519 oportet,
1029 460 1095 502 ne
1124 445 1435 502 inconsulto
1478 446 1771 522 trahantur.
1793 443 1860 498 ad
1889 458 2007 498 eam
2042 448 2080 504 Α
2115 442 2296 514 plures
2324 442 2632 505 orthodoxi,
2662 442 2771 497 imo
2805 451 2860 498 et
2882 443 2996 516 ipse
3024 443 3240 513 Vigilius
3262 447 3513 510 Romanus
3534 473 3647 526 pou-

422 543 809 607 adulationem,
842 555 947 609 qua
996 538 1328 609 principibus
1357 538 1468 593 suis
1519 538 1682 593 totius
1723 535 2013 606 disciplinae

357 648 365 654 '
422 635 796 694 ecclesiastica:
823 646 1089 687 summam
1117 629 1290 688 Graeci
1334 630 1669 687 deferebant.
1708 648 1727 682 ι
1776 627 1892 683 Huc
1918 643 2013 683 us-

2117 530 2266 600 tifex,
2297 534 2449 617 quasi
2476 532 2715 588 vindices
2740 533 3190 593 Chalcedonensis
3217 542 3432 609 concilii,
3456 545 3500 598 in
3526 549 3650 617 cujus

2116 609 2484 693 pratjudmum
2536 637 2601 677 ea
2650 623 2960 679 viderentur
3008 625 3076 680 ab
3124 626 3429 697 imperatore
3460 609 3653 707 saucita,

420 744 530 799 que
549 729 632 783 vir
654 726 1014 782 doctissimus.
1040 724 1154 778 Alia
1178 738 1340 794 porro
1361 723 1447 779 his
1470 737 1708 779 consona
1735 737 1804 777 ex
1824 720 2016 776 eodem
2116 713 2481 771 insurrexere.
2531 711 2667 766 Cum
2699 721 2879 768 autem
2922 716 3204 785 perspicue
3231 719 3478 791 pleneque
3504 730 3653 794 cogni-

427 819 681 876 Facundo
706 816 910 887 jamdiu
938 816 1198 870 retulerat
1229 829 1459 885 magnus
1496 814 1761 869 Baronius
1790 812 1890 885 (α).

494 911 581 967 lll.
640 908 856 965 Utinam
885 924 1017 963 vero
1059 908 1112 962 in
1160 907 1351 983 eadem
1397 907 1664 963 sententia
1694 903 1889 977 prmsul
1932 904 2022 960 hic

427 1001 825 1058 llermianeusis
869 998 938 1053 ad
992 997 1152 1054 ﬁnem
1192 1010 1361 1067 usque
1403 997 1524 1051 vitm
1571 996 1915 1067 perstitissct.
1962 993 2022 1048 ln

427 1094 619 1148 exsilio
649 1106 881 1161 namque
911 1090 1239 1146 constitutus
1267 1090 1339 1145 ob
1366 1088 1697 1160 pertinacem
1728 1086 1887 1142 trium
1917 1084 2023 1139 Ca-

427 1184 721 1256 pitnlorum
770 1182 1159 1249 defensionem,
1205 1182 1345 1237 inter
1385 1180 1763 1236 schismaticos
1792 1178 2026 1233 militare

428 1277 635 1349 coepit;
687 1276 785 1332 ubi
816 1285 871 1331 et
901 1277 1093 1331 librum
1143 1275 1359 1346 scripsit
1388 1282 1577 1329 contra
1606 1271 1911 1326 Mocianum
1943 1268 2028 1323 vel

431 1370 731 1424 Mutianum
760 1368 1160 1433 scholasticum,
1184 1368 1274 1437 qui
1306 1365 1586 1422 Africanos
1614 1365 1883 1419 antistites
1905 1362 2029 1431 jure

366 1511 377 1527 ,
432 1462 640 1532 optimo
672 1461 1037 1529 redargucrat,
1071 1468 1358 1530 propterea
1388 1458 1532 1528 quod
1566 1457 1725 1511 trium
1754 1452 2032 1525 Capitulo-

434 1570 552 1609 rum
585 1568 747 1608 causa
776 1567 834 1606 se
860 1566 889 1605 a
914 1550 1107 1621 Vigilio
1134 1564 1270 1620 papa
1300 1556 1355 1603 et
1383 1548 1449 1603 ab
1475 1546 1712 1602 Ecclesia
1739 1553 1862 1615 post
1892 1542 2032 1598 illius

432 1646 734 1700 Judicatum
755 1651 1123 1712 segregarant.
1154 1641 1290 1707 Quin
1318 1642 1480 1695 etiam
1512 1653 1577 1694 ex
1609 1636 1837 1706 epistola
1868 1634 2033 1705 ipsius

433 1734 667 1790 Facundi
693 1733 837 1788 edita
869 1733 1145 1802 primuma
1174 1729 1436 1784 Dacherio
1466 1729 1699 1800 (b),qu:c
1728 1724 2034 1781 inscribitur

2121 811 2233 857 tum
2270 800 2389 866 fuit,
2421 801 2784 871 nequidquam
2815 803 3131 872 derogatum
3158 819 3478 866 sacrosancto
3504 817 3654 871 conci-

2123 893 2197 947 lio
2235 891 2660 948 Chalcedonensi
2689 909 2786 963 per
2811 894 3212 950 damnationem
3244 908 3391 954 trium
3420 902 3656 973 Capitulo-

2123 998 2277 1050 rum;
2308 983 2421 1055 ipsa
2445 983 2706 1053 imprimis
2731 986 3023 1055 apostolica
3055 986 3207 1041 sedes
3231 1004 3343 1042 eam
3366 991 3659 1061 imperatoris

2125 1073 2306 1129 edicto
2340 1074 2569 1145 primum
2604 1076 2994 1145 promulgatam
3035 1084 3091 1131 et.
3117 1088 3299 1146 postea
3346 1096 3435 1149 per
3458 1085 3661 1153 quintam

2127 1164 2389 1237 synodum
2437 1166 2811 1222 conﬁrmatam
2854 1169 3205 1223 assertionem
3253 1171 3483 1239 probavit
3529 1185 3663 1245 atque

2127 1256 2381 1323 retinuit;
2407 1258 2645 1326 itumque
2667 1266 2797 1313 esta
2824 1260 3099 1314 catholicis
3128 1261 3369 1318 omnibus
3390 1265 3438 1318 in
3459 1267 3664 1321 eamdem

2130 1348 2454 1402 sententiam
2477 1364 2596 1402 cum
2627 1349 2813 1417 quinta
2841 1350 3047 1421 synodo
3076 1358 3131 1405 et
3158 1367 3276 1407 cum
3307 1353 3425 1423 ipsis
3453 1354 3665 1413 Romanis

2131 1439 2472 1509 pontiﬁcibus
2509 1440 2734 1509 aliisque
2764 1441 3073 1511 apostolicrc
3112 1443 3225 1497 sedi
3273 1448 3666 1501 c0tttmuuicanti-

2133 1528 2250 1582 bus.
2274 1527 2376 1594 Qui
2403 1543 2532 1583 vero
2558 1537 2743 1599 postea
2768 1529 2834 1583 ab
2857 1529 2940 1585 his
2969 1530 3287 1596 dissensere,
3310 1540 3365 1586 ut
3390 1534 3668 1591 scltistnalici

2135 1621 2301 1675 habiti
2342 1630 2466 1675 sunt
2503 1630 2664 1691 atque
2712 1620 2896 1690 rejecti
2941 1639 2953 1675 :
3004 1638 3126 1678 cum
3161 1634 3334 1677 tamen
3362 1624 3545 1680 interea
3570 1640 3670 1681 anze

2137 1713 2484 1768 novissimum
2512 1713 2822 1783 apostolicae
2848 1713 2990 1770 sedis
3012 1730 3289 1770 assensum
3311 1731 3411 1770 non
3436 1726 3559 1771 esset
3582 1719 3671 1788 pia-

439 1826 680 1897 Epistola
708 1825 831 1896 ﬁdei
862 1826 1133 1878 catholica:
1187 1824 1242 1877 in
1278 1822 1575 1891 defensione
1627 1820 1780 1873 trium
1823 1817 2034 1888 Cupitu-
2070 1831 2110 1889 Β
2139 1807 2317 1862 ευιιιῐη
2348 1822 2446 1877 ρτο
2473 1806 2642 1861 "ibus
2671 1821 2907 1877 pugnare
2947 1806 3238 1878 Capitulis;
3271 1822 3383 1862 cum
3424 1810 3672 1879 PIT-serti“

437 1919 624 1982 lorum,
667 1917 757 1971 ille
804 1916 855 1969 in
886 1916 1177 1969 Schismate
1205 1913 1522 1968 occubuisse
1552 1912 1779 1966 videtur.
1814 1910 1928 1977 Qua
1967 1909 2034 1964 de

435 2029 495 2069 re
519 2014 760 2067 Natalem
785 2011 1146 2065 Alexandrum
1172 2010 1356 2065 videas
1373 2011 1466 2079 (c).
1494 2008 1620 2064 llacc
1641 2023 1767 2063 vero
1796 2006 2036 2077 pluribus

436 2106 711 2177 prosecuti
737 2114 865 2159 sunt
892 2104 1178 2158 Annalium
1212 2102 1704 2158 ceclesiasticorum
1735 2115 1929 2170 parens
1956 2098 2034 2171 (ά)

446 2206 504 2251 et
524 2196 595 2251 cl.
628 2195 870 2251 Norisius
901 2194 999 2265 (ε).
1046 2193 1141 2248 llis
1169 2203 1348 2247 autem
1379 2193 1634 2247 hactenus
1664 2191 1925 2246 enarratis
1955 2199 2036 2244 at-

440 2296 628 2343 texcre
658 2286 788 2341 libet
815 2302 934 2358 qua:
963 2286 1151 2340 scribit
1180 2283 1374 2339 Petrus
1418 2284 1486 2338 de
1515 2284 1715 2348 Marca,
1746 2282 1813 2338 de
1858 2281 2036 2350 Vigilii

433 2382 659 2437 decreto
694 2396 793 2451 pro
840 2378 1251 2434 conﬁrmatione
1280 2394 1314 2431 v
1346 2376 1538 2448 synodi
1577 2376 1879 2431 cdisserens
1908 2375 1984 2447 (ί)
2020 2392 2033 2429 :

447 2492 466 2525 ι
499 2473 576 2527 Ne
603 2473 757 2543 quis,
789 2472 982 2541 inquit,
1014 2470 1359 2526 ambitiosum
1399 2471 1503 2525 hoc
1531 2468 1710 2538 Vigilii
1759 2469 2035 2525 decretum

439 2563 798 2629 existimaret,
829 2562 942 2632 ipse
970 2560 1208 2616 rationes
1228 2575 1349 2629 quze
1377 2574 1435 2614 se
1456 2558 1520 2612 ad
1549 2557 1691 2613 hanc
1716 2558 2036 2614 sententiam

441 2653 775 2724 impulerint,
809 2654 904 2707 has
942 2653 1199 2719 assignat.
1232 2650 1435 2720 Nempe
1463 2650 1605 2719 quod
1637 2649 1959 2704 oﬁensiones
1983 2658 2039 2705 et

435 2747 695 2802 scandala
722 2761 841 2817 qum
870 2746 1082 2814 generis
1126 2744 1345 2799 humani
1377 2744 1547 2799 hostis
1595 2758 1692 2813 per
1719 2743 2037 2813 disputatio-

438 2853 562 2893 nem
590 2838 657 2893 de
686 2838 857 2891 tribus
885 2836 1151 2906 Capitulis
1180 2836 1479 2898 invexerat,
1498 2835 1608 2904 jam
1632 2834 1819 2891 sedata
1836 2843 2034 2903 essent,

434 2943 658 2999 paxque
706 2928 912 2983 reddita
943 2936 1087 2981 esset
1115 2925 1371 2982 Ecclesia:
1400 2934 1525 2996 post
1570 2926 1783 2980 illorum
1815 2924 2038 2980 damna-

440 3023 667 3090 tionem,
699 3030 753 3075 et
783 3022 983 3075 veritas
1008 3019 1302 3076 affulsisset
1330 3020 1382 3075 in
1414 3019 1497 3076 his
1525 3020 1789 3088 ambiguis
1817 3029 2037 3075 contro-

442 3115 653 3169 versiis.
688 3111 862 3181 Unde,
886 3113 1084 3176 subdit,
1112 3112 1367 3181 colligere
1394 3112 1519 3169 licet
1539 3112 1953 3184 lllyricianarum
1982 3120 2039 3168 et

2140 1899 2192 1953 in
2219 1913 2283 1953 ea
2308 1899 2605 1952 assertione
2626 1898 2913 1953 habuerint
2933 1899 3224 1969 aliquando
3253 1916 3404 1969 quem
3431 1916 3675 1970 sequeren-

2138 1999 2242 2054 tur,
2274 1989 2445 2058 ipsum
2480 1988 2727 2057 Vigilium
2768 1988 3068 2045 Romanum
3100 1987 3423 2061 pontiﬁcem.
3460 2009 3475 2042 ι
3518 1990 3676 2045 Hactc.

2138 2094 2237 2133 nus
2266 2078 2548 2132 Annalium
2580 2078 3070 2134 ecclesiasticorum
3101 2081 3349 2135 conditor
3379 2098 3390 2133 :
3420 2080 3502 2149 qui
3528 2090 3575 2135 et
3603 2082 3677 2134 ali.

2137 2166 2187 2222 hi
2219 2169 2280 2239 (ί)
2310 2181 2558 2238 quaenam
2584 2168 2780 2224 fuerint
2805 2170 2902 2223 tria
2935 2170 3032 2223 ista
3060 2169 3309 2241 Capitula
3338 2171 3572 2236 edocens,
3598 2188 3677 2225 no-

2134 2279 2256 2318 vam
2286 2263 2443 2318 simul
2474 2263 2767 2333 falsamque
2792 2262 3070 2333 cujusdam
3101 2264 3301 2319 eruditi
3323 2265 3415 2319 viri
3442 2265 3503 2320 de
3528 2265 3681 2319 iisdtm

2136 2358 2445 2429 opinionem
2470 2358 2735 2413 confutat.

2210 2448 2273 2502 γ.
2308 2448 2374 2501 At
2400 2463 2532 2503 vero
2562 2447 2701 2502 haud
2727 2448 2882 2505 nobis
2910 2448 3377 2515 committendum,
3404 2458 3460 2504 ut
3485 2448 3684 2505 Sirmnn—

2137 2538 2262 2595 dum
2307 2537 2369 2592 ν.
2414 2537 2476 2592 C.
2528 2538 2631 2593 hac
2674 2538 2743 2593 de
2772 2553 2852 2605 re,
2904 2548 3068 2609 atque
3119 2540 3381 2612 imprimis
3408 2542 3468 2595 de
3502 2551 3683 2597 auctore

2140 2637 2327 2684 nostro
2381 2628 2544 2682 verba
2596 2627 2884 2684 facientem
2939 2638 3350 2699 praetereamus.
3416 2629 3500 2685 Sic
3559 2629 3688 2699 igitur

2140 2720 2230 2777 ille
2258 2720 2324 2791 (ἀ)
2364 2738 2376 2773 :
2414 2740 2432 2772 ι
2468 2718 2523 2774 ln
2555 2721 2712 2775 trium
2743 2720 3120 2792 Capitulorum
3153 2738 3312 2777 causa
3341 2739 3489 2793 quam
3511 2721 3688 2778 Facun-

2138 2811 2238 2866 dus
2264 2809 2524 2879 defendit,
2548 2810 2593 2865 si
2623 2826 2809 2866 verum
2836 2811 2981 2882 loqui
3013 2813 3214 2882 placet,
3261 2813 3526 2869 honestius
3549 2813 3692 2868 fuerat

2137 2919 2260 2960 cum
2304 2903 2499 2973 Vigilio
2541 2903 2739 2959 cadere
2785 2918 2945 2973 quam
2980 2905 3214 2961 vincere
3243 2922 3363 2961 cum
3405 2904 3687 2960 Iustiniano.

2139 2998 2295 3067 Quod
2325 2999 2371 3053 si
2413 2998 2665 3068 Vigilium
2706 3009 2966 3070 perpetuo
3002 2999 3206 3056 ducem
3250 3001 3400 3072 sequi
3430 3000 3695 3065 maluisset,

2138 3106 2301 3161 quam
2330 3089 2603 3160 Vigil.um,
2634 3100 2916 3160 postquam
2949 3089 3259 3148 Iustiniano
3288 3092 3565 3149 cedendum
3591 3107 3695 3145 cen-

441 3208 813 3262 Africanarum
859 3205 1257 3276 provinciarum
1289 3205 1573 3276 episcopos
1602 3181 1795 3274 prioris
1820 3211 2039 3261 senten-
2064 3197 2109 3260 C
2141 3184 2276 3250 δηίίν
2318 3199 2460 3276 cumA
2485 3182 2632 3276 Arri?
2669 3183 2780 3239 suis
2826 3185 3262 3254 reprehendere;
3311 3201 3464 3240 ηθπιο
3492 3185 3619 3240 mm“
3643 3181 3697 3237 de

432 3299 530 3352 tite
574 3298 911 3367 prnnituisse,
944 3307 999 3352 et
1027 3297 1441 3352 communicatis
1466 3312 1588 3352 cum
1618 3296 1811 3367 Vigilio
1860 3296 2041 3352 consi-

440 3391 525 3445 liis
544 3389 896 3445 Orientalium
925 3389 1361 3445 communionem
1384 3390 1683 3459 amplexos.
1719 3409 1736 3443 ι
1774 3389 1900 3445 Haec
1926 3390 2037 3445 ille.

437 3481 697 3547 Quamvis
751 3496 859 3534 non
902 3480 1171 3535 defuerint
1213 3480 1456 3535 nonnulli
1506 3480 1701 3536 eruditi
1731 3482 1853 3550 viri,
1901 3496 2041 3551 quos

441 3570 582 3625 inter
610 3568 902 3625 Garnerius
922 3570 1019 3642 (g),
1063 3571 1155 3640 qui
1185 3570 1251 3626 de
1280 3570 1591 3640 integritate
1616 3570 1903 3627 decretalis
1924 3572 2042 3643 epi-

436 3660 593 3716 stola:
617 3660 812 3729 Vigilii,
833 3676 994 3730 quam
1024 3661 1122 3717 abs
1151 3675 1211 3716 se
1238 3661 1469 3732 primum
1492 3658 1688 3716 editam
1723 3660 1956 3716 illustrat
1984 3661 2039 3716 in

440 3770 534 3809 sua
565 3752 947 3809 dissertatione
977 3754 1117 3808 idem
1147 3754 1216 3809 cl.
1241 3753 1680 3824 archiepisc0pus
1707 3751 2039 3821 Parisiensis,

443 3844 781 3899 dubitarunt.
817 3841 1098 3913 Utcunque
1127 3858 1257 3898 vero
1298 3844 1386 3909 sit,
1420 3858 1486 3897 an
1517 3852 1703 3913 postea
1733 3842 2042 3913 Facundus,

441 3936 688 4007 deposita
718 3935 896 4006 priore
925 3936 1213 4003 sententia,
1233 3935 1373 3989 inse
1396 3933 1611 3989 tandem
1630 3949 1912 4002 reversus,
1937 3935 2045 3990 sal-

441 4042 551 4087 tem
605 4031 705 4086 sub
756 4030 880 4084 vitae
921 4029 1081 4084 ﬁnem
1136 4028 1447 4099 resipuerit,
1490 4044 1555 4083 ac
1594 4028 1805 4099 ejurato
1859 4028 2045 4098 iniquo

442 4124 732 4180 schismate
783 4138 905 4178 sese
952 4122 1233 4177 catholica:
1290 4121 1593 4190 adiunxerit
1647 4122 2045 4191 communioni,

444 4216 561 4284 ejus
604 4228 822 4269 causam
872 4228 940 4268 ex
980 4214 1191 4281 integro
1233 4212 1634 4282 dijudicandam
1667 4212 1791 4281 ‘Dei
1820 4213 2045 4269 arbitrio

444 4306 781 4360 dimittimus.
1579 4356 1584 4361 .

516 4395 602 4449 IV.
633 4395 833 4451 Verum
863 4401 922 4447 ut
944 4407 1154 4449 summa
1182 4390 1250 4449 de
1274 4392 1444 4447 tribus
1465 4391 1728 4463 Capitulis
1754 4392 2049 4450 lectoribus

446 4486 500 4541 in
526 4492 779 4555 promptu
801 4484 871 4539 sit
901 4499 1008 4555 quo
1033 4485 1101 4540 de
1130 4484 1212 4539 his
1229 4483 1491 4554 judicium
1522 4485 1733 4538 ﬁrmum
1763 4493 2049 4556 ratumque

2139 3284 2389 3345 suscepta
2427 3274 2797 3345 Capitulorum
2838 3276 3162 3334 defensione
3212 3277 3281 3333 ad
3332 3292 3488 3346 quam
3513 3276 3699 3345 Vigilius

2138 3368 2254 3437 ipse
2282 3367 2422 3423 ultro
2459 3375 2645 3437 postea
2672 3367 2859 3435 rediit,
2891 3367 3010 3438 jure
3056 3370 3426 3427 accusandum
3449 3367 3698 3442 iudicaret.

2138 3460 2246 3517 Sed
2271 3459 2584 3515 Facundum
2624 3460 2995 3530 collegasque,
3028 3469 3088 3516 ut
3138 3462 3335 3533 Vigilio
3363 3467 3699 3534 repugnarent,

2140 3550 2328 3607 fefellit
2352 3566 2505 3606 error
2524 3564 2632 3620 quo
2662 3553 2986 3610 tenebantur
3007 3570 3288 3626 quemque
3309 3554 3530 3612 Victoris
3554 3560 3603 3609 et
3625 3549 3702 3605 lsi-

2142 3643 2263 3699 dori
2298 3642 2366 3698 de
2395 3642 2650 3699 Facundo
2676 3643 2984 3699 testimonia
3007 3644 3329 3713 declarant;
3357 3644 3495 3715 quod
3533 3643 3704 3698 scilicet

2142 3751 2461 3810 persuasum
2487 3736 2749 3792 haberent
2777 3753 2885 3792 non
2933 3752 3097 3808 posse
3138 3738 3347 3809 abstjue
3386 3736 3566 3807 injuria
3604 3732 3703 3785 ﬁdei

2146 3830 2448 3903 synodique
2486 3828 2942 3886 Chalcedonensis
2983 3832 3280 3887 eversione
3323 3828 3557 3900 Capitula
3595 3841 3705 3880 con-

2146 3922 2386 3978 demnari
2414 3938 2427 3974 :
2460 3919 2688 3992 proinde
2714 3920 2958 3976 damnari
2986 3936 3095 3977 non
3131 3921 3491 3993 patiebantur.
3521 3917 3582 3971 At
3602 3929 3705 3969 con-

2146 4024 2231 4072 tra
2261 4016 2481 4085 Vigilius
2513 4015 2735 4070 liberam
2788 4028 2909 4069 esse
2948 4014 3385 4071 controversiam
3414 4011 3707 4078 intelligens,

2148 4118 2204 4165 et
2222 4124 2341 4179 qua:
2363 4104 2535 4163 utram
2566 4108 2618 4163 in
2644 4115 2850 4179 partem
2878 4115 3151 4179 vergeret,
3186 4109 3257 4165 ad
3301 4107 3424 4162 ﬁdei
3451 4103 3706 4160 doctrinam

2149 4202 2281 4258 nihil
2309 4203 2568 4257 attineret
2594 4200 2760 4272 (quod
2783 4201 2957 4272 ipsum
2986 4211 3113 4273 post
3142 4202 3326 4273 Vigilii
3356 4209 3584 4271 tempora
3609 4193 3709 4249 Gre-

2148 4296 2331 4365 gorius
2359 4295 2598 4365 Magnus,
2632 4292 2881 4365 Pelagius
2901 4303 2956 4351 et
2982 4295 3073 4351 alii
3099 4311 3249 4366 saepe
3280 4294 3457 4351 testati
3485 4288 3635 4358 sunt),
3660 4298 3710 4341 ea

2151 4388 2420 4444 interdum
2451 4388 2702 4443 libertate
2726 4403 2853 4445 usus
2877 4396 2958 4444 est
2986 4404 3153 4459 quam
3179 4404 3348 4444 causa
3378 4382 3711 4443 concedebat:

2152 4498 2367 4553 semper
2394 4482 2631 4551 alioquin
2660 4482 2727 4537 ad
2757 4482 3111 4549 delendenda,
3157 4492 3219 4538 ut
3261 4498 3358 4554 par
3387 4488 3517 4543 erat,
3544 4484 3593 4531 et
3612 4488 3713 4545 pro-

447 4576 587 4630 ferre
608 4582 829 4645 queant,
855 4573 984 4629 itlud
1009 4580 1218 4629 certum
1242 4581 1407 4644 atque
1422 4573 1764 4644 exploratum
1784 4591 1906 4630 cum
1926 4577 2044 4631 viro
2072 4592 2127 4654 ι)
2152 4575 2325 4630 banda
2366 4572 2609 4645 Capitula
2656 4574 2991 4645 propensior.
3038 4574 3179 4629 Nam
3224 4584 3281 4630 et
3317 4571 3589 4644 principio,
3617 4579 3715 4622 cum

447 4666 682 4722 maximo
711 4665 1081 4722 existimamus
1138 4665 1239 4737 (Ιι).
1276 4684 1295 4718 ι
1331 4664 1485 4732 Quod
1533 4666 1634 4720 etsi
1679 4666 1893 4722 demum
1920 4678 2042 4739 post

446 4759 668 4813 obortas
723 4757 980 4826 plurimas
1029 4757 1429 4811 controversias
1476 4755 1844 4826 immensaque
1889 4767 2043 4829 parta

447 4848 687 4912 dissidia,
716 4846 980 4901 catholica
1007 4844 1247 4901 Ecclesia
1277 4846 1597 4901 sententiam
1618 4844 1909 4903 Justiniani
1940 4850 2044 4904 im-

448 4943 712 5016 peratoris
739 4950 929 4998 contra
975 4942 1077 4997 tria
1105 4941 1353 5011 Capitula
1382 4940 1452 4996 sit
1476 4950 1687 5007 secuta,
1722 4949 1901 4996 tamen
1932 4940 2048 5011 ipso

448 5037 672 5093 exordio
698 5036 989 5106 propositae
1016 5035 1362 5105 quaestionis,
1396 5034 1505 5088 imo
1535 5042 1756 5089 assertze
1783 5035 1850 5089 ab
1881 5035 2048 5104 impe-

448 5138 629 5193 ratore
673 5127 982 5192 sementim,
1033 5135 1220 5180 contra
1267 5124 1458 5179 eadem
1492 5125 1592 5178 tria
1622 5124 1863 5196 Capitula
1895 5140 2045 5181 cmu-

522 5365 593 5438 (a)
627 5366 821 5438 Baron.
847 5367 911 5421 ad
943 5382 1066 5438 ann.
1101 5363 1227 5429 547,
1265 5363 1448 5438 δδξι,
1479 5361 1568 5427 '55,
1596 5362 1737 5438 {let
1759 5379 1910 5433 seqq.

629 5437 855 5492 Dachcr.
885 5437 1138 5507 Spieileg.
1165 5432 1421 5498 totn'flll,
1461 5450 1579 5505 pag.
1605 5433 1705 5487 507
1731 5432 1883 5503 seqq.
1910 5450 2037 5489 nov,

521 5527 534 5563 ι
569 5550 580 5561 .

448 5527 593 5649 αἰξὶ.)
621 5577 745 5634 Nat.
802 5577 954 5632 Alex.
984 5576 1119 5630 llist.
1168 5574 1301 5631 eccl.
1333 5591 1457 5631 socc.
1491 5591 1561 5639 vr,
1597 5590 1715 5645 cap.
1760 5572 1804 5642 ι,
1849 5582 1952 5628 art.
1986 5574 2041 5641 7,

454 5654 481 5725 ﬁ
632 5720 828 5772 Baron.
854 5718 919 5771 ad
951 5734 1083 5789 ann.
1118 5716 1238 5783 547,
1274 5717 1336 5789 §§
1368 5714 1435 5770 56
1458 5726 1514 5789 et
1540 5730 1693 5784 seqq.

511 5784 591 5862 te)
625 5791 799 5843 Nons.
836 5790 1052 5862 Dissert.
1076 5788 1207 5841 'hist.
1245 5784 1525 5858 d'c'synotl.
1566 5802 1618 5855 γ,
1650 5802 1771 5857 cap.
1818 5785 1871 5853 4,
1899 5784 2042 5858 Opp.

453 5858 586 5921 mm;
621 5862 660 5927 l,
692 5874 846 5929 pagg.
883 5858 982 5913 51³4
1018 5869 1074 5913 et
1101 5872 1251 5926 seqq.

2151 4669 2275 4723 mali
2303 4668 2450 4723 labes
2466 4679 2584 4723 orta
2604 4675 2688 4722 est
2699 4667 3197 4737 Constantinopoli,
3215 4682 3405 4722 eorum
3423 4655 3715 4719 damnationi

2150 4759 2522 4814 vehementius
2544 4758 2781 4825 obstitit;
2807 4766 2862 4812 et
2888 4773 3203 4829 quanquam
3234 4756 3538 4813 Judicatum
3560 4757 3717 4823 postea

2156 4853 2209 4907 in
2240 4867 2425 4908 eorum
2453 4851 2958 4906 condemnationem
2985 4849 3236 4920 protulit,
3270 4857 3332 4905 ut
3359 4844 3621 4904 schismati
3645 4856 3716 4895 oc-

2154 4954 2397 5002 curreret
2441 4932 2823 5016 publicamque
2884 4943 3239 5000 concordiam
3309 4940 3583 4999 sententia:
3630 4946 3718 4989 sua:

2150 5036 2359 5107 jactura
2400 5036 2688 5091 redimeret
2718 5055 2730 5089 :
2767 5045 2945 5090 tamen
2974 5034 3064 5090 ubi
3106 5035 3272 5090 aliter
3311 5034 3551 5090 evenisse
3586 5037 3718 5095 quam

2155 5129 2436 5199 sperabat,
2469 5136 2631 5197 atque
2660 5128 2761 5182 hac
2803 5127 2920 5197 ejus
2948 5125 3330 5181 moderatione
3367 5120 3560 5179 turbari
3587 5113 3720 5184 Capi-

2214 5371 2293 5442 (f)
2328 5369 2506 5442 Μαι-(Ἥ
2530 5368 2753 5442 Dissert.
2779 5367 2847 5442 de
2870 5367 3036 5442 Epist.
3057 5368 3312 5442 Yigilii,_§
3340 5368 3425 5432 17,
3448 5368 3497 5421 iu
3517 5358 3721 5420 ϐοηεησν

2146 5436 2283 5495 torri.
2312 5441 2398 5504 Vl,
2425 5454 2543 5511 pag.
2575 5436 2700 5511 251,
2734 5438 2862 5492 edit.
2893 5437 3238 5511 V_en.iLabb.

2218 5494 2550 5582 (ωϐᾁιτηεῖέτ.
2587 5494 2808 5582 Dissmt.
2860 5509 2926 5582 ad
2974 5508 3216 5582 magno
3272 5509 3649 5575 Breviar.cap-
3679 5494 3723 5563 5.

2153 5580 2181 5653 §
2217 5577 2263 5643 ιζ
2294 5596 2414 5653 pag.
2446 5580 2569 5644 2'29,
2603 5580 2728 5653 edit.
2762 5578 2931 5653 Paris.
2969 5577 3126 5653 lﬁjf‘i.

2223 5647 2523 5721 (In-Baron.
2560 5650 2625 5703 ad
2653 5666 2777 5721 ann.
2812 5648 2933 5711 546,
2964 5647 3113 5721 §75_8.

2226 5718 2287 5790 (ἱ)
2322 5722 2420 5793 ld.,
2449 5721 2515 5774 ad
2546 5736 2671 5793 ann.
2706 5719 2829 5793 5U,
2949 5718 3141 5793 2§$0.

2222 5788 2287 5864 (j)
2319 5791 2588 5848 Sirmoud.
2625 5791 2828 5861 praefat.
2863 5788 2929 5846 ad
2972 5788 3213 5846 Facund.
