3938 6196
194 382 284 438 525
1420 385 1645 443 ΝΟΤΙΤΙ
1658 392 1690 443 .t
1733 389 1781 445 E

1891 389 2258 446 BALLANDIO

3373 398 3477 453 596

186 498 409 555 talorum
432 496 763 563 defensores,
795 497 942 552 abuti
983 496 1321 555 adversarios
1351 501 1764 569 animadvertit;
1797 508 1842 565 Α
1873 505 2033 561 nimis
2062 506 2327 578 prolixam
2372 522 2480 562 non
2510 482 2603 564 est.
2618 508 2777 579 hujus
2815 508 2922 565 loci
2953 507 3192 575 referre;
3223 509 3289 565 ad
3319 526 3480 581 quem

186 602 290 646 tum
336 605 624 659 suppresso
670 588 917 644 .ludicato
951 588 1021 643 ad
1066 590 1346 659 pristinam
1398 592 1770 650 defensionem

184 699 304 739 mox
332 682 490 737 rediit
516 682 569 735 in
594 696 766 752 eaque
789 680 1050 736 constitit.
1068 679 1311 751 Cumque
1334 683 1389 738 id
1418 684 1503 752 agi
1525 684 1771 752 sentiret,

185 784 234 829 ut
265 790 363 844 per
401 774 507 828 vim
538 781 956 843 extorqueretur
999 775 1068 829 ab
1123 773 1307 830 invitis
1355 776 1772 847 condemnatio,

185 874 485 933 suspectam
516 864 719 918 habens
748 865 1012 935 synodum
1042 862 1351 920 Graecorum
1388 868 1649 923 interesse
1679 884 1776 925 no-

187 953 276 1010 luit
301 974 313 1019 ;
342 965 398 1011 ct
424 972 575 1011 suam
602 956 668 1011 de
698 955 959 1026 Capitulis
982 972 1090 1011 non
1110 957 1430 1013 damnandis
1455 960 1776 1015 sententiam

190 1050 325 1103 edito
351 1048 644 1102 constituto
681 1048 917 1116 graviter
945 1048 1224 1117 exposuit;
1262 1050 1468 1121 synodo
1499 1050 1735 1121 denique
1756 1093 1771 1117 ,

190 1154 303 1192 cum
334 1138 580 1207 Capitula
611 1138 936 1204 damnasset,
961 1153 1027 1192 ne
1056 1136 1362 1207 provincias
1391 1156 1509 1211 qua:
1536 1141 1779 1210 plurimm

190 1230 584 1292 reclamabant,
620 1229 811 1283 iterum
855 1228 1187 1296 offenderet,
1230 1245 1508 1287 assensum
1537 1234 1773 1301 negavit.

190 1320 255 1375 Ex
289 1321 485 1391 quibus
512 1330 735 1391 apparet
765 1322 960 1375 nullam
995 1322 1045 1375 in
1094 1323 1195 1378 hac
1221 1323 1398 1392 Vigilii
1429 1325 1778 1381 consiliorum

188 1414 446 1465 varietate
484 1412 899 1473 inconstantiam
931 1412 1117 1481 fuisse,
1149 1415 1292 1484 quod
1326 1416 1496 1471 visum
1525 1425 1609 1472 est
1639 1433 1777 1472 non-

188 1504 372 1569 nullis;
404 1504 495 1559 sed
534 1513 729 1558 statam
758 1505 936 1573 potius
981 1505 1248 1575 ﬁxamque
1278 1508 1331 1563 in
1361 1508 1559 1562 tuenda
1598 1508 1782 1565 Eccle—

188 1595 291 1656 siae.
327 1610 489 1663 quam
515 1595 753 1663 regebat,
788 1610 922 1664 pace
966 1598 1364 1667 concordiaque
1393 1601 1775 1655 constantiam.

190 1686 350 1755 Cujus
378 1687 547 1757 ipsius
590 1687 737 1758 pacis
785 1686 963 1741 studio
1016 1687 1195 1757 Vigilii
1239 1705 1613 1759 successores,
1657 1706 1779 1746 cum

188 1792 387 1847 paucos
422 1777 534 1847 jam
573 1787 762 1832 contra
805 1778 902 1833 niti
933 1777 1180 1834 viderent
1217 1790 1276 1834 ut
1311 1796 1415 1835 una
1458 1783 1698 1836 omnium
1727 1782 1779 1836 in

1882 595 2109 665 proinde
2164 597 2398 654 lectores
2447 601 2770 655 remittimus
2824 600 2941 673 (e).
3016 600 3310 671 Benignum
3355 601 3482 657 item

1882 688 2231 760 interpretem
2276 689 2481 760 ﬂagitat
2538 693 2675 748 alius
2728 693 2967 748 Facundi
3016 692 3196 754 locus,
3267 692 3319 746 in
3373 709 3482 762 qun

1881 793 2091 837 comma
2124 780 2158 834 8
2181 783 2372 851 capitis
2404 799 2433 837 v
2459 782 2712 855 Epistolas
2754 784 2776 838 l
2805 783 2863 838 S.
2897 784 3119 840 Joannis
3147 794 3483 839 commenta-

1883 878 1972 925 tur
2002 872 2099 942 (ί).
2130 869 2301 938 Quem
2332 873 2548 942 quidem
2592 874 2767 929 locum
2801 876 2989 944 paucis
3020 874 3332 944 perstringit
3360 889 3481 928 eru-

1882 962 2025 1019 ditus
2054 963 2252 1020 Millius
2280 965 2356 1036 (g)
2390 982 2403 1017 :
2436 965 2677 1036 pluribus
2704 981 2835 1022 vero
2864 968 3113 1024 edisserit
3143 967 3334 1022 doctus
3361 967 3483 1022 Ber-

1885 1055 2083 1112 nardus
2125 1056 2191 1112 de
2220 1056 2419 1112 Rubeis
2451 1059 2551 1131 (Ιι).
2585 1059 2664 1113 Ad
2695 1059 2808 1114 lucc
2852 1061 3095 1130 quisquis
3144 1060 3368 1129 hujusce
3395 1076 3484 1114 au-

1883 1145 2050 1200 ctoris
2079 1146 2245 1201 libros
2278 1146 2559 1203 duodecim
2594 1148 2772 1217 (mitto
2815 1150 2957 1205 enim
2981 1151 3187 1220 reliqua
3216 1152 3321 1205 duo
3366 1151 3483 1220 ejus

1883 1238 2140 1306 opuscula
2169 1256 2288 1310 qua:
2321 1240 2485 1296 libros
2515 1242 2635 1297 illos
2664 1244 2820 1313 excip
2844 1244 2962 1315 unt)
2994 1252 3196 1300 attente
3234 1245 3482 1315 perlege-

1883 1328 1970 1394 rit,
2003 1329 2263 1384 nonnulla
2312 1328 2452 1385 forte
2480 1334 2779 1403 comperiet
2825 1334 3043 1399 alicubi,
3075 1350 3193 1404 qua:
3219 1336 3321 1390 sibi
3366 1350 3482 1389 mo-

1884 1438 2001 1478 ram
2030 1423 2283 1490 inferant,
2333 1440 2561 1497 qumque
2608 1428 2802 1483 seriam
2831 1427 3102 1496 postulent
3146 1428 3485 1483 animadver—

1884 1516 2112 1571 sionem.
2148 1518 2344 1572 Verum
2393 1520 2697 1589 cuicunque
2755 1521 2807 1574 id
2864 1520 3134 1575 interdum
3183 1522 3463 1589 contingat

1884 1610 2193 1666 meminerit
2223 1610 2335 1679 ille,
2366 1611 2545 1681 lapsos
2572 1612 2849 1667 enimvero
2891 1612 3179 1682 aliquando
3204 1612 3286 1665 vel
3332 1613 3479 1681 opti-

1885 1717 2003 1757 mos
2030 1711 2273 1757 vetustos
2301 1704 2615 1774 scriptores,
2659 1712 2821 1773 atque
2850 1704 2903 1759 in
2944 1703 3267 1773 quibusdam
3307 1704 3485 1774 cespi-

1885 1799 2029 1849 tasse
2058 1810 2072 1847 :
2104 1808 2225 1863 quae
2255 1804 2453 1861 tamen,
2501 1806 2560 1850 ut
2588 1797 2837 1865 equidem
2885 1810 3101 1861 censeo,
3152 1797 3283 1851 satis
3322 1795 3484 1852 fuerit

190 1869 425 1924 Εεειεδίτι
457 1885 610 1924 mens
650 1878 706 1923 el
731 1886 834 1924 "OX
866 1879 1037 1936 esset,
1068 1880 1414 1927 “senserunt
1442 1882 1499 1927 ει
1528 1873 1625 1944 iPSi
1660 1882 1778 1928 ωη-
1814 1891 1854 1950 B
1884 1884 2014 1954 ipsis
2058 1884 2387 1954 condonare,
2419 1902 2578 1956 quam
2612 1888 2742 1942 vitio
2781 1896 3009 1943 vertere.
3042 1888 3133 1943 Sic
3164 1888 3308 1944 enim
3338 1904 3480 1953 sum,

189 1961 336 2027 dem,
369 1970 424 2015 et
462 1960 666 2031 synodo
705 1962 922 2016 incertae
955 1962 1021 2016 ad
1060 1962 1113 2017 id
1153 1971 1363 2033 tempus
1410 1966 1776 2028 auctoritatis,

190 2055 398 2109 concilii
428 2055 691 2124 generalis
733 2056 840 2109 vim
877 2071 1186 2125 nomenque
1232 2057 1645 2113 conﬁrmatione
1684 2075 1780 2113 sua

191 2146 548 2215 praebuerunt.
591 2165 608 2197 ι
644 2144 758 2201 lluc
785 2160 955 2215 usque
984 2147 1065 2200 vir
1092 2146 1455 2203 doctissimus.

256 2234 343 2289 VI.
387 2235 555 2291 Porro
583 2235 853 2304 quodnam
882 2237 952 2291 sit
988 2236 1291 2305 hujusmodi
1334 2236 1569 2294 Facundi
1599 2244 1781 2310 operis

188 2330 435 2399 pretium,
461 2328 622 2383 modo
648 2328 890 2382 laudatus
904 2327 1224 2383 Sirmondus
1245 2330 1523 2400 statuit(a)
1561 2350 1578 2382 ι
1603 2346 1671 2385 ex
1695 2342 1780 2386 at-

190 2426 327 2474 tenta
355 2419 472 2488 ejus
502 2418 732 2473 lectione
777 2431 1070 2486 agnoscere
1095 2432 1366 2488 quemque
1397 2418 1572 2473 virum
1603 2420 1783 2475 erudi-

193 2518 297 2563 tum
361 2509 563 2563 habere
618 2509 761 2564 hunc
812 2515 1092 2564 auctorem
1165 2506 1366 2562 allatim
1423 2509 1567 2564 unde
1614 2511 1784 2580 possit

190 2617 365 2659 rerum
393 2618 530 2673 quas
560 2609 756 2657 tractat
799 2601 1053 2666 utilitate,
1104 2602 1282 2671 copia,
1330 2601 1616 2669 varietate,
1666 2603 1783 2657 ani-

190 2712 330 2750 mum
377 2695 728 2765 studiumque
780 2709 935 2748 suum
980 2710 1089 2749 non
1143 2694 1414 2748 immerito
1462 2694 1717 2750 retinere.
1756 2713 1775 2746 ›

190 2787 452 2843 Nonnulla
485 2796 663 2842 tamen
708 2786 1015 2844 duriuscula
1041 2786 1097 2841 in
1136 2785 1286 2842 hisce
1332 2786 1481 2842 libris
1514 2782 1781 2863 interdum

190 2888 499 2947 occurrunt,
526 2894 645 2949 qum
673 2879 937 2934 intentum
967 2878 1224 2933 lectorem
1254 2877 1554 2946 requirunt.
1585 2875 1781 2947 Cujus—

190 2970 331 3024 modi
360 2979 446 3026 est
474 2970 625 3025 locus
656 2970 745 3025 ille
775 2970 997 3038 insignis
1020 2969 1087 3024 de
1108 2984 1265 3025 sacra
1297 2967 1661 3034 Eucharistia,
1691 2969 1780 3024 ubi

1888 1984 1947 2029 ut

2015 2090 2166 2154 ...Ubi
2187 2089 2325 2154 plura
2345 2091 2506 2154 nitent
2524 2093 2573 2140 in
2598 2092 2833 2153 carmine,
2856 2103 2952 2139 non
2972 2104 3067 2154 ego
3092 2092 3255 2153 paucis

2011 2152 2244 2202 Oﬂ'endar
2266 2152 2488 2213 maculis,
2508 2166 2631 2215 quas
2655 2160 2739 2201 aut
2764 2154 2945 2215 incuria
2971 2152 3110 2212 fudit,

2009 2215 2107 2266 Aut
2129 2215 2337 2264 humana
2361 2213 2536 2279 parum
2551 2217 2677 2265 cavit
2699 2221 2869 2264 natura
2893 2213 2976 2277 (ἰ).

1957 2324 2071 2382 Vl].
2108 2324 2228 2381 Jam
2254 2334 2503 2397 superest
2545 2335 2605 2383 ut
2646 2325 2714 2383 de
2743 2342 2873 2383 cura
2910 2335 3094 2383 nostra
3146 2327 3198 2381 in
3239 2328 3342 2382 hac
3378 2327 3480 2381 Fa-

1885 2417 2044 2474 cundi
2073 2418 2312 2475 editione
2340 2418 2606 2489 paranda,
2638 2420 2825 2490 paucis
2866 2434 2935 2475 ex
2964 2434 3115 2475 more
3145 2434 3384 2488 agamus.
3418 2418 3481 2475 Et

1886 2513 2117 2583 primum
2146 2512 2365 2582 quidem
2392 2512 2666 2568 Sirmondi
2692 2512 2896 2569 ἕκδοσιν
2924 2513 3097 2569 secuti
3126 2528 3329 2577 sumus,
3360 2527 3482 2580 qua!

1885 2604 2028 2659 inter
2056 2603 2174 2673 ejus
2202 2618 2368 2674 opera
2403 2603 2553 2658 varia
2606 2617 2638 2659 e
2685 2603 3041 2673 typograpbia
3073 2603 3218 2671 regia
3264 2602 3482 2658 Parisiis

1883 2693 2084 2763 prodiit
2114 2709 2258 2749 anno
2304 2692 2461 2760 1696,
2510 2694 2691 2750 studio
2737 2693 2805 2749 cl.
2854 2691 3044 2748 Baunii
3089 2694 3345 2764 expolita.
3379 2695 3483 2750 Ve-

1886 2791 2011 2839 neta
2040 2784 2183 2840 enim
2205 2800 2322 2856 quas
2350 2784 2498 2839 illam
2540 2785 2791 2841 insecuta.
2811 2791 2893 2840 est
2912 2799 3055 2840 anno
3084 2784 3244 2855 1729,
3273 2785 3484 2845 mendis

1884 2875 2027 2932 haud
2073 2877 2259 2947 paucis
2301 2885 2599 2933 scatentem
2644 2878 2910 2934 novimus.
2965 2877 3229 2934 Caeterum
3278 2895 3346 2935 ex
3384 2881 3484 2936 hac

1884 2968 2169 3038 posteriori
2198 2968 2437 3025 editione
2463 2970 2606 3026 notis
2634 2968 3029 3025 Sirmondianis
3057 2972 3330 3027 variantes
3359 2973 3483 3028 sub-

192 3063 264 3115 ait
286 3061 359 3131 (b)
392 3079 404 3113 :
440 3060 840 3115 Sucramentum
882 3060 1113 3131 corporis
1159 3066 1208 3113 et
1254 3059 1523 3131 sanguinis
1566 3058 1780 3127 Christi,
1877 3057 2129 3128 jecimus,
2161 3073 2296 3129 quas
2331 3059 2575 3130 diligenti
2615 3059 2907 3116 collatione
2932 3060 3177 3116 instituta
3199 3077 3323 3117 cum
3352 3079 3482 3132 pra:-

190 3154 414 3223 quodest
437 3154 490 3205 in
521 3169 656 3221 pane
699 3160 749 3205 et
781 3150 965 3222 poculo
1006 3159 1325 3216 consecrato,
1367 3165 1553 3219 corpus
1592 3148 1705 3220 ejus
1734 3157 1783 3203 et

1882 3153 2047 3211 stanti
2073 3168 2172 3208 ms.
2202 3152 2392 3208 codice
2415 3151 2732 3223 amplissimi
2756 3151 3320 3223 capituliVeronensis
3336 3154 3480 3208 eruit

190 3244 487 3316 sanguinem
516 3245 773 3298 dicimus:
818 3260 920 3298 non
948 3242 1083 3315 quod
1110 3241 1318 3314 proprie
1355 3257 1541 3313 corpus
1575 3243 1688 3315 ejus
1715 3245 1782 3297 sit
1808 3273 1854 3334 ε
1884 3243 2084 3315 Ioseph
2110 3242 2436 3299 Blanchinus
2466 3241 2531 3297 V.
2562 3240 2648 3311 C.,
2679 3234 2874 3312 quibus
2900 3242 3119 3313 quidem
3150 3242 3476 3299 lectionibus

190 3338 356 3406 panis,
403 3345 453 3389 et
478 3335 718 3406 poculum
744 3335 990 3406 sanguis;
1036 3334 1126 3389 sed
1155 3333 1372 3407 quodin
1401 3351 1457 3389 se
1484 3335 1784 3406 mysterium
1827 3333 1837 3334 7
1887 3333 2126 3391 Facundi
2178 3342 2355 3390 textus
2402 3333 2733 3400 illustratur,
2783 3333 3132 3400 emendatur,
3181 3335 3483 3406 suppletur.

191 3429 417 3496 corporis
446 3426 557 3495 ejus
585 3427 952 3496 sanguinisque
972 3425 1252 3491 contineat,
1277 3432 1387 3480 etc.
1415 3423 1544 3491 Qum
1567 3424 1783 3495 quidem

191 3515 423 3574 Facundi
453 3518 618 3573 verba
650 3519 773 3573 licet
811 3516 983 3573 solide
1011 3516 1143 3572 satis
1180 3518 1493 3587 exposuerit
1536 3515 1783 3573 Sirmon-

190 3608 305 3677 dus,
335 3626 401 3666 ea
446 3617 629 3665 tamen
677 3609 831 3665 avide
874 3609 1215 3680 arripuerunt
1247 3609 1566 3665 heterodoxi
1618 3609 1787 3666 homi-

189 3718 303 3767 nes,
334 3719 540 3773 eosque
568 3701 941 3773 inter,Caveus
971 3704 1069 3776 (c),
1097 3712 1158 3759 ut
1194 3704 1332 3759 alios
1376 3711 1782 3773 prmtereamus,

192 3794 379 3863 quibus
397 3795 500 3850 sibi
529 3792 753 3864 aliisque
781 3794 1070 3851 suaderent
1095 3810 1206 3851 sua:
1232 3793 1453 3851 demum
1482 3809 1659 3851 causa:
1687 3810 1786 3865 pa-

192 3892 403 3940 tronum
430 3886 703 3942 exstitisse
746 3885 872 3941 olim
912 3884 1359 3943 Ilermianensetn
1390 3887 1539 3942 illum
1568 3886 1783 3957 episco-

192 3988 335 4043 pum,
367 3976 479 4045 qui,
511 3976 557 4031 si
604 3976 705 4031 diis
732 3976 928 4047 placet,
962 3976 1114 4047 panis
1160 3992 1226 4032 ac
1266 3975 1377 4031 vini
1426 3976 1785 4033 substantiam

190 4064 245 4119 ln
268 4062 461 4121 Christi
490 4081 691 4137 corpus
713 4075 768 4121 et
794 4068 1110 4137 sanguinem
1140 4066 1509 4133 transmutari,
1542 4065 1669 4122 dum
1694 4080 1786 4120 sa-

191 4171 340 4211 crum
383 4157 566 4213 altaris
594 4158 906 4229 mysterium
937 4157 1231 4228 peragitur,
1286 4157 1427 4212 haud
1472 4156 1783 4213 crediderit.

188 4248 276 4303 Ad
295 4248 392 4304 hos
418 4262 702 4318 segregum
732 4249 1048 4305 vanissimas
1070 4250 1288 4320 plausus
1309 4248 1671 4305 exsufﬂandos
1699 4262 1787 4303 sa-

192 4339 468 4393 tishabuit
497 4339 793 4395 Dacherius
816 4355 885 4395 ex
909 4340 1150 4410 ejusdem
1172 4340 1409 4396 Facundi
1456 4338 1695 4410 Epistola
1720 4339 1789 4409 ﬁ-

192 4429 279 4485 dei
306 4431 571 4487 catholij
597 4433 652 4486 in
682 4431 979 4504 defensione
1017 4434 1175 4486 trium
1211 4431 1588 4503 Capitulorum,
1623 4444 1787 4499 quam

193 4523 398 4592 primus
424 4523 611 4589 edidit,
656 4524 906 4580 evincere
934 4522 1012 4595 (ἀ)
1062 4523 1268 4577 nullam
1298 4536 1417 4578 esse
1447 4521 1500 4575 in
1544 4519 1785 4575 Ecclesia

1888 3425 2101 3481 Codicis
2128 3425 2446 3495 dignitatem
2474 3426 2545 3481 ob
2573 3425 2763 3481 oculos
2792 3425 3014 3482 exhibet
3052 3426 3273 3482 illustris
3302 3426 3483 3498 Scipio

1885 3517 2128 3574 Matfeius
2150 3519 2240 3591 (j).
2283 3519 2552 3574 Praeterea
2581 3517 2784 3573 laudati
2805 3518 3007 3575 codicis
3033 3519 3361 3575 Veronensis
3386 3536 3485 3576 no-

1889 3608 1956 3663 tis
1983 3607 2273 3665 nonnullas
2312 3607 2806 3664 animadversiones
2850 3608 3204 3675 subdidimus,
3254 3625 3389 3679 quas
3416 3626 3483 3667 ex

1887 3699 2033 3756 varia
2064 3713 2290 3771 operum
2319 3698 2388 3755 ab
2414 3698 2639 3755 eruditis
2666 3698 2797 3754 viris
2831 3696 3099 3755 editorum
3128 3698 3360 3756 lectione
3386 3718 3484 3755 no-

1886 3788 1969 3846 bis
1994 3788 2460 3860 comparavimus;
2491 3788 2687 3858 quibus
2709 3802 2871 3843 unam
2905 3795 2963 3843 et
2983 3787 3210 3843 alteram
3236 3803 3355 3859 quae
3384 3805 3485 3845 nos

1886 3880 2274 3954 praeterieram,
2306 3879 2395 3935 hic
2423 3878 2621 3934 addere
2662 3877 2859 3950 placet.
2909 3875 3089 3933 Primo
3137 3878 3321 3949 itaque
3370 3879 3484 3951 jam

1886 3974 1976 4030 diu
2019 3974 2334 4029 observarat
2387 3969 2622 4025 Baunius
2661 3968 2735 4041 (k)
2770 3981 2889 4038 qum
2931 3966 3182 4038 leguntur
3211 3968 3354 4041 apud
3383 3969 3485 4026 Fa-

1887 4067 2148 4134 cundum,
2178 4064 2269 4121 lib.
2298 4080 2335 4119 ιι
2365 4078 2484 4135 cap.
2516 4063 2548 4117 6
2579 4061 2739 4135 (infra
2767 4059 2876 4117 col.
2908 4059 3058 4132 578),
3089 4062 3156 4117 ab
3184 4063 3266 4118 his
3286 4063 3484 4131 verbis,

1887 4175 2065 4214 rursus
2087 4173 2331 4229 agnosce,
2365 4156 2614 4227 Auguste,
2644 4167 2814 4225 usque
2840 4154 2908 4208 ad
2937 4161 3211 4224 postrema
3234 4153 3369 4222 hsce,
3400 4158 3487 4225 qui

1887 4252 2091 4308 veritati
2137 4250 2365 4305 audeant
2417 4248 2689 4312 resultare,
2740 4261 2804 4301 ea
2858 4262 2968 4301 non
3014 4260 3156 4311 esse,
3188 4247 3266 4302 uti
3317 4249 3485 4311 videri
3576 4238 3577 4241 “

1888 4350 2132 4415 possent,
2173 4340 2343 4413 ipsius
2398 4339 2654 4405 Facundi,
2716 4336 3075 4394 Justiniauum
3121 4338 3259 4408 Aug.
3310 4340 3488 4395 verbis

1889 4434 1999 4490 suis
2027 4432 2369 4504 alloquentis,
2400 4431 2495 4487 sed
2538 4429 2822 4501 desumpta
2844 4445 2911 4485 ex
2938 4429 3114 4486 sancti
3142 4428 3341 4487 Leonis
3369 4431 3485 4502 cpio

1888 4523 2027 4581 stola
2054 4523 2123 4579 ad
2153 4522 2390 4580 Leonem
2419 4522 2557 4591 Aug.
2600 4521 2687 4594 (ι).
2741 4521 2918 4591 Atque
2948 4521 3075 4578 hinc
3122 4538 3289 4594 porro
3317 4525 3488 4580 corri-

192 4615 361 4684 ipsius
387 4616 789 4683 auctoritatem,
838 4630 962 4669 cum
1010 4630 1043 4669 a
1094 4614 1360 4669 catholica
1406 4612 1788 4668 communione
1815 4645 1865 4705 Β
1890 4613 2123 4683 gendum
2149 4621 2252 4679 est,
2283 4611 2429 4682 quod
2474 4613 2527 4667 in
2560 4612 2651 4667 illo
2676 4621 2957 4682 segmento
2997 4613 3195 4683 legitur
3221 4616 3361 4685 apud
3390 4616 3487 4670 Fa.

192 4705 478 4761 desciverit
507 4715 668 4777 atque
708 4707 762 4761 in
787 4707 1079 4761 schismate
1118 4707 1187 4761 ad
1228 4706 1433 4761 obitum
1463 4720 1634 4776 usque
1663 4719 1788 4774 per-

192 4800 491 4854 manserit:
546 4813 653 4870 quo
712 4806 998 4870 propterea
1042 4798 1180 4853 duce
1232 4798 1465 4853 inaniter
1492 4797 1791 4866 glorientur

194 4887 450 4944 hatretici.
484 4889 684 4946 Verum
725 4890 828 4945 hoc
866 4899 950 4944 est
976 4890 1195 4945 demum
1230 4889 1430 4945 nodum
1461 4904 1592 4945 ense
1620 4902 1790 4959 expe-

189 4979 335 5043 dire,
364 4995 467 5034 non
496 4981 725 5035 solvere.
760 4980 830 5035 At
877 4979 1025 5035 illum
1071 4979 1248 5045 solvit,
1282 4987 1340 5034 et
1386 4994 1548 5033 manu
1572 4978 1790 5048 quidem

188 5070 378 5140 docta,
403 5070 607 5129 Natalis
633 5072 957 5142 Alexander,
1007 5073 1160 5144 cujus
1205 5072 1557 5143 expositionis
1594 5073 1790 5129 seriem

300 5320 350 5392 ᾳ)
386 5322 652 5377 Sirmond.
688 5322 891 5392 prml'at.
926 5325 991 5377 ad
1024 5320 1287 5387 Facund.,
1317 5319 1415 5376 sub
1443 5317 1560 5371 iuit.

299 5390 347 5467 ὁ)
386 5393 616 5467 Facund.
642 5390 829 5467 libarx,
855 5408 977 5462 cap.
1008 5392 1059 5456 5,
1074 5400 1213 5467 _post
1237 5392 1378 5467 tried.

277 5460 345 5533 (c)
381 5462 507 5518 Cav.
541 5462 678 5518 Hist.
720 5466 884 5545 litter.
920 5460 1047 5517 tom.
1072 5460 1114 5525 1',
1137 5476 1265 5587 rpag.
1300 5460 1421 5514 520.

277 5533 349 5587 (dt
387 5532 609 5587 Dacher.
642 5534 895 5587 Smcrlea.
928 5543 1058 5587 tom.
1090 5533 1131 5586 ll
1165 5575 1178 5587 .
1228 5547 1349 5587 me.
1397 5531 1421 5583 Ξ

272 5530 349 5603 (ά)
387 5532 609 5615 [lachetu
642 5534 895 5604 Spicileg.
928 5543 1058 5588 tom.
1090 5530 1178 5600 lll,
1228 5547 1349 5604 pag.
1397 5530 1528 5598 507,
1578 5536 1693 5583 not.
1727 5543 1779 5595 a,

186 5607 551 5743 "vectigal.
604 5675 757 5731 Alex.
807 5675 940 5729 llisl.
976 5675 1131 5739 cccl.,
1175 5688 1299 5730 smc.
1334 5688 1404 5736 vi,
1434 5687 1555 5742 cap.
1588 5671 1640 5737 4,
1673 5679 1775 5727 art.

188 5746 250 5809 7’
276 5744 612 5886 (sllgi‘:tcuu:l.
639 5818 730 5871 lib.
765 5834 800 5882 ι,
832 5832 949 5886 cap.
980 5817 1034 5883 5,
1067 5814 1199 5869 infra
1231 5814 1337 5869 col.
1369 5811 1491 5866 535.

304 5881 349 5953 ξι)
387 5886 511 5943 Mill.
544 5881 848 5959 Prolrgom.
878 5881 945 5944 ad
974 5881 1036 5942 NL
1069 5886 1127 5941 Τ.
1163 5886 1279 5951 Gr.,
1315 5900 1459 5940 num.
1490 5881 1644 5938 1008.

1892 4704 2145 4771 cundum,
2176 4705 2297 4775 quia
2318 4705 2461 4775 prius
2502 4703 2779 4774 legitimus,
2810 4714 2951 4770 etc.;
2985 4719 3109 4759 nam
3151 4706 3295 4762 haud
3324 4707 3487 4763 dubie

1892 4781 2102 4855 restitui
2129 4795 2312 4861 debet,
2342 4795 2463 4866 quia
2483 4804 2598 4866 post
2620 4795 2894 4866 legitimas,
2924 4805 3058 4877 αα,
3088 4798 3226 4854 sicut
3266 4798 3318 4852 in
3350 4798 3486 4854 Leo-

1893 4890 1977 4944 nis
1998 4887 2224 4959 epistola
2265 4886 2478 4958 legitur,
2510 4895 2567 4941 et
2595 4885 2697 4943 loci
2734 4886 3001 4942 sententia
3046 4903 3266 4957 prorsus
3295 4889 3484 4956 exigit.

1894 4978 2046 5034 Hauc
2110 4987 2289 5033 autem
2345 4976 2777 5032 emendationem
2837 4992 2906 5032 ex
2953 4986 3255 5032 memorato
3297 4978 3486 5033 codice

1901 5068 2195 5125 Veronensi
2223 5084 2289 5123 eo
2319 5067 2421 5122 loci
2455 5066 2733 5124 Blanchini
2763 5069 2939 5125 studio
2962 5068 3275 5125 adnotatum
3312 5068 3486 5128 habe-

1963 5316 2043 5389 (It)
2082 5316 2144 5373 Β.
2174 5316 2246 5389 de
2270 5315 2410 5389 Bub.
2462 5313 2682 5389 Dissert.
2716 5314 2784 5369 de
2831 5313 2953 5367 trib.
3005 5314 3057 5369 in
3108 5317 3231 5372 οωι.
3273 5317 3478 5379 Testib.

2143 5397 2197 5443 et
2227 5386 2318 5467 10,
2346 5402 2493 5467 num.
2525 5384 2579 5437 2.
2641 5462 2651 5467 Δ
2894 5452 2961 5467 η

1959 5453 2023 5527 ἶῖ)
2064 5459 2253 5513 Horat.
2288 5457 2355 5512 de
2386 5456 2496 5510 Art.
2531 5462 2679 5527 poet.
2710 5469 2860 5527 vers.
2893 5453 3151 5527 551-555.

1962 5523 2027 5601 θ)
2068 5528 2210 5583 Mair.
2243 5527 2442 5601 Opusc.
2493 5523 2624 5581 eect.
2659 5525 2727 5580 ad
2756 5525 2890 5581 cale.
2948 5523 3147 5582 Hister.
3199 5529 3364 5587 tlteol.
3411 5533 3481 5589 de

1888 5600 2062 5662 om,
2092 5614 2212 5668 pag.
2245 5600 2331 5652 88.

1960 5672 2034 5751 (lli)
2065 5672 2245 5751 pana.
2277 5666 2582 5751 pra‘llit:_ad
2614 5674 2743 5751 tom.
2775 5667 2819 5751 ll
2844 5666 2983 5751 Opp.
3010 5668 3301 5751 Sirmond.,
3337 5672 3363 5745 §
3389 5672 3445 5727 4.

1887 5738 2025 5867 Mil)
2064 5740 2232 5796 Leon.
2266 5740 2419 5809 epist.
2455 5740 2579 5804 155,
2634 5748 2764 5795 tom.
2797 5738 2817 5793 l
2864 5740 2993 5797 edit.
3027 5738 3062 5792 2
3088 5740 3312 5809 Quesn.,
3338 5738 3473 5813 'pag.
