1939 3097
601 128 615 137 \

88 165 134 193 5'29

554 162 621 189 PRO
641 161 854 189 DEFENSlONE
873 162 983 188 TRIUM
999 161 1101 189 CAPIT
1104 161 1158 189 UL.
1181 162 1245 190 LIB.
1265 162 1285 188 l.

1669 169 1721 196 530

88 229 135 252 lor.
167 221 258 256 magni
272 207 392 249 ’ροιιίίῐίί
424 220 654 249 Chalcedonensis
680 219 883 249 deﬁnitionibus
899 220 924 248 Α
937 217 1048 246 l’roclus
1067 219 1250 248 Orientalibus
1268 227 1376 255 quoque
1400 226 1449 255 pro
1475 219 1536 247 ηίιυί
1553 227 1730 254 congruentia

87 271 293 299 cmtsonantem,
305 271 332 294 et
343 267 491 302 approbavi
503 274 622 302 semper,
634 270 663 294 et
675 266 804 294 adversus
815 265 883 292 mul-

88 319 173 340 turum
190 312 421 341 contradictiones
442 313 557 341 asserui.
572 312 640 340 Nam
653 319 715 340 cum
730 311 791 339 dua:
812 317 884 338 nunc

88 359 208 386 ferveant
228 358 348 387 hatreses
366 358 400 386 ab
420 357 519 386 eodem
546 357 662 386 concilio
676 356 808 389 refutatzc,
823 362 884 390 qum

89 404 261 432 contentione
282 404 391 440 quidem
412 403 558 437 contraria,
581 403 631 431 sed
648 402 830 431 detestatione
847 401 885 429 si-

90 450 150 483 mili,
167 450 326 485 mysterium
339 450 434 477 divina:
445 449 640 477 incarnationis
651 452 815 484 oppugnant,
832 446 886 475 Ne-

89 496 270 523 storianornm
287 495 348 523 dico
362 499 391 522 ct
404 495 634 531 Eutychiauorum
652 494 735 529 :quid
750 493 886 522 salubrius

90 541 125 569 vel
140 541 208 575 quid
223 541 374 568 evidentius
388 540 517 569 adversus
532 544 674 575 utramque
689 539 815 567 hmrcsim
831 538 886 567 dici

89 587 184 623 potuit,
201 595 282 622 quam
293 586 364 622 quod
374 582 436 622 ipse
448 585 587 614 confessus
598 593 638 621 es,
650 593 732 613 unum
746 586 780 612 de
794 583 884 612 Trini-

89 637 140 660 tate
154 641 207 668 pro
222 632 302 659 nobis
322 631 479 659 cruciﬁxum
489 634 501 658 Υ
520 639 600 666 quem
621 637 747 665 magnum
762 631 848 658 Deum
860 633 887 657 te

89 678 203 706 credere
229 678 323 705 docuit
350 677 497 712 Apostolus
524 676 618 704 dicens
639 676 792 712 :Apparuit
815 676 886 703 enim

90 724 174 759 gratia
190 722 239 749 Dei
259 723 404 751 Saluatoris
420 723 504 750 nostri
522 713 640 750 omnibus
656 721 812 755 hominibus,
827 730 888 749 eru-

89 770 160 796 dit-ru
174 777 222 795 nos
237 773 264 795 ut
279 768 438 804 abnegantes
453 769 611 804 impietatem
624 773 648 795 et
663 767 804 795 amatoria
815 768 886 795 desi-

90 816 170 847 deria,
182 820 255 842 caste
268 819 291 841 cl
304 815 373 850 jltste
388 819 413 841 cl
427 815 469 849 pic
483 815 595 841 vivamus
610 814 635 840 in
658 814 705 840 hoc
721 813 826 846 swcula,
841 822 887 840 ca:-

90 866 233 896 spccltmtcs
245 860 348 887 beatam
361 869 432 895 spem
448 865 472 887 ct
486 861 623 887 adventum
636 860 725 895 gloria:
739 860 826 895 magni
839 859 886 885 Dei

935 264 1091 299 destinavit,
1107 265 1144 293 ita
1158 265 1299 294 confessus
1312 270 1354 293 cst
1368 264 1452 300 (Edit.
1465 265 1554 297 liom.,
1570 274 1631 300 pag.
1647 264 1709 299 128)
1722 274 1730 292 ;

938 319 948 338 1
960 310 1015 339 Nec
1029 310 1101 339 enim
1115 311 1237 339 dicentes
1251 311 1346 338 Filium
1362 318 1482 346 passum,
1506 311 1612 338 ratione
1624 310 1732 338 deitatis

936 363 998 384 eum
1011 357 1066 391 pati
1080 356 1202 391 potuisse
1221 356 1363 390 sentimus,
1378 356 1511 392 siquidem
1531 355 1621 383 divina
1635 359 1733 383 natura

937 402 1039 430 nullam
1055 410 1166 437 prorsus
1191 403 1288 437 recipit
1308 402 1479 438 passionem;
1502 403 1550 430 sed
1571 402 1736 431 conﬁtentes

936 450 1021 478 Deum
1037 449 1153 478 Verbum
1176 458 1258 477 unum
1282 457 1317 477 ex
1331 449 1464 477 Trinitate
1488 449 1668 482 incarnatutn,
1684 449 1731 477 tri-

937 498 1046 526 buimus
1058 496 1224 532 intelligendi
1242 496 1382 524 materiam
1397 496 1439 524 his
1451 496 1497 530 qui
1511 495 1625 522 ﬁdeliter
1637 495 1732 523 scisci-

938 546 1031 570 tantur
1045 549 1094 570 cur
1113 541 1246 570 incarnari
1261 541 1388 576 dignatus
1410 545 1464 569 est.
1479 550 1489 567 ι
1505 541 1633 569 Scriberis
1651 540 1732 568 etiam

937 589 1018 617 beato
1032 587 1130 616 Joanni
1143 587 1327 621 Antiocheno,
1341 587 1385 615 cui
1408 591 1436 614 et
1449 587 1495 615 illa
1509 595 1571 622 qua:
1588 587 1733 622 scripserat

937 634 972 662 ad
984 634 1127 667 Armenes,
1142 641 1192 669 pro
1205 633 1337 662 servanda
1348 633 1502 661 communis
1516 632 1578 661 ﬁdei
1589 633 1732 664 societate,

937 681 1035 709 direxit
1044 701 1053 714 ,
1068 684 1099 709 ut
1106 680 1182 709 sicut
1196 688 1278 708 unum
1291 684 1374 715 atque
1384 679 1455 707 idem
1468 686 1564 707 ornnes
1576 678 1659 707 corde
1671 686 1732 707 ere.

937 727 1038 756 dobant
1051 727 1087 755 ad
1096 727 1240 762 justitiam,
1253 727 1294 756 sic
1302 727 1385 755 etiam
1400 733 1453 754 una
1467 729 1494 754 et
1503 725 1598 754 eadem
1613 732 1661 752 ore
1670 732 1732 752 om-

937 773 1011 802 nium
1027 772 1162 801 confessio
1185 771 1264 800 ﬁeret
1285 771 1320 799 ad
1340 771 1467 805 salutetur,
1488 770 1529 799 sic
1546 770 1585 797 ait
1605 769 1733 805 (Liberet.

938 827 997 855 cap.
1012 818 1057 853 10)
1071 827 1078 845 :
1095 827 1105 845 ι
1119 818 1247 847 Dicentes
1258 821 1350 845 autent
1362 817 1459 845 iterum
1471 816 1626 852 passibilern
1640 815 1734 848 Deum,

941 864 966 891 id
988 868 1030 892 est
1053 863 1201 898 Christum,
1225 861 1387 892 conﬁtemur
1407 870 1472 890 eum
1495 869 1551 889 non
1575 869 1610 889 eo
1629 868 1734 896 passum

91 907 238 935 Salvatorit
262 907 344 934 nostri
368 906 432 933 Jesu
458 906 554 932 Christi
575 905 639 941 (Tit.
666 914 693 937 ιι,
719 905 757 940 εὶ).
776 906 888 940 l’roptcr
906 911 926 939 Β
941 910 1014 945 quod
1023 913 1091 943 erat,
1106 909 1155 938 sed
1165 909 1238 945 quod
1251 908 1353 936 factum
1363 912 1414 942 est,
1425 907 1452 936 id
1465 911 1507 935 est
1517 906 1625 943 propr-ia
1634 905 1733 935 carne:

89 953 160 989 quod
173 953 258 981 etiam
282 954 389 981 beatam
404 953 540 987 Virginem
563 953 674 980 Mariam
695 961 758 980 vere
782 957 808 980 et
823 961 886 988 pro‘

91 1000 147 1034 prie
166 1004 283 1027 matrem
297 998 347 1027 Dei
360 1007 422 1027 esse
439 999 540 1027 dixisti.
556 998 615 1026 Non
638 999 709 1026 enim
730 1000 814 1027 alium
834 1001 889 1028 scis

91 1045 172 1072 Deum
189 1044 319 1078 Verbum,
334 1048 363 1072 et
386 1045 468 1073 alium
482 1044 574 1072 Jesum
597 1044 743 1078 Christum,
763 1052 845 1080 quem
860 1045 887 1073 in

90 1090 193 1117 duabus
212 1090 317 1118 naturis
331 1099 413 1117 unum
433 1090 614 1126 eumdemque
629 1092 808 1126 pronuntiasti
823 1100 889 1120 con-

90 1136 295 1163 substantialem
310 1144 370 1163 esse
385 1135 457 1163 Patri
470 1137 617 1164 secundum
631 1138 769 1171 deitatem,
786 1142 814 1167 et
827 1146 889 1166 con-

91 1181 296 1208 substantialem
320 1181 400 1208 nobis
421 1181 546 1209 eumdem
568 1183 716 1210 secundum
736 1183 889 1211 humanita-

92 1231 159 1260 tem;
183 1231 211 1254 ct
240 1226 274 1253 de
293 1234 348 1261 quo
377 1231 576 1262 consequenter
600 1228 680 1256 etiam
702 1228 754 1256 hoc
776 1229 887 1256 dixisti:

94 1273 181 1300 tNam
197 1273 269 1300 sicut
283 1277 324 1301 est
343 1274 369 1300 in
384 1273 482 1301 deitate
498 1274 642 1309 perfectus,
663 1274 700 1302 ita
716 1274 785 1302 idem
799 1275 824 1302 in
837 1275 889 1302 hu-

91 1319 220 1345 maritate
234 1318 371 1352 perfectus
388 1322 439 1346 est.
455 1329 464 1344 ι
483 1319 547 1352 Qua:
568 1319 659 1347 omnia
681 1324 786 1347 certum
807 1324 848 1347 est
863 1325 890 1348 te

90 1363 162 1399 juxta
178 1363 411 1392 Chalcedonensis
429 1365 537 1399 concilii
552 1365 714 1394 sententiam
734 1365 888 1401 protulisse.

92 1408 154 1436 Nam
170 1416 258 1436 unum
273 1416 333 1436 esse
348 1408 381 1436 de
400 1409 540 1437 Trinitale'
547 1410 690 1438 Dominum
703 1409 794 1438 Jesum
810 1410 890 1438 Chri-

91 1458 171 1487 stum,
194 1462 228 1482 ex
245 1453 366 1488 ejusdem
385 1454 479 1489 synodi
493 1455 666 1488 allocutione,
677 1463 757 1490 quam
771 1455 805 1482 ad
818 1455 891 1483 Mar-

92 1499 200 1526 cianum
224 1499 374 1534 principem
400 1499 472 1533 fecit,
498 1500 638 1529 evidenter
657 1501 816 1529 ostenditur.
842 1500 893 1529 Ubi

92 1554 148 1573 cum
164 1546 240 1573 beati
258 1545 356 1573 Leonis
370 1546 496 1574 Ecclesia:
510 1547 639 1574 Romana:
651 1548 774 1583 prmsulis
793 1547 894 1583 episto-

941 959 969 984 et
991 956 1027 983 ita
1052 955 1233 991 praedicantes
1256 953 1332 982 nullo
1356 952 1438 981 modo
1457 950 1737 986 fallimur:quonimu

938 1001 1047 1036 quidem
1058 1005 1088 1029 et
1102 1008 1184 1029 unum
1198 1008 1233 1028 ex
1244 999 1377 1028 Trinitate
1389 997 1540 1026 secundum
1554 1004 1663 1026 carnem
1674 1004 1735 1023 cru-

938 1049 1046 1078 ciﬁxum
1056 1048 1215 1082 fatemur,et
1224 1047 1354 1074 deitatem
1369 1045 1524 1081 passibibm
1537 1043 1649 1072 minimc
1662 1043 1737 1070 btes-

940 1096 1106 1131 phemamus.
1125 1103 1135 1121 ι
1163 1093 1198 1121 Et
1211 1093 1281 1121 hanc
1291 1092 1350 1127 ejus
1361 1099 1454 1120 sanam
1464 1090 1616 1119 doctrinam
1627 1089 1735 1125 sapien~

940 1142 1058 1170 tissimus
1077 1140 1194 1168 Joannes
1209 1138 1393 1167 Antiochenus
1417 1145 1479 1166 eum
1502 1136 1629 1165 orientali
1648 1135 1739 1163 conci-

940 1189 978 1216 lio
997 1188 1053 1216 suis
1067 1187 1165 1215 litteris
1180 1185 1354 1221 approbavit;
1380 1184 1407 1212 in
1434 1184 1532 1218 quibus
1545 1190 1608 1210 eum
1631 1189 1735 1209 memo-

940 1238 999 1262 rata
1020 1233 1141 1270 synodus
1154 1230 1385 1260 Chalcedonensis
1407 1233 1522 1257 testatur
1545 1228 1735 1256 haereticorum

941 1280 1085 1308 maledicta
1107 1279 1242 1314 reiecisse,
1266 1282 1296 1306 et
1317 1277 1494 1313 apostolicam
1515 1275 1670 1303 declarasse
1688 1273 1735 1301 do-

942 1326 1066 1356 ctrinam.
1087 1325 1139 1359 Qui
1153 1324 1304 1353 rescribens
1322 1322 1410 1351 eidem
1430 1322 1511 1350 beato
1526 1320 1623 1349 Proclo
1644 1319 1712 1347 dixit
1727 1327 1736 1346 :

945 1383 955 1401 ι
971 1373 1086 1401 Tomum
1100 1371 1147 1406 qui
1167 1370 1201 1398 ad
1215 1370 1347 1398 Armenes
1369 1369 1457 1396 factus
1479 1370 1521 1395 est
1539 1374 1555 1395 a
1579 1364 1737 1394 reverentis-

942 1419 1011 1448 simo
1023 1420 1033 1435 ³
1048 1422 1143 1446 nostro
1158 1416 1213 1444 ﬁlio
1224 1417 1339 1444 diacono
1354 1414 1517 1447 Theodosio,
1532 1413 1578 1449 qui
1589 1412 1684 1448 dignus
1694 1414 1738 1439 est

943 1465 998 1493 tuis
1010 1462 1234 1499 dispositionibus
1247 1461 1410 1493 ministrare,
1425 1460 1460 1488 ob
1475 1466 1534 1488 eam
1549 1467 1608 1494 qua:
1629 1459 1699 1486 inest
1711 1456 1737 1485 ei

943 1517 1026 1545 super
1037 1512 1145 1536 aetatem
1158 1507 1337 1541 diligentiam,
1350 1510 1378 1533 et
1387 1506 1541 1541 petivimus,
1556 1510 1654 1534 etcum
1665 1504 1738 1532 omni

944 1555 1124 1584 delectatione
1147 1553 1206 1588 ejus
1220 1553 1333 1581 fecimus
1346 1552 1524 1580 mentionem.
1548 1551 1676 1579 Faciebat
1694 1558 1737 1578 au-

91 1592 140 1620 lam
157 1598 257 1620 contra
273 1593 461 1621 bmretieorum
485 1595 629 1623 maledicta
649 1595 816 1631 defenderet,
831 1599 930 1632 νοεῖς
945 1605 999 1630 sem
1013 1600 1092 1629 nobis
1104 1599 1313 1628 delectationem
1337 1605 1392 1626 non
1411 1597 1583 1633 ρυιειιι-ίιιιαο
1604 1596 1739 1632 εοιηροεί-

92 1640 230 1675 aliquanta
244 1640 283 1666 sic
297 1640 334 1667 ait
347 1649 353 1666 :
373 1650 382 1666 ι
397 1640 486 1669 Facile
497 1646 537 1669 est
552 1642 693 1672 advertere
704 1644 791 1679 quod,
805 1645 893 1673 ambi-

91 1686 194 1720 guitate
206 1686 368 1720 quaestionis
382 1693 486 1719 exorta.
503 1689 612 1718 Patrum
625 1692 894 1726 interpretationibus

91 1735 212 1758 uestram
239 1730 437 1760 confessionem
460 1738 602 1769 coaptasse
622 1737 821 1771 eognoscimur,
846 1746 892 1766 sa-

93 1775 261 1804 tisfacientes
271 1776 345 1811 quod
359 1778 385 1805 in
400 1779 475 1807 nullo
488 1779 640 1808 discordem
653 1781 836 1818 intelligentiae
847 1791 893 1812 eo-

94 1830 148 1861 rum
162 1823 347 1853 detulerimus
368 1826 498 1860 animum,
513 1827 560 1854 sed
581 1827 622 1855 bis
641 1831 748 1857 utamur
761 1829 770 1845 ¹
782 1830 895 1859 testibus

92 1870 124 1898 ad
135 1875 240 1898 nostra:
255 1870 318 1899 ﬁdei
333 1871 498 1900 ﬁrmitatem.
512 1873 559 1900 Sic
578 1873 719 1902 Athanasii
738 1874 774 1902 ad
787 1874 894 1910 Epicte-

93 1919 146 1943 tum
167 1917 363 1952 amplectimur
386 1918 506 1952 litteras;
530 1918 571 1947 sic
603 1923 733 1955 tanquam
756 1920 894 1956 propriam

92 1961 217 1997 Gregorii
241 1963 275 1991 ad
301 1963 461 1991 Ctedonium
485 1964 628 1999 epistolam
654 1965 754 2000 ubique
775 1966 894 2001 praeferi-

93 2015 164 2035 mus.
182 2007 218 2035 Et
233 2008 299 2043 quid
311 2013 420 2044 oportet
431 2009 509 2045 plura
524 2010 636 2038 dicere?
650 2010 679 2039 Si
692 2011 765 2039 enim
779 2019 829 2046 per
840 2011 895 2046 epi-

92 2054 176 2082 stolas
200 2053 332 2082 Ecclesia:
353 2054 479 2088 dogmata
502 2055 634 2083 declarari
659 2064 709 2091 pro
733 2064 895 2092 unaquaque

93 2099 249 2133 quaestione
266 2099 376 2134 dignum
402 2100 481 2135 culpa
502 2100 634 2135 judicanl,
659 2102 747 2137 ipsum
764 2102 895 2138 imprimis

91 2143 281 2172 bcatisimum
295 2145 424 2181 Cyrillum
444 2146 557 2181 quilibet
572 2148 670 2182 poterit
691 2147 833 2182 denotare,
848 2149 895 2184 qui

91 2188 191 2218 litteris
211 2190 270 2218 suis
290 2191 362 2226 quod
386 2192 520 2220 sentiebat
542 2192 723 2222 Orientalibus
743 2195 893 2230 expressit;

82 2243 142 2264 nec
155 2244 214 2264 non
229 2241 258 2263 et
271 2243 399 2271 magnum
415 2238 538 2266 Proclum
549 2238 613 2266 huic
625 2239 816 2275 vituperationi
830 2242 895 2269 sub-

946 1647 1027 1675 tionis
1044 1646 1113 1680 sola,
1132 1653 1221 1680 neque
1234 1643 1496 1679 argumentationum
1515 1642 1659 1671 nmltitudo
1674 1650 1738 1671 con-

945 1698 999 1722 tra.
1015 1697 1158 1727 utramque
1190 1695 1296 1726 partem
1325 1689 1526 1718 adversantium
1554 1692 1738 1725 pertractata,

944 1742 1076 1774 quantum
1090 1738 1147 1773 ipsa
1170 1744 1309 1765 sacrorum
1322 1736 1479 1771 dogmatum
1497 1735 1604 1764 cautela
1618 1735 1698 1763 simul
1711 1739 1738 1762 ct

945 1784 1044 1820 pietas.
1059 1783 1151 1812 Pietas
1164 1783 1285 1818 quidem,
1296 1782 1360 1818 quia
1371 1782 1491 1818 regalem
1504 1782 1656 1810 divinarum
1670 1781 1738 1809 Scri-

945 1834 1087 1866 pturarum
1097 1828 1107 1845 ³
1121 1829 1148 1856 in
1164 1828 1207 1856 his
1222 1835 1290 1863 qua);
1301 1827 1470 1860 dicebantur,
1485 1827 1598 1856 verbum
1618 1827 1740 1855 veritatis

945 1879 1021 1904 recte
1034 1874 1176 1907 conﬁtens,
1192 1874 1334 1909 pergebas,
1349 1881 1404 1901 non
1423 1874 1481 1901 sine
1495 1873 1657 1900 testimoniis
1668 1872 1738 1901 Scri-

946 1925 1032 1957 ptura;
1045 1927 1212 1956 praesumens
1226 1920 1327 1954 aliquid
1348 1927 1383 1948 ex
1402 1923 1537 1954 potestate
1550 1919 1659 1955 propria
1674 1926 1740 1954 pne.

947 1966 1040 1994 dicare
1056 1975 1063 1992 :
1077 1965 1183 1993 cautela
1209 1972 1286 1998 vero,
1307 1965 1370 1999 quia
1392 1972 1454 1992 cum
1476 1964 1573 1992 divinis
1593 1964 1740 1999 Scripturis

947 2012 1030 2040 etiam
1044 2010 1154 2038 Patrqu
1168 2010 1253 2044 dicta,
1266 2009 1301 2037 ad
1314 2009 1482 2044 probandum
1496 2017 1556 2044 quae
1569 2009 1740 2043 dicebantur,

946 2057 1127 2093 proponebas.
1142 2065 1152 2082 ι
1165 2055 1293 2084 Scriberis
1310 2055 1392 2082 etiam
1411 2054 1492 2082 beato
1505 2054 1603 2090 Cyrillo
1616 2054 1740 2090 supradi-

946 2108 1006 2132 ctus
1015 2102 1156 2131 Joannes‘
1169 2109 1231 2129 cum
1254 2100 1350 2129 eadem
1371 2100 1476 2136 synodo
1502 2099 1627 2133 Orientis,
1652 2101 1690 2127 ita
1712 2108 1741 2129 se

947 2154 1051 2179 tomum
1072 2148 1160 2184 ipsum
1182 2148 1218 2175 ad
1241 2148 1375 2176 Armenes
1394 2146 1560 2182 approbasse
1583 2147 1738 2181 perhibuit:

948 2206 959 2223 ι
973 2196 1160 2229 Sanctissimo,
1176 2195 1274 2230 inquit,
1289 2194 1419 2229 episeopo
1433 2193 1530 2222 Proclo
1545 2197 1649 2221 tomum
1669 2197 1742 2221 recte

947 2249 1042 2270 revera
1056 2246 1085 2269 et
1096 2240 1307 2276 pie-habentem,
1328 2246 1409 2274 quem
1423 2238 1460 2267 ad
1478 2239 1612 2268 Armenes
1625 2239 1742 2275 scripsit,

88 2279 176 2315 iiciet,
195 2281 242 2316 qui
251 2282 354 2309 eisdem
371 2281 553 2312 Orientalibus
566 2283 691 2312 volumen
705 2285 739 2312 ad
758 2286 893 2314 Armenos
909 2290 932 2320 D
946 2287 1027 2315 nobis
1039 2286 1204 2319 destinante,
1227 2289 1257 2314 et
1275 2289 1397 2313 nostrum
1418 2291 1557 2320 quatrente
1570 2294 1743 2320 consensum,

90 2333 139 2361 pro
156 2326 222 2353 ﬁdei
238 2328 415 2362 congruentia
438 2328 591 2357 destinavit.
613 2328 662 2358 His
685 2335 775 2359 autem
800 2339 896 2360 consoo

90 2371 210 2400 dabitur
222 2372 257 2400 ad
272 2373 382 2408 culpant
396 2378 424 2401 et
436 2375 652 2409 sapientissimus
665 2376 783 2405 Joannes
797 2377 895 2406 Antio-

89 2418 198 2446 ὠτίδας
216 2419 371 2454 episcopus,
395 2419 442 2454 qui
465 2419 654 2449 hereticorum
674 2422 816 2451 maledicta
834 2423 895 2459 reji-

90 2463 177 2495 cicns,
200 2468 229 2491 et
242 2464 400 2499 apostolica:
421 2464 550 2493 doctrina:
562 2465 662 2502 dogma
675 2467 826 2500 declarans,
849 2473 892 2497 to-

89 2509 142 2536 tius
157 2509 281 2552 9rientis
296 2509 505 2545 confessionem,
520 2511 595 2538 velut
606 2519 641 2539 ex
653 2520 706 2540 uno
721 2521 769 2541 ore
779 2515 895 2542 sanctis-

88 2555 160 2582 simo
172 2555 271 2582 Proclo
282 2559 311 2582 et
325 2556 351 2582 ei
364 2556 411 2590 qui
419 2564 467 2592 per
477 2556 548 2584 idem
557 2562 663 2592 tempus
676 2559 767 2586 mundi
783 2562 893 2594 regebat

87 2600 287 2634 gubernacula,
297 2601 451 2628 destinavit.
468 2611 478 2628 ι
491 2600 521 2629 in
536 2601 588 2630 hoc
601 2607 691 2630 autem
707 2603 843 2633 volumine
858 2605 892 2633 ad

87 2648 234 2681 Annenos,
252 2647 339 2684 quod,
355 2652 385 2676 ut
403 2652 554 2676 memorata
576 2649 695 2685 synodus
715 2650 763 2682 ait,
779 2659 891 2687 magnus

84 2749 178 2782 capita
193 2757 252 2784 qum
266 2750 409 2778 Facundus
428 2751 480 2778 hoc
492 2750 554 2778 loco
568 2755 774 2784 commemorat,
788 2752 885 2780 iisdem

86 2785 179 2813 Verbis
194 2785 323 2821 explicat,
336 2785 371 2814 de
385 2786 488 2814 duabus
499 2786 524 2813 in
536 2785 645 2815 Christo
659 2786 770 2821 naturis,
788 2796 842 2816 uno
853 2789 887 2817 de

122 2878 129 2890 '
144 2875 215 2902 Cn-L
229 2875 342 2909 Verum,
357 2877 461 2903 ntinuu‘.

119 2912 130 2927 '
146 2910 224 2938 Idem
240 2912 312 2942 ωδ..
327 2913 470 2941 rcrcrcmlo.

947 2333 1040 2360 onmia
1053 2332 1126 2360 facta
1147 2335 1211 2360 sunt
1233 2338 1249 2359 a
1270 2331 1359 2365 nobis,
1384 2335 1413 2359 ct
1435 2332 1462 2359 in
1486 2331 1560 2359 nullo
1574 2332 1663 2359 minus
1676 2330 1742 2359 feci-

946 2386 1016 2407 mus.
1033 2387 1043 2404 ›
1059 2377 1191 2413 Apparuit
1201 2376 1293 2411 igitur,
1302 2376 1430 2412 religiose
1445 2376 1603 2412 imperator,
1618 2376 1690 2412 quod
1700 2383 1740 2403 se-

946 2424 1065 2454 cundum
1075 2423 1241 2453 sententiam
1263 2422 1347 2458 ipsius
1371 2429 1475 2459 maga:
1492 2422 1589 2458 synodi
1603 2421 1742 2450 confessus

947 2478 977 2499 es
991 2477 1075 2497 unum
1090 2469 1124 2497 de
1134 2468 1267 2496 Trinitate
1280 2476 1330 2504 pro
1340 2468 1417 2496 nobis
1429 2466 1586 2495 cruciﬁxum
1601 2475 1608 2493 :
1621 2465 1741 2501 quando-

947 2516 1055 2551 quidem
1071 2516 1097 2543 in
1109 2516 1148 2543 eis
1162 2514 1285 2550 epistolis
1301 2515 1358 2542 lucc
1371 2519 1415 2542 tua
1430 2513 1562 2542 confessio
1577 2512 1740 2545 continetur,

947 2562 1044 2598 quibus
1059 2566 1161 2589 tanaim
1175 2560 1364 2588 auctoritatem
1383 2558 1489 2590 detulit,
1504 2562 1533 2586 ut
1543 2565 1635 2586 earum
1648 2565 1741 2586 exem-

948 2608 993 2645 plo
1016 2606 1212 2635 defendendam
1236 2605 1308 2633 beati
1331 2604 1430 2632 Leonis
1453 2603 1741 2639 cpistoiamjudicarct

948 2656 1017 2689 (post
1033 2657 1091 2680 acta
1104 2652 1229 2686 concilii).
1247 2651 1313 2678 illud
1327 2650 1408 2678 etiam
1419 2650 1492 2685 quod
1506 2650 1614 2678 beatam
1627 2649 1741 2678 Mariam

942 2751 1226 2790 Trinitatecrncilixo,
1244 2756 1271 2780 ct
1285 2751 1362 2779 beata
1378 2750 1487 2786 Virgine
1501 2754 1593 2790 κυρίως
1617 2754 1659 2782 καὶ
1687 2758 1746 2781 κατ’

942 2791 1055 2819 ἀλήθειαν
1068 2787 1192 2822 Dcipara.

977 2879 986 2892 ³
999 2877 1080 2910 Idem,
1097 2878 1291 2911 Scriptnrnrum
1306 2880 1380 2906 riam.

980 2914 987 2927 ‘
1007 2912 1091 2947 ldum,
1107 2917 1212 2940 satiatus
1227 2912 1352 2941 Joantu‘s.
