3878 6194
435 319 530 377 52H

1499 314 1791 372 amount
1826 314 2040 374 EPlSC.
2072 314 2576 373 unuumsusns
3561 326 3648 382 ωε

431 453 563 498 vere
600 446 656 494 et
682 437 898 509 proprie
939 443 1165 490 matrem
1208 434 1304 490 Dei
1333 449 1452 490 esse
1481 436 1682 499 dixisti,
1731 437 1785 491 in
1833 435 2022 492 eadem
2054 434 2102 497 Α
2129 432 2361 488 maxime
2380 433 2611 501 gloriati.
2632 430 2768 499 Quid
2790 432 2933 487 enim
2955 432 3098 502 prius
3118 432 3344 490 laudetur
3365 435 3644 499 inhomine‘!

433 532 625 607 synodi
655 530 978 586 allocutione
1014 527 1314 582 invenimus
1343 541 1463 582 esse
1492 526 1780 591 ﬁrmatum,
1824 528 1913 583 ubi
1942 529 2026 584 di-

434 633 582 680 ctum
609 630 733 679 est:
773 640 793 674 ‹
820 620 1020 676 Verum
1065 633 1176 673 non
1217 617 1371 673 latuit
1400 618 1847 674 indormitahilem
1892 634 2023 674 ocu-

433 714 546 769 lum
574 722 778 767 naturae
806 709 1108 765 communis
1134 708 1398 773 inimicus,
1449 707 1543 764 sed
1580 714 1835 777 tanquam
1866 707 2024 762 lumi-

434 805 586 860 naria
629 801 910 858 confestim
960 800 1148 857 Patres
1192 809 1430 865 nostros,
1461 799 1547 856 his
1594 813 1732 868 quos
1773 799 2024 854 tenebra-

434 912 555 952 rum
585 900 897 966 pervaserat
941 908 1115 963 error,
1146 891 1531 960 ostendit;qui
1561 892 1774 947 cunctis
1812 907 2019 947 resera-

434 998 557 1044 rent
596 987 1003 1056 intelligentiam
1035 983 1180 1050 ﬁdei,
1221 992 1278 1040 et
1322 979 1708 1059 incarnat'muis
1737 981 2023 1051 diligenter

432 1077 694 1133 beneﬁcia
741 1074 1098 1147 praedicarent
1122 1092 1135 1128 :
1159 1075 1432 1144 quomodo
1479 1072 1897 1144 dispensationis
1935 1087 2023 1128 sa-

434 1178 773 1227 cramentum
800 1169 872 1224 sit
900 1169 968 1224 ab
997 1167 1150 1222 initio
1185 1181 1253 1221 ex
1279 1165 1438 1220 vulva
1482 1164 1839 1236 dispositum;
1880 1178 2021 1235 quo.

432 1263 595 1318 modo
622 1270 679 1318 et
701 1260 797 1317 Dei
822 1260 1055 1329 genitrix
1085 1260 1155 1314 sit
1196 1260 1350 1328 virgo
1380 1260 1617 1315 vocitata
1643 1266 1866 1330 propter
1894 1271 2020 1312 eum

434 1354 527 1425 qui
555 1353 912 1424 virginitatem
941 1350 1057 1422 ejus
1084 1350 1332 1421 dignatus
1358 1358 1445 1408 est
1465 1351 1627 1405 etiam
1656 1364 1874 1407 sacrare
1898 1358 2021 1420 post

432 1455 668 1516 partum,
718 1443 1065 1514 vulvamque,
1114 1449 1175 1497 ut
1218 1440 1448 1498 decebat
1475 1441 1664 1507 Deum,
1711 1441 2021 1509 integritate

430 1538 680 1607 signare;
710 1535 985 1606 quomodo
1031 1533 1328 1590 secundum
1377 1532 1663 1588 veritatem
1707 1540 1899 1588 mater-
1924 1532 2019 1588 Dei

418 1631 573 1687 dicta
602 1630 673 1686 sit
699 1637 922 1700 propter
959 1642 1198 1694 carnem,
1238 1640 1399 1698 quam
1430 1641 1498 1681 ex
1539 1640 1599 1681 se
1626 1625 1864 1682 omnium
1906 1624 2018 1680 Do-

430 1723 581 1779 mino
608 1721 950 1778 ministravit.
982 1738 1002 1774 ›
1035 1718 1175 1775 Ecce
1217 1726 1275 1774 et
1300 1719 1404 1774 hoc
1431 1725 1707 1774 ostensum
1744 1725 1847 1785 est,
1876 1731 2016 1786 quo-

2128 526 2257 597 quid
2283 526 2634 583 excellentius
2661 527 2817 582 decet
2863 526 2917 580 in
2947 526 3202 596 principe,
3244 544 3397 598 quam
3422 532 3648 591 catholica

2128 616 2276 684 fides,
2321 633 2440 688 quas
2480 619 2645 674 totius
2692 618 2863 674 nostri
2892 618 3019 672 boui
3067 626 3149 672 est
3189 618 3574 690 fundamentum,
3605 634 3649 681 et

2127 710 2243 764 sine
2266 725 2371 779 qua
2401 710 2529 763 nihil
2561 710 2613 763 in
2644 709 2800 765 nobis
2820 714 2904 765 est
2929 707 3172 764 bonum?
3199 707 3359 773 Omne
3382 712 3512 767 enim
3532 715 3649 783 quod

2126 818 2233 858 non
2266 790 2341 858 ex
2362 803 2464 858 fide
2486 811 2766 873 peccatum
2792 810 2895 859 est.

2749 937 2977 994 CAPUT
3022 938 3085 992 ll.

2128 1029 2277 1095 Quod
2310 1029 2619 1099 Eutychiani
2647 1032 2738 1084 sub
2769 1032 2918 1084 trium
2961 1031 3312 1099 Capilulorum
3339 1036 3523 1089 nomine
3552 1055 3656 1093 con-

2194 1101 2366 1174 cilium
2407 1101 2817 1156 Chalcedoueuse
2845 1103 3199 1174 fraudulenter
3220 1116 3523 1174 Oppttgnettl.‘
3559 1112 3656 1174 qui-

2194 1173 2286 1224 bus
2308 1181 2581 1246 antequam
2606 1175 2932 1241 respondeat,
2958 1173 3080 1243 ﬁdei
3100 1190 3207 1227 sum
3227 1173 3656 1246 confessioiwm’es-

2196 1244 2358 1311 ponit.

2192 1356 2301 1412 Sed
2329 1370 2481 1427 rogo,
2530 1357 2947 1415 clementissime
2996 1358 3308 1429 imperator,
3358 1367 3415 1414 ut
3458 1362 3657 1420 rationes

2121 1464 2270 1505 meas
2299 1450 2384 1505 vel
2412 1457 2704 1521 gratanter,
2737 1451 2822 1506 vel
2856 1451 3129 1521 patienter
3155 1451 3399 1521 accipias.
3440 1451 3556 1507 Nam
3578 1453 3658 1509 de-

2121 1550 2425 1598 monstrare
2450 1544 2704 1614 proposui
2729 1546 2982 1614 quoniam
3019 1558 3117 1613 pro
3141 1543 3371 1613 ejusdem
3398 1544 3508 1601 ﬁdei
3525 1562 3657 1616 quam

2122 1639 2275 1688 tenes
2300 1632 2630 1700 defensione,
2660 1642 2715 1689 et
2740 1643 2963 1705 propter
2990 1633 3490 1690 Chalcedonensium
3508 1648 3660 1691 custo-

2123 1723 2267 1778 diam
2296 1724 2658 1791 decretorum,
2681 1725 2876 1795 quibus
2897 1734 2952 1780 et
2972 1724 3255 1782 manifesta
3284 1735 3436 1781 estet
3458 1728 3659 1793 ﬁrmata,

431 1816 577 1871 niam
618 1813 805 1870 eadem
861 1820 1047 1869 sancta
1086 1811 1324 1883 synodus
1353 1811 1535 1866 docuit
1579 1810 1723 1882 quod
1751 1810 1840 1865 illa
1864 1810 2015 1879 virgo
2051 1816 2092 1875 Β
2118 1815 2202 1870 his
2229 1815 2320 1884 qui
2348 1830 2521 1887 nuper
2547 1817 2876 1871 contrariam
2905 1818 2984 1873 eis
3009 1817 3333 1872 sententiam
3363 1819 3660 1887 protulerunt

429 1906 527 1963 Dei
555 1906 787 1977 genitrix
812 1905 1111 1962 secundum
1138 1904 1425 1959 veritatem
1453 1912 1644 1959 vocata
1673 1904 1764 1972 sit,
1792 1910 2017 1974 propter

428 2013 646 2053 onmem
676 2012 837 2067 quam
887 2011 955 2051 ex
996 2009 1056 2051 se
1103 1997 1345 2052 omnium
1397 1995 1627 2051 Domino
1671 1996 2015 2052 ministravit.

427 2090 537 2145 Nec
565 2088 790 2146 interest
811 2098 988 2144 utrum
1015 2086 1310 2143 secundum
1333 2086 1636 2151 veritatem,
1669 2086 1720 2141 id
1746 2097 1850 2157 est,
1891 2100 2018 2143 vere

428 2181 523 2236 Dei
552 2189 726 2237 mater
770 2188 1033 2247 vocetur;
1083 2194 1150 2234 an
1181 2192 1307 2234 vere
1356 2186 1411 2234 et
1448 2179 1685 2249 proprie,
1733 2172 2018 2248 sicut‘ipse

426 2270 706 2326 confessus
733 2285 811 2326 es.
840 2270 974 2325 Nam
1003 2271 1145 2341 quod
1185 2269 1419 2325 Joannes
1465 2269 1740 2339 apostolus
1768 2269 1898 2324 dicit
1924 2286 2018 2325 ve—

427 2379 543 2418 rum
592 2362 686 2418 Dei
725 2362 939 2425 Filium,
988 2362 1163 2432 ipsum
1214 2359 1410 2415 Paulus
1440 2361 1713 2430 proprium
1744 2360 1893 2416 dicit.
1927 2360 2016 2416 Sic

426 2455 570 2513 enim
599 2454 812 2514 scribit:
838 2453 1044 2514 Scimus
1068 2453 1311 2530 quoniam
1341 2451 1438 2507 Dei
1477 2450 1643 2509 Filius
1673 2452 1825 2519 venit,
1850 2462 1899 2510 et
1929 2452 2014 2510 de-

427 2550 504 2604 dit
544 2551 689 2604 nobis
720 2550 1053 2614 intellectum,
1078 2559 1132 2603 ut
1164 2549 1387 2603 sciamus
1409 2550 1543 2616 quod
1570 2555 1647 2600 est
1667 2562 1841 2600 verum
1867 2556 1915 2600 el
1940 2547 2016 2599 si-

428 2660 542 2698 mus
586 2643 640 2698 in
668 2660 784 2697 vero
807 2641 947 2697 Filio
989 2641 1102 2713 ejus
1122 2640 1249 2695 Iesu
1288 2639 1490 2694 Christo
1522 2635 1577 2709 (ι
1614 2637 1772 2691 Joan.
1816 2653 1866 2703 ν,
1898 2635 2014 2706 20).

428 2738 529 2795 Hic
551 2746 729 2792 autem
752 2737 993 2793 scribens
1026 2733 1281 2789 Romanis
1309 2733 1386 2786 ait
1418 2750 1429 2784 :
1464 2731 1527 2786 Si
1551 2730 1691 2784 Deus
1720 2747 1813 2801 pro
1843 2728 2015 2797 nobis,

430 2834 540 2905 quis
573 2839 753 2885 contra
781 2829 913 2883 nos?
956 2829 1044 2898 qui
1073 2829 1229 2882 etiam
1258 2824 1400 2880 Filio
1435 2841 1529 2878 suo
1558 2824 1767 2896 praprio
1792 2839 1895 2876 non
1925 2839 2016 2893 pe-

428 2902 609 2994 percit,
653 2922 742 2976 sed
785 2938 878 2992 pro
920 2918 1069 2975 nobis
1120 2919 1357 2974 omnibus
1404 2917 1619 2971 tradidit
1660 2916 1806 2970 illum
1836 2902 2012 2985 (Rom.

429 3029 545 3079 vm,
579 3012 689 3082 5i).
740 3011 856 3067 Non
887 3010 1045 3079 igitur
1091 3018 1175 3064 est
1224 3006 1367 3062 aliud
1398 3005 1542 3077 quod
1592 3006 1877 3060 Dominum
1914 3019 2017 3058 no-

427 3115 596 3161 strum
625 3102 810 3160 Jesum
858 3103 1130 3158 Christum
1163 3098 1395 3156 Joannes
1441 3113 1628 3153 verum
1680 3097 1772 3151 Dei
1823 3095 2015 3149 Filium

2120 1908 2561 1966 consentiendum
2592 1925 2712 1966 esse
2738 1925 2845 1965 non
2874 1909 3020 1965 duxi.
3053 1908 3329 1981 lnquictus
3354 1911 3487 1965 enim
3511 1920 3561 1966 et
3585 1911 3663 1965 im-

2119 2000 2327 2072 pudens
2352 2000 2726 2057 haereticorum
2750 2000 2992 2073 spiritus,
3025 2001 3117 2071 qui
3154 2000 3322 2057 facilis
3347 2010 3401 2056 et
3428 2011 3664 2072 promptus

2118 2090 2185 2145 ad
2226 2090 2586 2161 impugnanda
2633 2100 2819 2147 vetera
2860 2092 3181 2155 constituta,
3230 2092 3283 2147 in
3340 2093 3664 2148 confusionem

2118 2196 2269 2237 suam
2299 2197 2515 2252 semper
2548 2183 2843 2251 extollitur,
2884 2183 3009 2251 quia
3069 2198 3218 2253 smpe
3270 2185 3534 2239 frustratus
3582 2191 3665 2248 est,

2120 2290 2241 2329 cum
2274 2274 2507 2329 evidenti
2537 2275 2965 2330 contradictione
3009 2273 3461 2329 Chalcedonensis
3486 2274 3668 2329 decreta

2118 2367 2329 2426 concilii
2356 2366 2667 2426 subvertere
2690 2366 2986 2434 niteretur;
3019 2365 3242 2438 obliqua
3266 2380 3401 2419 nunc
3419 2373 3471 2420 et
3488 2365 3668 2419 obtecta

2117 2462 2450 2531 malignitate
2497 2463 2813 2531 subrepens,
2867 2460 3088 2529 intelligi
3144 2476 3252 2515 non
3280 2472 3434 2530 posse
3480 2456 3669 2513 credidit

2117 2570 2228 2611 sua:
2252 2555 2499 2611 factionis
2526 2554 2764 2609 insidias.
2789 2553 3002 2608 Invenit
3027 2560 3216 2608 autem
3245 2551 3574 2608 desideratam
3595 2565 3669 2603 oc-

2118 2648 2388 2703 casionem
2437 2660 2505 2701 ex
2555 2646 2737 2700 furore
2788 2643 3153 2713 quorumdam
3205 2642 3298 2712 qui
3352 2641 3445 2697 sub
3490 2639 3671 2694 nomine

2116 2738 2421 2794 Christiano
2452 2739 2685 2793 latenter
2724 2737 2779 2792 in
2818 2736 3058 2792 Ecclesia
3086 2736 3295 2806 gentile
3335 2733 3559 2803 Origenis
3591 2731 3671 2785 do—

2117 2844 2238 2899 gma
2267 2837 2561 2885 sectantur.
2594 2827 2662 2882 Et
2683 2829 2807 2897 quia
2843 2842 2938 2898 per
2967 2826 3286 2882 instantiam
3314 2835 3413 2880 tua)
3436 2822 3672 2891 religionis

2118 2918 2361 2988 ejusdem
2392 2917 2601 2989 profani
2636 2916 2905 2988 dogmatis
2929 2915 3125 2971 iterata
3154 2915 3423 2970 damnatio
3450 2921 3541 2977 est,
3571 2911 3671 2964 hinc

2118 3010 2235 3079 ejus
2260 3018 2557 3065 sectatores
2586 3018 2903 3064 exarserunt
2923 3007 3192 3062 adversus
3222 3004 3528 3069 Ecclesiam,
3552 3016 3673 3073 qua:-

2118 3111 2299 3158 rentes
2324 3118 2443 3158 eam
2488 3116 2810 3173 quacunque
2849 3108 3071 3172 possent
3101 3100 3438 3155 immissione
3465 3098 3673 3152 turbare.

432 3207 613 3265 vocat,
654 3214 815 3270 quam
845 3194 990 3266 quod
1018 3211 1141 3251 eum
1167 3193 1445 3265 proprium
1483 3191 1576 3246 Dei
1599 3189 1789 3244 Filium
1816 3187 2014 3243 Paulus
2042 3211 2088 3274 ο
2119 3194 2185 3248 Et
2214 3194 2317 3249 hoc
2338 3201 2511 3248 totum
2534 3192 2800 3263 publicam
2832 3192 3074 3246 notitiam
3107 3205 3224 3246 non
3249 3188 3451 3256 effugit,
3483 3200 3676 3257 prescr-

427 3291 682 3361 appellat.
715 3288 781 3343 Et
809 3288 932 3343 ideo
960 3302 1066 3341 non
1091 3284 1232 3339 aliud
1255 3282 1550 3354 putandum
1577 3289 1661 3336 est
1688 3280 1849 3337 etiam
1871 3277 2017 3347 quod

429 3392 616 3439 sancta
645 3376 1100 3438 Chalcedonensis
1126 3377 1362 3450 synodus
1397 3376 1608 3430 beatam
1646 3372 1868 3427 Mariam
1892 3383 2017 3426 vere

429 3482 656 3529 matrem
687 3474 780 3528 Dei
807 3487 926 3529 esse
953 3470 1195 3527 confessa
1237 3475 1341 3533 est,
1386 3481 1546 3536 quam
1576 3463 1723 3535 quod
1752 3478 1870 3518 eam
1901 3463 2017 3533 ipse

429 3566 706 3623 confessus
729 3581 788 3621 es
808 3579 937 3620 vere
957 3572 1015 3619 et
1039 3561 1255 3635 pr0prie
1278 3569 1506 3615 matrem
1530 3558 1642 3613 Dei.
1675 3557 1825 3624 Quod
1855 3557 1901 3611 si
1929 3556 2017 3611 cui

432 3659 612 3714 minus
643 3660 746 3714 hoc
771 3656 991 3723 sufﬁcit,
1016 3663 1071 3710 et
1098 3654 1276 3709 adhuc
1303 3667 1424 3708 eam
1449 3666 1577 3706 vere
1605 3658 1662 3705 et
1685 3649 1901 3720 proprie
1921 3648 2016 3702 Dei

432 3757 661 3805 matrem
710 3747 921 3803 dubitat
973 3745 1268 3816 appellare,
1311 3742 1609 3814 pleniorem
1651 3741 1719 3796 de
1766 3740 1869 3795 hoc
1900 3740 2017 3808 ipso

430 3842 700 3897 rationem
753 3854 914 3909 quam
946 3836 1170 3893 inferius
1213 3835 1498 3891 reddemus
1540 3840 1837 3903 exspectet.
1881 3831 2017 3898 Quia

428 3948 557 3989 vero
604 3932 804 3988 simul‘
850 3928 1143 3985 secundum
1196 3925 1637 3982 Chalcedonense
1689 3921 2017 3988 concilium,

428 4026 590 4081 etiam
626 4025 680 4079 in
718 4022 925 4079 duabus
961 4019 1168 4075 naturis
1216 4016 1504 4073 Dominum
1536 4013 1719 4070 Jesum
1745 4012 2019 4069 Christum

430 4117 712 4175 confessus
737 4132 815 4182 es,
847 4116 1012 4185 ipsius
1052 4112 1266 4168 concilii
1292 4110 1602 4166 deﬁnitione
1638 4115 1972 4164 monstratur
2000 4123 2016 4161 :

431 4211 487 4265 in
523 4226 629 4280 qua
659 4209 847 4264 statuit
875 4222 1040 4262 unum
1093 4203 1448 4271 eamdemque
1487 4200 1781 4267 Christum,
1822 4199 2017 4255 Filium

433 4301 531 4359 Dei
557 4301 911 4371 unigenitum,
954 4299 1005 4353 in
1036 4296 1239 4352 duabus
1267 4295 1492 4359 naturis,
1534 4293 1653 4349 sine
1678 4292 2013 4355 confusione,

433 4394 552 4448 sine
579 4392 952 4455 conversione,
994 4389 1111 4443 sine
1140 4386 1405 4441 divisione
1436 4392 1491 4440 et
1518 4384 1635 4440 sine
1678 4384 2020 4454 separatione

432 4499 553 4539 esse
574 4481 935 4546 noscendum;
968 4493 1231 4549 nusquam
1257 4484 1564 4533 naturarum
1594 4473 1892 4530 differentia
1924 4489 2021 4544 per

2119 3286 2213 3339 tim
2243 3298 2363 3339 cum
2394 3292 2450 3337 et
2470 3282 2801 3338 Domitianus
2830 3281 3156 3353 Ancyrensis
3188 3290 3215 3320 ι
3242 3279 3454 3351 quidem
3479 3276 3677 3334 civitatis

2118 3375 2401 3444 episcopus
2426 3372 2716 3443 provinciae
2745 3372 2928 3442 prima:
2968 3369 3217 3435 Galatiae,
3269 3370 3363 3442 qui
3406 3368 3498 3424 fuit
3538 3366 3678 3440 ipsius

2118 3464 2452 3536 Origeniana:
2478 3465 2695 3519 hairesis
2721 3462 3037 3519 manifestus
3059 3473 3327 3525 assertor,
3354 3477 3447 3532 per
3473 3458 3675 3514 libellum

2119 3572 2278 3626 quem
2305 3556 2375 3610 ad
2420 3556 2789 3612 beatissimum
2830 3570 3021 3625 papam
3054 3555 3311 3625 Vigilium
3336 3554 3558 3624 scripsit,
3586 3550 3677 3603 Deo

2119 3654 2476 3717 extorquente
2504 3646 2779 3703 confessus
2815 3656 2916 3713 est,
2947 3646 3094 3715 quod
3129 3652 3253 3717 ejus
3283 3646 3559 3716 complices
3578 3642 3676 3695 0ri~

2118 3738 2351 3808 geniani,
2385 3754 2508 3794 cum
2536 3738 2782 3794 viderent
2820 3753 2928 3793 non
2955 3751 3017 3792 se
3064 3752 3234 3807 posse
3284 3736 3547 3807 proprium
3594 3732 3677 3785 do-

2118 3844 2240 3900 gma
2266 3829 2578 3895 defendere,
2607 3844 2780 3899 neque
2808 3830 2908 3884 sibi
2937 3829 3240 3900 quidquam
3276 3829 3391 3897 spei
3430 3827 3495 3881 de
3518 3822 3680 3879 conﬁi-

2119 3932 2209 3980 ctu
2235 3930 2460 3989 restare,
2484 3921 2552 3977 ad
2571 3922 2827 3977 ultionem
2854 3936 3041 3976 eorum
3067 3934 3194 3989 quae
3216 3929 3403 3975 contra
3432 3916 3679 3984 Origenem

2120 4027 2269 4086 gesta
2291 4025 2434 4083 sunt,
2489 4016 2606 4070 haec
2660 4013 2914 4069 Ecclesia:
2962 4013 3225 4068 scandala
3285 4014 3679 4067 commoverunt.

2122 4108 2324 4163 Horum
2356 4107 2516 4177 igitur
2552 4105 2806 4162 satellitio
2837 4103 3060 4172 fungens
3102 4102 3554 4174 Eutychianorum
3577 4110 3681 4167 per-

2122 4201 2264 4267 ﬁdia,
2296 4215 2360 4257 ea
2389 4215 2509 4269 quae
2539 4214 2636 4269 per
2699 4214 2759 4254 se
2798 4206 2989 4253 contra
3036 4197 3482 4253 Chalcedonense
3530 4188 3687 4248 conci-

2121 4294 2251 4348 lium
2279 4291 2641 4362 nequidquam
2678 4304 2822 4360 saepe
2852 4296 3174 4354 tentaverat,
3210 4304 3313 4358 per
3354 4289 3496 4357 ipsos
3530 4284 3681 4338 laten-

2123 4392 2207 4439 ter
2246 4397 2495 4453 aggressa
2526 4390 2610 4437 est
2652 4382 2743 4451 qui
2785 4379 2941 4435 nobis
2964 4394 3072 4435 non
3129 4380 3457 4434 videbantur
3501 4377 3550 4431 in
3601 4373 3685 4428 hac

2124 4485 2278 4546 parte
2302 4474 2561 4545 suspecti.
2593 4472 2705 4529 Nec
2739 4482 2918 4527 tamen
2962 4478 3014 4526 et
3063 4471 3140 4525 illi
3173 4485 3423 4539 magnam
3451 4464 3684 4538 synodum

429 4575 694 4629 unitatem
732 4570 946 4642 penitus
970 4577 1265 4640 amputata,
1297 4568 1467 4639 magis
1504 4575 1684 4623 autem
1712 4566 1859 4621 salva
1890 4581 2016 4635 pro-
2046 4596 2095 4658 Β
2123 4566 2298 4635 palam
2352 4564 2746 4635 reprehendere
2793 4570 3285 4632 praesumpserunt;
3335 4559 3503 4629 magis
3530 4565 3686 4611 autem

380 4706 385 4711 .
428 4667 661 4737 prietate
688 4665 962 4734 utriusque
990 4670 1213 4717 naturai.
1247 4659 1341 4716 His
1364 4660 1526 4729 igitur
1553 4659 1803 4714 omnibus
1823 4658 2019 4728 proha-

434 4772 523 4814 tur
550 4758 818 4815 confessio
849 4756 970 4812 ﬁdei
1001 4762 1105 4812 tua:
1132 4752 1311 4822 magni
1331 4752 1545 4807 concilii
1567 4754 1586 4783 ⁸
1617 4750 2019 4806 deﬁnitionibus

430 4865 756 4906 consonare.
789 4844 1206 4919 Propteiﬁuod
1250 4844 1415 4899 etiam
1445 4857 1543 4898 nos
1582 4849 1638 4896 et
1663 4839 2018 4908 congratulati

429 4955 647 5012 semper
689 4940 805 5010 ejus
853 4936 1162 4995 rectitudini
1213 4949 1436 5001 sumus,
1496 4942 1551 4987 et
1599 4947 1703 5002 pro
1748 4947 1811 4985 ea
1842 4930 1910 4985 de
1966 4939 2018 4986 te

505 5168 529 5196 ι
569 5158 644 5212 De
671 5174 779 5228 quo
803 5159 996 5228 iterum
1025 5155 1118 5210 lib.
1152 5171 1228 5228 ty,
1255 5168 1373 5228 cap.
1408 5151 1462 5220 4,
1493 5151 1599 5228 ubi_
1627 5162 1681 5228 et
1729 5150 1889 5228 libelli
1918 5151 2017 5204 hu-

430 5226 517 5350 ius
543 5222 708 5282 verba
751 5227 1109 5297 proferentur.
1160 5222 1336 5291 Quod
1367 5232 1547 5277 autem
1587 5224 1673 5278 hic
1717 5222 1909 5275 astruit
1946 5236 2015 5275 ex

458 5297 616 5350 ibello
647 5297 952 5350 Domitiani.
984 5296 1215 5350 afﬁrmat
1242 5294 1405 5349 etiam
1447 5292 1724 5347 Liberatus
1751 5292 2013 5346 diaconus

458 5297 616 5351 ibello
647 5292 952 5361 Domitiani,
984 5296 1215 5351 afﬁrmat
1242 5294 1405 5349 etiam
1447 5292 1724 5347 Liberatus
1751 5292 2013 5361 diaconus

431 5367 487 5420 in
538 5366 859 5419 Breviario:
907 5359 1153 5421 incensos
1198 5364 1449 5419 videlicet
1494 5363 1726 5418 damnati
1773 5359 2019 5429 Origenis

431 5436 621 5491 dolore
647 5432 975 5503 Origenistas
1001 5436 1069 5490 ad
1110 5436 1270 5490 trium
1300 5434 1669 5504 Capitulorum
1700 5431 2014 5504 damnatio-

432 5521 556 5560 nem
588 5505 861 5574 impulisse
886 5503 1272 5572 Justinianum;
1321 5502 1536 5574 dolique
1564 5502 1917 5574 architectum
1948 5517 2016 5555 ex

433 5576 621 5632 eadem
650 5572 794 5629 secta
836 5572 997 5628 fuisse
1038 5574 1380 5631 Theodorum
1424 5572 1797 5642 Cappadocem
1839 5572 2017 5626 Caesa-

432 5647 668 5702 riensem
699 5644 1029 5713 episcopum,
1070 5650 1162 5715 qui
1212 5644 1519 5716 imperatori
1546 5642 1865 5712 suggerebat
1910 5642 2015 5696 hoc

505 5836 529 5900 ί,
564 5831 695 5889 Cod.
728 5828 950 5892 Veron,
984 5828 1239 5882 similiter.

2121 4659 2222 4712 sub
2275 4658 2509 4725 quodam
2559 4656 2741 4711 colore
2788 4654 3137 4716 defensionis,
3183 4670 3348 4724 quam
3378 4661 3478 4707 tua;
3523 4643 3686 4719 pietati

2123 4748 2536 4803 commendabat
2558 4747 2719 4802 fallax
2744 4762 2932 4802 eorum
2962 4747 3275 4817 promissio,
3310 4746 3475 4800 robur
3490 4741 3598 4811 ejus
3620 4739 3689 4793 iu-

2124 4839 2337 4893 ﬁrmare
2364 4839 2545 4894 conati
2570 4846 2712 4893 sunt.
2761 4836 3045 4893 iactabant
3092 4838 3265 4903 enim,
3324 4836 3463 4890 sicut
3510 4831 3689 4902 optime

2122 4931 2284 4996 nosti,
2309 4930 2454 5000 quod
2480 4945 2668 4986 omnes
2688 4928 3009 5001 Eutychiani
3032 4930 3124 5001 qui
3145 4929 3386 4985 decretis
3408 4927 3521 4998 ejus
3544 4920 3690 4980 offen-

2123 5152 2286 5224 t_nodo
2316 5150 2400 5224 ad
2444 5152 2838 5223 suscipiendam
2903 5152 3167 5224 synodum
3216 5153 3687 5210 Chalcedonensem

2122 5220 2482 5292 Ecclesiaeque
2511 5220 2947 5279 communionem
2979 5224 3169 5278 adduci
3200 5224 3501 5292 Acephalos
3526 5234 3682 5292 posse.

2118 5291 2290 5349 Edita:
2317 5301 2441 5349 sunt
2467 5300 2593 5362 post
2636 5294 2897 5362 synodum
2943 5310 2977 5348 v
3015 5291 3439 5349 Graeco-Latina:
3466 5291 3536 5347 de
3557 5296 3709 5362 ntroo‘

2120 5377 2225 5431 que
2252 5358 2567 5432 argumento
2609 5358 2849 5432 epistola:
2876 5365 2994 5418 dure
3021 5364 3333 5419 Justiniaui.
3380 5363 3574 5417 Prioris
3603 5358 3688 5432 ad-

2118 5430 2627 5503 versus—Origenem
2646 5430 2864 5487 initium
2885 5431 3001 5501 ‘est,
3048 5444 3187 5503 Ἥμῐν
3227 5438 3315 5499 μὲν
3362 5437 3440 5488 ἀεὶ
3467 5430 3681 5503 σπῳδή·

2120 5501 2291 5575 Nobis
2320 5498 2519 5573 semper
2546 5503 2715 5558 studio
2745 5504 2873 5575 fuit;
2906 5498 3233 5575 posterioris
3251 5504 3318 5559 de
3348 5503 3514 5575 tribus
3539 5498 3687 5575 Capi-

2121 5574 2244 5629 tulis
2295 5570 2494 5635 Εὶδὸιὲες
2524 5578 2589 5635 ὡς
2621 5570 2757 5629 οἶδέῦ
2782 5570 2934 5639 adeo},
2962 5574 3196 5629 Scientes
3220 5576 3358 5643 quod
3386 5574 3512 5628 nihil
3537 5570 3683 5625 aliud.

2211 5828 2231 5858 ²
2249 5822 2391 5876 Idem
2419 5820 2565 5885 cod.,
2606 5820 2809 5874 concilii
2842 5819 3296 5875 Chalcedonensis.
