3878 6194
178 342 282 399 535

1147 332 1285 390 PRO
1326 331 1747 389 DEFENSIONE
1784 329 2002 387 TRIUM
2042 331 2356 387 CAPITUL.
2401 330 2527 385 LIB.
2582 332 2620 388 Ι.

3386 330 3493 385 53!

178 460 402 523 duntur,
433 454 902 512 communicarent.
930 448 1209 517 Ecclesiae,
1231 449 1276 503 si
1298 448 1528 518 epistola
1562 461 1784 503 venera-
1818 448 1862 505 A
1891 444 2007 499 tunc
2043 443 2261 512 quidem
2290 444 2431 499 dicta
2474 442 2583 497 sint
2631 441 2698 496 ad
2728 440 3152 497 satisfactionem
3181 458 3373 499 eorum
3401 446 3505 516 qui

178 554 299 610 bilis
324 551 433 605 lbae
454 546 714 604 Edesseni
735 543 979 617 episcopi
1007 541 1078 597 ad
1098 541 1288 597 Marini
1312 538 1533 596 Persam
1562 538 1782 607 scripta,

176 660 342 715 quam
391 641 652 713 praedicta
698 635 957 709 synodus,
1014 648 1139 689 cum
1191 648 1291 703 pro
1340 646 1405 687 ea
1454 634 1786 686 memoratus

181 738 300 793 lbas
322 743 580 802 tanquam
604 729 897 799 iniuriosus
940 726 994 781 in
1020 725 1239 781 beatum
1268 723 1525 795 Cyrillum
1557 735 1785 778 accusa-

181 839 349 890 retur,
402 820 779 900 pronuntiavit
823 816 1205 881 orthodoxam,
1262 816 1614 872 damnaretur
1664 813 1786 883 qui-

179 918 296 972 dem
331 925 394 971 ut
428 914 771 979 Nestoriana,
818 910 915 966 sed
943 908 1243 981 approbata
1290 907 1453 963 fuisse
1499 922 1530 960 a
1576 905 1786 977 synodo

179 1016 494 1077 negaretur.
546 1004 667 1061 Hoc
719 1009 943 1072 agentes
992 1007 1189 1066 astute,
1235 1006 1295 1054 ut
1337 998 1462 1053 dum
1491 999 1703 1054 nescios
1731 1005 1788 1053 et

180 1102 397 1170 ignaros
425 1098 714 1163 advocant,
746 1093 892 1164 quod
930 1108 1029 1165 per
1058 1090 1249 1149 falsam
1289 1098 1345 1152 et
1380 1088 1785 1162 impudentissi-

178 1210 318 1250 mam
346 1193 697 1263 negationem
744 1186 961 1244 defendi
1014 1184 1260 1257 synodus
1300 1183 1493 1253 possit,
1526 1198 1785 1252 quaecun-

178 1301 283 1357 que
322 1283 614 1340 mendacia
670 1277 992 1350 Eutychiani
1046 1278 1103 1333 in
1164 1275 1585 1346 reprehensione
1621 1272 1789 1344 ipsius

178 1378 427 1449 epistoke
454 1376 745 1441 dictarem,
788 1370 1005 1427 nemine
1042 1368 1156 1439 jam
1193 1368 1503 1432 resistente,
1552 1366 1639 1421 vel
1664 1366 1789 1421 hinc

179 1476 486 1537 satageute,
523 1466 826 1522 scriberent
852 1468 1186 1527 nostrorum,
1214 1460 1360 1530 quod
1403 1459 1557 1514 valde
1600 1458 1791 1526 lugen-

178 1561 312 1616 dum
340 1568 444 1625 est,
473 1556 966 1627 subscriptionibus
994 1551 1311 1609 afﬁrmanda
1350 1568 1362 1605 :
1396 1557 1452 1606 ut
1484 1566 1608 1607 cum
1637 1556 1789 1621 post-

187 1668 289 1721 ea,
340 1651 492 1722 quod
539 1648 856 1705 facillimum
910 1653 1032 1703 erat
1090 1646 1106 1676 ⁸
1137 1643 1255 1701 sola
1291 1651 1567 1714 gestorum
1608 1643 1789 1715 prola-

181 1745 351 1808 tione,
381 1747 633 1811 suscepta
662 1739 828 1796 fuisse
866 1737 1058 1794 abillo
1095 1736 1327 1795 concilio
1366 1744 1781 1803 monstraretur,

1889 550 2014 590 cum
2045 550 2169 590 eam
2211 534 2589 589 necessitatem
2643 533 2914 602 ignorent,
2970 533 3135 588 etiam
3177 549 3241 589 ea
3270 549 3391 604 quae
3415 536 3497 591 di-

1889 635 2084 684 cuntur
2125 628 2302 683 minus
2346 627 2633 695 vigilanter
2686 626 2987 680 attendunt.
3044 624 3498 695 Intelﬁgentiores

1889 722 2072 771 autem
2103 716 2344 785 profecto
2374 723 2729 783 cognoscent,
2777 714 2905 785 quid
2938 722 2993 768 et
3020 713 3319 770 defensioni
3362 732 3499 786 prte-

1889 809 2059 865 sentis
2087 822 2263 863 causa:
2290 805 2540 878 proficiat
2587 805 2829 861 defensio
2867 804 3009 869 fidei,
3057 821 3177 875 qua:
3208 807 3338 860 mihi
3370 822 3493 863 cum

1888 909 1981 957 tua
2013 901 2215 971 pietate
2244 898 2544 954 communis
2573 905 2676 952 est.
2714 896 2774 951 Si
2832 896 2976 950 enim
3024 897 3327 965 probavero
3373 913 3495 951 eam

1889 1001 2039 1047 recte
2078 1008 2143 1047 ac
2170 989 2468 1061 prudenter
2493 988 2827 1045 Nestorianis
2867 987 3322 1059 Eutychianisque
3362 990 3497 1043 resi-

1890 1094 2057 1149 stere,
2119 1099 2283 1155 quam
2333 1097 2494 1152 supra
2546 1081 2656 1151 jam
2717 1080 2996 1135 docuimus
3039 1095 3245 1149 magna:
3300 1081 3495 1151 synodi

1888 1174 2345 1233 Chalcedonensis
2382 1173 2784 1229 deﬁnitionibus
2820 1172 3151 1237 convenire,
3181 1173 3341 1227 nimis
3394 1174 3489 1228 ab-

1888 1267 2110 1324 surdum
2163 1266 2432 1322 videbitur
2482 1271 2541 1319 ut
2596 1263 2915 1318 Nestoriana
2967 1262 3229 1317 credatur.
3263 1261 3499 1333 epistola

1890 1375 2051 1430 quam
2084 1359 2171 1413 illa
2202 1357 2440 1428 synodus
2470 1354 2813 1425 approbavit,
2846 1367 2965 1423 qua:
3011 1353 3140 1422 ipsis
3166 1353 3278 1407 suis
3300 1352 3493 1407 delini-

1890 1451 2129 1505 tionibns
2156 1448 2597 1505 Nestorianorum
2626 1445 2854 1501 fallacia:
2885 1453 2996 1500 tam
3035 1446 3268 1501 solerter
3305 1460 3495 1500 occur-

1889 1542 1979 1598 rit.
2023 1540 2227 1597 Deinde
2256 1554 2381 1596 cum
2410 1547 2636 1611 propter
2667 1538 2782 1593 haec
2812 1553 2955 1606 eam,
2986 1538 3073 1593 vel
3121 1537 3183 1592 in
3225 1537 3496 1594 sententia

1889 1647 2053 1704 super
2081 1631 2308 1702 epistola
2336 1629 2441 1686 Iba:
2464 1630 2694 1701 prolata,
2726 1628 2813 1685 vel
2842 1629 2894 1684 in
2924 1628 3139 1684 caneris
3169 1628 3298 1683 hinc
3327 1634 3492 1697 atque

1892 1723 2021 1779 inde
2065 1722 2372 1778 Nestoriani
2419 1730 2475 1776 et
2502 1720 2822 1792 Eutychiani
2862 1720 3290 1785 calumnientur,
3321 1719 3496 1773 ouinis

181 1835 257 1891 nil
280 1802 395 1903 jam
424 1802 756 1903 superesset,
786 1828 931 1900 quod
980 1827 1332 1901 Eutychianis
1370 1827 1439 1885 de
1464 1802 1787 1884 Nestoriano
1820 1802 1864 1862 Β
1892 1830 2081 1871 eorum
2103 1829 2241 1868 vana
2270 1812 2362 1868 ﬁet
2385 1813 2637 1879 intentio,
2664 1818 2721 1867 et
2766 1810 2964 1866 frustra
3010 1825 3070 1866 se
3096 1811 3358 1903 laborare
3405 1825 3488 1903 cor

179 1931 437 1999 dogmate
466 1943 686 1999 semper
714 1927 845 1983 illud
884 1924 1275 1981 infamantibus
1312 1926 1645 1996 respondere
1672 1941 1794 1997 pos-

178 2038 365 2079 nemus
401 2024 444 2074 ³.
484 2020 579 2077 His
634 2020 799 2091 igitur
844 2019 920 2075 ita
975 2018 1345 2076 fraudulenter
1389 2019 1696 2089 agentibus,
1726 2034 1793 2076 ac

178 2115 370 2171 nescio
394 2128 560 2183 quam
589 2110 1032 2183 promittentibus
1060 2112 1349 2177 unitatem,
1372 2125 1515 2182 quae,
1550 2112 1597 2167 si
1627 2112 1791 2168 etiam

178 2212 522 2275 sequeretur,
551 2200 799 2259 confusio
831 2201 1017 2273 potius
1042 2202 1268 2259 dicenda
1293 2210 1445 2270 erat,
1477 2202 1608 2258 illud
1636 2218 1794 2259 exse-

177 2295 448 2351 crandum
496 2295 939 2365 horrendumque
983 2308 1303 2352 concessum
1347 2302 1451 2360 est,
1481 2302 1542 2350 ut
1565 2294 1794 2367 epistola

178 2404 349 2459 quam
370 2388 545 2445 sancti
558 2387 633 2443 illi
645 2385 982 2443 venerabiles
994 2385 1183 2443 Patres
1208 2386 1569 2443 orthodoxam
1594 2385 1794 2458 proha-

179 2486 401 2544 vcrunt,
430 2494 543 2533 non
564 2478 684 2535 sola
703 2477 917 2546 saltem,
937 2476 1034 2532 sed
1056 2492 1182 2534 cum
1204 2478 1317 2534 suis
1336 2476 1799 2548 approbatoribus

180 2577 335 2625 esset
378 2568 840 2624 anathematizato
879 2567 921 2622 ³.
956 2565 1027 2622 Et
1063 2567 1185 2624 ideo
1214 2577 1324 2623 tam
1350 2568 1571 2625 nefarire
1597 2584 1794 2625 occur-

180 2660 618 2727 sumsandacize,
642 2660 897 2731 quoniam
917 2660 1049 2718 satis
1067 2659 1306 2730 ipsorum
1331 2659 1796 2733 Eutychianorum

180 2753 636 2811 consuetudinem
687 2752 948 2809 habemus
993 2760 1295 2823 expertam,
1344 2750 1490 2822 quod
1515 2752 1799 2808 omnibus

176 2842 291 2917 pro
307 2847 541 2902 veritate
565 2846 667 2902 sibi
696 2847 1073 2902 resistentibus
1102 2844 1549 2902 Nestorianorum
1589 2846 1797 2902 crimen

183 2940 472 3007 imponant
495 2976 511 3002 ,
537 2936 697 2992 ﬁdem
731 2951 910 2991 meam
950 2935 1212 3005 imprimis
1238 2951 1401 3005 quam
1426 2936 1494 2992 de
1518 2934 1796 2992 salutifera

183 3027 573 3082 incarnatione
613 3025 824 3081 Domini
851 3024 1026 3080 nostri
1053 3023 1182 3080 Jesu
1208 3024 1411 3082 Christi
1457 3032 1639 3093 teneo,
1685 3039 1797 3079 non

184 3121 365 3176 solum
390 3117 628 3189 simplici
652 3116 675 3149 ⁸
713 3131 968 3172 sermone
1009 3116 1242 3187 aperire,
1271 3117 1417 3186 quod
1446 3117 1499 3172 in
1530 3124 1636 3172 tua:
1663 3130 1796 3172 con-

1891 1916 2172 1976 gnoscent,
2204 1906 2249 1960 si
2288 1920 2410 1962 cum
2454 1903 2613 1960 fidem
2659 1910 2898 1959 nostram
2939 1902 3251 1967 asserimus,
3278 1901 3360 1959 illi
3391 1900 3489 1955 de-

1895 2008 2044 2056 creta
2074 1999 2242 2069 ipsius
2289 1997 2483 2070 synodi
2514 1996 2749 2053 viderint
2796 1995 3129 2060 conﬁrmari,
3177 2009 3277 2064 pro
3303 1993 3499 2063 quibus

1894 2088 2229 2146 infirmandis
2275 2088 2454 2144 fallaci
2501 2096 2561 2144 et
2607 2087 2771 2156 longe
2834 2086 3064 2142 circuitu
3119 2084 3499 2141 auctoritatem

1897 2182 2016 2253 ejus
2042 2183 2099 2237 in
2145 2180 2264 2237 aliis
2311 2178 2524 2235 auferre
2564 2185 2848 2235 conantur.
2890 2175 3157 2243 Quoniam
3187 2175 3350 2245 igitur
3374 2191 3496 2230 cum

1895 2272 2188 2337 defensori,
2236 2279 2351 2327 tum
2397 2269 2566 2327 etiam
2616 2283 2794 2327 causa:
2822 2267 3145 2333 defensioni,
3185 2265 3502 2337 propositus

1896 2366 2031 2421 ordo
2059 2363 2334 2429 conducit,
2360 2362 2465 2418 tria
2494 2377 2614 2434 quae
2632 2360 2882 2433 superius
2917 2366 3343 2415 commemorata
3366 2364 3494 2412 sunt

1897 2457 2140 2514 breviter
2193 2456 2249 2511 in
2294 2456 2404 2511 hoc
2431 2454 2709 2511 volumine
2763 2452 3137 2509 defendemus.
3171 2450 3308 2518 Quid
3356 2450 3500 2505 enim

1896 2560 1998 2601 nos
2050 2551 2240 2600 contra
2284 2542 2681 2599 calumniantes
2743 2540 3109 2613 Entychianos
3166 2538 3501 2594 manifestius

1897 2635 2096 2708 probat
2143 2649 2173 2690 a
2225 2633 2437 2690 fallacia
2489 2632 2935 2689 Nestorianorum
2989 2631 3207 2703 penitus
3259 2632 3498 2695 alienos,

1898 2743 2063 2798 quam
2086 2726 2134 2783 si
2162 2726 2270 2783 duo
2291 2727 2409 2782 ιιωο
2438 2740 2763 2791 asseramns,
2806 2723 2861 2778 id
2905 2731 3011 2793 est,
3038 2739 3204 2779 unum
3234 2722 3301 2778 de
3328 2721 3503 2777 Trini-

1899 2828 2016 2876 tate
2039 2836 2141 2891 pro
2164 2820 2325 2876 nobis
2348 2818 2688 2886 cruciﬁxum,
2736 2827 2793 2874 et
2814 2818 3030 2874 beatam
3080 2816 3302 2871 Mariam
3353 2824 3503 2872 recte

1898 2911 2085 2970 vocari
2105 2918 2161 2967 et
2185 2925 2316 2968 vere
2339 2917 2395 2965 et
2437 2909 2658 2980 proprie
2698 2916 2927 2964 matrem
2960 2908 3091 2964 Dei?
3120 2907 3217 2963 Vel
3242 2907 3369 2977 quid
3399 2924 3500 2962 nos

1900 3001 2032 3058 item
2059 3008 2249 3057 contra
2300 2997 2694 3055 calumniantes
2732 2997 3082 3055 Nestorianos
3112 2997 3181 3052 ah
3220 2997 3505 3069 Eutychia-

1902 3109 2098 3151 norum
2150 3092 2422 3149 discordia
2471 3090 2683 3160 longius
2728 3090 2918 3145 abesse
2947 3089 3309 3154 demonstret,
3341 3104 3504 3158 quam

187 3210 442 3266 fessionis
470 3179 864 3279 approbatione
886 3206 1000 3277 jam
1031 3179 1158 3275 feci,
1179 3179 1277 3264 sed
1291 3179 1469 3264 etiam
1500 3208 1796 3264 documen-
1824 3179 1870 3243 ο
1901 3195 1975 3279 ιιι,
2002 3186 2133 3242 mm]
2163 3200 2384 3279 (ιυυειιξθ
2413 3185 3014 3279 ‘erliﬂm_35”uflm99o_
3038 3182 3163 3252 (ιυίει
3210 3182 3351 3279 “cf”
3400 3182 3505 3279 ΡΟ·

189 3304 255 3358 tis
276 3302 606 3359 necessariis
634 3300 927 3366 afﬁrmare,
951 3308 1114 3371 atque
1139 3301 1401 3359 adversus
1421 3302 1801 3372 impugnantes

188 3394 489 3450 defendere
525 3393 693 3448 statui
722 3411 734 3445 :
768 3400 830 3447 ut
857 3408 1046 3449 eorum
1076 3392 1376 3448 calumnias
1414 3401 1614 3463 quanta
1644 3392 1801 3449 valeo

188 3485 629 3540 manifestatione
680 3485 925 3539 veritatis
991 3485 1189 3540 evitcm
1214 3522 1230 3549 ,
1298 3499 1531 3554 quorum
1582 3482 1802 3541 fraudes

189 3576 582 3646 mendaciaque
604 3576 882 3646 detegere,
913 3584 971 3631 et
998 3591 1215 3632 errores
1242 3576 1503 3647 proposui
1530 3577 1797 3634 refutare.

189 3670 240 3729 Id
269 3678 458 3723 autem
512 3668 676 3734 facio,
710 3684 777 3724 ne
822 3669 1037 3724 animos
1086 3684 1428 3740 quorumque
1475 3669 1798 3741 simplicium
1836 3723 1853 3736 ,

187 3759 275 3827 qui
306 3774 414 3815 nos
444 3758 717 3827 ignorant,
750 3759 921 3815 nostri
953 3760 1189 3815 nominis
1221 3759 1595 3828 infamatione,
1628 3777 1661 3817 a
1703 3777 1799 3818 ve-

188 3850 350 3904 ritate
381 3850 727 3919 agnoscenda
748 3866 912 3920 quam
943 3850 1265 3909 insinuaturi
1288 3868 1490 3919 sumus,
1525 3862 1797 3913 avertant.

189 3940 321 3995 Nam
351 3951 409 3997 et
442 3942 550 3997 hoc
578 3942 716 3997 bene
758 3951 1097 4014 compertum
1146 3953 1251 4009 est,
1279 3944 1428 4013 quod
1478 3960 1589 4001 non
1617 3945 1797 4003 solum

190 4030 516 4105 Eutychiani
545 4032 615 4087 de
645 4049 740 4088 sua
772 4036 1011 4090 vanitate
1035 4036 1271 4092 convicti
1302 4035 1675 4105 Nestorianos,
1712 4054 1798 4093 ve-

192 4139 306 4178 rum
332 4125 499 4179 etiam
530 4125 636 4194 ipsi
663 4124 971 4181 Nestoriani
998 4143 1137 4198 quos
1174 4144 1285 4184 non
1313 4129 1492 4184 minus
1523 4129 1797 4198 redarguit

192 4213 311 4268 fidei
343 4223 544 4269 nostra:
565 4214 830 4279 defensio,
860 4224 1085 4271 econtra
1108 4233 1208 4273 nos
1228 4218 1295 4274 de
1322 4217 1659 4291 Eutychiana
1686 4220 1797 4275 ha:-

191 4308 294 4361 resi
322 4307 698 4363 criminantur.
731 4306 798 4362 Et
848 4309 976 4364 licet
1027 4310 1129 4366 ista
1179 4327 1284 4367 nec
1347 4327 1791 4383 expavescamus,

188 4410 291 4451 nec
346 4399 501 4466 quasi
557 4413 699 4453 nova
746 4400 1041 4467 miremur,
1084 4401 1343 4470 quoniam
1383 4402 1462 4461 sic
1503 4403 1794 4472 aliquando

189 4489 356 4541 etiam
385 4497 570 4557 patres
616 4497 835 4545 nostros
881 4490 1066 4545 Ariani
1108 4492 1256 4547 velut
1296 4492 1655 4559 Sabellianos,
1701 4495 1794 4550 Sa-

1904 3276 2083 3332 minus
2104 3285 2289 3331 noster
2325 3275 2480 3332 Jesus
2524 3273 2771 3330 Christus
2809 3274 2863 3328 in
2895 3273 3103 3329 duabus
3137 3273 3368 3342 naturis,
3400 3274 3505 3329 hoc

1904 3373 1987 3423 est
2012 3366 2068 3423 in
2095 3365 2377 3423 divinitate
2404 3374 2566 3436 atque
2591 3364 2927 3421 humanitate
2952 3364 3223 3435 perfectus
3252 3365 3369 3421 est?

2522 3501 2756 3560 CAPUT
2805 3501 2892 3557 Ill.

1906 3620 2058 3688 Quod
2082 3636 2215 3675 unus
2237 3619 2301 3673 de
2322 3617 2576 3673 Trinitate
2608 3634 2789 3686 passus
2829 3625 3010 3671 contra
3040 3615 3377 3688 Nestorianos
3412 3632 3504 3684 np-

1973 3694 2078 3745 tius
2102 3692 2323 3754 dicatur,
2353 3706 2507 3757 quam
2523 3705 2630 3741 una
2658 3690 2723 3742 de
2763 3688 3012 3741 Trinitale
3035 3705 3277 3758 persona.
3312 3686 3503 3758 Persa:

1972 3778 2157 3817 norum
2182 3778 2366 3815 nomen
2387 3761 2455 3814 in.
2491 3759 2739 3813 Trinitate
2785 3759 3005 3813 Sabeltii
3047 3775 3205 3812 causa
3254 3757 3501 3825 usurpari
3536 3792 3549 3801 ε

1972 3843 2195 3904 εωριωη
2210 3850 2230 3898 ;
2264 3843 2313 3885 et
2334 3832 2395 3886 de
2418 3831 2669 3900 baptismo
2698 3831 2759 3884 in
2786 3830 2997 3887 nomine
3028 3828 3236 3882 Domini
3255 3826 3403 3882 Jrsu.

1970 3946 2117 4002 Sane
2147 3942 2435 4001 tacendum
2466 3958 2575 3999 non
2619 3941 2855 3997 arbitror
2875 3940 3025 4010 quod
3072 3940 3181 3995 sint
3218 3939 3382 3995 etiam
3415 3952 3505 3993 ca-

1897 4036 2085 4093 tholici
2123 4044 2151 4073 α
2188 4034 2300 4104 qui,
2334 4033 2477 4088 sicut
2503 4031 2791 4096 credimus,
2838 4030 3143 4086 nescientes
3184 4030 3288 4085 hoc
3315 4038 3443 4084 ante
3473 4031 3495 4061 δ

1897 4134 2197 4184 memorata
2224 4123 2436 4197 synodo
2463 4124 2865 4189 conﬁrmatum,
2896 4120 3172 4192 superflue
3196 4128 3387 4177 contra
3430 4119 3503 4175 de

1896 4220 2063 4275 verbo
2094 4216 2469 4276 contendant:
2513 4214 2641 4284 quia
2691 4213 2905 4269 videtur
2934 4212 3014 4268 eis
3042 4210 3189 4281 quod
3242 4211 3347 4267 dici
3394 4226 3504 4267 non

1896 4313 2093 4369 debeat
2121 4326 2286 4368 unum
2314 4308 2383 4365 de
2412 4308 2677 4364 Trinitate
2716 4323 2815 4377 pro
2839 4305 2995 4362 nobis
3035 4304 3379 4370 cruciﬁxum,
3409 4303 3504 4359 sed

1895 4403 2074 4474 potius
2102 4416 2262 4457 unam
2290 4399 2360 4456 de
2389 4397 2655 4455 Triuitate
2683 4411 2996 4467 personam.
3048 4393 3159 4450 Hos
3208 4407 3339 4463 ergo
3388 4400 3506 4447 tan-

1896 4510 2059 4565 quam
2084 4494 2421 4564 propinquos
2457 4491 2609 4561 prius
2652 4489 2811 4545 nobis
2860 4488 3072 4547 sociare
3119 4487 3400 4553 debemus,
3446 4496 3506 4541 ut

186 4575 402 4633 bellian;
434 4595 565 4635 vero
589 4580 739 4635 velut
764 4580 997 4638 Arianos
1041 4583 1377 4639 mendaciter
1418 4584 1749 4639 infatuabant
1774 4626 1790 4649 ,
1830 4567 1871 4622 ί)
1900 4586 2000 4655 ipsi
2046 4599 2264 4653 quoque
2294 4582 2575 4639 nobiseum
2623 4581 2765 4637 hanc
2816 4578 3213 4636 confessionem
3264 4585 3507 4640 teneant,

186 4680 406 4740 oportet
429 4688 531 4727 nos
554 4680 759 4738 tamen,
786 4674 930 4729 sicut
951 4684 1138 4731 monet
1156 4676 1451 4746 Apostolus
1480 4676 1659 4749 (Rom.
1692 4695 1785 4745 xu,

194 4764 304 4833 ιη,
336 4765 624 4833 providere
651 4766 820 4832 bona,
864 4782 973 4821 non
1016 4774 1224 4822 tantum
1271 4782 1456 4824 coram
1510 4768 1643 4834 Deo,
1695 4770 1793 4826 sed

188 4856 353 4909 etiam
377 4870 565 4911 coram
594 4857 847 4912 omnibus
889 4857 1216 4922 hominibus,
1262 4860 1672 4915 criminationes
1698 4861 1794 4915 de-

189 4948 540 5013 trahentium,
572 4950 871 5018 prazsertim
913 4950 967 5005 in
997 4964 1158 5006 causa
1197 4950 1345 5020 ﬁdei,
1373 4953 1691 5022 prmvenire.
1726 4952 1795 5009 Et

262 5171 293 5199 ⁸
333 5161 504 5218 Unum
529 5164 598 5221 de
625 5165 890 5221 Trinitate
938 5165 1252 5222 crucifixum
1280 5168 1478 5236 quibus
1525 5166 1628 5224 dici
1683 5184 1790 5224 non

187 5233 455 5303 placebat,
486 5236 541 5309 id
569 5238 805 5309 maxime
835 5240 1172 5309 Spectabant.
1209 5254 1275 5291 ne
1295 5233 1629 5294 divinitatem
1661 5256 1791 5309 pas-

186 5320 312 5375 sant
337 5320 454 5359 cum
484 5305 836 5375 Eutychinnis
862 5305 1044 5363 dicere
1075 5307 1401 5365 viderentur.
1446 5310 1546 5363 Alii
1577 5305 1788 5375 contra,

188 5381 251 5427 ιιι
281 5371 885 5457 Joannesnblaxentius,
935 5378 1173 5457 eosqui
1220 5396 1378 5433 unam
1410 5379 1479 5457 de
1528 5371 1789 5457 Trinitate

186 5459 474 5515 personam
506 5447 774 5518 dicerent,
819 5449 870 5502 in
909 5447 1269 5517 suspicionem
1318 5450 1606 5517 vocabant,
1635 5451 1787 5518 quasi

184 5523 436 5583 quartam
464 5533 590 5573 eum
620 5517 873 5574 Nestorio
901 5534 1188 5589 personam
1234 5520 1566 5576 inducerent.
1609 5517 1785 5577 Gane-

265 5707 281 5735 '
328 5704 455 5765 titul.
488 5704 641 5769 Ven,
670 5711 766 5757 cst.

262 5776 286 5805 ’
330 5773 465 5830 Idem
505 5776 649 5838 ωδ..
681 5775 961 5843 possimus.

266 5847 287 5873 '
331 5844 465 5901 Idem
496 5844 641 5913 cod.,
669 5846 964 5900 auat/tcum.

1898 4677 1952 4731 in
1984 4691 2091 4746 qua
2137 4692 2247 4731 non
2286 4682 2487 4746 potest,
2528 4674 2668 4729 sicut
2699 4672 2972 4744 plerisque
2997 4671 3211 4728 videtur
3234 4671 3276 4736 ⁸,
3312 4669 3506 4724 Nesto-

1899 4766 2173 4823 rianorum
2204 4766 2361 4822 dolus
2403 4764 2664 4821 abscondi
2689 4782 2703 4819 :
2737 4779 2807 4820 ne
2833 4780 2956 4820 cum
2981 4764 3215 4819 inaniter
3243 4761 3310 4817 de
3340 4760 3504 4815 verbo

1905 4860 2267 4927 contendunt,
2298 4861 2376 4916 rei
2406 4849 2837 4916 controversiam
2879 4860 3055 4915 minus
3082 4855 3388 4913 examinate
3410 4853 3497 4908 de-

1900 4951 2106 5009 ﬁniant.
2139 4952 2273 5009 Nam
2302 4969 2425 5010 cum
2466 4952 2755 5011 Dominum
2810 4961 3055 5010 nostrum
3108 4949 3292 5007 Jesum
3343 4947 3500 5004 Clu-i—

1902 5185 2020 5224 rum
2072 5169 2161 5239 pie
2215 5179 2473 5238 recteque
2519 5178 2826 5239 utrumque,
2870 5177 3032 5239 atque
3072 5183 3180 5221 uno
3208 5177 3263 5222 ct
3308 5169 3498 5226 eodem

1900 5238 2220 5304 sensu’dici,
2259 5239 2418 5294 docet
2441 5256 2563 5295 cum
2601 5238 2856 5292 Facundo
2885 5238 3129 5309 ejusdem
3157 5239 3257 5292 aevi
3286 5242 3492 5309 gentis-

1898 5326 2004 5380 que
2045 5320 2236 5364 auctor
2267 5308 2570 5380 Ferrandus
2606 5309 2870 5380 diaconus
2912 5308 3388 5380 Carthaginiensis
3442 5314 3496 5367 in

1897 5378 2125 5449 epistola
2156 5380 2235 5449 ad,
2252 5379 2557 5449 Anatolium
2587 5378 2873 5433 diaconum
2908 5379 3243 5445 Romanum;
3289 5390 3346 5437 et
3373 5393 3498 5437 ante

1898 5448 2184 5519 utrumque
2210 5448 2448 5522 Joannes
2495 5448 2537 5501 ll
2568 5465 2703 5522 papa
2750 5450 2802 5502 in
2832 5452 3063 5522 epistola
3102 5450 3170 5506 ad
3208 5453 3495 5521 Avientnn,

1896 5518 2236 5585 Senatorem,
2261 5518 2530 5575 Liberium
2553 5528 2607 5575 et
2635 5519 2790 5575 alios.

1967 5704 1988 5775 ἒ
2026 5705 2171 5761 Idem
2204 5705 2348 5768 cod.,
2381 5706 2704 5775 simpliciter.

1972 5774 1994 5806 ⁵
2026 5774 2166 5829 Idem
2195 5775 2340 5840 cnd.,
2373 5794 2404 5829 (ι
2433 5774 2551 5831 Ιοοτυ
2577 5788 2717 5831 (tute.

1900 5906 1909 5915 ,
1973 5845 1993 5876 ⁶
2026 5844 2084 5903 In
2115 5847 2304 5904 eodem
2335 5848 2456 5905 cod.
2489 5849 2641 5906 deest
2672 5850 2727 5904 τὸ
2757 5850 2973 5906 videtur.
