3878 6194
427 320 531 374 εἰ]ῗὶ

1490 318 1786 375 FACUNDI
1826 319 2037 375 EPlSC.
2082 317 2578 373 HEBMIANENSIS
3547 324 3631 389 £336

424 447 562 489 stum
612 436 694 489 sic
721 435 1039 505 perhibeant
1067 450 1227 487 uuam
1254 449 1373 489 esse
1420 415 1490 490 de
1535 432 1800 488 Trinitate
1821 447 2010 505 pcrso-
2037 436 2088 495 Α
2117 431 2408 501 Evangelio
2437 430 2660 501 exponit
2683 428 2847 484 verba
2874 427 3083 484 Domini
3106 430 3319 489 dicentis
3342 453 3355 490 :
3377 435 3430 489 Si
3448 440 3544 508 quis
3574 444 3633 495 ti-

424 542 571 593 nam,
619 533 678 579 ut
719 534 773 581 et
798 527 890 582 Dei
938 524 1338 582 subsistentiatu
1368 540 1528 581 unam
1559 539 1681 582 esse
1706 540 1813 580 non
1843 525 2012 581 dene-

422 627 565 687 gent,
600 634 719 691 quze
746 608 1058 673 naturarum
1076 618 1423 685 adunatione,
1446 617 1501 672 id
1528 624 1610 673 est
1629 616 1928 672 divinitatis
1956 624 2013 672 et

422 710 786 775 immanitatis,
834 711 1064 777 existat;
1114 708 1364 765 eumdem
1397 724 1517 765 esse
1558 708 1802 764 dicentes
1842 707 2011 764 Deum

420 819 579 874 quem
607 802 899 869 hominem,
931 817 1032 857 nec
1072 801 1229 858 aliter
1275 801 1469 871 Deum,
1511 802 1670 859 aliter
1713 802 2007 867 hominem,

419 893 511 949 sed
541 902 596 949 et
639 893 741 949 hoc
784 902 838 948 et
863 893 993 948 illud
1034 893 1298 958 similiter,
1358 894 1409 948 id
1464 903 1548 950 est
1575 895 1913 964 naturaliter,
1944 894 2013 951 de

420 984 583 1041 verbo
603 985 930 1059 contendere
955 986 1085 1041 mihi
1112 985 1380 1042 videntur.
1413 986 1691 1055 Siquidem
1716 987 1820 1042 hoc
1847 987 2010 1042 etiam

418 1092 515 1132 suo
541 1091 790 1132 sermone
818 1076 1211 1133 demonstrant.
1242 1076 1299 1131 Si
1340 1078 1482 1132 enim
1522 1076 1782 1145 dicamus,
1815 1077 2008 1147 inquit,

419 1182 582 1221 unum
613 1164 683 1222 de
720 1164 984 1222 Trinitate
1015 1182 1114 1238 pro
1155 1167 1311 1223 nobis
1338 1168 1671 1235 cruciﬁxum,
1702 1169 1747 1225 si
1776 1169 1896 1239 quis
1924 1170 2010 1223 in-

418 1268 655 1330 tcrroget
681 1259 807 1328 quid
853 1275 1016 1313 unum
1046 1258 1308 1328 dicamus,
1332 1276 1439 1315 non
1464 1274 1751 1331 possumus
1779 1274 2009 1330 reSpon-

418 1353 544 1408 dere
573 1352 741 1406 Deum
771 1360 861 1405 aut
891 1351 1083 1406 Filium
1104 1390 1120 1417 ,
1164 1352 1291 1421 quia
1318 1368 1425 1408 non
1468 1363 1575 1407 tres
1599 1360 1724 1407 sunt
1750 1352 1803 1407 in
1826 1352 2009 1407 Trini-

418 1452 529 1498 tate
558 1441 631 1497 dii
672 1443 756 1497 vel
798 1441 912 1511 ﬁlii,
941 1457 1009 1497 ex
1035 1443 1227 1513 quibus
1254 1458 1394 1499 unus
1428 1441 1715 1499 cruciﬁxus
1745 1443 1959 1498 dicatur
1991 1460 2006 1496 ε

418 1544 472 1590 ct
495 1535 615 1591 ideo
642 1543 791 1591 recte
819 1536 1044 1591 dicimus
1083 1552 1245 1591 unam
1277 1534 1344 1591 de
1391 1535 1653 1591 Trinitate
1695 1536 2007 1592 cruciﬁxum

417 1641 531 1681 esse
561 1640 870 1696 personam,
919 1625 1173 1696 quoniam
1204 1634 1317 1682 tres
1345 1635 1470 1681 sunt
1500 1626 1554 1681 in
1583 1626 1844 1683 Trinitate
1874 1642 2002 1698 per-

416 1734 580 1785 sonae,
613 1734 679 1773 ex
711 1719 904 1789 quibus
942 1735 1047 1773 una
1073 1718 1326 1774 cruciﬁxa
1372 1719 1598 1776 dicatur.
1633 1720 1703 1775 At
1749 1721 1861 1776 tunc
1898 1736 2005 1776 non

2115 525 2192 589 tit,
2229 523 2402 578 veniat
2421 522 2493 575 ad
2513 538 2613 586 me,
2640 530 2690 575 et
2718 520 2877 574 bibat.
2904 518 3004 585 Qui
3026 522 3180 574 credit
3205 525 3255 577 in
3278 542 3369 589 me,
3398 530 3513 581 sicut
3532 530 3633 586 dicit

2117 615 2418 686 Scriptura,
2448 614 2666 683 ﬂumina
2696 614 2761 667 de
2798 621 2975 667 ventre
3023 614 3134 683 ejus
3171 614 3321 684 [hient
3346 634 3481 686 aquis
3516 622 3631 677 vim.

2117 707 2216 762 Ubi
2266 707 2585 763 subsecutus
2628 706 2825 776 adjecit
2852 724 2865 759 :
2897 705 3013 761 Hoc
3039 716 3205 761 autem
3239 710 3425 765 dicebat
3465 714 3521 766 de
3542 715 3637 780 Spi<

2113 802 2235 868 ritu,
2268 815 2417 871 quem
2446 798 2703 869 accepturi
2728 806 2880 851 erant
2912 798 3173 852 credentes
3196 801 3249 853 in
3276 818 3400 854 eum.
3428 801 3639 861 Nondum

2113 894 2251 947 enim
2285 900 2397 946 erat
2427 891 2653 960 Spiritus
2681 890 2856 955 datus,
2901 906 3023 961 quia
3063 889 3231 963 Jesu.‘
3257 882 3465 947 nonduin
3500 897 3642 965 {sunt

2113 984 2437 1056 gloriﬁcatus
2464 982 2644 1056 (Joan.
2678 997 2774 1047 vn,
2805 982 2921 1053 57).
2953 981 3011 1036 lu
3056 984 3309 1053 sanguine
3332 1000 3448 1039 vero
3478 986 3639 1044 Filium

2114 1075 2444 1147 signiﬁcans,
2486 1074 2741 1146 quoniam
2773 1074 2888 1144 ipse
2925 1088 2994 1128 ex
3036 1082 3226 1129 sancta
3250 1073 3490 1131 Trinitate
3526 1093 3642 1133 com-

2112 1169 2411 1225 municavit
2454 1168 2603 1223 carni
2631 1177 2688 1223 et
2713 1167 2980 1235 sanguini.
3022 1166 3141 1220 Non
3187 1180 3314 1235 ergo
3344 1168 3417 1223 ait
3447 1167 3643 1228 Joannes

2112 1262 2389 1333 apostolus
2419 1261 2644 1331 loquens
2672 1259 2745 1316 de
2784 1259 2944 1315 Patre
2977 1268 3035 1315 et
3074 1259 3211 1314 Filio
3254 1271 3309 1316 et
3332 1260 3515 1332 Spiritu
3535 1280 3638 1320 san-

2112 1364 2223 1421 cto,
2246 1363 2357 1411 tres
2384 1362 2508 1410 sunt
2531 1368 2776 1425 personae
2790 1367 2911 1423 qua:
2938 1352 3286 1409 testiﬁcantur
3312 1354 3363 1409 in
3388 1361 3536 1420 terra,
3556 1357 3645 1417 sui.

2113 1449 2266 1513 ritus,
2301 1462 2440 1517 aqua
2470 1455 2528 1502 et
2569 1447 2809 1516 sanguis,
2849 1456 2905 1502 et
2934 1447 2989 1501 hi
3019 1456 3134 1503 tres
3159 1463 3318 1502 unum
3344 1452 3517 1504 suut‘.
3537 1449 3646 1517 Quid

2113 1554 2242 1610 ergo
2271 1554 2369 1611 pro
2397 1538 2604 1595 Joanne
2658 1538 2991 1611 respondent
3027 1541 3310 1610 apostolo?
3357 1540 3452 1607 Qui
3478 1550 3585 1595 sunt
3602 1542 3647 1596 bi

2115 1644 2247 1702 tres,
2275 1633 2368 1703 qui
2398 1633 2451 1688 in
2480 1640 2626 1688 terra
2657 1632 2949 1698 testiﬁcari,
2981 1640 3035 1688 et
3063 1633 3155 1701 qui
3184 1647 3343 1687 unum
3360 1647 3472 1688 esse
3494 1632 3651 1691 dicun—

2116 1727 2238 1781 tur?
2274 1741 2400 1781 num
2428 1726 2541 1780 dii?
2573 1740 2699 1779 num
2748 1724 2964 1794 patres?
3021 1738 3151 1778 nunt
3202 1723 3310 1789 ﬁlii,
3354 1732 3439 1779 aut
3467 1724 3651 1792 spiritus

416 1812 678 1879 generalis
710 1820 794 1867 est
835 1812 1087 1881 loquendi
1118 1814 1322 1880 regula,
1370 1813 1465 1868 sed
1511 1813 1757 1883 quzedam
1795 1816 2005 1884 privata
2039 1818 2081 1875 Β
2112 1819 2322 1873 sancti?
2353 1816 2468 1871 Non
2509 1817 2713 1885 utique,
2747 1815 2842 1871 sed
2875 1815 2927 1869 lti
2963 1824 3090 1880 tres,
3118 1814 3295 1878 Pater,
3326 1823 3379 1869 et
3420 1814 3582 1880 Filius,
3606 1822 3652 1868 et

416 1903 520 1970 lex,
546 1918 705 1973 quam
751 1904 851 1959 sibi
902 1920 997 1958 sua
1053 1905 1404 1960 contentione
1457 1904 1721 1961 fecerunt.
1766 1906 1897 1961 Nam
1952 1906 2005 1962 in

416 2003 622 2049 tantum
648 2010 867 2050 necesse
896 2009 1003 2049 non
1036 2004 1118 2049 est
1159 2004 1267 2050 tres
1298 1996 1519 2065 intelligi
1561 1996 1694 2051 deos
1723 2005 1817 2051 aut
1845 1996 2001 2061 ﬁlios,

413 2085 455 2140 si
488 2103 626 2142 unus
649 2086 714 2143 de
739 2086 1002 2144 Trinitate
1041 2084 1330 2145 cruciﬁxus
1355 2086 1595 2153 dicatur;
1629 2098 1689 2143 ut
1718 2090 1789 2143 ita
1819 2089 1870 2142 in
1902 2089 2006 2143 Gc-

412 2176 526 2230 ucsi
573 2177 901 2232 scriberetur
949 2195 960 2231 :
1020 2178 1152 2233 Ecce
1198 2181 1366 2249 factus
1414 2191 1492 2235 est
1538 2180 1707 2234 Adam
1750 2196 1885 2235 unus
1940 2197 2005 2234 ea:

410 2265 555 2320 nobis
583 2264 737 2335 (Cen.
774 2284 829 2323 lii
850 2313 863 2337 ,
891 2267 1005 2340 ἓξ).
1053 2269 1205 2337 Quod
1234 2270 1419 2339 utique
1449 2286 1557 2325 non
1588 2286 1656 2325 ex
1685 2270 1852 2326 solius
1882 2285 2005 2341 pcr-

408 2373 542 2411 sona
567 2358 759 2422 Patris,
787 2376 962 2430 neque
994 2377 1061 2415 ex
1081 2361 1248 2416 solius
1269 2359 1412 2422 Filii,
1440 2360 1523 2415 vel
1549 2360 1781 2431 Spiritus
1806 2360 2004 2428 sancti,

409 2451 608 2506 dictum
641 2453 932 2522 accipitur;
964 2451 1057 2506 sed
1089 2460 1200 2506 tota
1250 2450 1659 2521 ipsa'Triuitas,
1692 2454 1745 2507 id
1790 2460 1873 2507 est
1902 2451 2005 2507 Pa-

410 2550 509 2607 ter,
543 2551 597 2596 et
626 2541 812 2608 Filius,
847 2554 901 2597 et
931 2542 1162 2613 Spiritus
1206 2552 1443 2610 sanctus,
1473 2544 1583 2600 illic
1613 2544 1887 2600 inducitur
1922 2543 2003 2600 lo-

410 2633 535 2702 qui;
567 2631 691 2686 ideo
731 2632 1008 2702 pluraliter
1031 2650 1096 2687 ea:
1137 2633 1283 2687 nobis
1312 2633 1514 2689 dictum
1562 2643 1663 2689 cst.
1697 2634 1805 2689 Cur
1845 2634 2006 2704 igitur

409 2740 514 2780 non
546 2724 617 2779 ibi
644 2724 920 2796 Scriptura
954 2726 1103 2792 dicit,
1151 2725 1289 2781 Ecce
1334 2724 1509 2781 tactus
1557 2738 1640 2781 est
1688 2727 1857 2781 Adam
1897 2743 2002 2782 una

409 2830 639 2889 persona
706 2832 775 2871 ex
842 2817 1037 2872 nostris
1093 2818 1359 2886 personis,
1446 2816 1541 2873 sed
1586 2818 1805 2888 potius,
1865 2817 2006 2873 Ecce

410 2913 578 2981 factus
625 2918 701 2963 est
755 2907 925 2963 Adam
982 2926 1113 2963 unus
1170 2925 1235 2964 ea:
1296 2911 1479 2965 nobis?
1541 2910 1797 2983 Nunquid
1863 2928 2003 2969 unus

411 3002 552 3059 Deus
581 3018 649 3059 ex
697 3004 871 3067 nobis,
928 3003 1082 3072 quasi
1136 3017 1203 3059 ex
1252 3005 1468 3059 tribus?
1513 3014 1607 3060 aut
1656 3018 1795 3061 onus
1842 3004 2003 3063 Pater

410 3112 473 3150 ex
507 3097 695 3164 nobis,
737 3097 887 3166 quasi
954 3112 1021 3151 ex
1088 3096 1260 3153 tribus
1318 3098 1657 3168 patribus"?
1713 3109 1805 3154 aut
1863 3114 2001 3156 unus

410 3188 620 3259 Filius,
680 3192 765 3245 vel
828 3190 1060 3260 Spiritus
1132 3198 1353 3246 sanctus
1429 3200 1495 3246 ex
1577 3193 1776 3257 nobis,
1844 3194 2074 3288 quasic

410 3300 477 3339 ex
552 3283 725 3339 tribus
778 3283 946 3348 ﬁliis,
1015 3283 1097 3337 vel
1173 3282 1451 3352 spiritibus
1537 3284 1795 3340 sanctis?
1867 3285 2000 3353 Quis

410 3380 511 3433 hoc
566 3378 653 3431 vel
718 3377 935 3431 insanus
998 3376 1133 3431 dixit
1165 3377 1223 3429 ’Ἰ
1286 3376 1473 3431 Nullus
1531 3386 1711 3432 autem
1760 3379 1825 3433 do
1874 3379 1999 3434 Tri-

410 3471 578 3524 nitate
615 3469 805 3535 melius
834 3466 982 3539 loqui
1011 3476 1208 3539 potest,
1239 3483 1400 3537 quam
1434 3470 1548 3540 ipsa
1602 3470 1671 3525 de
1720 3487 1780 3527 se
1822 3473 1999 3528 locuta

410 3569 491 3615 est
520 3558 772 3615 Trinitas.
802 3561 917 3613 Non
950 3574 1079 3629 ergo
1107 3562 1349 3631 sequitur
1378 3569 1454 3627 ut,
1484 3576 1605 3616 cum
1642 3561 1836 3618 dicitur
1864 3580 2002 3619 unus

411 3650 479 3705 tle
508 3649 771 3705 Trinitate
798 3650 1055 3705 Dominus
1082 3648 1236 3706 Jesus
1266 3651 1526 3717 Christus,
1554 3669 1690 3709 unus
1717 3652 1878 3716 Deus,
1906 3664 2002 3710 aut

410 3754 547 3795 unus
574 3740 740 3795 Filius
770 3741 1119 3796 subaudiatur
1148 3757 1214 3797 ex
1246 3741 1415 3797 tribus
1437 3742 1537 3797 diis
1567 3752 1659 3799 aut
1687 3743 1826 3800 ﬁliis.
1868 3746 2001 3802 Tres

409 3844 588 3890 tamen
618 3843 762 3902 sunt,
798 3833 974 3902 Pater,
1006 3844 1061 3890 et
1095 3833 1281 3903 Filius,
1314 3847 1370 3891 ct
1400 3837 1633 3908 Spiritus
1660 3848 1900 3906 sanctus,
1932 3857 2001 3897 ex

409 3927 602 3996 quibus
652 3941 791 3981 unus
840 3934 987 3981 recte
1015 3926 1212 3982 dicitur
1240 3927 1501 3983 Dominus
1540 3928 1697 3986 Jesus
1735 3932 1997 3987 Christus.

408 4017 539 4071 Nam
569 4025 625 4071 et
649 4014 885 4071 Joannes
914 4018 1213 4087 apostolus
1242 4016 1295 4072 in
1324 4017 1563 4088 Epistola
1609 4036 1705 4076 sua
1734 4022 1801 4076 dc
1841 4020 2002 4078 Patre

408 4117 462 4163 et
488 4106 623 4164 Filio
652 4117 706 4163 et
735 4107 937 4179 Spiritu
980 4119 1172 4165 sancto
1201 4111 1280 4165 sic
1306 4110 1435 4166 dicit
1460 4129 1472 4163 :
1501 4110 1625 4165 Tres
1662 4122 1783 4165 sunt
1812 4114 1898 4181 qui
1927 4122 2002 4167 te-

409 4202 705 4255 stimonium
726 4202 857 4253 dant
885 4202 938 4254 in
970 4209 1128 4266 terra,
1170 4203 1402 4270 spiritus,
1434 4218 1590 4273 aqua,
1612 4212 1661 4256 et
1690 4205 1924 4275 sanguis,
1953 4214 2004 4258 et

410 4293 463 4345 hi
498 4300 600 4346 tres
634 4307 793 4346 unum
836 4300 957 4346 sunt
985 4290 1037 4363 (ι
1058 4291 1218 4346 Joan.
1246 4307 1299 4359 ν,
1334 4292 1387 4361 8)
1415 4309 1427 4345 :
1456 4291 1507 4345 in
1561 4294 1753 4362 spiritu
1800 4294 2003 4361 signiti-

410 4398 539 4439 cans
567 4384 800 4453 Patrem,
828 4387 974 4440 sicut
1001 4385 1261 4441 Dominus
1291 4385 1501 4440 mulieri
1540 4386 1893 4441 Samaritnnm
1916 4402 2003 4441 se-

411 4473 641 4528 eundum
667 4474 831 4543 ipsius
858 4474 1081 4531 Joannis
1110 4475 1453 4545 Evangelium
1486 4479 1743 4547 loquitur,
1768 4478 1952 4533 dicens
1984 4496 1997 4542 ;

410 4564 571 4621 Crede
599 4566 746 4634 nti/ti,
789 4569 908 4638 quia
939 4570 1102 4623 ueniet
1130 4570 1256 4624 liora
1285 4571 1489 4641 quando
1532 4588 1693 4639 neque
1728 4573 1783 4625 in
1827 4582 2001 4626 monte
2037 4611 2081 4668 υ

409 4662 526 4727 hoc,
566 4674 727 4727 neque
768 4659 824 4713 in
860 4658 1237 4732 Hierosolymis
1283 4662 1567 4717 adorabitis
1610 4664 1836 4718 Patrem.
1872 4665 1996 4721 .Vos

408 4752 643 4805 adoratis
686 4752 822 4822 quod
868 4753 1096 4817 nescitis,
1130 4769 1225 4807 nos
1269 4755 1553 4808 adoramus
1593 4757 1728 4826 quod
1768 4757 1999 4811 scimus:

408 4844 526 4903 quia
548 4842 691 4897 salus
713 4860 777 4897 ex
804 4842 1006 4898 Iudicis
1050 4854 1143 4898 est.
1180 4845 1286 4900 Sed
1310 4848 1444 4899 venit
1473 4848 1621 4915 hora,
1664 4859 1714 4902 et
1741 4865 1875 4902 nunc
1903 4860 2000 4917 est,

408 4936 614 4997 quando
640 4937 746 4991 neri
767 4937 1070 4990 adoratores
1100 4936 1391 4991 adorabunt
1422 4935 1633 4993 Patrem
1670 4941 1723 4993 in
1749 4942 1931 5010 spiritu
1954 4950 2001 4995 et

409 5028 657 5103 t'eritate_:
689 5046 807 5082 nam
839 5039 888 5082 et
919 5029 1077 5083 Pater
1120 5032 1249 5085 tales
1276 5034 1455 5103 quierit
1489 5034 1573 5103 qui
1616 5032 1836 5086 adorent
1864 5048 1997 5085 eum.

411 5092 647 5185 Spiritu;
666 5131 743 5175 est
772 5121 934 5188 Deus,
966 5132 1014 5177 et
1043 5141 1128 5178 eos
1172 5128 1257 5196 qui
1294 5124 1519 5180 adorant
1548 5142 1684 5188 eum,
1723 5126 1775 5180 in
1817 5126 2001 5195 spiritu

409 5209 686 5262 etveritate
710 5224 912 5281 Oportet
931 5214 1155 5269 adorare
1173 5214 1354 5285 (Joan.
1381 5231 1449 5281 tv,
1482 5215 1591 5284 2i).
1628 5215 1682 5269 In
1708 5230 1847 5286 aqua
1870 5231 2002 5271 vero

410 5300 666 5370 Spiritqu
717 5316 959 5362 sanctum
1006 5307 1336 5378 signiﬁcans,
1385 5308 1522 5363 sicut
1580 5309 1631 5362 in
1670 5308 1862 5363 eodem
1907 5323 2006 5361 suo

485 5516 511 5545 ⁸
548 5507 728 5575 Forte,
761 5528 823 5564 ca:
858 5514 1015 5569 tribus
1046 5518 1164 5571 diis.

486 5674 498 5702 '
541 5670 675 5724 Cod.
713 5670 936 5739 Veron.,
967 5672 1181 5727 dixerit.

485 5747 502 5774 ⁸³
529 5742 673 5796 [dent
704 5744 849 5803 cod.,
906 5750 954 5795 et
1003 5743 1083 5795 lim
1140 5752 1241 5794 tres
1274 5761 1428 5797 unum
1458 5755 1611 5809 sunt;
1641 5745 1735 5797 sed
1771 5746 1875 5797 hoc
1904 5758 2003 5811 po-

414 5818 539 5874 tius,
591 5823 699 5867 tros
747 5823 869 5865 sunt
913 5812 1046 5882 (qui)
1089 5816 1429 5879 testiﬁcantur
1469 5817 1519 5867 in
1560 5826 1727 5877 terra,
1770 5817 2004 5883 Spiritus,

417 5903 550 5953 aqua
580 5894 626 5938 ct
651 5886 881 5955 sanguis,
926 5893 973 5937 et
1003 5883 1055 5934 lii
1088 5893 1185 5935 (res
1218 5899 1372 5935 unum
1400 5895 1535 5937 sunt.
1568 5884 1703 5947 Quid
1726 5903 1865 5956 ergo,
1894 5894 1994 5940 etc.

2110 1906 2344 1977 Spiritus
2368 1915 2586 1961 sanctus
2608 1914 2754 1972 sunt,
2778 1906 3064 1961 tamenetsi
3094 1921 3205 1961 non
3236 1906 3488 1960 invenitur
3519 1921 3652 1960 unum

2112 2012 2330 2062 nomen,
2383 1996 2530 2066 quod
2584 1997 2652 2051 de
2703 1997 2953 2051 omnibus
3001 1998 3357 2051 communiter
3399 1996 3654 2075 masculino

2110 2104 2307 2159 genere
2336 2090 2676 2159 praedicetur,
2708 2090 2849 2144 sicut
2888 2089 3253 2144 communiter
3282 2089 3348 2142 de
3385 2088 3478 2142 illis
3502 2102 3657 2156 persae

2111 2197 2193 2236 nte
2220 2181 2583 2249 prtedicautur
2600 2195 2799 2249 genere
2837 2179 3117 2236 feminino.
3155 2182 3325 2235 Aut'si
3352 2179 3551 2234 forsitan
3570 2180 3654 2248 ipsi

2109 2275 2201 2343 qui
2223 2275 2294 2329 de
2314 2274 2480 2328 verbo
2506 2272 2863 2341 contendunt,
2895 2273 2948 2327 in
2972 2288 3039 2327 eo
3061 2273 3211 2342 quod
3230 2272 3360 2326 dixit
3384 2292 3396 2325 :
3423 2272 3535 2325 Tres
3558 2278 3657 2324 sunt

2108 2368 2197 2437 qui
2225 2367 2568 2436 testificantur
2592 2367 2830 2431 interra,
2862 2367 3094 2434 spiritus,
3128 2382 3269 2436 aqua
3308 2375 3358 2418 et
3385 2365 3595 2432 sanguis,
3619 2372 3659 2415 et

2108 2459 2162 2512 Ιιὶ
2188 2467 2290 2513 tres
2324 2473 2485 2511 unum
2530 2466 2671 2522 sum,
2718 2456 3034 2512 Trinitatem
3071 2471 3197 2525 qua:
3242 2472 3374 2510 unus
3409 2455 3536 2509 Deus
3573 2462 3657 2514 est,

2109 2550 2302 2604 nolunt
2354 2548 2599 2617 intelligi,
2652 2548 2948 2605 secundum
2988 2550 3103 2618 ipsa
3154 2549 3318 2602 verba
3355 2563 3468 2614 qua:
3509 2546 3659 2615 posuit

2108 2656 2208 2712 pro
2245 2643 2492 2712 apostolo
2522 2642 2732 2697 Joanne
2770 2643 3160 2712 respondeant.
3190 2640 3431 2709 Nunquid
3476 2640 3523 2693 hi
3550 2647 3660 2704 tres,

2106 2732 2198 2802 qui
2238 2732 2292 2785 in
2340 2740 2484 2786 terra
2510 2730 2789 2786 testiﬁcari
2833 2741 2889 2785 et
2915 2731 3008 2799 qui
3048 2746 3220 2785 unum
3263 2745 3379 2785 esse
3422 2728 3658 2787 dicuntur,

2107 2832 2337 2893 possunt
2364 2823 2605 2893 spiritus,
2634 2832 2731 2877 aut
2753 2836 2925 2892 aqum,
2948 2829 3041 2876 aut
3067 2823 3358 2892 sanguines
3383 2822 3509 2875 dicit
3536 2817 3664 2885 Quod

2107 2925 2283 2971 tamen
2306 2914 2531 2971 Joannis
2554 2916 2783 2986 apostoli
2804 2915 3175 2970 testimonium
3199 2915 3384 2969 beatus
3404 2912 3664 2982 Cyprianus

2104 3007 2560 3075 Carthaginiensis
2601 3007 2827 3062 antistes
2874 3016 2928 3061 et
2968 3013 3182 3077 martyr
3222 3007 3276 3060 in
3320 3003 3530 3078 epistola
3571 3003 3665 3054 sive

2104 3101 2245 3157 libro
2272 3116 2433 3172 quem
2472 3100 2541 3155 de
2585 3099 2848 3154 Trinitate
2871 3099 2889 3130 ³
2913 3100 3157 3168 scripsit,
3186 3098 3253 3153 de
3286 3100 3437 3152 Patre
3476 3104 3525 3151 et
3550 3094 3667 3148 Filio

2104 3204 2160 3250 et
2179 3180 2381 3265 spiritu
2418 3201 2607 3249 sancto
2629 3190 2829 3248 dictum
2855 3190 3125 3259 intelligit.
3150 3190 3239 3245 Ait
3262 3190 3402 3246 enim
3424 3184 3663 3257 (toin.lll:

2112 3307 2130 3340 ι
2170 3288 2307 3343 Dicit
2336 3286 2615 3351 Dominus,
2652 3286 2766 3357 Ego
2789 3295 2841 3340 et
2869 3285 3029 3340 Pater
3055 3302 3221 3340 unum
3246 3301 3419 3339 sumus
3441 3282 3601 3354 (Joan.
3619 3296 3663 3344 ι,

2104 3377 2230 3447 30);
2282 3385 2337 3432 et
2367 3379 2561 3433 iterum
2590 3376 2660 3432 de
2689 3376 2851 3431 Patre
2892 3387 2948 3431 ct
2979 3376 3118 3431 Filio
3170 3388 3227 3430 et
3265 3376 3464 3446 Spiritu
3504 3379 3664 3427 sancto

2103 3471 2359 3540 scriptum
2403 3479 2507 3535 est,
2554 3478 2603 3523 et
2632 3470 2682 3522 lii
2715 3478 2818 3523 tres
2845 3484 3005 3522 unum
3053 3479 3177 3521 sunt
3203 3466 3257 3539 (ι
3283 3467 3439 3521 Joan.
3476 3479 3527 3529 v,
3554 3462 3621 3527 Ἰ).
3646 3478 3663 3510 i

2105 3563 2338 3619 Proinde
2378 3563 2724 3619 considerare
2750 3562 2952 3616 debent
2979 3562 3069 3631 qui
3099 3563 3392 3616 verborum
3437 3553 3665 3626 captioni-

2104 3655 2204 3709 bus
2232 3667 2567 3725 supervacue
2592 3653 2829 3720 student,
2873 3654 2997 3721 quia
3048 3667 3160 3705 non
3203 3650 3363 3705 simul
3400 3658 3453 3704 et
3477 3646 3670 3714 conjun-

2105 3754 2195 3802 cte
2218 3747 2447 3801 dicimus
2475 3760 2639 3799 unum
2668 3743 2861 3798 Filium
2891 3758 2957 3797 ex
2990 3740 3262 3797 Trinitate
3287 3738 3602 3797 cruciﬁxum,
3623 3740 3667 3787 ut

2108 3844 2217 3892 tres
2240 3845 2335 3890 aut
2356 3836 2491 3891 duos
2521 3834 2658 3889 ﬁlios
2689 3833 2943 3888 inducere
2972 3832 3287 3898 videamur;
3319 3832 3410 3887 sed
3438 3830 3575 3900 prius
3598 3825 3669 3878 di-

2103 3938 2306 3993 centes,
2346 3927 2493 3999 quod
2525 3940 2715 3996 magna
2759 3926 2997 3996 synodus
3035 3925 3398 3993 conﬁrmavit,
3431 3936 3581 3976 unum
3611 3930 3670 3969 cx

2106 4018 2366 4074 Trinitate
2410 4020 2765 4079 incarnatutn,
2809 4016 2893 4069 vcl
2939 4031 3181 4085 passum,
3222 4015 3311 4070 vel
3363 4009 3670 4071 cruciﬁxum,

2106 4122 2227 4161 cum
2270 4108 2586 4175 interrogati
2614 4105 2891 4173 fuerimus,
2943 4121 3101 4175 quem
3150 4120 3317 4160 unum
3344 4103 3410 4157 de
3440 4098 3672 4154 Trinitate

2104 4198 2367 4263 dicamus,
2418 4206 2568 4252 recte
2615 4205 2803 4267 postea
2861 4194 3277 4265 respondemus,
3328 4193 3534 4248 Filium.
3574 4185 3675 4241 Non

2104 4302 2287 4347 autem
2322 4300 2469 4347 recte
2503 4291 2667 4347 simul
2705 4291 2977 4345 diceretur
3000 4289 3018 4320 ³
3050 4304 3191 4343 unus
3237 4288 3377 4341 titius
3421 4299 3487 4339 ex
3523 4278 3676 4336 Trinio

2106 4396 2217 4441 tate
2245 4389 2574 4450 incarnatus,
2602 4393 2695 4439 aut
2724 4400 2931 4455 passus,
2965 4392 3057 4437 aut
3083 4381 3402 4438 cruciﬁxus.
3440 4375 3543 4432 Sed
3583 4386 3675 4427 non

2104 4491 2187 4537 est
2224 4495 2561 4550 consequens
2596 4486 2673 4534 ‘ut
2711 4493 2831 4548 qua:
2879 4476 3039 4533 simul
3076 4491 3187 4530 non
3241 4483 3391 4529 recte
3427 4470 3673 4525 dicuntur.

2106 4573 2268 4626 etiam
2291 4571 2598 4639 singillatim
2628 4586 2737 4625 non
2766 4578 2915 4624 recte
2943 4568 3215 4623 dicantur.
3248 4564 3327 4620 Ac
3368 4577 3437 4617 ue
3462 4562 3561 4616 hoc
3584 4555 3680 4610 dis-

2106 4665 2357 4721 simulent
2388 4664 2704 4731 intelligere,
2737 4670 2830 4716 aut
2856 4659 3085 4717 fortasse
3112 4673 3225 4713 non
3255 4655 3481 4727 possint,
3507 4648 3679 4703 verbo-

2105 4771 2223 4810 rum
2281 4769 2501 4809 suorum
2555 4754 2639 4808 vel
2705 4754 3099 4808 convincuntur
3155 4749 3245 4803 vel
3309 4746 3680 4801 admoneantur

2106 4851 2374 4918 exemplo.
2427 4847 2559 4901 Nam
2599 4854 2653 4901 et
2697 4846 2823 4915 ipsi,
2864 4858 2989 4900 cum
3032 4848 3181 4897 recte
3226 4840 3413 4895 dicant
3445 4846 3595 4889 unam
3621 4840 3680 4918 ex

2107 4917 2367 4994 Trinitate
2397 4953 2683 5008 personam
2720 4934 3052 4998 cruciﬁxum,
3105 4929 3408 4988 secundum
3436 4921 3575 4997 quod
3600 4917 3682 4974 ille

2105 5032 2268 5086 etiam
2290 5030 2372 5084 vir
2400 5031 2590 5084 beatus
2619 5037 2672 5083 ct
2702 5026 2962 5105 doctrina:
2992 5023 3326 5079 admirabilis
3354 5014 3678 5087 Augustianos,

2106 5126 2157 5177 in
2189 5139 2352 5194 opere
2379 5123 2522 5192 quod
2559 5122 2775 5193 scripsit
2804 5120 2873 5176 de
2910 5117 3394 5176 Pmiestinatione
3437 5118 3489 5167 et
3516 5117 3680 5180 μετερ-

2109 5217 2348 5271 vcrautia
2378 5222 2711 5279 sanctorum,
2743 5214 2907 5269 docet
2926 5213 2948 5244 ⁵
2974 5230 2988 5265 :
3018 5230 3038 5263 ‹
3068 5209 3273 5264 Fidelis
3302 5205 3396 5277 qui
3423 5204 3477 5258 in
3510 5214 3575 5255 eo
3602 5208 3681 5250 ve-

2113 5324 2226 5361 ram
2270 5316 2515 5362 naturam
2562 5307 2732 5362 credit
2774 5314 2830 5362 et
2863 5303 3150 5360 conlitetur
3174 5301 3490 5360 humanam,
3518 5290 3567 5346 id
3611 5293 3681 5342 mi

2186 5673 2205 5703 ³
2233 5673 2375 5727 idem
2417 5672 2566 5737 cod.,
2598 5671 2661 5723 dc
2695 5670 2923 5725 Unitate.
2959 5670 3101 5723 Sane
3146 5666 3369 5737 inilibro
3394 5663 3459 5737 de
3488 5658 3679 5717 Unitstc

2114 5743 2360 5798 Ecclesia?
2385 5734 2815 5804 vcrlutlrguntur
2850 5756 2968 5809 qua:
3001 5739 3160 5794 refert
3188 5734 3498 5792 Facundos.

2188 5815 2206 5843 ⁸
2232 5815 2243 5866 l
2269 5816 2371 5877 lem
2404 5815 2547 5878 cod.,
2580 5815 2782 5865 dicitur.

2185 5888 2203 5915 δ
2223 5886 2297 5938 Idi
2314 5901 2365 5939 tu
2406 5885 2547 5943 col,
2594 5886 2732 5936 dicit.
