3878 6194
205 342 281 396 537

1053 343 1187 402 PRO
1213 344 1633 402 DEFENSIONE
1670 344 1890 404 TRIUM
1929 344 2248 404 CAPITUL.
2291 345 2415 402 LIB.
2444 343 2485 403 ι.

3317 338 3421 397 558

205 466 411 521 instram,
423 453 654 525 quamvis
671 453 1020 525 singulariter
1038 459 1368 530 suscipiente
1390 459 1502 514 Deo
1520 459 1720 527 Verbo,
1752 463 1803 523 Α
1828 459 1989 515 debet
2029 467 2088 514 ut
2117 475 2254 518 unus
2296 475 2364 515 ex
2394 457 2682 523 Trinitate,
2709 455 2793 513 vel
2832 455 2904 514 de
2936 453 3222 523 Trinitatc,
3249 454 3426 510 cruci.-

205 553 244 606 iu
267 549 444 604 unicum
471 545 560 601 Dei
589 545 783 602 Filium
812 547 1158 605 sublimatum
1185 569 1198 605 :
1229 553 1302 606 ita
1336 559 1396 607 ut
1417 553 1509 622 qui
1535 566 1724 608 susce-

204 649 280 714 pit,
311 638 500 709 etquod
537 639 798 710 suscepit.
853 657 960 697 una
1001 650 1146 698 esset
1189 645 1245 699 in
1283 644 1551 701 Trinitate
1596 659 1726 715 per-

206 747 362 790 sona.»
387 731 506 787 Cum
545 731 709 800 igitur
758 741 814 787 et
865 733 1000 803 ipsi,
1046 737 1500 806 quemadmodum
1539 738 1728 794 docui-

206 825 341 889 mus‘,
362 822 495 892 juxta
537 821 838 878 doctrinam
873 824 1093 884 Patrum
1149 837 1301 884 recte
1341 829 1525 884 dicant
1564 843 1728 884 unam

203 933 252 974 ex
275 917 496 972 Trinitate
530 929 821 987 personam
859 918 1210 989 cruciﬁxam;
1241 930 1296 978 et
1317 921 1446 978 item
1497 922 1725 978 interro-

204 1011 284 1080 gati
303 1008 430 1079 cujus
469 1009 718 1067 eamdem
746 1011 937 1067 dicant
961 1028 1084 1068 esse
1113 1027 1424 1084 personam,
1455 1023 1603 1070 recte
1649 1029 1732 1070 re-

202 1101 454 1172 spondeant,
483 1100 638 1168 Filii;
669 1118 780 1159 non
822 1109 1000 1160 tamen
1029 1104 1176 1174 quod
1223 1103 1540 1173 singillatim
1584 1112 1730 1160 recte

201 1193 357 1258 dicunt,
382 1193 537 1248 etiam
565 1193 723 1248 simul
763 1203 818 1250 et
846 1195 1136 1265 conjuncte
1173 1203 1325 1251 recte
1367 1196 1550 1251 dicere
1575 1203 1731 1266 pote-

199 1292 310 1350 ruat,
334 1282 378 1338 id
403 1292 496 1350 est,
523 1301 687 1340 unam
715 1301 1007 1357 personam
1055 1287 1175 1342 Filii
1205 1303 1274 1342 ex
1321 1287 1588 1344 Trinitate
1617 1303 1734 1344 cru-

200 1373 380 1436 t-ilixam,
413 1374 562 1444 quasi
589 1376 710 1430 dna:
748 1392 994 1446 persona:
1035 1378 1144 1432 sint
1179 1377 1319 1433 Filii.
1351 1380 1370 1399 ‘
1399 1378 1551 1434 Sicut
1578 1393 1728 1448 ergo,

197 1465 392 1534 quamvis
417 1481 518 1519 non
546 1474 695 1521 recte
738 1467 897 1521 simul
932 1466 1143 1522 dicatur
1187 1481 1293 1522 una
1343 1484 1570 1539 persona
1611 1468 1732 1522 Filii

197 1569 248 1609 ex
271 1553 499 1612 Trinitate
542 1555 824 1626 cruciﬁxa,
873 1567 930 1614 et
965 1567 1113 1614 recte
1167 1561 1293 1615 item
1318 1561 1428 1616 ‘de
1469 1561 1585 1631 ipsa
1611 1575 1720 1630 per-

195 1661 298 1702 sona
331 1649 627 1716 singillatim
674 1649 874 1705 dicitur
901 1651 1048 1722 quod
1079 1651 1198 1706 Filii
1232 1654 1340 1708 sit:
1368 1653 1442 1708 ita
1491 1653 1736 1722 quamvis

197 1754 276 1793 non
322 1752 450 1796 recte
486 1742 652 1796 simul
693 1743 924 1807 dicatur,
979 1759 1120 1797 unus
1171 1743 1310 1798 ﬁlius
1355 1760 1423 1799 ex
1472 1743 1735 1800 Trinitate

1830 550 1970 608 ﬁxus
2005 567 2106 623 pro
2153 569 2262 608 una
2308 567 2543 622 persona
2590 549 3179 618 dicatur..Quanquam_
3217 547 3263 603 si
3306 547 3428 617 quis

1829 657 1944 699 rem
1974 643 2264 712 diligenter
2282 641 2543 706 attendat,
2573 649 2629 696 et
2653 640 2816 696 altius
2844 656 3064 697 causam
3091 645 3321 709 reputat,
3344 639 3427 694 in-

1828 734 2013 792 veniet
2039 733 2185 803 quod
2213 748 2322 788 non
2352 733 2433 787 sic
2461 731 2710 796 dicimus,
2741 746 2882 786 unus
2910 744 3010 799 pro
3033 744 3139 784 una
3169 742 3422 799 persona,

1829 829 1924 886 sed
1954 828 2132 899 potius
2162 841 2269 882 una
2293 840 2523 896 persona
2545 840 2644 895 pro
2673 840 2782 880 uno
2809 838 2878 878 ex
2899 823 3164 878 Trinitate
3191 821 3421 877 dicatur.

1828 921 1963 976 Nam
1991 920 2070 976 sic
2091 920 2111 952 ⁸
2131 917 2370 974 Ecclesia
2397 916 2617 983 Christi,
2648 917 2813 972 etiam
2841 930 2964 970 cum
2989 913 3215 970 necdum
3245 912 3312 968 ad
3337 912 3425 967 di-

1829 1011 2175 1067 stinctionem
2201 1008 2379 1064 Patris
2407 1017 2463 1063 et
2491 1007 2610 1063 Filii
2637 1016 2692 1062 et
2717 1006 2950 1077 Spiritus
2982 1006 3155 1060 sanv-ti
3183 1011 3427 1060 uteretur

1831 1103 2052 1158 nomine
2089 1116 2336 1172 persona:
2357 1101 2402 1170 ⁸,
2433 1108 2542 1156 tres
2593 1099 2820 1154 credidit
2862 1105 2921 1154 et
2957 1097 3291 1170 praedicavit,
3323 1095 3427 1150 Pa-

1833 1210 1970 1257 trem
1997 1209 2054 1256 et
2082 1199 2275 1254 Filium
2303 1206 2360 1253 et
2387 1197 2646 1268 Spiritum
2684 1202 2973 1261 sanctum;
3015 1193 3155 1250 sicut
3183 1193 3427 1248 testimo-

1831 1293 1923 1348 nio
1951 1292 2176 1347 Joannis
2199 1291 2220 1323 ⁷
2242 1304 2402 1359 supra
2425 1287 2732 1353 docuimus,
2759 1300 2868 1354 quo
2894 1283 3098 1339 dictum
3141 1290 3227 1339 est
3251 1299 3266 1336 :
3300 1280 3426 1336 Tres

1832 1395 1952 1440 sunt
1975 1384 2060 1455 qui
2088 1382 2434 1437 testimonium
2479 1380 2606 1433 dant
2629 1380 2684 1432 in
2734 1387 2891 1440 terra,
2925 1376 3159 1445 spiritus,
3210 1389 3344 1445 aqua
3377 1382 3428 1426 et

1832 1476 2080 1548 sanguis;
2113 1483 2163 1529 et
2191 1475 2241 1528 hi
2271 1481 2376 1528 tres
2403 1488 2564 1525 unum
2601 1479 2721 1524 sunt
2748 1467 2803 1541 (Ι
2829 1468 2990 1522 Joan.
3027 1483 3075 1530 v,
3109 1465 3186 1535 8).
3235 1464 3428 1520 Perso-

1835 1583 2026 1624 narum
2064 1575 2243 1620 autem
2272 1577 2491 1627 nomen,
2526 1577 2633 1618 non
2679 1561 2781 1616 nisi
2809 1575 2932 1616 cum
2963 1557 3229 1613 Sabellius
3257 1557 3429 1626 impu-

1835 1667 2025 1730 gnaret
2053 1656 2374 1721 Ecclesium,
2407 1651 2714 1710 necessario
2749 1651 2805 1705 in
2848 1664 3002 1705 usum
3033 1646 3430 1718 praedicationis

1836 1758 2144 1819 assumptus
2183 1756 2294 1811 est;
2337 1753 2400 1800 ut
2427 1745 2519 1813 qui
2551 1757 2767 1812 semper
2809 1749 2922 1796 tres
2965 1739 3156 1794 crediti
3205 1747 3333 1793 sunt
3374 1743 3430 1792 et

195 1831 454 1896 cruciﬁxus,
487 1825 640 1888 recte
693 1842 872 1887 tamen
920 1834 1232 1901 singillatim
1262 1834 1462 1889 dicitur
1501 1851 1638 1890 unus
1668 1849 1734 1889 ex
1767 1851 1810 1907 Β
1840 1842 2038 1906 vocati,
2083 1839 2246 1896 Pater
2272 1848 2328 1895 et
2357 1840 2520 1894 Filius
2549 1847 2607 1895 et
2634 1839 2866 1909 Spiritus
2890 1844 3131 1902 sanctus,
3156 1849 3267 1888 uno
3292 1848 3429 1902 quo-

196 1917 404 1976 Trinitale
422 1924 730 1987 cruciﬁxus,
779 1931 835 1977 et
865 1925 992 1980 item
1021 1925 1088 1980 de
1117 1925 1236 1995 ipso
1266 1941 1374 1979 uno
1402 1925 1547 1994 quad
1566 1925 1734 1980 Filius

193 2010 259 2065 sit.
284 2013 548 2084 Quocirca,
579 2027 728 2072 recte
758 2018 954 2073 dicitur
991 2034 1130 2072 unus
1155 2033 1222 2073 ex
1252 2019 1516 2074 Trinitate
1560 2019 1735 2074 cruci-

195 2106 309 2169 litus,
337 2115 385 2161 et
409 2123 510 2162 una
543 2123 612 2162 ex
646 2108 910 2164 Trinitate
930 2124 1178 2181 persona.
1224 2110 1331 2165 Sed
1360 2125 1516 2164 unam
1553 2111 1735 2166 dicere

193 2209 421 2264 tetanum
468 2197 920 2256 Nestorianorum
975 2217 1117 2255 nova
1169 2201 1499 2270 subterfugia
1556 2201 1734 2257 minus

192 2288 410 2342 excludit:
433 2291 524 2358 qui
558 2291 794 2346 convicti
819 2291 1120 2347 innumeris
1142 2293 1468 2348 testimoniis
1488 2290 1731 2357 Patrum,

191 2380 297 2446 quod
319 2381 447 2465 Deus
469 2382 712 2438 Verbum
738 2392 793 2438 et
830 2396 1135 2456 assumptus
1171 2387 1336 2440 homo
1364 2400 1471 2440 una
1503 2399 1733 2455 persona

191 2467 253 2532 sit,
276 2486 360 2539 pro
385 2473 729 2528 auctoritatis
769 2475 1030 2544 dignitate
1075 2477 1142 2530 ab
1185 2476 1266 2531 eis
1290 2477 1395 2532 hoc
1421 2477 1508 2530 vel
1550 2477 1736 2531 existi-

191 2572 300 2617 mant
323 2565 539 2635 dictum,
576 2567 662 2622 vel
691 2569 1000 2624 existimare
1027 2584 1088 2624 se
1123 2568 1437 2638 tingunt,ut
1464 2569 1543 2624 sic
1567 2568 1734 2625 homo

187 2647 303 2708 lesus
322 2653 564 2711 Christus
591 2657 803 2712 dicatur
822 2657 988 2713 Verbi
1005 2659 1236 2727 gessisse
1265 2674 1574 2729 personam,
1594 2660 1736 2714 sicut

187 2747 310 2799 etiam
335 2749 489 2816 gessit
528 2747 851 2818 Apostolus,
895 2749 988 2818 qui
1030 2749 1276 2804 scribens
1319 2749 1387 2804 ad
1424 2748 1735 2806 Corinthios

184 2833 318 2890 dicit:
344 2836 477 2892 Nam
507 2847 566 2893 et
587 2857 681 2910 ego
709 2839 847 2910 quod
876 2839 1062 2895 donavi
1090 2839 1131 2904 ³,
1154 2850 1367 2910 praptcr
1407 2857 1496 2894 vos
1537 2841 1590 2894 in
1615 2857 1736 2910 per-

185 2943 282 2981 sona
299 2929 498 2997 Christi,
523 2942 585 2984 ut
607 2948 710 2984 non
735 2933 1197 2986 circumueniamur
1219 2949 1250 2984 a
1280 2932 1484 2985 Summ:
1508 2930 1593 3000 (II
1610 2931 1730 2985 Cor.

183 3036 223 3084 υ,
248 3021 480 3092 i0);non
509 3032 578 3080 ut
606 3040 744 3080 unus
785 3024 1036 3094 idemque
1065 3034 1211 3082 esset
1265 3027 1407 3080 Deus
1455 3034 1511 3080 et
1550 3027 1732 3080 homo.

183 3111 286 3167 Cum
310 3129 431 3170 vero
459 3125 513 3172 et
549 3131 693 3170 unus
723 3132 790 3169 ex
819 3115 1104 3185 'l‘rinitate,
1145 3126 1200 3172 et
1230 3133 1336 3172 una
1367 3133 1435 3173 ex
1473 3117 1734 3173 Trinitate

1839 1948 1946 2001 que
1974 1932 2133 1988 simul
2161 1942 2217 1986 et
2245 1931 2515 1986 communi
2548 1945 2902 1999 personarum
2929 1927 3148 1982 nomine
3175 1938 3432 1980 vocaren-

1836 2033 1945 2079 tur.
1980 2023 2181 2078 Deinde
2208 2023 2371 2077 etiam
2396 2021 2754 2078 subsistentia:
2797 2020 2953 2075 dictac
2980 2027 3124 2082 sunt,
3175 2018 3432 2086 quoniam

1838 2116 2092 2172 Ecclesize
2121 2115 2340 2185 placuit,
2371 2113 2438 2167 ad
2462 2111 2864 2181 signiﬁcandam
2895 2109 3310 2174 Trinitatem,et
3327 2108 3432 2164 hoc

1839 2223 2036 2265 nomen
2057 2207 2384 2262 distinctioni
2409 2205 2679 2277 personali
2709 2205 2964 2258 tribuere.
2987 2202 3225 2268 Quaestio
3250 2200 3431 2268 itaque

1837 2299 2128 2369 aliquando
2146 2299 2225 2352 'de
2266 2313 2409 2352 novo
2439 2299 2660 2351 nomine
2701 2309 2948 2365 persona:
2976 2303 3032 2348 et
3072 2293 3431 2347 subsistentim

1837 2391 1961 2458 fuit,
1995 2399 2174 2443 utrum
2202 2388 2269 2442 ad
2306 2387 2714 2456 signiﬁcandam
2755 2385 3095 2446 Trinitatem,
3125 2398 3246 2451 qua:
3290 2382 3432 2437 Dens

1838 2491 1940 2545 est,
1973 2479 2195 2535 deberet
2223 2478 2453 2542 admitti,
2484 2478 2625 2533 sicut
2650 2484 2704 2531 et
2731 2476 2900 2546 ipsius
2927 2474 3208 2530 Trinitatis
3235 2488 3429 2528 nomen

1837 2571 2130 2626 admissum
2178 2577 2436 2625 estznon
2486 2569 2556 2624 de
2603 2584 2670 2624 eo
2717 2567 2863 2638 quod
2900 2581 3116 2637 semper
3163 2566 3334 2619 tenuit
3379 2572 3432 2619 et

1839 2659 2152 2731 praedicavit
2178 2657 2441 2726 Ecclesia,
2474 2659 2600 2729 quia
2645 2667 2756 2714 tres
2783 2665 2910 2713 sunt
2941 2657 3033 2726 qui
3075 2656 3434 2711 testiﬁcantur

1837 2749 1894 2805 in
1925 2759 2090 2813 terra,
2116 2758 2172 2804 et
2195 2751 2249 2805 hi
2278 2758 2389 2805 tres
2417 2765 2584 2804 unum
2607 2758 2754 2804 sunt.
2791 2747 2944 2803 Unde
2973 2749 3137 2803 etiam
3160 2762 3433 2802 memora-

1841 2848 1926 2896 tus
1952 2842 2036 2897 vir
2055 2843 2078 2874 ⁸
2105 2841 2432 2908 Augustinus
2461 2840 2514 2894 in
2535 2841 2725 2908 quinto
2751 2839 2962 2895 decimo
2985 2839 3051 2894 de
3080 2837 3343 2893 Trinitate
3369 2838 3432 2892 li-

1837 2935 1939 2990 bro
1966 2931 2116 3004 (Cap.
2150 2931 2204 3001 3)
2234 2949 2246 2984 :
2273 2950 2291 2983 ι
2319 2930 2562 2997 Clarum,
2594 2930 2787 2997 inquit,
2820 2939 2903 2985 est
2931 2929 2986 2982 in
3015 2927 3317 2983 substantia
3343 2942 3437 2982 ve-

1837 3028 2036 3093 ritatis,
2069 3041 2177 3080 non
2210 3025 2386 3080 solum
2416 3023 2634 3080 Patrem
2678 3023 2814 3078 Filio
2842 3039 2949 3078 non
3001 3038 3119 3078 esse
3150 3023 3432 3092 majorem,

1837 3119 1936 3174 sed
1962 3133 2064 3173 nec
2087 3117 2277 3172 ambos
2297 3116 2456 3170 simul
2487 3114 2688 3184 aliquid
2718 3115 2892 3184 majus
2921 3130 3040 3170 esse
3068 3130 3229 3184 quam
3258 3113 3433 3170 solum

183 3215 368 3296 persona
405 3221 502 3276 pro
533 3207 697 3260 nobis
727 3204 980 3262 cruciﬁxa
1011 3215 1161 3262 recte
1189 3207 1430 3275 dicatur,
1465 3209 1604 3263 hanc
1627 3209 1732 3263 nti-
1763 3235 1807 3296 ρ
1839 3210 2097 3282 Spiritum
2126 3216 2403 3275 sanctum;
2441 3216 2531 3262 aut
2552 3207 2825 3276 quoslibet
2853 3207 2989 3260 duos
3011 3207 3064 3260 in
3095 3205 3286 3260 eadem
3311 3205 3432 3259 Tri-

184 3293 345 3350 litatem
372 3312 472 3366 qua
488 3299 511 3330 δ
535 3297 690 3353 fraus
709 3298 1153 3354 Nestorianorum
1179 3314 1210 3353 a
1242 3308 1428 3355 sancta
1459 3311 1517 3355 et
1543 3315 1736 3369 magna

181 3389 349 3457 modo
371 3391 713 3447 sufﬁcienter
749 3392 972 3448 exclusa
999 3399 1102 3458 est,
1133 3392 1434 3461 intelligere
1453 3402 1510 3447 et
1537 3407 1735 3462 appro—

181 3476 280 3533 bare
297 3479 395 3549 jam
421 3482 632 3537 debent
654 3481 742 3551 qui
771 3482 880 3537 dici
911 3483 1170 3538 nolebant
1191 3499 1354 3538 unum
1387 3484 1454 3538 de
1475 3483 1740 3538 Trinitate

182 3582 257 3638 pro
289 3573 433 3628 nobis
473 3574 841 3639 incarnatum,
886 3575 970 3630 vel
1015 3576 1354 3645 passum,vel
1399 3575 1733 3630 cruciﬁxum.

180 3658 256 3724 Qui
279 3662 428 3717 etiam
456 3665 503 3718 si
536 3663 690 3718 nulla
721 3664 975 3718 invitaret
1000 3665 1222 3731 utilitas,
1257 3679 1433 3734 neque
1464 3665 1570 3720 hoc
1596 3672 1742 3720 esset

183 3756 310 3804 tanta
347 3753 539 3822 synodi
586 3753 912 3809 auctoritate
941 3753 1235 3824 ﬁrmatum,
1263 3755 1560 3810 modestius
1596 3758 1742 3811 l'ace-

180 3851 274 3896 rent
317 3849 665 3916 acquiescere
693 3849 925 3918 sapienti
956 3838 1244 3918 Gregorio,
1295 3849 1386 3920 qui
1416 3849 1484 3903 de
1515 3849 1742 3904 vocabu-

180 3930 319 3989 lorum
367 3938 688 3995 diversitate
735 3941 1104 3996 dissidendnm
1154 3957 1263 3996 non
1335 3957 1455 3998 esse
1501 3941 1741 3996 decrevit

177 4023 379 4096 (Gregor.
409 4029 790 4086 Nazianzenus
820 4041 954 4086 orat.
989 4033 1101 4104 59).
1134 4032 1190 4086 ln
1221 4048 1286 4087 eo
1323 4032 1466 4088 enim
1489 4047 1742 4088 sermone

178 4111 298 4180 cujus
336 4126 416 4172 est
461 4120 802 4176 tituluszDe
849 4122 1174 4187 luminibus,
1228 4122 1302 4177 ita
1354 4121 1567 4178 locutus
1614 4132 1737 4177 est:

177 4201 359 4262 (θευῐη
378 4226 504 4266 cum
537 4212 786 4278 nomino,
819 4228 926 4267 uno
954 4213 1157 4268 lumine
1187 4214 1554 4283 illustramini,
1583 4215 1742 4269 simul

175 4303 218 4348 et
250 4300 424 4358 tribus.
471 4303 677 4360 Tribus
706 4305 942 4374 quidem,
982 4308 1278 4362 secundum
1325 4307 1744 4376 uniuscujusque

171 4391 498 4458 proprietates
524 4395 647 4452 sive
671 4411 952 4466 personas.
989 4396 1130 4451 Nihil
1159 4397 1301 4452 enim
1335 4413 1434 4468 pro
1455 4398 1744 4453 vocabulo-

173 4492 266 4532 rum
291 4481 608 4542 diversitate
655 4486 1019 4542 dissidendnm
1071 4499 1175 4554 est,
1215 4505 1337 4544 cum
1378 4488 1444 4544 ad
1493 4489 1741 4544 eumdem

1839 3302 2012 3356 nitate
2041 3299 2215 3369 majus
2261 3298 2463 3368 aliquid
2508 3313 2628 3354 esse
2656 3313 2818 3369 quam
2862 3312 3064 3363 unum;
3115 3306 3209 3351 aut
3245 3312 3436 3354 omnes

1837 3394 1998 3450 simul
2033 3403 2162 3458 tres,
2189 3392 2362 3462 majus
2394 3391 2598 3461 aliquid
2623 3406 2743 3446 esse
2779 3405 2941 3460 quam
2979 3389 3239 3459 singulos.
3271 3409 3290 3443 ι
3327 3389 3436 3446 Nec

1838 3487 1916 3541 ait
1947 3487 2026 3541 vir
2054 3485 2395 3541 cautissimus
2422 3492 2478 3538 et
2497 3483 2927 3553 sapientissimus
2955 3482 3144 3536 ambas
3171 3496 3434 3552 personas

1835 3579 1997 3636 simul
2028 3577 2228 3647 aliquid
2251 3591 2372 3632 esse
2397 3577 2570 3643 majus
2596 3576 2652 3629 in
2675 3575 2975 3630 substantia
3001 3575 3248 3630 veritatis
3273 3590 3435 3644 quam

1839 3672 2015 3726 solum
2045 3670 2303 3740 Spiritum
2333 3675 2608 3734 sanctum,
2640 3667 2787 3737 quod
2816 3668 3031 3737 quidem
3059 3677 3225 3734 recte,
3257 3670 3303 3724 si
3328 3669 3437 3722 vcl-

1841 3763 1934 3826 let,
1967 3763 2203 3828 diceret;
2245 3760 2342 3816 sed
2375 3761 2554 3830 potius
2579 3762 2808 3816 ambos:
2843 3775 3017 3829 neque
3055 3761 3131 3814 ait
3169 3761 3437 3829 quaslibet

1839 3854 1974 3910 duas
1997 3868 2258 3922 personas
2286 3853 2338 3906 in
2368 3851 2560 3905 eadem
2591 3850 2853 3904 Trinitate
2881 3849 3052 3918 majus
3080 3865 3200 3904 esse
3237 3851 3437 3919 aliquid

1839 3963 2003 4017 quam
2045 3961 2227 4009 unam,
2259 3945 2355 3998 sed
2397 3943 2822 4013 quoslibctduos
2851 3943 2905 3996 in
2955 3942 3146 3996 eadem
3177 3941 3438 3998 Trinitatu

1844 4041 2018 4110 majus
2048 4051 2167 4094 esse
2192 4037 2394 4106 aliquid
2435 4051 2597 4107 quam
2641 4051 2838 4101 unum;
2879 4050 3056 4104 neque
3082 4035 3220 4090 dixit
3247 4050 3439 4092 omnes

1839 4130 2004 4188 simul
2037 4137 2146 4184 tres
2189 4142 2450 4200 personas
2478 4125 2652 4196 majus
2680 4125 2878 4194 aliquid
2903 4140 3024 4180 esse
3064 4141 3223 4196 quam
3252 4127 3441 4197 singu-

1843 4227 1944 4293 las,
1973 4226 2071 4284 sed
2098 4238 2288 4280 omnes
2315 4220 2476 4276 simul
2521 4229 2629 4276 tres
2671 4219 2847 4287 majus
2889 4219 3095 4289 aliquid
3134 4235 3254 4274 esse
3278 4237 3440 4291 quam

1841 4319 2104 4388 singulos.
2133 4313 2297 4384 Quod
2315 4314 2358 4370 si
2387 4310 2692 4381 hujusmodi
2723 4311 3025 4365 locutiones
3051 4327 3121 4367 ex
3141 4311 3298 4367 dictis
3316 4328 3443 4383 pro-

1845 4410 2247 4467 batissimorum
2278 4405 2499 4460 Patrum
2527 4403 2686 4458 velim
2715 4402 2994 4471 colligere,
3021 4410 3150 4457 ante
3187 4419 3278 4458 me
3305 4412 3442 4458 tem-

1846 4517 1947 4572 pus
1973 4515 2132 4573 quam
2164 4497 2412 4566 exempla
2438 4495 2673 4552 deﬁciet.
2719 4493 2862 4548 Nihil
2903 4503 2988 4549 est
3017 4494 3178 4565 igitur
3205 4495 3349 4565 quod
3377 4498 3445 4552 dc

169 4587 354 4630 suasum
392 4581 650 4634 omnium
689 4580 978 4637 diversitas
1019 4590 1284 4652 provocet
1322 4583 1677 4637 intellectum.
1715 4601 1733 4634 ι

1845 4593 2015 4648 verbo
2051 4590 2533 4661 reprehendamur,
2578 4586 2825 4642 dicentes
2869 4603 3033 4640 unum
3075 4587 3144 4642 de
3183 4585 3444 4644 Trinitate

170 4663 281 4720 Dum
309 4669 470 4736 igitur
511 4681 572 4726 et
599 4685 795 4740 magna
827 4690 927 4728 nos
955 4673 1022 4727 ad
1047 4674 1184 4729 hanc
1214 4673 1611 4730 confessionem
1653 4679 1738 4728 in-

167 4757 275 4813 ritet
302 4762 529 4829 utilitas,
561 4773 621 4819 et
651 4781 759 4819 non
785 4764 1022 4820 inaudita
1053 4773 1109 4820 et
1145 4781 1284 4820 nova
1319 4767 1391 4821 sit
1421 4767 1510 4822 illa
1538 4783 1645 4822 vox
1674 4767 1742 4823 de

165 4862 253 4916 qua
283 4855 437 4911 nobis
464 4857 780 4914 deliberare
809 4860 878 4915 sit
928 4860 1154 4915 liberum
1186 4877 1252 4914 an
1288 4861 1495 4916 admitti
1525 4862 1741 4932 debeat,

165 4955 302 5008 quam
336 4945 646 5003 divinarum
669 4949 1070 5020 Scripturarum
1098 4953 1422 5007 testimoniis
1451 4954 1743 5010 convenire

166 5034 303 5088 etiam
331 5052 361 5090 a
394 5040 570 5094 tantis
601 5038 846 5096 Patribus
875 5041 1252 5097 conlirmatum
1282 5059 1402 5099 esse
1439 5043 1742 5115 docuimus,

1846 4686 2206 4750 incarnatum,
2259 4683 2372 4737 sive
2422 4695 2662 4751 passum,
2721 4680 2836 4734 sive
2887 4679 3222 4734 cruciﬁxum.
3286 4680 3444 4748 Quod

1845 4778 2011 4832 etiam
2077 4783 2263 4830 sancta
2319 4771 2779 4827 Chalcedonensis
2828 4771 3090 4842 synodus,
3144 4772 3444 4826 divinarum

1843 4867 2242 4936 Scripturarum
2265 4864 2589 4919 auctoritate
2617 4871 2673 4917 et
2699 4863 3196 4932 antiquissimorum
3225 4861 3443 4919 Patrum

1849 4956 2174 5012 testimoniis
2222 4955 2529 5016 informata,
2574 4954 2765 5009 videns
2812 4969 2842 5007 a
2900 4965 3093 5019 magno
3136 4951 3330 5006 Prorlo
3372 4955 3442 5010 ad

1851 5045 2115 5101 Armenos
2145 5046 2348 5101 utiliter
2368 5046 2646 5114 scriptum,
2671 5053 2728 5098 et
2754 5059 2782 5097 a
2811 5042 3208 5112 sapientissimo
3229 5042 3442 5102 Joanne

1851 5136 2193 5192 Antiocheno
2222 5144 2277 5193 et
2306 5136 2518 5192 expleris
2545 5133 2900 5191 orientalibus
2927 5131 3195 5202 episcopis
3227 5137 3281 5192 in
3309 5151 3444 5194 con.

159 5121 374 5196 nihilque
393 5129 465 5186 de
493 5129 666 5186 verbo
693 5132 762 5186 sit
791 5131 1154 5188 dissidendnm
1173 5175 1189 5202 ,
1237 5135 1453 5205 placere
1494 5135 1746 5192 omnibus

1923 5359 1944 5431 9
1966 5360 2111 5431 idem
2142 5361 2289 5427 ραι,
2321 5363 2462 5431 quia.

1919 5430 1945 5462 ⁸
1967 5430 2112 5485 Idem
2141 5433 2262 5487 cod.
2275 5472 2288 5496 ,
2323 5430 2534 5498 suntper.

1925 5504 1946 5532 '
1973 5501 2115 5554 Idem
2140 5502 2288 5564 cnd.,
2323 5516 2682 5570 rersonurirm.

1920 5573 1942 5604 "
1968 5571 2111 5624 Hem
2135 5570 2284 5636 cod.,
2317 5572 2543 5625 Joannis
2565 5572 2804 5638 apostoli.

1924 5643 1944 5672 "
1969 5642 2107 5694 Idem
2139 5641 2288 5707 cod.,
2312 5644 2390 5696 uir
2417 5642 2766 5697 doctissimus.

214 5354 230 5385 ⁸
247 5347 382 5406 Cod.
417 5353 652 5420 Veram,
695 5354 942 5412 dicimus.

211 5421 397 5476 ’ldcm
427 5425 590 5498 co_d._,
628 5437 764 5480 recte
808 5437 980 5482 tamen
1028 5428 1338 5498 singillatim
1385 5430 1594 5490 dicitur,
1639 5445 1742 5483 una

149 5501 355 5568 ν’ῖιρξω
377 5507 446 5546 ea:
481 5493 741 5568 Triuitule
759 5501 1010 5568 crucifixtt
1035 5516 1052 5552 :
1079 5493 1133 5552 et
1157 5510 1293 5554 recte
1319 5503 1467 5566 item,
1500 5512 1606 5555 etc.

154 5558 226 5678 w:
250 5560 393 5682 lellcm
426 5567 588 5633 col,
618 5570 749 5638 quod
783 5558 992 5638 donaui,
1031 5570 1077 5623 si
1120 5571 1244 5640 quid
1273 5558 1486 5636 donari,
1535 5580 1746 5641 propter

232 5668 244 5682 ι
321 5651 372 5682 (ξ.

232 5668 244 5690 ,
266 5651 372 5684 etc.

213 5826 459 5886 'Videeis
517 5832 575 5886 in
624 5835 761 5892 hunc
816 5837 989 5895 locum
1040 5838 1105 5895 cl.
1168 5836 1588 5908 \Vcssclingium
1646 5838 1734 5894 lib.
1782 5836 2051 5894 Prubabil.
2091 5837 2640 5912 mp.36,pag,521.
