3878 6194
447 272 550 331 5‘59

1543 267 1841 325 FACUNDI
1880 266 2091 323 EPISC.
2133 264 2637 322 llERMlANENSlS
2808 272 2813 275 ’
3588 276 3676 333 5w

444 386 575 443 cilio
611 383 991 456 approbatum,
1033 381 1424 438 convenienter
1463 379 1579 449 ipsa
1610 394 1830 449 quoque
1860 378 2041 432 linua-
2070 381 2121 440 Α
2147 386 2327 434 catum
2358 385 2440 433 est
2469 378 2537 433 ad
2574 378 2960 436 discretionem
2991 379 3158 449 ipsius
3192 381 3311 435 novi
3335 381 3558 454 baptismi
3593 406 3669 445 su-

445 477 542 531 vit.
587 474 655 529 Et
682 475 803 529 ideo
832 475 973 528 hanc
1008 472 1317 541 religiosam
1362 481 1419 527 et
1456 471 1817 527 necessariam
1846 486 2039 526 vocem

442 566 801 636 suscipientes
824 566 917 636 qui
958 564 1025 620 de
1045 565 1212 620 verbo
1232 562 1501 635 superflue
1521 563 1939 629 contendebant,
1964 563 2039 617 ita

442 654 551 726 iam
600 654 879 709 nobiscum
928 652 1281 709 Nestorianos
1333 666 1525 721 urgere
1574 651 1774 707 debent
1812 667 1877 707 ac
1917 668 2040 722 prc-

443 760 613 810 mere,
661 752 720 799 ut
747 760 855 800 non
892 752 1100 798 tantum
1131 759 1293 798 unam
1345 758 1415 799 ex
1456 742 1722 798 Triuitate
1751 757 2039 813 personam

441 827 643 899 dicant,
674 834 820 905 quod
849 834 925 888 illi
953 833 1115 898 male,
1157 833 1295 889 sicut
1319 832 1430 902 jam
1462 834 1719 901 diximus,
1765 832 2038 902 interpre-

446 938 656 993 tantur;
688 927 785 983 sed
813 927 976 983 etiam
1005 942 1171 982 unum
1207 942 1274 982 ex
1314 926 1580 983 Trinitate
1619 943 1859 997 passum,
1890 927 2041 999 quod

445 1020 591 1075 nulla
619 1019 806 1076 fraude
831 1020 1042 1091 possint
1068 1020 1308 1076 eludere.
1341 1020 1547 1087 Quibus
1568 1019 1906 1077 Nestorianis
1931 1022 2041 1078 hoc

444 1116 608 1171 modo
633 1115 850 1183 gravius
876 1114 1193 1179 insistimus,
1224 1114 1270 1169 si
1290 1114 1370 1169 eis
1390 1114 1636 1170 dicamus
1664 1132 1679 1168 :
1711 1113 1932 1169 Certum
1954 1121 2041 1172 est

446 1206 696 1276 accipere
730 1221 828 1261 vos
868 1205 1148 1260 nobiscum
1188 1206 1313 1274 quia
1362 1204 1704 1270 Trinitatem,
1737 1219 1860 1274 quia
1902 1220 2041 1261 unus

447 1298 589 1353 Deus
604 1306 705 1361 est,
731 1295 1052 1367 signiﬁcavit
1072 1297 1360 1367 Apostolus
1380 1297 1568 1353 dicens
1591 1314 1606 1354 :
1634 1295 1679 1351 0
1706 1298 1928 1352 altitudo
1952 1299 2038 1352 di-

446 1391 685 1444 vitiarum
707 1390 977 1459 sapientiae
1002 1398 1053 1443 et
1072 1389 1302 1444 scientia:
1321 1388 1420 1443 Dei
1434 1390 1454 1443 !
1471 1406 1625 1459 quam
1647 1389 2041 1459 incomprehen-

446 1480 619 1536 sibilia
666 1489 786 1534 sunt
818 1480 1022 1550 judicia
1056 1480 1168 1550 ejus
1221 1488 1272 1535 et
1317 1481 1702 1552 investigabiles
1750 1482 1846 1534 vite
1891 1480 2039 1552 ejus!

450 1573 579 1636 Quis
598 1573 735 1627 enim
772 1574 1006 1643 cognovit
1036 1589 1242 1627 sensum
1277 1572 1510 1637 Domini,
1541 1583 1631 1628 aut
1657 1575 1772 1646 quis
1792 1576 2039 1629 consilia-

448 1663 560 1716 rius
582 1662 695 1733 ejus
725 1663 865 1734 fuit?
906 1672 997 1715 aut
1023 1664 1136 1735 quis
1163 1665 1307 1734 prius
1335 1663 1476 1718 dedit
1501 1664 1599 1730 illi,
1643 1674 1694 1719 et
1731 1666 2039 1720 retribuetur

2144 469 2257 524 lum
2286 485 2487 525 nomen
2528 470 2745 525 Domini
2772 469 2899 525 Jesu
2930 485 3248 536 memorare,
3290 474 3422 542 quod
3458 492 3607 547 neque
3628 483 3670 537 in

2142 560 2411 631 baptismo
2439 559 2687 630 Joannis,
2734 577 2912 631 neque
2961 562 3017 616 in
3048 562 3166 617 aliis
3207 562 3470 633 haptismis
3502 568 3673 629 Iudaici

2143 652 2278 707 ritus
2306 652 2749 709 interserebatur.
2780 653 3048 709 Czcterum
3069 653 3173 707 illis
3200 656 3410 711 sacratis
3436 661 3608 727 verbis,
3633 664 3676 720 id

2143 754 2247 811 est,
2288 745 2341 800 in
2373 746 2590 802 nomine
2617 743 2795 802 Patris
2819 756 2874 801 et
2901 746 3024 801 Filii
3052 756 3108 801 et
3135 745 3357 817 Spiritus
3389 754 3563 819 sancti,
3599 756 3677 809 ba-

2145 838 2332 908 ptizati
2360 838 2491 892 mihi
2519 838 2787 893 videntur.
2830 838 2940 893 Nec
2981 838 3307 894 mendaciter
3331 840 3532 909 dictum,
3559 847 3680 912 quod

2144 929 2307 998 absit,
2365 930 2655 986 existimo:
2682 930 2987 1001 Baptizatur
3026 932 3364 1003 unusquisque
3399 945 3594 989 vestrum
3633 939 3679 991 in

2143 1021 2352 1074 nomine
2377 1019 2503 1075 Jesu
2533 1019 2745 1083 Christi,
2778 1029 2871 1075 aut
2898 1020 3023 1090 quia
3064 1020 3317 1091 baptizati
3344 1032 3466 1077 sunt
3498 1025 3682 1093 quidam

2142 1109 2198 1164 in
2229 1109 2449 1165 nomine
2493 1110 2710 1164 Domini
2738 1110 2864 1165 lesu
2890 1128 2904 1163 :
2934 1112 3189 1180 quoniam
3220 1112 3500 1168 certissime
3535 1115 3580 1169 in
3606 1132 3682 1172 no—

2143 1201 2289 1258 mine
2314 1200 2446 1257 Jesu
2468 1202 2490 1233 ³
2515 1203 2859 1273 baptizabant
2888 1205 3143 1274 apostoli,
3175 1206 3277 1260 etsi
3333 1222 3436 1261 non
3471 1208 3518 1261 in
3545 1210 3685 1267 solius

2144 1290 2357 1348 Domini
2387 1291 2536 1358 Jesu,
2569 1293 2622 1349 id
2668 1286 2751 1349 est
2798 1294 2936 1357 Filii,
2970 1296 3189 1350 nomine
3234 1296 3576 1367 baptizabant,
3606 1316 3684 1355 ve-

2142 1401 2261 1439 rum
2304 1387 2469 1441 etiam
2502 1387 2555 1442 in
2586 1386 2761 1442 Patris
2803 1396 2859 1443 et
2900 1386 3133 1458 Spiritus
3175 1390 3365 1444 sancti.
3398 1391 3470 1446 Ae
3494 1407 3579 1461 per
3598 1393 3688 1449 hoc

2143 1478 2379 1534 arbitror
2406 1482 2570 1549 quod,
2618 1496 2740 1536 cum
2779 1481 3045 1553 baptisma
3089 1483 3468 1551 celebraretur,
3499 1486 3543 1538 in
3581 1487 3687 1554 ipsis

2142 1584 2360 1641 quoque
2393 1571 2619 1627 sacratis
2660 1572 2840 1628 verbis
2867 1574 3189 1628 servabatur
3234 1573 3324 1629 illa
3351 1575 3512 1629 forma
3550 1578 3691 1646 bapti-

2144 1662 2278 1729 smi;
2317 1662 2372 1717 in
2402 1663 2715 1718 narratione
2736 1679 2866 1718 vero
2896 1663 3220 1730 sufficiebat,
3259 1666 3325 1718 ad
3353 1666 3689 1721 discretionem

446 1755 531 1808 ei?
565 1752 822 1817 Quoniam
865 1771 931 1808 ea:
957 1756 1091 1825 ipso,
1143 1764 1192 1808 et
1237 1773 1329 1825 per
1367 1757 1557 1827 ipsum,
1600 1765 1651 1810 et
1695 1758 1749 1811 in
1776 1758 1889 1828 ipso
1918 1767 2038 1811 sunt
2070 1766 2114 1827 Β
2143 1751 2374 1806 aliorum
2418 1752 2833 1823 baptismatum,
2889 1754 3059 1810 solius
3110 1755 3328 1809 Domini
3358 1740 3500 1811 ‘Jesu
3543 1757 3692 1813 facere

446 1846 666 1899 omnia:
695 1846 797 1916 ipsi
824 1845 994 1917 gloria
1031 1847 1087 1900 in
1115 1848 1307 1901 stecula
1337 1846 1513 1917 (Rom.
1545 1865 1618 1914 xi,
1651 1849 1765 1918 55).
1815 1848 1892 1903 Ex
1918 1850 2035 1919 ipso

445 1938 651 2003 dicens,
681 1952 748 1992 ex
776 1936 965 2005 Patre;
989 1953 1088 2009 per
1133 1939 1308 2009 ipsum
1348 1955 1498 2005 vero,
1532 1956 1630 2010 per
1656 1940 1869 2007 Filium,
1900 1943 2038 1998 sicut

445 2030 573 2084 alibi
620 2030 787 2085 dicit:
820 2029 997 2085 Nobis
1032 2041 1206 2085 tamen
1252 2034 1389 2086 unus
1419 2031 1560 2086 Deus
1600 2033 1781 2095 Pater,
1825 2050 1892 2087 ea:
1937 2051 2036 2105 quo

446 2123 643 2189 omnia,
675 2129 725 2176 et
749 2137 846 2176 nos
873 2122 929 2175 in
956 2121 1049 2177 illo
1070 2122 1087 2153 ¹
1109 2138 1129 2189 ;
1158 2131 1209 2176 et
1252 2139 1383 2176 unus
1431 2121 1682 2178 Dominus
1706 2122 1860 2179 Iesus
1888 2124 2038 2178 Chri-

445 2225 576 2283 stus,
605 2232 696 2285 per
740 2231 891 2285 quem
918 2216 1113 2281 omnia,
1165 2225 1215 2270 et
1240 2233 1334 2270 nos
1374 2234 1466 2285 per
1494 2215 1733 2288 ipsum(l
1767 2215 1891 2272 Cor.
1923 2232 2036 2284 vui,

446 2306 523 2375 6).
557 2306 617 2360 In
641 2307 759 2376 ipso
780 2321 932 2373 vero,
965 2306 1019 2361 in
1067 2305 1270 2376 Spiritu
1298 2314 1487 2361 sancto
1512 2324 1525 2359 :
1551 2306 1618 2361 de
1644 2322 1753 2376 quo
1780 2307 2037 2365 Salomon

445 2398 522 2450 ait
554 2415 565 2449 :
597 2396 858 2460 Quoniam
877 2399 1090 2467 spiritus
1120 2396 1216 2451 Dei
1248 2399 1459 2468 replevit
1484 2398 1658 2452 orbem
1688 2407 1964 2465 terrarum,
1988 2410 2038 2455 et

446 2488 543 2541 hoc
571 2487 707 2557 quod
746 2488 973 2542 continet
1001 2488 1198 2552 omnia,
1229 2489 1501 2542 scientiam
1532 2488 1683 2542 habet
1718 2490 1853 2543 vocis
1879 2490 2034 2563 (Sap.

448 2592 485 2641 ι,
518 2576 602 2648 7);
646 2591 747 2632 nec
772 2577 919 2631 aliud
949 2586 1035 2632 est
1064 2578 1117 2632 in
1143 2578 1261 2647 ipso
1299 2592 1421 2633 esse
1460 2579 1661 2644 omnia,
1692 2579 1794 2634 nisi
1825 2581 1893 2635 ab
1921 2582 2039 2650 ipso

446 2668 629 2723 omnia
658 2667 944 2723 contineri.
994 2660 1127 2735 Quae
1170 2685 1290 2723 cum
1332 2669 1405 2723 ita
1443 2670 1571 2735 sint,
1607 2670 1881 2739 quomodo
1929 2686 2037 2725 non

447 2774 587 2815 unus
616 2775 683 2815 ex
714 2762 815 2816 hac
855 2759 1120 2815 Triuitate
1165 2769 1253 2816 est
1281 2760 1541 2817 Dominus
1568 2758 1726 2817 Jesus
1770 2760 2035 2828 Christus,

446 2865 589 2914 cum,
618 2850 759 2905 sicut
790 2852 1146 2917 ostendimus,
1178 2851 1318 2906 idem
1348 2852 1497 2907 dicat
1524 2851 1818 2922 Apostolus
1844 2871 1857 2907 :
1893 2852 2039 2908 Unus

446 2940 699 2997 Dominus
717 2942 870 2998 Iesus
900 2943 1156 3009 Christus,
1190 2962 1283 3015 per
1307 2962 1457 3018 quem
1495 2946 1691 3011 omnia,
1731 2956 1781 2999 et
1822 2962 1917 3001 nos
1946 2964 2039 3017 per

444 3035 654 3113 ipsum?
672 3035 804 3089 item
835 3051 957 3090 cum
982 3036 1097 3105 ipse
1127 3036 1386 3091 Dominus
1415 3034 1573 3091 Jesus
1598 3036 1864 3101 Christus,
1898 3039 2040 3093 hanc

2140 1842 2494 1898 mentionem.
2530 1842 2826 1913 Propterea
2856 1859 2986 1899 vero
3014 1844 3184 1899 credo
3210 1846 3353 1913 quod
3386 1846 3451 1900 de
3486 1847 3692 1900 omnium

2141 1934 2305 1988 trium
2353 1948 2709 2004 personarum
2749 1935 3295 2004 commemoratione,
3346 1936 3545 1992 Domini
3589 1936 3695 1991 lesu

2141 2042 2340 2082 nomen
2370 2027 2439 2083 ad
2466 2027 2846 2083 insinuandum
2878 2044 3075 2083 novum
3105 2029 3432 2098 baptismum
3453 2029 3604 2098 magis
3622 2045 3696 2085 as-

2139 2124 2411 2186 sumptum
2445 2124 2549 2183 est,
2575 2119 2831 2189 quoniam
2875 2118 2977 2188 ipsi
3006 2120 3407 2189 consepelimur
3433 2136 3524 2191 per
3547 2122 3697 2191 bapti-

2146 2223 2322 2263 smum
2350 2207 2405 2263 in
2434 2217 2685 2264 mortem.
2711 2209 3097 2265 Verumtamen
3144 2227 3256 2265 non
3286 2211 3565 2278 diceretur,
3598 2212 3698 2277 nisi,

2150 2307 2209 2353 ut
2231 2298 2345 2368 jam
2376 2300 2723 2365 assentimus,
2773 2316 2912 2355 unus
2940 2309 3084 2356 esset
3132 2317 3204 2355 ex
3252 2301 3509 2355 Trinitate
3545 2301 3699 2356 Domi-
3774 2346 3794 2368 ,

2142 2403 2241 2442 nus
2259 2386 2417 2443 Jesus
2437 2388 2705 2444 Christus.
2735 2388 2829 2445 His
2858 2390 3020 2458 igitur
3047 2399 3216 2460 atque
3262 2391 3381 2445 aliis
3408 2391 3705 2461 quampluri-

2142 2480 2244 2535 mis
2291 2472 2636 2545 informatus,
2686 2480 2998 2549 priusquam
3049 2481 3160 2536 hoc
3206 2496 3236 2534 a
3284 2496 3472 2550 magna
3524 2480 3702 2554 synodo

2142 2571 2570 2628 Chalcedonensi
2598 2572 2926 2641 appobatum
2969 2586 3088 2627 esse
3139 2588 3544 2641 cognoscerem,
3572 2588 3709 2628 unum

2144 2668 2213 2723 de
2243 2667 2509 2722 Trinitate
2537 2666 2738 2722 credidi
2781 2667 3065 2720 Dominum
3094 2665 3287 2721 Jesum
3317 2665 3576 2720 Christum
3602 2665 3709 2733 :qni

2151 2761 2292 2815 Deus
2321 2775 2388 2814 ex
2411 2759 2522 2814 Deo
2544 2768 2702 2813 natus
2731 2766 2857 2812 ante
2880 2758 3104 2819 siccula,
3144 2758 3293 2813 idem
3333 2759 3385 2812 in
3415 2756 3714 2828 plenitudine

2146 2862 2451 2921 temporum
2482 2851 2646 2905 homo
2673 2850 2743 2903 sit
2770 2857 2927 2903 natus
2956 2864 3023 2903 ex
3064 2848 3331 2917 Virgine;
3366 2859 3421 2903 et
3449 2850 3535 2919 qui
3567 2848 3714 2901 Patris

2144 2942 2385 2997 existens
2423 2941 2746 3009 unigenitus,
2781 2942 2954 2996 lactus
2987 2940 3056 2996 sit
3085 2940 3412 3009 unigenitus
3444 2940 3648 3004 matris;
3672 2945 3720 2991 ut

2143 3034 2370 3103 geminae
2409 3033 2559 3103 gigas
2586 3033 2917 3099 substantia},
2948 3034 3088 3088 sicut
3123 3033 3399 3089 intellexit
3427 3040 3480 3086 et
3513 3028 3719 3084 cantavit

445 3126 762 3183 Trinitatem
805 3130 959 3183 nobis
999 3130 1299 3197 insinuans,
1348 3130 1402 3185 in
1446 3128 1738 3199 Evangelio
1766 3129 2041 3199 discipulis
2067 3149 2112 3211 ρ
2144 3123 2489 3190 Ambrosius,
2545 3123 2825 3203 utriusque
2872 3138 3013 3177 vene
3059 3122 3373 3177 nativitatis
3421 3119 3717 3211 proprietate

442 3221 556 3278 suis
577 3222 812 3277 dixerit:
844 3221 1036 3277 Euntes
1073 3223 1251 3277 docete
1279 3239 1455 3278 omnes
1485 3233 1680 3295 gentes,
1712 3224 2037 3293 baptizantes

442 3329 529 3369 eos
555 3316 609 3368 in
634 3316 840 3369 nomine
869 3314 1049 3369 Patris
1080 3326 1128 3369 et
1150 3316 1279 3369 Filii
1298 3324 1348 3370 et
1373 3316 1602 3387 Spiritus
1622 3316 1790 3370 sancti
1820 3315 2035 3386 (Matth.

447 3420 633 3471 xxvm,
674 3404 799 3475 19);
825 3407 1099 3475 quomodo
1147 3405 1340 3462 Petrus
1383 3408 1661 3477 apostolus
1687 3406 1904 3461 Judzeos
1942 3423 2040 3463 ex-

446 3494 675 3550 hortans
713 3495 920 3551 diceret
960 3513 973 3549 :
1009 3494 1375 3550 Paenitentiam
1431 3498 1595 3568 agite,
1656 3506 1706 3550 et
1746 3497 2040 3567 baptizetur

442 3590 788 3659 unusquisque
813 3598 1035 3643 uestrum
1060 3591 1116 3644 in
1146 3591 1354 3645 nomine
1375 3590 1500 3644 Jesu
1521 3589 1740 3658 Christi,
1772 3591 1826 3643 in
1856 3591 2041 3644 remis-

440 3677 636 3731 sionem
661 3688 1006 3748 peccatorum,
1039 3689 1089 3734 et
1116 3683 1384 3750 accipietis
1419 3682 1611 3736 donum
1642 3681 1869 3751 Spiritus
1914 3698 2040 3736 san-

442 3768 511 3820 cti
543 3767 680 3837 (Act.
724 3786 783 3836 ιι,
832 3769 922 3840 58)
947 3771 970 3823 ?
999 3779 1089 3824 aut
1124 3770 1269 3840 quod
1303 3772 1464 3827 simul
1488 3774 1508 3804 ⁸
1540 3773 1593 3826 in
1640 3771 1842 3827 eisdem
1887 3771 2040 3829 Actis

442 3862 813 3930 apostolorum
861 3864 1057 3932 legitur
1102 3863 1252 3935 (Cap.
1307 3866 1441 3930 nisi,
1498 3864 1715 3935 quidam
1756 3864 2035 3935 discipuli,

439 3966 580 4019 quos
623 3952 741 4019 ejus
784 3955 1131 4024 coapostolus
1162 3953 1360 4009 Paulus
1390 3954 1585 4026 Ephesi
1623 3956 1823 4024 reperit
1854 3954 2035 4024 bapti-

441 4058 560 4099 smo
591 4052 797 4099 tantum
835 4043 1061 4100 Joannis
1092 4047 1347 4112 imbutos,
1378 4047 1446 4101 ab
1473 4061 1540 4100 eo
1571 4046 1831 4100 admoniti
1859 4046 2039 4115 bapti-

441 4144 697 4191 zarentur
725 4139 777 4191 in
825 4138 1042 4193 nomine
1071 4138 1285 4192 Domini
1312 4136 1459 4203 Jcsu,
1493 4138 1539 4194 si
1584 4154 1693 4193 non
1726 4154 1864 4193 unus
1891 4145 2036 4194 esset

437 4242 504 4280 cx
530 4225 814 4294 Trinitate,
868 4228 923 4281 in
970 4242 1076 4296 qua
1127 4235 1334 4282 tantum
1389 4227 1649 4296 baptizari
1705 4235 2033 4299 praeceptum

436 4325 540 4379 cst,
574 4317 831 4373 Dominus
853 4317 1009 4374 Jesus
1036 4317 1318 4373 Christus?
1343 4319 1499 4385 Quod
1528 4327 1709 4373 autem
1740 4319 1791 4372 in
1815 4318 2034 4374 nomine

440 4406 649 4462 Domini
677 4408 804 4463 Jesu
826 4419 852 4447 ι
880 4410 932 4463 hi
975 4426 1115 4479 quos
1145 4411 1566 4466 memoravimus
1606 4410 1863 4481 baptizati
1906 4425 2034 4464 nar-

2143 3214 2397 3270 credatur
2418 3255 2434 3281 ,
2467 3214 2644 3285 sitque
2664 3212 3150 3269 consubstantialis
3175 3214 3327 3269 Patri
3358 3214 3638 3268 secundum
3656 3209 3719 3263 di-

2142 3305 2446 3368 vinitatem,
2499 3312 2554 3358 et
2581 3303 3056 3358 consubstantialis
3100 3305 3273 3359 matri
3317 3301 3608 3359 secundum
3642 3302 3723 3354 hu-

2140 3396 2457 3451 manitatem
2486 3413 2499 3449 :
2523 3404 2578 3451 et
2602 3395 2743 3451 sicut
2772 3395 2893 3450 ideo
2918 3396 3417 3450 consubstantialis
3448 3394 3584 3448 Patri
3624 3407 3725 3447 cre—

2141 3485 2325 3551 ditur,
2367 3486 2493 3556 quia
2536 3487 2784 3556 proprius
2829 3485 2948 3554 ejus
2993 3494 3049 3540 et
3098 3502 3272 3541 verus
3301 3496 3389 3540 est
3436 3485 3625 3547 Filius,
3664 3482 3727 3536 sic

2140 3580 2301 3634 etiam
2344 3579 2504 3633 matri
2562 3586 2851 3648 propterea
2912 3578 3410 3634 consubstantialis
3467 3577 3728 3639 credatur,

2140 3672 2264 3741 quia
2294 3672 2549 3742 proprius
2577 3671 2741 3726 etiam
2770 3670 2887 3739 ejus
2915 3685 2970 3726 et
2996 3687 3166 3728 verus
3197 3680 3287 3727 cst
3317 3671 3481 3739 ﬁlius.

2750 3870 2982 3927 CAPUT
3019 3872 3115 3927 Ν.

2142 3989 2296 4056 Quod
2322 3988 2468 4042 beata
2500 3986 2671 4041 Maria
2698 4002 2812 4041 uere
2850 4005 2911 4041 ac
2937 3988 3152 4055 proprie
3189 3989 3257 4039 sit
3289 3998 3458 4040 mater
3495 3985 3733 4056 Dei,_c0a-

2210 4071 2287 4113 ινα
2308 4061 2559 4131 quosdam
2588 4059 2867 4131 catholicos
2895 4052 3157 4131 utcontra
3188 4058 3565 4131 Nestorimtos.
3605 4052 3735 4131 lira:

2210 4127 2472 4184 minantur
2520 4130 2748 4195 Hilarii,
2780 4129 3055 4200 Augustini
3122 4140 3173 4183 et
3218 4130 3437 4198 Leporii
3484 4127 3737 4197 presbyteri

2208 4204 2519 4256 testimonia.

2211 4317 2332 4371 Veri
2378 4324 2558 4372 autem
2587 4327 2644 4372 et
2671 4317 2874 4387 proprii
2919 4316 3009 4370 lilii
3040 4318 3172 4386 quis
3204 4318 3313 4372 nisi
3349 4312 3743 4372 absurdissimus

2133 4416 2297 4479 neget
2323 4424 2454 4464 vere
2474 4419 2531 4464 et
2559 4409 2778 4480 proprie
2799 4424 2918 4464 esse
2944 4418 3185 4464 matrem
3202 4411 3229 4463 ?
3252 4409 3407 4478 quod
3434 4422 3585 4478 teque
3610 4417 3743 4456 mon-

440 4505 646 4559 rantur,
682 4513 787 4552 non
819 4515 885 4554 eo
912 4500 1240 4555 credendum
1272 4500 1526 4569 arbitror,
1556 4500 1682 4570 quia
1711 4516 1819 4555 non
1846 4500 1899 4554 in
1931 4516 2031 4554 no-
2064 4535 2112 4593 n
2136 4500 2422 4556 stravimus
2468 4515 2675 4568 magum
2719 4498 2909 4571 synodi
2954 4498 3447 4554 Chalcedonensis
3490 4493 3745 4551 sententia:

437 4587 583 4642 mine
610 4588 787 4644 Patris
820 4599 875 4643 et
904 4590 1022 4645 Filii
1052 4599 1109 4645 et
1134 4591 1368 4661 Spiritus
1393 4592 1562 4646 sancti
1587 4580 1843 4659 baptizati
1882 4597 2027 4653 sunt,

436 4688 495 4733 ut
523 4681 687 4735 etiam
731 4682 785 4736 in
814 4683 944 4752 ipsis
971 4692 1281 4737 servaretur
1310 4683 1487 4737 verbis
1512 4698 1543 4736 a
1572 4682 1799 4737 Domino
1829 4681 2033 4736 consti—

438 4780 551 4827 tuta
585 4773 756 4829 forma
785 4775 1066 4845 baptismi;
1099 4777 1194 4831 sed
1224 4776 1347 4845 quia
1378 4775 1482 4830 hoc
1508 4781 1625 4828 erat
1654 4773 2033 4828 insinuandum

435 4865 581 4933 quod
602 4866 873 4937 baptismo
902 4883 1044 4923 novo
1073 4866 1272 4922 fuerint
1292 4866 1548 4937 baptizati
1566 4904 1580 4931 ,
1611 4863 1862 4920 sufﬁcere
1892 4863 2033 4919 iudi-

507 5050 670 5122 "_Al_ia
702 5050 799 5104 fuit
827 5051 1094 5106 sententia
1135 5052 1308 5106 sancti
1356 5052 1649 5120 Ambrosii,
1673 5055 1763 5122 qui
1806 5056 1859 5110 in
1888 5056 2026 5111 libro

434 5117 503 5201 de
529 5118 728 5201 Spiritu
748 5131 955 5187 sancto,
981 5138 1099 5191 cap.
1124 5122 1178 5201 ἵε,
1200 5124 1475 5201 apostolos
1493 5117 1704 5201 censuit
1730 5126 1783 5179 in
1809 5128 2027 5182 nomine

436 5187 645 5262 Domini
674 5189 799 5244 Jesu
823 5187 1198 5248 tantummodo
1225 5187 1529 5261 haptizasse
1556 5212 1567 5247 :
1592 5195 1811 5262 plenum
1844 5204 2025 5252 tamen

436 5258 599 5333 fuisse
626 5262 958 5333 mysterium,
989 5264 1113 5331 quia
1139 5264 1231 5333 qui
1260 5258 1424 5318 unum
1456 5258 1669 5328 dixerit,
1702 5264 2025 5321 Trinitatem

436 5328 881 5412 signavit.’_Q-uod
911 5328 1084 5412 ipsum
1136 5328 1189 5387 in
1235 5334 1371 5389 libro
1412 5335 1485 5412 de
1525 5334 2026 5412 TrinitateuLatine

438 5400 812 5477 tantumedito
835 5400 1123 5477 scripserat
1151 5414 1371 5477 sanctus
1397 5405 1741 5477 Athanasius.
1769 5404 2024 5477 Nunquid

436 5470 893 5546 pryvqricatores,
946 5473 1149 5546 inquit,
1185 5475 1421 5529 mandati
1467 5475 1757 5546 Saluatoris
1805 5470 2032 5546 apostoli

434 5539 625 5611 e/I'ecti,
660 5550 710 5593 et
737 5548 917 5596 contra
958 5539 1289 5600 traditionem
1318 5548 1431 5618 ejus
1461 5545 1787 5618 baptizaruat
1827 5539 2033 5604 tantum

514 5712 685 5767 ‘Cod.
721 5713 946 5779 Verum,
974 5716 1026 5768 in
1058 5717 1226 5770 illum.

509 5786 530 5816 ’
551 5783 699 5842 Idem
727 5784 876 5855 cod.,
903 5788 1161 5839 similiter.

2139 4591 2463 4660 convenire,
2492 4599 2549 4646 et
2595 4606 2696 4647 nos
2736 4590 2972 4646 secundo
3002 4592 3340 4661 partitionis
3370 4592 3496 4646 loco
3524 4584 3745 4659 promisi-

2138 4699 2257 4739 mus
2283 4692 2606 4738 asscrturos.
2657 4682 3040 4738 insinuandum
3088 4699 3237 4737 vero
3286 4692 3380 4737 est
3439 4681 3587 4751 quod
3631 4679 3747 4732 hanc

2137 4790 2352 4845 quoque
2381 4775 2777 4830 confessionem
2826 4791 2930 4844 qua
2984 4774 3219 4829 beatam
3266 4774 3502 4829 Mariam
3544 4785 3664 4825 vere
3703 4770 3747 4818 et

2134 4867 2354 4938 proprie
2382 4867 2611 4922 dicimus
2641 4874 2868 4921 matrem
2900 4868 3015 4935 Dei,
3045 4867 3291 4937 quidam
3329 4869 3502 4925 etiam
3530 4875 3750 4921 commu~

2130 5060 2555 5113 multitudinem?
2584 5059 2707 5114 Non
2751 5061 2889 5113 enim
2915 5061 3177 5127 scriptum
3235 5068 3321 5114 est
3366 5056 3654 5127 baptisasse
3680 5063 3750 5102 (σε

2130 5130 2186 5182 in
2216 5132 2422 5184 nomine
2452 5130 2629 5183 Patris
2661 5139 2711 5183 et
2754 5129 2881 5183 Filii
2910 5139 2958 5183 et
3002 5125 3257 5198 Spiritus
3288 5125 3491 5193 sancti,
3538 5125 3625 5178 sed
3651 5129 3746 5198 tmt-

2134 5208 2241 5254 tum
2276 5203 2330 5255 in
2360 5203 2567 5254 nomine
2596 5200 2809 5270 Domini
2850 5197 3316 5270 lesu._Nunquid
3347 5216 3476 5269 (rgo
3520 5197 3749 5270 primari-

2131 5272 2234 5323 cati
2268 5273 2428 5325 sunt?
2456 5270 2623 5325 Absit.
2662 5269 2807 5323 Nam
2839 5271 2957 5323 licet
3000 5267 3138 5323 Filii
3170 5259 3373 5324 nomen
3409 5259 3751 5338 tantummodo

2130 5341 2354 5402 dicatur,
2384 5342 2537 5395 habet
2554 5351 2727 5395 tamen
2758 5350 2808 5395 et
2835 5341 3047 5393 Patrem
3074 5350 3129 5392 et
3157 5340 3436 5409 Spiritum
3467 5341 3751 5410 pronuntiaf

2132 5419 2259 5466 tum.
2283 5400 2349 5465 ln'
2370 5413 2561 5467 eadem
2593 5428 2811 5479 quoque
2841 5410 3116 5465 sententia
3156 5400 3255 5467 est
3284 5400 3603 5467 Ferraadus
3627 5400 3748 5457 idem

2137 5481 2403 5541 diaconus
2427 5483 2481 5536 in
2510 5483 2742 5553 epistola
2769 5482 2836 5536 ad
2869 5480 3215 5537 Anatolium.

2218 5719 2237 5751 ⁸
2258 5717 2403 5775 ldcm
2434 5717 2553 5775 cod.
2566 5760 2579 5786 ,
2606 5718 2823 5775 Domini
2845 5718 2987 5773 Jesu.
