3938 6196
249 321 329 377 5H
1106 319 1239 406 PRO
1278 320 1699 378 DEFENSIOXE
1739 320 1954 377 TRIUM
1994 321 2310 379 CAPITUL.
2341 323 2468 382 LIB.
2510 325 2550 379 I.

3406 332 3510 387 552.

246 435 466 491 nicantes
502 432 755 491 Ecclesia:
784 442 809 469 "
851 438 1042 505 putent
1069 450 1176 490 non
1205 434 1404 490 debere
1429 436 1661 505 suscipi,
1693 451 1817 491 cum
1846 437 1897 498 Α
1922 447 2095 503 catur,
2128 448 2304 494 utrum
2328 455 2454 495 vere
2480 449 2536 495 et
2558 440 2797 510 proprie,
2822 458 2889 496 an
2918 445 3279 515 nuncupativc
3308 448 3359 502 et
3389 464 3515 518 per-

244 528 529 584 Nestorium
566 526 857 592 fateantur,
887 534 1114 597 propter
1137 528 1281 595 quod
1309 540 1431 582 eam
1459 534 1686 582 matrem
1716 527 1817 584 Dei

245 619 469 691 negabat,
500 618 747 674 debuisse
768 618 1032 673 damnari.
1057 616 1283 687 Quibus,
1311 626 1599 687 antequam
1625 616 1817 673 Nesto-

244 711 390 767 riauis
416 709 871 778 respondeamus,
900 708 1333 777 respondendum
1367 711 1381 740 ¹
1414 717 1565 780 puto,
1597 708 1735 765 sicut
1762 718 1819 763 et

245 805 290 859 in
312 801 581 872 superiore
602 802 898 869 qumstione
920 800 1029 869 jam
1059 797 1259 855 factum
1288 809 1390 863 est,
1422 801 1570 870 quod
1596 802 1817 856 omnino

246 894 444 949 stultum
492 908 556 947 ac
588 900 741 960 turpe
787 891 886 954 sit,
939 899 995 945 et
1039 891 1541 945 condemnationem
1588 891 1818 959 probare

245 985 488 1049 Nestorii,
538 992 595 1036 et
640 982 854 1036 beatam
881 980 1105 1035 Mariam
1152 994 1350 1048 negare
1399 979 1541 1048 quod
1590 995 1717 1035 vere
1764 990 1819 1035 et

246 1078 441 1148 proprie
483 1077 555 1129 sit
604 1083 777 1129 mater
815 1074 930 1128 Dei.
984 1073 1115 1127 Nam
1161 1074 1208 1128 si
1247 1088 1352 1143 qua
1404 1073 1532 1129 hinc
1573 1089 1691 1129 esse
1721 1088 1819 1143 po-

245 1166 615 1234 tuitquazstio,
645 1180 768 1219 cum
799 1164 915 1234 ipso
962 1162 1213 1219 Nestorio
1253 1163 1414 1218 simul
1442 1164 1659 1219 exclusa
1705 1173 1815 1231 est,

245 1261 321 1330 qui
347 1275 469 1314 eam
522 1268 749 1313 matrem
800 1254 891 1312 Dei
940 1272 1061 1313 esse
1114 1257 1364 1326 negabat.
1419 1256 1535 1312 Iloc
1579 1258 1720 1311 enim
1766 1265 1822 1312 et

244 1351 299 1406 ad
331 1350 657 1407 credendum
698 1347 939 1418 difﬁcile,
982 1357 1039 1404 et
1066 1348 1286 1416 dignum
1328 1350 1699 1419 controversia
1744 1349 1822 1403 vi-

242 1444 474 1507 debatur,
533 1450 709 1497 utrum
758 1441 928 1496 Deum
975 1441 1063 1495 illa
1113 1441 1265 1508 virgo
1306 1440 1606 1508 genuerit:
1656 1449 1819 1496 cmte-

241 1551 346 1590 rum
396 1533 541 1605 quod
594 1548 718 1591 vere
755 1540 812 1587 et
856 1533 1072 1602 proprie
1111 1532 1386 1601 genuerit,
1436 1531 1693 1601 quidquid
1737 1540 1823 1588 est

244 1628 320 1682 ille
338 1641 501 1695 quem
530 1627 736 1696 genuit,
767 1626 896 1681 nulli
920 1629 937 1656 ²
969 1625 1186 1695 dignum
1218 1624 1621 1695 disceptationis
1657 1640 1824 1694 appa-

242 1730 330 1776 ret.
361 1720 466 1786 Qui
496 1733 626 1788 ergo
667 1719 973 1774 concedunt
1021 1719 1149 1787 quia
1186 1718 1355 1772 Deum
1389 1717 1552 1786 Virgo
1595 1718 1815 1785 genuit,

1922 532 2208 587 functorie.
2242 532 2395 598 Quod
2423 533 2468 587 si
2499 533 2686 589 dicunt
2714 551 2819 589 non
2850 550 2967 592 esse
2996 552 3330 606 conSt-quens
3360 549 3437 607 ut,
3467 539 3512 597 si

1921 638 2049 679 vere
2077 632 2133 678 et
2157 624 2374 693 proprie
2405 638 2508 679 non
2534 625 2633 690 sit,
2664 626 3027 695 nuncupative
3054 636 3109 682 et
3150 629 3515 698 perfunctorie

1922 716 1993 771 sit
2019 723 2192 769 mater
2234 714 2351 779 Dei,
2406 715 2508 785 ipsi
2548 715 2727 770 dicant
2770 717 2988 771 modum
3026 734 3137 788 quo
3178 728 3365 774 contra
3414 737 3515 778 nos

1923 809 2259 880 pmdicanda
2304 808 2376 863 sit
2416 815 2592 862 mater
2630 808 2744 863 Dei.
2778 806 2962 863 Omnis
2989 809 3131 863 enim
3161 810 3251 878 qui
3294 811 3514 866 alterius

1923 900 2292 970 przedieationi
2323 907 2607 969 repugnat,
2636 899 2816 955 dicere
2843 899 3006 955 debet
3032 900 3229 969 aliquid
3258 902 3401 969 quod
3422 910 3516 957 aut

1922 992 2251 1047 contrarium
2295 991 2345 1046 ei
2383 992 2453 1045 sit
2500 1000 2593 1045 aut
2638 990 2929 1046 diversum.
2962 991 3113 1046 Sicut
3141 992 3165 1025 '
3194 993 3403 1049 Arianis
3428 995 3515 1049 di-

1923 1082 2167 1137 centibus
2211 1081 2353 1150 quod
2384 1082 2562 1137 minor
2590 1080 2749 1136 Patre
2776 1083 2845 1136 sit
2874 1081 3056 1147 Filius,
3089 1091 3275 1139 contra
3305 1100 3405 1140 nos
3429 1085 3515 1139 di-

1924 1173 2096 1227 cimus
2122 1172 2267 1241 quod
2295 1171 2519 1240 mqualis
2546 1172 2598 1226 ei
2641 1171 2709 1226 sit
2732 1188 2746 1235 ;
2776 1171 2919 1226 sicut
2947 1171 3250 1227 Manicbaris
3285 1174 3517 1229 dicenti-

1922 1264 2023 1318 bus
2047 1263 2190 1331 quod
2220 1263 2577 1333 phantastica,
2611 1262 2662 1317 id
2683 1272 2768 1318 est
2788 1262 2915 1317 falsa
2938 1278 3066 1318 caro
3094 1265 3253 1319 fuerit
3277 1265 3513 1334 ejusdem

1925 1354 2045 1411 Filii
2065 1354 2180 1418 Dei.
2199 1362 2389 1410 contra
2410 1368 2511 1409 nos
2529 1352 2756 1409 dicimus
2776 1353 2921 1422 quod
2944 1354 2996 1407 in
3021 1369 3148 1409 vera
3166 1369 3330 1409 carne
3350 1355 3515 1412 homo

1924 1445 2084 1501 fuerit
2113 1446 2283 1501 factus
2308 1462 2321 1498 :
2352 1453 2515 1516 atque
2542 1445 2617 1499 ita
2647 1452 2702 1500 et
2730 1445 2805 1499 illi
2848 1445 3112 1511 vicissim,
3143 1447 3516 1517 impugnantes

1923 1537 2070 1607 quod
2096 1551 2283 1593 verum
2311 1544 2396 1593 est
2422 1543 2585 1605 atque
2612 1535 2936 1592 catholicum
2956 1578 2970 1602 ,
3021 1537 3289 1592 afﬁrmant
3316 1540 3515 1609 aliquid

1924 1644 2101 1684 suum.
2133 1629 2245 1685 Nec
2268 1629 2553 1698 quisquam
2581 1627 2738 1684 aliter
2765 1627 3027 1684 doctrinae
3047 1630 3250 1685 resistit
3276 1631 3518 1704 alterius,

1925 1720 2028 1775 nisi
2070 1728 2262 1777 contra
2308 1719 2511 1789 aliquid
2538 1720 2684 1774 dicat
2715 1738 2728 1773 :
2762 1736 2881 1775 cum
2911 1736 3042 1776 vero
3071 1722 3270 1790 aliquid
3298 1732 3518 1778 contra-

242 1809 373 1880 QM
395 1809 700 1878 ἰηωρειὺίιθ
719 1817 823 1877 εει,
854 1818 909 1862 ει
933 1809 1086 1862 Ullius
1107 1808 1451 1876 Singulariter
1491 1809 1700 1874 matris,
1726 1825 1822 1864 cur
1856 1831 1902 1890 Β
1926 1814 2156 1881 dixerit,
2200 1824 2313 1869 tum
2360 1814 2575 1869 demum
2623 1814 2668 1869 si
2697 1815 3043 1883 acccptabilis
3087 1816 3159 1869 sit
3187 1816 3275 1869 illa
3302 1828 3518 1870 contra-

244 1919 349 1959 eam
372 1908 579 1971 negant
598 1917 727 1957 vere
753 1909 812 1957 et
832 1901 1047 1970 proprie
1071 1901 1340 1968 genuisse,
1372 1900 1517 1967 quod
1539 1915 1825 1955 commune

243 1995 480 2050 omnibus
505 1993 787 2059 matribus,
812 2001 870 2047 et
898 1993 1093 2047 nullius
1116 1992 1335 2060 dignum
1365 1999 1448 2047 est
1474 1992 1824 2060 quaestionis?

240 2085 299 2142 Et
320 2087 520 2143 audent
546 2088 768 2156 insuper
791 2086 916 2151 hoc,
942 2085 1086 2153 quod
1110 2085 1337 2139 dicimus
1364 2085 1577 2139 beatam
1605 2084 1825 2139 Mariam

243 2195 355 2236 vere
380 2188 443 2235 et
470 2180 687 2251 proprie
715 2187 939 2233 matrem
963 2178 1081 2245 Dei,
1112 2176 1446 2249 Eutychiano
1473 2177 1710 2246 dogmati
1734 2176 1827 2232 de-
1858 2222 1867 2229 .

242 2278 445 2339 putare,
480 2286 587 2324 non
615 2269 973 2337 intelligentcs
998 2284 1173 2339 neque
1197 2283 1319 2337 quae
1357 2268 1666 2338 loquuntur,
1691 2269 1829 2325 sicut

240 2361 354 2415 dicit
394 2359 691 2430 Apostolus
723 2359 776 2430 (Ι
810 2358 943 2413 Tim.
976 2375 1024 2425 ι,
1056 2359 1134 2429 '7),
1166 2375 1340 2429 neque
1368 2361 1435 2414 de
1458 2360 1651 2429 quibus
1679 2359 1825 2414 aﬂir-

242 2464 410 2522 mant,
445 2470 568 2508 cum
598 2460 788 2508 sancta
834 2451 1288 2507 Chalcedonensis
1326 2453 1595 2524 synodus,
1643 2468 1674 2507 a
1720 2466 1825 2521 qua

241 2544 341 2613 ipse
367 2544 662 2598 damnatus
689 2551 771 2598 est
799 2541 1089 2613 Eutyches,
1121 2542 1260 2597 sicut
1287 2543 1705 2598 memoravimus
1735 2541 1827 2614 (In

240 2637 443 2692 auocat.
472 2637 543 2689 ad
572 2634 880 2707 Marciam),
903 2634 1042 2691 dicat
1069 2653 1081 2688 :
1120 2655 1138 2687 ‹
1169 2634 1450 2701 Quomodo
1473 2635 1568 2689 Dei
1595 2636 1829 2702 genitrix

238 2727 299 2780 sit
325 2727 483 2795 virgo
517 2727 748 2780 vocitata
780 2736 1001 2796 propter
1027 2741 1150 2782 eum
1193 2726 1283 2794 qui
1313 2726 1670 2793 virginitatem
1713 2724 1830 2795 ejus

242 2816 488 2886 dignatus
518 2825 602 2871 est
626 2818 786 2879 etiam
819 2833 1037 2872 sacrare
1067 2826 1193 2886 post
1213 2825 1459 2886 partum,
1488 2816 1826 2885 vulvamque,

238 2914 292 2960 ut
322 2906 561 2962 decebat
607 2905 795 2971 Deum,
828 2908 1135 2973 integritate
1170 2907 1411 2973 signare,
1445 2907 1715 2976 quomodo
1741 2922 1831 2962 se-

239 2996 472 3051 cundum
514 2997 797 3051 veritatem
841 3005 1016 3050 mater
1043 2995 1185 3049 dicta
1229 2997 1299 3052 sit
1342 3004 1562 3066 pr0pter
1590 3012 1832 3066 carnem,

238 3105 385 3159 quam
447 3105 517 3143 ex
564 3104 625 3144 se
675 3089 912 3143 omnium
965 3088 1194 3143 Domino
1245 3088 1587 3143 ministravit.
1626 3109 1644 3140 ι
1696 3087 1832 3143 Cum

1928 1905 2113 1971 dictio,
2142 1905 2477 1975 disquiritur.
2511 1903 2711 1960 Horum
2736 1922 2864 1959 vero
2890 1907 2982 1975 qui
3012 1921 3110 1961 nos
3138 1907 3426 1976 prohibent
3447 1908 3519 1961 di~

1928 2014 2053 2054 cere
2073 2013 2200 2053 vere
2228 2006 2286 2052 et
2312 1996 2530 2067 proprie
2558 2004 2782 2051 matrem
2810 1996 2904 2051 Dei
2934 1996 3176 2061 Mariam,
3209 2013 3310 2051 nec
3337 1997 3519 2052 dicunt

1928 2088 2221 2144 secundum
2253 2103 2415 2157 quem
2447 2086 2667 2140 modum
2691 2085 2918 2140 dicenda
2948 2085 3018 2140 sit
3045 2096 3219 2140 mater
3247 2086 3372 2154 Dei,
3413 2102 3519 2141 non

1929 2187 2014 2233 est
2041 2177 2387 2247 quaerendum
2417 2176 2461 2231 si
2491 2176 2838 2246 acceptabilis
2866 2176 2938 2231 sit
2964 2176 3339 2232 contradictio.
3385 2177 3520 2231 Nam

1930 2269 2021 2341 qui
2050 2277 2241 2324 contra
2270 2268 2401 2322 nihil
2428 2266 2634 2336 dicunt,
2668 2266 2938 2336 quomodo
2966 2266 3053 2320 vel
3090 2266 3271 2322 dicere
3300 2267 3520 2322 videan-

1932 2362 2055 2416 tur?
2101 2358 2168 2413 Et
2195 2359 2317 2414 ideo
2361 2374 2467 2412 non
2501 2367 2607 2411 tam
2639 2357 2964 2412 laboriosum
3004 2358 3181 2413 studio
3225 2367 3409 2414 nostro
3437 2370 3521 2414 est

1932 2467 2118 2506 eorum
2145 2449 2461 2507 absurditati
2488 2449 2757 2513 resistere,
2788 2462 2950 2515 quam
2975 2448 3355 2502 existimationi
3381 2449 3521 2518 peri-

1933 2542 2199 2605 culosum,
2227 2556 2293 2595 ne
2313 2540 2591 2594 videamur
2612 2535 2880 2608 superﬂue
2900 2553 3005 2591 non
3031 2537 3521 2593 contradicentibus

1933 2631 2281 2701 respondere.
2325 2628 2579 2697 Quamvis
2624 2639 2800 2683 autem
2843 2637 3100 2697 negantes
3128 2628 3232 2682 hoc
3278 2638 3520 2682 nostrum

1933 2719 2078 2790 quod
2116 2720 2358 2783 dicimus,
2390 2733 2517 2774 vere
2545 2727 2600 2773 et
2628 2719 2843 2789 proprie
2874 2734 2991 2772 esse
3020 2726 3245 2772 matrem
3289 2718 3381 2773 Dei
3411 2717 3521 2771 Ma-

1934 2811 2099 2875 riam,
2151 2812 2282 2865 nihil
2328 2811 2587 2866 hactenus
2638 2809 3023 2863 aflirmaverint
3063 2825 3240 2877 suum,
3290 2810 3521 2865 interro-

1935 2903 2093 2973 gandi
2123 2911 2248 2957 sunt
2289 2910 2466 2956 tamen
2510 2911 2708 2967 utrum,
2741 2901 2881 2970 quod
2915 2901 3219 2955 necessario
3259 2902 3522 2970 sequitur,

1938 2998 2021 3052 vel
2049 3011 2244 3066 negare
2272 2996 2505 3051 audeant
2533 2994 2676 3064 quod
2707 3010 2804 3048 nos
2834 2994 3121 3063 prohibent
3160 2993 3399 3048 conﬁteri
3420 3034 3434 3059 ,
3468 3001 3523 3048 ut

1938 3090 2118 3144 addita
2151 3089 2434 3157 negatione
2461 3087 2643 3142 dicant
2664 3102 2780 3139 eam
2812 3102 2918 3140 non
2942 3101 3068 3141 vere
3093 3095 3149 3140 ct
3174 3087 3387 3155 proprie
3412 3102 3523 3139 ma-

237 3180 409 3248 igitur,
447 3190 509 3235 ut
536 3181 623 3235 isti
652 3179 838 3234 Patres
865 3179 1193 3245 docuerunt,
1224 3188 1509 3249 pr0pterea
1536 3178 1829 3235 secundum
1858 3205 1904 3266 C
1938 3193 2075 3237 trem
2108 3182 2221 3236 Dei.
2254 3180 2319 3234 Et
2342 3180 2454 3249 jam
2484 3195 2589 3234 non
2619 3179 2793 3233 dicant
2816 3194 2974 3234 aures
3001 3179 3409 3247 catholicorum,
3431 3180 3525 3234 sed

238 3272 521 3326 veritatem
566 3279 739 3325 mater
780 3271 801 3302 ⁸
852 3270 994 3325 dicta
1053 3271 1150 3334 sit,
1204 3271 1329 3340 quia
1384 3285 1601 3327 carnem
1654 3286 1719 3325 ex
1771 3285 1832 3325 se

236 3361 477 3416 omnium
517 3360 746 3416 Domino
775 3361 1117 3427 ministravit,
1146 3362 1292 3430 quod
1322 3360 1594 3433 Eutyches
1647 3370 1829 3429 negat,

235 3453 511 3522 quomodo
540 3460 760 3522 putatur
798 3451 1134 3524 Eutycbiano
1163 3453 1401 3523 dogmati
1432 3452 1828 3523 deputandum,

234 3546 311 3598 cui
338 3546 519 3613 magis
564 3544 835 3598 invenitur
862 3558 981 3599 esse
1008 3544 1379 3598 contrarium?
1408 3543 1524 3597 Non
1567 3544 1708 3597 enim
1735 3558 1829 3612 po-

236 3644 330 3690 test
355 3636 582 3691 beatam
610 3635 881 3704 Virginem
911 3651 1038 3690 vere
1063 3644 1120 3689 ct
1148 3636 1366 3706 proprie
1394 3636 1575 3691 dicere
1605 3645 1833 3690 matrem

234 3727 358 3798 Dei,
393 3731 498 3785 sed
532 3730 893 3799 nuncupative
921 3730 1098 3800 potius
1144 3745 1208 3784 ac
1247 3729 1642 3799 perfunctorie,
1672 3744 1832 3797 quam

238 3833 338 3876 non
358 3822 538 3878 credit
560 3837 779 3876 carnem
801 3837 867 3875 ex
890 3836 949 3875 se
969 3821 1208 3877 omnium
1232 3820 1460 3875 Domino
1483 3820 1834 3874 ministrasse.

238 3909 349 3966 Non
398 3928 534 3981 ergo
564 3912 937 3966 Nestorianam
970 3910 1174 3965 tantum
1196 3953 1211 3977 ,
1244 3927 1430 3967 verum
1461 3912 1623 3965 etiam
1668 3909 1834 3982 Euty-

238 4001 485 4057 cliianam
516 4002 761 4065 haeresim
791 4002 1021 4057 destruit
1049 4002 1149 4056 ista
1178 4001 1467 4070 confessio,
1498 4021 1603 4073 qua
1641 4004 1838 4058 dicitur

235 4091 389 4147 beata
438 4094 608 4147 Maria
639 4108 764 4147 vere
792 4102 847 4147 ct
876 4093 1093 4164 proprie
1123 4104 1293 4149 mater
1337 4095 1452 4149 Dei.
1485 4095 1638 4162 Quod
1665 4097 1707 4150 si
1738 4111 1838 4151 nos

237 4193 397 4237 recta:
428 4182 555 4237 lidei
601 4198 718 4237 esse
748 4199 856 4237 non
886 4186 1111 4239 credunt
1132 4227 1147 4253 ,
1177 4193 1231 4239 et
1259 4185 1457 4255 aliquid
1501 4187 1841 4256 suspicantur

238 4274 288 4328 in
318 4277 405 4331 bis
434 4276 618 4331 verbis
648 4277 934 4341 occulere,
981 4277 1254 4345 inquirant
1300 4294 1329 4331 a
1380 4279 1533 4334 nobis
1560 4280 1614 4333 id
1662 4280 1837 4349 ipsum

238 4370 693 4437 quemadmodum
715 4370 928 4437 volunt,
962 4379 1015 4423 et
1040 4370 1548 4439 interrogationibus
1576 4371 1686 4425 suis
1707 4371 1837 4439 quid

232 4462 537 4517 sentiamus
565 4461 803 4516 eliciant.
836 4460 892 4515 Si
935 4469 1112 4515 autem
1158 4459 1228 4515 de
1269 4461 1593 4515 rectitudine
1621 4461 1838 4529 quidem

1935 3273 2084 3330 frons
2115 3273 2325 3328 illorum
2370 3271 2540 3337 ferat,
2570 3270 2616 3324 si
2644 3276 2844 3339 potest,
2877 3269 3016 3323 hanc
3045 3268 3321 3339 Profanam
3348 3278 3404 3324 et
3428 3269 3525 3323 de-

1936 3363 2237 3419 testabilem
2265 3377 2477 3418 vocem.
2510 3361 2565 3416 Si
2599 3367 2778 3414 autem
2810 3375 2916 3413 non
2941 3358 3140 3414 audent
3167 3358 3365 3425 dicere,
3410 3358 3525 3415 Non

1934 3470 2063 3510 vere
2082 3463 2137 3508 ct
2167 3453 2383 3523 proprie
2405 3460 2577 3507 mater
2603 3460 2689 3506 est
2714 3450 2828 3513 Dei,
2849 3466 2947 3506 cur
2967 3467 3070 3506 nos
3090 3452 3374 3521 prohibent
3396 3468 3526 3507 con—

1937 3546 2074 3602 ﬁteri
2132 3546 2276 3615 quod
2321 3560 2518 3613 negare
2563 3561 2669 3598 non
2712 3542 2953 3599 audent?
3000 3544 3343 3612 Cognoscant
3372 3545 3526 3611 igitur

1934 3655 2060 3701 cum
2087 3648 2272 3693 sancta
2299 3638 2526 3709 synodo,
2555 3636 2706 3707 cujus
2734 3651 2793 3691 se
2815 3635 3136 3705 proﬁtentur
3163 3638 3378 3691 decreta
3408 3653 3527 3692 sus-

1936 3733 2149 3801 cipere,
2208 3730 2353 3801 quod
2393 3742 2679 3803 propterea
2720 3730 2875 3787 heata
2922 3730 3009 3784 illa
3041 3729 3202 3795 Virgo
3232 3728 3523 3783 secundum

1935 3826 2219 3883 veritatem
2244 3838 2417 3883 mater
2446 3828 2585 3882 dicta
2610 3828 2682 3882 sit
2709 3827 2824 3891 Dei,
2854 3824 3111 3895 quoniam
3138 3838 3351 3878 carnem
3382 3838 3448 3876 ex
3471 3838 3527 3877 se

1938 3918 2176 3972 omnium
2206 3916 2438 3971 Domino
2466 3917 2820 3980 ministravit,
2851 3924 2907 3970 et
2936 3930 3042 3969 non
3071 3929 3129 3967 se
3155 3914 3336 3967 dicant
3363 3909 3527 3982 Euty-

1937 4007 2145 4062 cbianis
2168 4019 2470 4076 repugnare
2491 4047 2509 4073 ,
2540 4013 2799 4075 negantes
2824 4020 2952 4059 vere
2980 4012 3035 4058 et
3063 4004 3277 4073 praprie
3303 4010 3527 4057 matrem

1938 4100 2035 4156 Dei
2059 4099 2276 4154 Mariam
2297 4141 2318 4168 ,_
2344 4115 2466 4154 cum
2494 4099 2675 4168 potius
2700 4098 2781 4152 eis
2818 4098 2983 4152 nescii
3012 4096 3192 4151 favere
3221 4104 3527 4149 monstren-

1939 4198 2043 4253 tur,
2085 4166 2383 4244 resistendo
2412 4166 2693 4245 sententia:
2726 4188 2918 4258 synodi
2957 4186 3443 4250 Chalcedonensis,
3475 4185 3527 4238 in

1938 4294 2041 4348 qua
2066 4278 2302 4333 damnati
2343 4285 2468 4333 sunt
2492 4317 2507 4342 ,
2539 4284 2593 4332 et
2621 4277 2865 4345 negando
2895 4276 3038 4345 quod
3062 4292 3247 4331 eorum
3272 4283 3353 4330 est
3381 4275 3527 4329 vani~

1941 4370 2038 4424 tati
2067 4369 2419 4424 contrarium.
2451 4367 2584 4422 Illud
2624 4368 2787 4423 etiam
2815 4375 3043 4423 caveant
3084 4366 3528 4422 Nestorianorum

1940 4463 2148 4532 experti
2171 4461 2470 4531 perﬁdiam,
2495 4461 2689 4531 quibus
2709 4477 2808 4530 pro
2831 4461 2933 4516 hac
2953 4476 3169 4531 quoque
3193 4460 3529 4515 confessione

235 4550 354 4607 ﬁdei
385 4561 593 4607 nostra:
621 4567 727 4606 non
759 4551 1023 4615 dubitant,
1067 4551 1161 4605 sed
1192 4560 1443 4620 putantes
1470 4552 1637 4620 ipsam
1680 4550 1837 4605 ﬁdem
1870 4552 2049 4641 Diam
2079 4553 2408 4623 respondere
2434 4552 2722 4619 debemus,
2762 4568 2831 4607 ne
2871 4553 3024 4620 quasi
3073 4568 3169 4621 pro
3219 4560 3529 4607 naturarum

230 4655 443 4699 rectam
492 4660 602 4700 non
632 4644 797 4699 rectis
827 4643 1005 4698 verbis
1050 4643 1418 4712 pronuntiari,
1468 4642 1651 4697 dicunt
1695 4641 1839 4712 quod

233 4748 397 4788 sensu
430 4735 650 4803 quidem
680 4750 864 4789 sumus
889 4731 1136 4801 perfecti,
1163 4747 1269 4786 non
1299 4742 1478 4787 autem
1500 4748 1685 4787 sumus
1713 4748 1838 4801 per-

230 4820 359 4877 fecti
392 4825 687 4889 sententia,
717 4841 837 4879 cum
868 4824 1161 4893 Apostolus
1187 4825 1239 4877 in
1270 4833 1499 4892 utroque
1527 4840 1628 4879 nos
1655 4824 1840 4878 horte-

232 4924 319 4969 tur
345 4919 627 4986 perfectos
654 4918 673 4948 ⁸
701 4918 888 4973 dicens
915 4936 928 4971 :
963 4917 1093 4972 Sitis
1139 4928 1306 4971 autem
1337 4920 1550 4989 perfecti
1571 4920 1626 4972 in
1663 4918 1838 4972 eodem

228 5020 388 5062 lenm
414 5016 466 5061 et
487 5011 541 5062 in
568 5008 743 5062 eadem
766 5009 1017 5062 sententia
1041 5006 1096 5077 (1
1119 5006 1240 5062 Cor.
1264 5024 1304 5075 t,
1330 5007 1416 5075 I0)
1445 5026 1457 5060 :
1491 5008 1589 5076 ipsi
1613 5008 1840 5061 doceant

228 5104 510 5164 quatenus
535 5098 623 5152 illa
647 5098 831 5167 Virgo,
860 5098 1004 5166 quod
1030 5113 1135 5152 non
1161 5098 1422 5162 abnuunt,
1444 5105 1616 5152 mater
1636 5096 1731 5151 Dei
1759 5096 1842 5150 di-

301 5284 332 5312 ι
372 5272 617 5344 Tametsi
648 5272 715 5327 de
742 5272 906 5327 Maria
932 5274 1170 5343 Virgine,
1199 5274 1331 5344 quin
1374 5290 1502 5330 vere
1529 5289 1592 5330 ac
1616 5275 1834 5343 proprie

223 5343 472 5401 dicenda
498 5345 565 5397 sit
584 5341 813 5411 Deipara
845 5341 1095 5406 θεοτόκᾱς,
1127 5341 1399 5412 ambigere
1429 5346 1571 5398 inter
1601 5341 1835 5398 catholi-

221 5433 321 5471 cos
355 5416 633 5486 integrum
652 5429 760 5486 non
781 5423 899 5468 erat
920 5423 1039 5486 post
1061 5416 1323 5486 synodum
1352 5414 1697 5486 Ephesinam,
1720 5430 1837 5484 qua:

224 5486 445 5558 liquido
473 5484 523 5539 id
543 5484 723 5539 sanxit
758 5492 948 5540 contra
975 5484 1279 5540 Nestorium
1311 5504 1324 5539 :
1358 5502 1464 5541 non
1493 5485 1726 5540 defuisse
1756 5492 1838 5539 ta-

297 5694 313 5723 ¹
352 5690 501 5747 Cod.
529 5690 757 5758 Verum,
784 5689 1262 5745 demonstrandum.

294 5764 316 5792 ³
352 5759 509 5815 Ιιιειιι
533 5762 677 5825 cod.,
703 5762 912 5815 nullius.

293 5831 319 5864 ³
354 5830 510 5887 Idem
536 5832 683 5898 cod.,
712 5844 874 5887 mater
899 5831 1015 5889 Dei.

1942 4642 2267 4697 discretione
2297 4641 2535 4697 dicentes
2561 4643 2702 4710 quod
2734 4658 2841 4696 non
2868 4641 3034 4696 homo
3076 4641 3318 4696 Christus
3354 4641 3527 4704 Jcsus,

1943 4734 2041 4789 sed
2069 4733 2209 4788 Deus
2234 4733 2469 4788 Verbum
2500 4733 2750 4801 proprius
2777 4746 2833 4787 et
2875 4748 3033 4786 verus
3076 4733 3147 4787 sit
3186 4732 3348 4785 Filius
3393 4730 3483 4784 Dei
3515 4746 3530 4794 ;

1945 4832 2039 4878 aut
2063 4824 2204 4892 quod
2227 4840 2333 4879 non
2360 4822 2503 4877 Deus
2533 4822 2785 4887 Verbum,
2811 4822 2905 4877 sed
2929 4823 3091 4877 homo
3115 4821 3358 4875 Christus
3377 4818 3529 4872 Jesus

1948 4914 2196 4984 proprius
2222 4924 2278 4969 et
2302 4930 2462 4969 verus
2489 4915 2558 4967 sit
2587 4913 2724 4968 ﬁlius
2753 4913 3009 4978 hominis;
3042 4912 3322 4966 videantur
3345 4916 3400 4963 et.
3430 4908 3527 4977 ipsi

1945 5022 2054 5061 non
2078 5006 2323 5060 eumdem
2345 5006 2568 5062 credere
2597 5006 2764 5060 Deum
2794 4995 3025 5059 Verbum
3049 5017 3206 5071 quem
3234 4999 3525 5061 hominem,

1945 5099 2037 5155 sed
2053 5099 2277 5153 alteram
2299 5116 2584 5172 personam
2611 5099 2728 5166 Dei,
2753 5097 2975 5151 alteram
2998 5092 3231 5150 hominis
3257 5090 3527 5147 arbitrari.

1940 5292 2061 5349 men
2086 5280 2177 5349 qui
2201 5280 2268 5336 de
2290 5295 2353 5336 ea
2376 5294 2512 5336 voce
2538 5279 2624 5349 his
2651 5274 2987 5349 temporibus
3009 5272 3278 5349 immerito
3306 5282 3528 5349 conten-

1943 5341 2156 5421 derent],
2188 5360 2384 5421 praeter
2412 5348 2742 5421 Facundum,
2768 5341 3009 5421 ostendit
3047 5341 3423 5421 ex_.Iustiniani
3447 5342 3528 5395 lit-

1947 5421 2075 5477 teris
2096 5415 2331 5477 Joannes
2358 5436 2495 5492 papa
2519 5420 2574 5475 in
2602 5418 2790 5473 eadem
2817 5416 3041 5488 epistola
3068 5415 3135 5470 ad
3163 5420 3461 5469 senatores.

2022 5686 2044 5719 ⁸
2069 5685 2216 5741 Idem
2240 5684 2386 5748 cod.,
2412 5684 2665 5753 perfecto:
2693 5696 2822 5736 me.

2020 5759 2040 5789 ⁵
2070 5758 2213 5813 Idem
2241 5755 2341 5811 cod
2371 5795 2385 5820 ,
2418 5756 2512 5808 sic.
