3878 6194
367 333 473 385 M3

1463 325 1755 385 FACUNDI
1796 324 2007 382 EPISC.
2049 322 2556 382 llERMlANENSlS
3505 340 3533 393 5
3546 342 3593 396 il

370 454 536 509 Porro
560 455 603 508 si
635 452 775 509 idem
804 459 887 507 est
915 453 1056 506 Deus
1084 452 1173 521 qui
1205 451 1392 517 homo,
1424 459 1481 503 et
1510 450 1649 506 idem
1676 452 1840 505 homo
1866 451 1961 521 qui
1994 454 2039 511 Λ
2064 452 2292 522 simplici
2318 460 2520 506 naturzc
2534 449 2709 505 Patris
2726 449 3194 507 consubstantialis
3214 451 3407 522 ell‘ceta,
3428 460 3491 511 ita
3507 476 3599 517 non

371 545 543 609 Deus;
592 553 697 597 tam
741 551 889 598 recte
934 543 1129 599 dicitur
1179 543 1322 599 Deus
1354 541 1588 598 Verbum
1620 543 1871 613 proprius
1905 551 1961 597 et

372 650 529 691 verus
558 635 696 689 lilius
724 635 987 704 hominis,
1030 650 1194 705 quam
1237 643 1388 691 recte
1432 635 1629 691 dicitur
1674 636 1817 693 idem
1848 636 1963 707 ipso

370 724 635 781 mediator
659 726 754 781 Dei
779 734 834 781 et
862 726 1151 783 hominum
1171 728 1334 783 homo
1361 726 1604 783 Christus
1631 725 1807 793 Iesus,
1837 744 1964 799 pro-

370 818 518 887 prius
545 826 603 873 et
631 833 794 873 verus
830 819 995 876 Filius
1024 818 1117 874 Dei
1146 837 1159 873 :
1192 835 1293 876 nec
1322 821 1429 875 ulla
1477 823 1723 877 confusio
1752 830 1966 877 natura-

372 925 489 963 rum
521 924 586 964 ex
617 910 721 965 hoc
749 909 1038 978 inducitur,
1071 911 1163 966 sed
1187 927 1434 982 persona:
1463 914 1640 968 unitas
1664 913 1960 967 intimatur.

373 999 556 1068 Neque
584 1000 726 1054 enim
773 1000 1144 1059 confusionem
1175 1012 1487 1060 naturarum
1526 1004 1762 1061 Joannes
1807 1006 1967 1061 indu-

372 1090 529 1144 cebat
565 1091 840 1160 apostolus
879 1093 1063 1148 dicens
1095 1111 1110 1147 :
1141 1094 1345 1150 Scimus
1392 1098 1634 1168 quoniam
1672 1097 1841 1153 Filius
1871 1098 1967 1154 Dei

373 1184 524 1245 venit,
552 1193 602 1237 et
629 1183 770 1238 dedit
791 1186 1106 1241 intellectum
1134 1188 1172 1251 ί,
1205 1199 1262 1241 ut
1287 1191 1511 1244 sciamus
1532 1192 1669 1263 quod
1695 1200 1771 1246 est
1798 1210 1964 1259 verus,

373 1283 421 1327 et
438 1291 617 1331 mutus
640 1287 661 1311 ιι
684 1277 739 1329 in
762 1292 877 1332 vero
901 1277 1037 1332 Filio
1057 1279 1173 1349 ejus
1186 1278 1313 1347 Iesu
1335 1280 1538 1336 Christo
1563 1282 1742 1353 (Joau.
1766 1299 1822 1351 ν,
1845 1282 1965 1353 20);

374 1368 459 1421 vel
514 1368 707 1422 Paulus
750 1385 875 1423 cum
905 1369 1159 1425 diceret:
1211 1372 1275 1426 Si
1318 1371 1460 1427 Deus
1505 1391 1599 1444 pro
1645 1376 1826 1440 nobis,
1857 1378 1969 1447 quis

376 1465 557 1511 contra
580 1458 713 1512 nos?
739 1460 826 1529 qui
852 1459 1011 1512 etiam
1052 1459 1190 1515 Filio
1220 1464 1429 1532 proprio
1469 1480 1573 1518 non
1602 1467 1846 1535 pepercit,
1877 1468 1971 1520 sed

376 1564 472 1616 pro
512 1548 660 1602 nobis
700 1549 933 1603 omnibus
969 1551 1188 1605 tradidit
1215 1552 1362 1606 illum
1394 1553 1572 1624 (Rom.
1600 1571 1721 1621 vnl,
1751 1556 1864 1626 δι).
1911 1556 1969 1613 Si

378 1647 558 1693 autem
583 1638 819 1696 Joannes
839 1640 1141 1709 Christum,
1177 1644 1227 1698 id
1257 1655 1341 1699 est
1378 1655 1620 1712 unctum,
1649 1663 1835 1701 verum
1877 1648 1971 1703 Dei

379 1728 570 1784 Filium
600 1730 748 1794 dicit,
778 1747 938 1801 quem
968 1743 1024 1788 et
1051 1735 1264 1790 venime
1289 1743 1549 1801 testatur;
1575 1738 1763 1794 venire
1789 1746 1969 1793 autem

379 1830 435 1875 ct
459 1823 604 1890 ungi,
628 1833 889 1891 quantum
909 1824 978 1879 ad
997 1833 1311 1881 naturarum
1335 1826 1718 1885 discretionem
1738 1840 1966 1901 spectat,

381 1915 700 1969 humanitati
722 1919 896 1986 potius
916 1933 1078 1987 quam
1103 1919 1288 1974 deitati
1310 1922 1673 1988 conveniunt;
1694 1931 1751 1978 et
1770 1925 1814 1979 si
1838 1925 1978 1979 Pau-

380 2002 463 2061 lus
488 2022 652 2076 quem
697 2011 973 2078 proprium
1011 2011 1108 2067 Dei
1138 2025 1297 2067 vocat
1335 2014 1560 2081 Filium,
1606 2017 1710 2086 ipsi
1758 2016 1973 2073 Patrem

381 2112 488 2151 non
515 2102 822 2170 pepercisse
865 2102 1063 2172 docet,
1094 2106 1191 2160 sed
1220 2122 1343 2161 eum
1386 2124 1484 2178 pro
1530 2110 1685 2164 nobis
1729 2112 1977 2168 omnibus

382 2193 698 2260 tradidisse,
746 2202 802 2249 et
833 2198 1013 2252 omnia
1042 2199 1090 2252 ei
1120 2198 1380 2266 donasse;
1412 2216 1532 2269 qum
1559 2204 1824 2269 similiter,
1855 2221 1976 2260 cum

382 2284 448 2337 de
479 2286 684 2340 naturis
712 2286 890 2355 agitur
915 2288 1334 2357 distinguendis,
1384 2292 1569 2346 deitati
1611 2308 1719 2347 non
1751 2304 1980 2364 possunt

383 2376 634 2442 attribui;
667 2384 724 2431 et
765 2386 957 2432 neuter
999 2380 1191 2434 horum
1235 2382 1359 2435 talia
1408 2384 1706 2452 prazdicans
1745 2386 1981 2442 creditur

383 2466 690 2522 ronfudisse
733 2477 982 2536 naturas,
1022 2471 1114 2525 sed
1146 2473 1407 2527 unitatem
1439 2475 1610 2543 magis
1652 2479 1981 2546 expressisse

385 2573 629 2628 persona:
657 2576 669 2611 :
703 2561 1067 2628 respondeant
1097 2562 1415 2627 Nestoriani,
1447 2567 1721 2635 quomodo
1753 2584 1861 2623 non
1891 2582 1983 2623 ca-

386 2649 505 2701 dem
546 2652 845 2720 personalis
882 2654 1105 2710 unitatis
1150 2656 1309 2720 ratio,
1360 2658 1479 2712 sine
1518 2659 1625 2713 ulla
1668 2669 1980 2716 naturarum

386 2739 722 2808 «inlusione,
757 2741 827 2797 de
850 2745 1005 2798 nobis
1030 2744 1251 2813 ﬂagitat,
1281 2756 1337 2802 ut
1371 2764 1496 2804 vere
1517 2758 1569 2804 et
1597 2754 1813 2822 proprie
1837 2752 1983 2808 dica-

388 2847 509 2887 mus
541 2832 705 2887 lilium
736 2836 967 2891 hominis
989 2838 1160 2893 Deum
1181 2840 1447 2910 Verbum,
1476 2850 1531 2896 et
1566 2842 1777 2897 beatam
1802 2845 1981 2914 Virgi-

389 2939 510 2979 nem
537 2940 663 2979 vere
690 2935 744 2980 et
772 2929 987 2997 proprie
1015 2939 1241 2985 matrem
1272 2932 1385 2985 Dei.
1418 2933 1553 2986 Nam
1593 2942 1649 2988 et
1680 2935 1766 2989 ille
1794 2945 1984 2991 centu-

388 3018 491 3081 rio,
524 3018 614 3087 qui
638 3034 833 3088 corpus
855 3018 1064 3074 Domini
1089 3022 1273 3090 gloriae
1298 3024 1536 3079 cruciﬁxi
1562 3012 1830 3094 servabat,
1862 3042 1981 3083 cum

389 3110 700 3179 exspirante.
722 3111 903 3165 mundi
927 3114 948 3143 '
969 3113 1248 3179 Creatore,
1280 3115 1463 3170 nntndi
1486 3117 1693 3171 videret
1715 3119 1981 3173 elementa

2065 547 2327 616 sequitur,
2375 559 2496 600 cum
2527 543 2756 599 dicimus
2797 560 2925 598 vere
2962 552 3019 597 et
3046 545 3255 613 proprie
3291 557 3498 605 matrem
3526 551 3602 609 Dei

2065 638 2308 702 Mariam,
2334 645 2393 692 ut
2414 636 2591 692 dcitas
2610 636 2771 691 Verbi
2793 649 3056 691 conversa
3078 634 3310 691 videatur
3327 638 3375 692 in
3395 657 3604 712 carnem,

2066 738 2122 785 et
2141 736 2332 783 natura
2360 728 2564 794 divina,
2589 744 2708 797 qua:
2733 727 2961 796 simplex
2991 734 3090 791 est,
3117 730 3412 798 composita:
3437 742 3612 792 natura

2066 822 2257 875 matris
2284 820 2756 875 consubstantialis
2796 818 3006 875 ell’ecta.
3040 819 3284 888 Alioquin
3322 823 3365 877 si
3390 823 3612 896 blasphe-

2066 930 2211 969 mum
2242 924 2297 969 et
2320 915 2607 969 absurdum
2638 922 2719 968 est
2748 915 2892 985 quod
2922 914 3076 969 beata
3101 914 3260 970 Maria
3291 934 3409 975 vere
3432 929 3481 975 ct
3506 939 3617 991 pro-

2070 1008 2185 1079 prie
2212 1007 2407 1063 dicitur
2445 1018 2621 1063 mater
2662 1008 2776 1073 Dei,
2804 1008 2921 1063 sine
2951 1007 3057 1062 ulla
3088 1006 3460 1079 disceptatione
3498 1016 3619 1071 blas-

2068 1102 2324 1170 phemum
2348 1107 2409 1154 et
2432 1099 2721 1154 absurdum
2760 1107 2863 1168 est,
2892 1099 3036 1169 quod
3061 1099 3202 1155 Deus
3226 1100 3445 1158 Verbum
3472 1106 3487 1135 ³
3514 1122 3623 1164 vere

2071 1202 2125 1246 et
2153 1192 2370 1261 proprie
2414 1190 2611 1246 dicitur
2657 1189 2796 1246 ﬁlius
2840 1190 3095 1245 hominis.
3141 1190 3197 1245 Si
3244 1200 3415 1248 autem
3451 1204 3497 1250 et
3535 1197 3623 1254 hoc

2071 1283 2441 1353 blasphemum
2472 1292 2529 1338 et
2554 1281 2841 1337 absurdum
2885 1281 3119 1347 videtur,
3165 1290 3222 1336 ut
3258 1283 3396 1339 Deus
3421 1285 3628 1342 Verbum

2071 1392 2200 1432 vere
2245 1384 2296 1430 et
2325 1375 2547 1445 proprie
2576 1375 2785 1428 dicatur
2813 1373 2951 1427 ﬁlius
2979 1372 3245 1437 hominis,
3274 1386 3631 1443 consequenter

2071 1464 2442 1534 blasphemum
2489 1462 2753 1517 videbitur
2792 1471 2849 1517 et
2917 1460 3208 1515 absurdum
3268 1470 3326 1515 ut
3366 1463 3497 1518 idem
3530 1466 3633 1534 ipse

2073 1554 2339 1610 mediator
2367 1553 2462 1608 Dei
2492 1563 2549 1608 et
2587 1553 2864 1607 hominum
2893 1552 3057 1607 homo
3095 1550 3338 1606 Christus
3364 1550 3508 1609 Iesus
3525 1570 3633 1611 vere

2075 1655 2129 1702 et
2157 1647 2375 1717 proprie
2398 1645 2612 1700 dicatur
2633 1644 2797 1699 Filius
2823 1644 2934 1697 Dei.
2968 1644 3141 1698 Porro
3165 1643 3435 1714 Scriptura
3461 1646 3634 1712 divina,

2074 1754 2195 1810 quae
2234 1738 2366 1793 nihil
2411 1739 2782 1808 blaSphennnn
2831 1736 3070 1805 loquitur
3106 1737 3193 1790 vel
3221 1736 3528 1801 absurdum,
3555 1754 3640 1806 pro

2006 1834 2046 1891 Β
2076 1831 2283 1886 unitate
2311 1843 2555 1899 personte
2580 1843 2766 1883 verum
2796 1836 2851 1881 et
2879 1842 2997 1897 pro;
3018 1826 3162 1881 rium
3194 1826 3288 1881 Dei
3316 1825 3498 1881 Filium
3530 1825 3643 1881 dicit

2077 1921 2428 1977 mediatorem
2467 1920 2559 1974 Dei
2589 1928 2644 1973 ct
2673 1919 2971 1984 hominum,
3002 1917 3282 1973 hominem
3310 1915 3481 1971 Iesum
3505 1915 3644 1970 Chri-

2078 2020 2220 2083 stum
2266 2029 2280 2063 :
2332 2010 2423 2080 qui
2476 2009 2623 2064 dedit
2683 2009 3032 2078 semetipsum
3098 2007 3518 2077 redemptionem
3559 2022 3648 2077 pro

2079 2104 2346 2165 omnibus,
2378 2103 2431 2155 in
2462 2117 2570 2170 quo
2596 2114 2725 2155 vero
2754 2100 2843 2153 Dei
2874 2099 3011 2154 Filio
3032 2114 3244 2162 sumus,
3277 2108 3332 2152 et
3356 2100 3437 2153 cui
3457 2098 3649 2167 proprio

2056 2195 2216 2249 .Filio
2246 2193 2409 2248 Pater
2429 2208 2537 2246 non
2568 2192 2827 2262 pepercit,
2857 2190 2950 2244 sed
2981 2206 3079 2261 pro
3114 2192 3272 2246 nobis
3295 2190 3532 2245 omnibus
3559 2199 3651 2242 tra-

2080 2288 2210 2343 didit
2228 2288 2397 2341 illum.
2424 2285 2590 2341 Recte
2612 2286 2776 2353 igitur
2793 2285 2953 2339 etiam
2978 2284 3141 2339 beata
3166 2282 3352 2345 Maria,
3376 2299 3470 2352 pro
3488 2281 3654 2336 eadem

2082 2381 2287 2435 unitate
2308 2392 2572 2448 personae,
2605 2392 2734 2431 vere
2757 2386 2813 2430 et
2838 2377 3057 2446 proprie
3092 2384 3270 2429 mater
3296 2375 3485 2429 dicitur
3512 2372 3655 2443 ipsius

2082 2472 2342 2539 unigeniti
2385 2472 2480 2525 Dei
2523 2470 2705 2525 Verbi.
2766 2468 3000 2536 Ideoque
3042 2467 3478 2538 sapientissimus
3520 2472 3659 2534 atque

2083 2563 2414 2618 clarissimus
2441 2560 2800 2617 Ecclesiarum
2831 2558 3026 2614 Christi
3072 2558 3339 2627 magister
3368 2555 3659 2623 Augustinus

2083 2655 2135 2708 in
2166 2668 2331 2723 opere
2358 2658 2659 2705 metnorato
2688 2650 2829 2720 quod
2860 2650 3197 2718 consczipsit
3237 2649 3306 2701 de
3334 2645 3662 2701 Praidestiua—

2084 2744 2230 2798 tione
2250 2750 2305 2797 et
2324 2738 2725 2811 perseverantia
2746 2748 3054 2793 sanctorum
3088 2737 3246 2807 (Cap.
3282 2736 3398 2805 l5):
3426 2756 3442 2787 ι
3462 2736 3661 2796 Clamat,

2083 2834 2277 2903 inquit,
2299 2831 2503 2888 Doctor
2522 2830 2760 2898 gentium
2784 2830 2836 2882 in
2859 2829 3036 2896 capite
3056 2826 3434 2897 Epistolarum
3455 2840 3667 2879 suarum.

2084 2923 2285 2978 Paulus
2312 2938 2489 2976 seruus
2517 2921 2641 2975 Iesu
2664 2919 2859 2974 Christi
2888 2928 3103 2973 vocatus
3135 2919 3423 2989 apostolus,
3454 2930 3668 2985 segrega-

2086 3024 2165 3069 tus
2188 3014 2241 3068 in
2266 3013 2605 3084 Evangetium
2638 3010 2757 3076 Dei,
2785 3011 2924 3082 quod
2964 3018 3093 3063 ante
3126 3009 3437 3079 promiserat
3464 3022 3548 3074 per
3573 3018 3675 3071 pro-

2086 3108 2266 3178 phetas
2287 3122 2405 3161 suos
2426 3106 2482 3158 iu
2499 3104 2786 3174 Scriptum
2808 3104 3003 3156 sanctis
3023 3103 3095 3155 de
3118 3100 3267 3155 Filio
3288 3117 3403 3163 suo,
3428 3099 3509 3169 qui
3529 3099 3677 3168 [actus

390 3202 614 3263 turbari,
660 3202 851 3255 Filium
884 3202 977 3257 Dei
1005 3219 1128 3258 cum
1159 3220 1346 3259 verum
1378 3206 1396 3236 ³
1428 3221 1549 3261 esse
1594 3209 1879 3276 cognovit;
1912 3211 1981 3265 ait

2090 3209 2167 3253 est
2192 3200 2238 3253 ei
2267 3216 2332 3253 ea:
2360 3197 2556 3252 semine
2594 3196 2765 3250 David
2811 3194 3103 3248 secundum
3145 3210 3391 3253 carnem;
3436 3206 3521 3261 qui
3560 3202 3677 3259 pra:-

391 3292 530 3344 euim
560 3310 572 3343 :
620 3292 747 3346 Vere
780 3292 949 3348 Filius
981 3294 1078 3348 Dei
1119 3304 1233 3349 erat
1281 3297 1377 3351 iste
1407 3297 1621 3364 (Matt/1.
1655 3315 1829 3367 xxvii,
1871 3300 1989 3370 54).

392 3384 556 3453 Cujus
593 3386 743 3441 verbi
793 3386 950 3440 tidem
981 3386 1171 3441 beatus
1218 3386 1347 3442 facit
1394 3388 1657 3453 lliiarius,
1708 3391 1781 3444 ita
1808 3390 1993 3447 dicens

395 3474 532 3544 (Lib.
568 3490 624 3529 Ill
664 3475 728 3529 de
758 3474 1034 3546 Trinitate)
1065 3495 1077 3529 :
1115 3496 1135 3528 ‹
1165 3477 1267 3543 Qui
1309 3479 1455 3533 cruci
1500 3479 1815 3546 aﬁixerant,
1864 3496 1993 3537 vere

398 3564 489 3617 Dei
520 3563 711 3618 Filium
740 3565 1065 3621 conﬁtentur
1095 3582 1109 3633 ;
1140 3567 1509 3636 praedicationi
1562 3571 1831 3624 consentit
1858 3570 1992 3626 eﬁ'e-

395 3664 531 3710 ctus.
564 3654 822 3711 Dominus
846 3655 1057 3710 dixerat
1088 3674 1101 3709 :
1136 3656 1382 3727 Clariﬁca
1411 3657 1608 3713 Filium
1638 3669 1777 3712 tuum
1807 3659 1989 3731 (Ioan.

395 3762 530 3811 xvu,
562 3746 637 3816 l').
671 3746 791 3801 Non
828 3747 1004 3801 solum
1033 3747 1251 3804 nomine
1276 3755 1608 3807 contestatus
1650 3758 1735 3806 est
1774 3749 1989 3817 Filium,

395 3839 490 3892 sed
531 3846 586 3891 et
612 3838 947 3907 proprietate
974 3854 1081 3908 qua
1124 3838 1317 3894 dicitur
1348 3850 1509 3896 tuum.
1542 3842 1694 3897 Multi
1720 3843 1865 3898 enim
1892 3856 1994 3899 nos

397 3930 487 3983 lilii
512 3930 623 3995 Dei,
648 3930 743 3984 sed
774 3947 880 3986 non
906 3931 1028 3986 talis
1053 3932 1139 3987 hic
1158 3931 1324 3989 Filius
1353 3941 1456 3989 est.
1490 3932 1587 3989 Hie
1610 3935 1753 3991 enim
1780 3944 1836 3990 et
1861 3950 1993 4007 pro—

396 4024 547 4091 prius
571 4032 625 4077 et
653 4039 814 4077 verus
842 4034 924 4079 est
953 4024 1137 4091 Filius,
1170 4026 1379 4095 origine
1410 4043 1517 4082 non
1540 4026 1837 4098 adoptione
1856 4069 1873 4096 ,
1900 4043 1995 4085 ve-

399 4112 560 4167 ritate"
584 4129 693 4168 non
738 4114 1168 4183 nuncupatione,
1216 4116 1502 4171 nativitate
1543 4132 1650 4172 non
1694 4118 1991 4173 creatione.

401 4200 541 4270 Ergo
582 4212 704 4271 post
746 4203 1188 4260 clariﬁcationem
1238 4206 1354 4274 ejus
1398 4207 1682 4263 veritatem
1728 4210 1995 4266 confessio

399 4301 581 4345 secuta
603 4302 701 4347 est.
728 4294 860 4348 Nam
885 4310 1069 4348 verum
1093 4295 1185 4349 Dei
1200 4294 1392 4350 Filium
1414 4298 1659 4352 centurio
1681 4298 1993 4364 conﬁtetur,

401 4398 471 4436 ne
497 4383 617 4450 quis
643 4386 979 4439 credentium
1009 4385 1307 4454 ambigeret
1332 4387 1478 4457 quod
1509 4404 1645 4443 unus
1666 4404 1996 4460 persequen—

403 4474 533 4527 tium
564 4492 670 4529 non
702 4486 969 4545 negasset.
1005 4497 1023 4529 ι
1059 4478 1113 4533 Si
1146 4479 1325 4549 igitur,
1374 4481 1577 4536 Hilario
1601 4497 1844 4552 quoque,
1892 4484 1995 4539 do-

2093 3291 2381 3345 destiuatus
2402 3279 2477 3345 est
2508 3288 2555 3342 F
2558 3290 2680 3343 ilius
2700 3288 2797 3342 Dei
2820 3288 2875 3341 in
2897 3289 3113 3351 virtute,
3141 3287 3431 3341 secundum
3457 3285 3681 3353 Spiritum

2092 3384 2523 3455 sanctiﬁcationis
2540 3395 2607 3437 ea:
2622 3381 2996 3437 resurrectione
3017 3389 3357 3434 mortuorum
3376 3377 3544 3449 (Rom.
3565 3391 3600 3437 ι,
3617 3374 3681 3439 1).

2095 3474 2511 3530 Ρτωίιθειίηειῑιιε
2535 3482 2618 3528 est
2642 3487 2775 3541 ergo
2802 3471 2978 3534 Iesus,
3016 3480 3086 3525 ut
3115 3473 3211 3542 qui
3245 3472 3457 3525 futurus
3485 3477 3592 3523 erat
3616 3483 3685 3522 sc-

2093 3565 2327 3621 cundum
2357 3580 2576 3620 carnem
2620 3562 2759 3617 titius
2800 3562 2989 3629 David,
3020 3571 3178 3616 esset
3208 3570 3394 3616 tamen
3441 3561 3493 3613 in
3516 3560 3687 3613 virtute

2094 3656 2262 3712 Filius
2302 3656 2396 3711 Dei
2439 3655 2733 3710 secundum
2758 3653 3017 3723 Spiritum
3072 3653 3557 3717 sanctiﬁcationis,
3586 3650 3690 3719 quia

2095 3755 2253 3804 natus
2279 3756 2363 3803 est
2388 3747 2455 3803 de
2481 3745 2684 3816 Spiritu
2706 3753 2894 3801 sancto
2923 3760 2991 3800 ex
3016 3745 3245 3813 virgine
3276 3743 3469 3797 Maria.
3498 3741 3606 3811 Ipsa
3624 3744 3691 3793 est

2096 3840 2185 3896 illa
2214 3838 2550 3894 inell‘abilitcr
2576 3835 2715 3893 facta
2755 3836 2989 3891 hominis
3018 3849 3054 3889 a
3088 3835 3212 3891 Deo
3236 3834 3423 3889 Verbo
3451 3829 3695 3899 susceptio

2097 3934 2379 4003 singularis
2401 3972 2416 3997 ,
2446 3940 2507 3987 ut
2546 3931 2713 3985 Filius
2750 3929 2846 3984 Dei
2886 3936 2942 3983 et
2972 3927 3124 3982 ﬁlius
3152 3926 3397 3981 hominis
3435 3922 3614 3984 simul,
3649 3926 3695 3971 et

2099 4027 2238 4081 ﬁlius
2267 4024 2499 4081 hominis
2523 4030 2747 4095 propter
2773 4029 3089 4091 susceptum
3126 4020 3437 4080 hominem,
3480 4024 3535 4070 et
3558 4013 3699 4067 Filius

2099 4119 2193 4174 Dei
2223 4126 2444 4188 propter
2466 4115 2847 4186 suscipientem
2870 4112 3223 4180 unigenitum
3260 4111 3432 4165 Deum
3462 4104 3698 4161 veraciter

2099 4218 2157 4265 et
2178 4209 2395 4279 proprie
2421 4207 2715 4272 diceretur,
2745 4221 2814 4260 ne
2844 4221 2951 4259 non
2977 4203 3232 4257 Trinitas
3262 4201 3364 4258 sed
3394 4198 3704 4269 quatemitas

2098 4301 2430 4357 crederetur.
2464 4317 2482 4351 ι
2509 4296 2673 4366 Igitur
2715 4298 2816 4352 iste
2843 4297 2927 4351 vir
2954 4298 3161 4350 doctus
3190 4304 3252 4350 et
3282 4299 3589 4360 susceptum
3615 4286 3700 4339 bo-

2099 4393 2299 4447 minem
2324 4390 2593 4445 veraciter
2618 4390 2641 4421 ⁸
2671 4396 2727 4443 et
2754 4387 2972 4457 proprie
2998 4386 3202 4442 docuit
3227 4384 3340 4440 dici
3372 4382 3563 4437 Filium
3587 4376 3704 4438 Dei;

2100 4488 2155 4536 et
2181 4479 2562 4549 suscipientem
2604 4477 2773 4532 Deum
2816 4485 3041 4546 propter
3081 4483 3413 4545 susceptum
3450 4468 3705 4529 hominem

402 4565 641 4619 ctissimo
668 4568 903 4621 antistite
929 4577 983 4623 et
1005 4568 1297 4625 fortissimo
1326 4572 1636 4628 confessore
1656 4616 1671 4641 ,
1699 4574 1994 4629 secundum
2021 4592 2075 4651 ι)
2104 4571 2371 4626 veraciter
2409 4578 2466 4624 et
2505 4568 2723 4639 proprie
2750 4568 2853 4622 diei
2886 4565 3054 4620 ﬁlium
3105 4565 3381 4621 hominis.
3410 4562 3469 4618 Si
3499 4576 3604 4631 quo
3624 4555 3710 4611 tui-

402 4655 699 4710 docu-inam
745 4659 1099 4727 apostolicam
1136 4668 1400 4726 testante,
1448 4664 1699 4733 proprius
1743 4672 1799 4719 et
1838 4680 1994 4720 verus

402 4754 484 4799 est
508 4745 673 4801 Filius
702 4747 795 4801 Dei
816 4750 903 4817 qui
931 4751 1219 4806 cruciﬁxus
1246 4762 1347 4815 est,
1378 4770 1483 4808 non
1514 4762 1596 4809 est
1619 4755 1836 4812 dubium
1863 4757 1994 4824 quin

401 4843 562 4896 etiam
596 4843 736 4898 Dens
765 4859 890 4899 vere
924 4854 978 4900 et
1021 4848 1239 4916 proprie
1267 4846 1429 4901 Pater
1471 4849 1541 4901 sit
1568 4849 1808 4903 cruciﬁxi
1854 4849 1993 4903 Filii.

403 4933 531 4999 Qum
555 4950 676 4988 cum
708 4936 779 4988 ita
806 4936 948 4995 sint.
977 4937 1427 5006 quemadmodum
1471 4938 1603 4991 nihil
1634 4954 1701 4992 ex
1733 4939 1837 4993 hoc
1878 4954 1996 4994 me-

404 5027 661 5082 tuendum
691 5037 805 5091 est,
857 5044 924 5083 ne
952 5046 1075 5084 eum
1120 5030 1317 5085 dicitur
1346 5030 1487 5085 Deus
1515 5046 1642 5085 vere
1685 5039 1738 5084 ct
1783 5032 1999 5101 proprie

405 5118 565 5172 Pater
593 5120 711 5174 Filii
739 5122 1000 5186 cruciﬁxi,
1024 5122 1177 5190 sequi
1206 5121 1452 5176 videatur
1472 5123 1614 5190 quod
1638 5121 1725 5176 illa
1749 5123 1994 5177 humani-

408 5216 488 5259 las
531 5224 559 5261 a
594 5210 767 5264 Verbo
804 5212 895 5267 Dei
940 5224 1189 5282 suscepta
1236 5222 1292 5267 ct
1336 5210 1591 5267 cruciﬁxa
1639 5212 1689 5265 in
1737 5213 1992 5266 deitatem

408 5313 666 5353 conversa
697 5303 765 5355 sit
784 5341 799 5367 ,
844 5313 899 5359 et
927 5314 1115 5359 natura
1141 5304 1391 5368 humana,
1416 5318 1531 5373 qua:
1561 5302 1858 5373 composita
1886 5310 1990 5371 est,

484 5532 507 5558 ⁰
544 5522 705 5578 Forte
731 5524 911 5579 simus.

484 5724 497 5752 '
532 5719 663 5773 Cod.
698 5719 918 5774 Veron..
951 5720 1093 5772 nobis
1123 5722 1453 5778 intellectum.

482 5793 504 5824 ²
541 5788 682 5843 Idi-tn
718 5790 861 5847 l‘Ull.,
897 5792 1070 5841 cortem
1104 5793 1297 5856 mundi,
1328 5802 1437 5848 Clc.

487 5861 506 5893 ⁸
534 5860 679 5915 idem
713 5860 857 5923 cud.,
890 5876 1016 5909 τίνι-ε.

2099 4677 2221 4726 nus,
2253 4675 2473 4715 necesse
2502 4676 2608 4715 non
2629 4668 2747 4713 erat
2774 4657 2955 4713 dicere
2975 4657 3132 4727 quod
3155 4657 3391 4725 adjecit,
3414 4652 3653 4708 veraciter
3668 4656 3710 4699 ct

2101 4753 2339 4823 proprie,
2383 4751 2487 4806 nisi
2517 4750 2585 4804 ad
2612 4749 2773 4817 hujus
2801 4748 2977 4817 magni
3006 4748 3272 4818 mysterii
3304 4738 3712 4801 commendatio-

2101 4856 2250 4907 nem,
2272 4855 2370 4909 per
2397 4839 2543 4908 quod
2570 4848 2627 4892 et
2656 4838 2798 4892 Deus
2827 4837 2967 4890 lilius
2995 4836 3253 4890 hominis
3284 4844 3348 4889 ct
3375 4835 3541 4889 homo
3569 4828 3712 4883 Filius

2104 4932 2197 4985 Dei
2228 4931 2399 4985 factus
2437 4939 2538 4985 est.
2572 4930 2705 4984 Nam
2744 4930 3008 4984 veraciter
3054 4938 3118 4983 et
3157 4927 3394 4999 proprie
3422 4925 3529 4981 dici
3556 4918 3712 4978 homio

2104 5040 2225 5077 nem
2255 5023 2419 5076 lilium
2446 5023 2706 5089 hominis,
2750 5030 2805 5076 et
2844 5020 3007 5075 Deum
3045 5020 3259 5075 Filium
3294 5020 3394 5074 Dei
3423 5018 3544 5088 quis
3566 5011 3715 5085 possit

2101 5115 2416 5184 ambigere?
2445 5113 2588 5168 Idem
2630 5114 2811 5180 itaque
2838 5121 2892 5165 ct
2931 5111 3081 5166 Deus
3109 5111 3366 5167 Verbum
3387 5150 3403 5175 ,
3458 5106 3550 5177 qui
3571 5102 3716 5159 etiam

2100 5208 2365 5262 mediator
2388 5207 2481 5261 Dei
2520 5216 2573 5260 et
2600 5206 2898 5277 hominum,
2934 5205 3109 5258 homo
3143 5204 3409 5258 Christus
3446 5200 3615 5261 Iesus.
3646 5208 3719 5247 scr

2101 5299 2335 5357 cundum
2359 5298 2517 5369 hujus
2546 5298 2646 5353 viri
2674 5296 2846 5353 sancti
2878 5294 3231 5364 doctrinam,
3254 5303 3371 5349 tam
3392 5288 3654 5349 veraciter
3673 5290 3723 5337 cl

2178 5722 2197 5748 ‘
2230 5718 2368 5771 Idem
2400 5717 2545 5790 cod.,
2576 5716 2711 5790 quod
2739 5716 2892 5769 etiam
2918 5713 3196 5781 reci/vrere
3234 5712 3397 5790 Deus,
3432 5720 3538 5766 etc.
3586 5778 3597 5790 .
3698 5776 3706 5784 η

2180 5790 2199 5819 ’⁸
2231 5788 2372 5840 ldum
2397 5788 2542 5850 (ηιμ,
2568 5788 2821 5839 hominem
2856 5795 3068 5855 μονὴν
3100 5787 3481 5853 suscipientem
3510 5787 3719 5848 «nigrm-

2106 5868 2212 5915 tum
2241 5859 2403 5912 Deum
2436 5869 2695 5921 t‘ei'ctt'm‘r,
2732 5866 2833 5909 μιν.
