3878 6194
234 374 317 432 5ίὸ
331 412 338 419 .

1171 372 1304 426 PRO
1335 367 1753 427 DEFENSI’JNE
1781 369 1997 426 TRlUM
2039 370 2354 425 CAPITUL.
2395 370 2521 427 LIB.
2565 371 2604 427 Ι.

3392 373 3496 428 548

231 488 412 562 ιιι-οιιιίε
437 486 633 543 dicitur
659 487 796 541 filius
826 485 1078 552 hominis,
1109 501 1268 553 quant
1299 486 1567 540 veraciter
1587 493 1640 541 et
1671 501 1798 556 pro-
1828 495 1871 551 Α
1902 495 1956 540 et
1986 485 2147 539 Maria
2181 486 2448 555 Virgine‘
2471 489 2614 542 Deus
2637 489 2804 546 homo
2840 487 2996 545 Jesns
3039 489 3285 544 Christus
3333 490 3502 545 Filius

233 584 324 660 prie
345 577 500 635 Filius
531 581 644 636 Dei.
674 579 730 634 Si
757 587 939 636 autem
969 579 1235 634 veraciter
1257 587 1312 633 et
1350 580 1571 650 proprie
1607 579 1804 635 dicitur

233 676 348 735 lilius
371 674 604 728 hominis
632 671 797 742 Deus,
835 686 1060 728 necesse
1088 679 1173 727 est
1203 678 1262 724 ut
1289 673 1567 741 reciproee
1593 671 1805 727 dicatur

233 775 278 822 et
298 765 434 819 beata
464 763 634 818 Maria
666 763 934 818 veraciter
973 771 1028 818 et
1066 762 1289 834 proprie
1317 771 1492 818 mater
1520 761 1636 818 Dei.
1667 761 1802 818 Cum

234 872 338 911 vero
365 855 465 909 hoc
495 855 691 924 adjecit
725 856 931 922 dicens,
972 873 990 906 ι
1023 870 1089 909 ne
1120 872 1229 909 non
1260 853 1512 916 Trinitas,
1545 854 1638 909 St‘d
1668 870 1804 922 qna-

232 948 428 1002 ternitas
453 947 789 1010 crederetur,
822 967 840 999 ι
876 950 1050 1015 coegit
1080 947 1304 1001 omnino
1347 954 1405 1000 ut
1442 947 1659 1002 beatam
1690 945 1805 1000 Ma-

234 1038 342 1091 riam
365 1038 634 1091 veraciter
657 1046 713 1092 et
741 1038 960 1108 proprie
990 1046 1216 1091 matrem
1246 1037 1338 1092 Dei
1382 1049 1502 1092 esse
1542 1035 1802 1102 dicamus,

229 1143 284 1182 ne
306 1143 401 1180 non
430 1127 774 1193 Trinitatem,
800 1127 895 1182 sed
924 1128 1344 1195 quateruitatcm
1373 1127 1594 1183 credere
1621 1128 1806 1181 videa-

229 1234 344 1274 mur.
373 1215 441 1270 Et
467 1217 590 1271 ideo
615 1219 879 1286 religiosa:
903 1232 968 1272 ae
995 1219 1316 1273 necessaria:
1343 1219 1492 1273 vocis
1530 1218 1689 1287 hujus
1713 1231 1808 1273 ne—

227 1311 350 1380 gatio
378 1326 489 1364 non
515 1310 651 1367 levis
673 1319 914 1381 putetur,
946 1325 1109 1383 quam
1133 1320 1282 1367 tanta
1315 1313 1646 1382 blasphemia
1673 1329 1807 1367 con-

226 1401 462 1469 sequitur.
512 1399 659 1456 Sane
689 1403 994 1457 mirandum
1034 1419 1142 1457 non
1173 1412 1254 1458 est
1292 1403 1436 1472 quod
1479 1404 1810 1473 Augustinus

227 1492 473 1546 veraciter
513 1498 569 1546 et
612 1492 830 1562 proprie
871 1494 977 1548 diei
1025 1495 1340 1563 pronuntiat
1382 1492 1547 1548 ﬁlium
1579 1495 1810 1549 hominis

226 1579 389 1646 Deum,
435 1597 563 1636 cum
610 1583 663 1636 in
709 1584 945 1651 quodam
994 1599 1245 1640 sermone
1274 1585 1342 1640 de
1381 1585 1676 1656 Epiphania
1710 1586 1810 1658 (De

227 1681 431 1741 tempore
456 1689 614 1726 scrin.
637 1672 754 1741 35),
785 1674 938 1744 cujus
963 1676 1284 1745 principium
1313 1685 1395 1730 est
1420 1695 1434 1729 :
1471 1695 1490 1727 ι
1520 1675 1702 1746 Nuper
1721 1690 1813 1731 ce-

227 1763 534 1816 lebravimus
565 1763 707 1818 diem
729 1779 839 1833 quo
863 1781 930 1820 ex
959 1765 1157 1822 Iudaeis
1204 1765 1464 1821 Dominus
1502 1775 1662 1834 natus
1704 1775 1806 1834 est,

1908 578 2021 641 Dei,
2049 593 2114 631 ac
2133 579 2208 631 sic
2236 579 2288 632 in
2320 580 2636 634 alterutrum
2667 596 2832 634 unum
2864 579 2921 633 lit
2949 580 3249 636 ctVerbum
3269 589 3326 636 et
3349 594 3500 649 caro,

1908 679 1967 724 ut
1996 677 2247 726 manente
2285 671 2335 725 iu
2364 688 2460 726 sua
2515 673 2850 742 perfectione
2906 674 3222 727 naturaliter
3272 681 3504 744 utraque

1905 761 2227 827 substantia,
2258 761 2374 815 sine
2402 763 2483 818 sui
2507 763 2822 832 prmjudicio
2851 772 2906 816 et
2953 763 3271 816 humanitati
3319 763 3501 818 divina

1907 853 2329 917 communicent,
2363 850 2419 908 ἐι
2453 854 2717 908 divinitati
2749 855 2981 907 humana
3005 854 3366 922 participent;
3399 869 3503 908 nec

1908 943 2046 997 alter
2072 944 2230 1010 Deus,
2264 947 2400 999 alter
2428 946 2613 1014 homo,
2663 945 2757 1000 sed
2788 945 2926 999 idem
2972 945 3088 1014 ipse
3129 945 3269 998 Deus
3315 945 3405 1012 qui
3449 951 3506 996 et

1909 1033 2091 1100 hmno,
2121 1045 2176 1089 et
2205 1037 2438 1092 vicissim
2462 1038 2624 1092 homo
2671 1025 2764 1106 qui
2804 1045 2860 1092 et
2909 1037 3045 1091 Deus
3076 1035 3234 1090 Jesus
3258 1035 3504 1091 Christus

1909 1123 2076 1179 Filius
2100 1125 2192 1179 Dei
2224 1135 2563 1196 nuneupetnr
2581 1135 2638 1182 ct
2661 1142 2787 1182 vere
2809 1129 2899 1182 sit.
2940 1146 2958 1179 ι
3007 1128 3140 1181 Cum
3198 1127 3379 1196 itaque
3407 1141 3505 1180 ue-

1908 1215 2098 1270 landus
2126 1231 2295 1282 error,
2323 1218 2415 1286 qui
2441 1233 2708 1273 evacuans
2739 1226 2908 1273 totum
2937 1218 3122 1272 salutis
3155 1226 3350 1272 nostrae
3383 1233 3470 1288 my
3489 1246 3502 1257 -

1908 1307 2131 1361 stcrium
2160 1316 2349 1362 cautus
2373 1309 2472 1363 sibi
2501 1309 2709 1363 videtur
2734 1323 2797 1363 ac
2837 1309 3093 1377 diligens,
3151 1308 3204 1362 iu
3261 1306 3501 1362 Ecclesia

1911 1403 2224 1457 Latinorum
2257 1404 2403 1473 prius
2431 1419 2717 1473 apparens,
2766 1419 2874 1457 non
2922 1403 3060 1458 sicut
3100 1401 3250 1473 apud.
3287 1402 3505 1456 Grzecos

1912 1494 2350 1548 contentionibus
2373 1505 2679 1563 angeretur,
2705 1494 2801 1548 sed
2827 1493 3122 1560 satagcndo
3167 1493 3186 1523 ⁵
3203 1506 3394 1560 magna
3449 1499 3508 1546 et

1911 1589 2140 1643 sollicita
2163 1587 2383 1643 Patrum
2416 1590 2638 1658 pietate,
2697 1603 2822 1642 mox
2878 1596 2936 1640 ut
2981 1586 3348 1654 deprehensus
3397 1593 3503 1649 est,

1913 1680 2075 1734 etiam
2099 1696 2127 1734 a
2159 1696 2259 1735 suo
2288 1681 2741 1735 condemnaretur
2763 1688 2984 1734 auctore
3014 1697 3028 1732 :
3054 1693 3160 1733 non
3187 1679 3344 1733 aliter
3361 1677 3508 1734 visus

1913 1779 1997 1824 est
2036 1771 2474 1827 eisdem'sanctis
2527 1771 2775 1828 Patribus
2827 1772 3143 1834 abolendus,
3191 1771 3293 1825 nisi
3341 1778 3403 1824 ut
3441 1770 3508 1825 do

223 1851 364 1909 hodie
388 1854 737 1910 celebramus
756 1870 864 1925 quo
893 1871 924 1910 a
952 1857 1203 1924 gentibus
1231 1856 1488 1913 adoratus
1515 1833 1617 1922 3st,
1651 1875 1670 1910 ι
1731 1833 1806 1913 ita
1843 1867 1882 1926 Β
1912 1861 2133 1926 Virgine
2193 1863 2357 1918 Maria
2414 1865 2630 1934 proprie
2681 1863 2848 1918 Deum
2905 1879 3026 1918 esse
3075 1833 3258 1917 uatum
3303 1863 3508 1931 scripto

225 1945 456 2014 loquatur
491 1964 504 1998 :
559 1965 578 1997 ς
611 1946 795 2016 Magos
823 1961 958 2002 sane
996 1947 1065 2002 ad
1115 1948 1288 2018 ipsum
1326 1949 1544 2019 pr0prie
1592 1949 1801 2016 locum,

225 2040 300 2094 ubi
334 2039 481 2095 Deus
513 2039 748 2094 Verbunt
797 2040 976 2096 infans
1017 2050 1158 2106 erat,
1239 2042 1393 2096 stella
1458 2041 1727 2112 perduxit.
1782 2057 1800 2094 ο

225 2131 356 2197 Quod
383 2133 399 2164 ⁸
425 2146 564 2200 ergo
597 2141 624 2169 ι
652 2131 890 2187 Verbum
921 2132 1091 2187 Deum
1121 2131 1253 2188 dicit
1281 2133 1556 2198 infantem,
1579 2148 1809 2202 quomo-

223 2224 283 2276 do
308 2239 406 2278 non
430 2223 708 2278 veraciter
727 2229 782 2277 et
810 2224 1030 2295 proprie
1081 2223 1285 2280 diceret
1314 2225 1594 2295 praedicari
1641 2224 1809 2279 filium

223 2314 435 2369 hominis
463 2313 680 2369 Deum?
731 2315 864 2368 Nam
892 2314 935 2370 si
965 2313 1166 2371 infans
1189 2316 1278 2371 ille
1305 2315 1573 2371 veraciter
1598 2325 1652 2370 et
1680 2331 1809 2386 pro-

222 2411 321 2479 prie
370 2409 579 2464 dicitur
607 2405 747 2463 illius
796 2409 1050 2475 hominis,
1107 2409 1222 2480 ipse
1269 2417 1451 2464 autem
1500 2409 1676 2463 infans
1727 2417 1813 2463 est

224 2500 345 2556 Deus
375 2499 641 2565 Verbum,
673 2500 938 2555 veraciter
966 2511 1020 2555 et
1048 2501 1270 2570 proprie
1294 2499 1492 2554 dicitur
1520 2498 1660 2555 [ilius
1709 2500 1810 2554 ho-

221 2593 361 2648 minis
389 2592 542 2646 Deus
571 2591 829 2646 Verbum.
857 2591 1062 2648 Rursus
1091 2593 1144 2646 in
1175 2593 1282 2646 alio
1303 2591 1543 2660 ejusdem
1573 2591 1811 2645 dieiser-

219 2700 362 2740 mone
387 2685 498 2754 (De
529 2693 759 2753 tempore
783 2700 938 2736 sentt.
971 2683 1088 2751 50),
1117 2680 1270 2750 cujus
1312 2689 1394 2737 est
1445 2680 1766 2750 principium
1793 2698 1808 2734 :

225 2797 242 2830 ι
273 2779 344 2834 Ad
372 2773 598 2850 partum
639 2776 873 2844 Virginis
919 2775 1254 2829 adorandum
1286 2772 1426 2842 magi
1481 2774 1548 2826 ab
1595 2771 1814 2828 Oriente

218 2880 491 2938 venerunt,
530 2891 550 2923 ι
584 2873 662 2928 sic
685 2873 761 2926 ait
797 2886 810 2921 :
849 2887 866 2919 ι
901 2867 1016 2920 Jam
1046 2883 1174 2920 vero
1224 2864 1367 2935 quod
1420 2864 1610 2919 eadem
1657 2865 1811 2918 stella

218 2975 323 3029 qua:
374 2975 571 3030 magos
600 2962 857 3032 perduxit
885 2959 950 3013 ad
984 2960 1185 3025 locum,
1213 2957 1304 3010 ubi
1326 2964 1447 3010 erat
1471 2972 1593 3011 cum
1639 2963 1813 3010 matre

227 3050 422 3121 Virgine
452 3052 604 3107 Deus
637 3052 830 3117 infans,
864 3059 968 3106 etc.
1009 3070 1026 3101 ι
1055 3047 1104 3102 ls
1132 3061 1262 3117 ergo
1289 3061 1485 3115 negare
1513 3055 1693 3116 potest
1718 3062 1814 3102 ve-

218 3147 398 3202 raciter
425 3156 492 3203 ct
514 3146 737 3216 proprie
758 3144 859 3199 dici
895 3144 1058 3197 lilittnt
1087 3140 1320 3196 hominis
1344 3139 1533 3202 Deum,
1580 3139 1672 3207 qui
1714 3139 1813 3192 hu-

215 3235 290 3306 ius
311 3237 702 3307 sapientissimi
728 3236 824 3290 viri
849 3235 1108 3289 doctrina:
1137 3245 1466 3300 repugnans,
1517 3238 1610 3284 aut
1641 3231 1806 3284 Dettm
1839 3265 1883 3326 ρ

219 3340 361 3399 negat
385 3330 679 3396 infantem,
711 3339 803 3384 aut
833 3344 958 3383 vere
983 3336 1036 3383 et
1061 3327 1276 3398 proprie
1324 3323 1487 3380 tilium
1538 3340 1659 3380 esse
1711 3325 1811 3380 lto-

215 3425 357 3477 minis
382 3435 553 3492 negat
584 3424 862 3478 infantem.
889 3421 1023 3488 Quia
1054 3435 1182 3488 ergo
1207 3419 1334 3473 illud
1364 3419 1554 3488 pietas,
1587 3418 1692 3473 hoc
1711 3433 1810 3472 au-

216 3523 311 3571 tem
337 3518 658 3572 humanitas
703 3530 896 3584 negare
928 3530 1034 3569 non
1063 3516 1296 3583 patitur,
1322 3529 1451 3567 vere
1497 3520 1552 3567 et
1594 3513 1812 3582 pmprie

213 3608 786 3663 esscliliumltomiuis
817 3607 984 3660 Deum
1035 3605 1154 3660 sine
1203 3603 1538 3658 dubitatione
1587 3604 1812 3658 creden-

212 3701 326 3755 dum
353 3711 456 3757 est.
496 3699 612 3754 lloe
638 3711 816 3754 autem
841 3702 1156 3762 constituto,
1188 3712 1297 3752 non
1326 3709 1407 3750 est
1437 3697 1654 3749 dubium
1682 3696 1810 3767 quin

213 3795 360 3849 etiam
393 3796 492 3850 illa
525 3794 688 3862 Virgo
713 3793 948 3848 vicissim
990 3807 1120 3847 vere
1159 3799 1216 3845 et
1264 3791 1478 3860 proprie
1525 3798 1700 3843 mater
1720 3789 1813 3843 Dei

211 3903 318 3941 esse
347 3889 594 3943 dicatur.
619 3887 750 3941 ltcnt
775 3903 895 3942 cum
927 3885 1142 3957 quidam
1196 3884 1453 3955 Leporius
1482 3884 1762 3956 presbyter
1785 3883 1812 3922 δ

212 3979 341 4048 apud
369 3979 586 4034 Gallias
609 3981 652 4042 ’,
682 3977 1008 4048 depravatus
1033 3993 1062 4031 a
1094 3991 1220 4031 vera
1263 3986 1316 4031 et
1363 3977 1594 4046 antiqua
1620 3976 1811 4032 Eccle-

209 4069 294 4122 sia:
321 4069 449 4133 llde,
476 4071 675 4124 eadem
702 4069 904 4125 docere
922 4075 1276 4140 pnesumeret
1302 4083 1423 4140 qua)
1472 4077 1660 4139 postea
1711 4068 1814 4123 Ne-

213 4164 402 4217 storius
423 4163 638 4228 docuit,
673 4171 854 4232 atque,
884 4162 1010 4217 inde
1048 4175 1148 4232 pro
1178 4161 1271 4217 tali
1322 4175 1510 4218 errore
1538 4161 1812 4233 depulsus,

209 4251 258 4305 in
281 4253 460 4310 Africa
489 4253 777 4310 docendus
803 4255 1031 4320 veniret,
1065 4253 1175 4310 illic
1205 4254 1518 4317 instructus,
1549 4261 1612 4308 ut
1655 4253 1816 4309 docet

212 4346 501 4415 Apostolus
528 4345 679 4419 (Gal.
711 4363 784 4413 vi,
835 4349 916 4419 i),
963 4348 1018 4403 in
1071 4345 1263 4418 spiritu
1312 4347 1738 4404 mansuetudinis
1783 4363 1812 4402 a

206 4440 541 4506 spiritalibus
571 4438 820 4494 Patrihus
852 4439 1070 4494 Aurelio
1097 4439 1524 4508 Carthaginiensi
1567 4447 1624 4493 et
1677 4453 1814 4508 prae-

207 4528 344 4584 dicto
375 4530 714 4602 Augustino,
739 4538 902 4600 atque
947 4530 1070 4585 aliis
1095 4529 1358 4585 Africanis
1382 4529 1668 4599 episcopis,
1695 4546 1813 4599 pra-

1909 1956 2262 2011 coutiteretur
2281 1955 2456 2026 ipsius
2472 1965 2664 2011 auctor
2687 1956 2908 2012 erroris.
2929 1955 3016 2009 Ait
3035 1956 3200 2020 enim,
3227 1955 3366 2010 sicut
3391 1967 3508 2007 tue-

1907 2047 2236 2102 moravimus
2263 2064 2276 2100 :
2309 2066 2327 2098 ι
2350 2045 2600 2101 Nascitur
2619 2059 2749 2115 ergo
2772 2046 3070 2118 propriede
3089 2046 3292 2116 Spiritu
3321 2054 3508 2099 sancto

1910 2144 1967 2190 et
1987 2135 2154 2191 Maria
2177 2152 2394 2208 semper
2419 2137 2639 2205 Virgine
2671 2138 2832 2192 Deus.
2871 2156 2890 2188 ι
2926 2136 3105 2208 Atque
3147 2139 3220 2191 ita
3270 2137 3411 2191 Deus
3440 2137 3507 2190 ab

1911 2241 1979 2280 eo
2001 2225 2198 2282 dicitur
2216 2228 2435 2298 proprie
2462 2236 2623 2284 natus
2652 2243 2721 2283 ex
2751 2227 2990 2296 Virgine,
3025 2237 3084 2282 ut
3135 2229 3298 2283 etiam
3343 2229 3508 2283 homo

1911 2315 2067 2372 Jesus
2093 2316 2340 2372 Christus
2355 2317 2589 2372 vicissim
2610 2317 2703 2372 Dei
2734 2317 2903 2373 Filius
2931 2320 3228 2388 nuncupari
3281 2327 3339 2373 et
3381 2335 3508 2374 vere

1913 2423 2035 2464 esse
2061 2409 2292 2464 dicatur.
2328 2407 2481 2464 Unde
2509 2418 2564 2465 et
2590 2410 2716 2466 Illud
2747 2410 2979 2480 adjecit:
3021 2430 3040 2462 ι
3076 2411 3152 2467 Ac
3167 2413 3246 2467 sic
3294 2413 3350 2466 iu
3371 2411 3510 2466 alte-

1914 2511 2123 2556 rutrum
2151 2517 2316 2556 unum
2340 2501 2399 2556 lit
2419 2510 2474 2557 et
2498 2501 2734 2557 Verbum
2765 2511 2821 2557 et
2847 2517 2995 2558 caro.
3032 2521 3051 2554 ι
3106 2502 3217 2558 Nec
3259 2517 3354 2574 per
3407 2504 3510 2558 hoc

1914 2593 2224 2648 discretioni
2255 2594 2534 2665 utriusque
2564 2603 2770 2650 natura:
2806 2596 3175 2666 prrejudicium
3199 2597 3394 2663 intulit,
3419 2599 3509 2668 qui

1915 2685 2195 2741 confessus
2219 2696 2302 2742 est
2322 2687 2464 2759 quod
2493 2697 2745 2743 manente
2772 2689 2824 2742 in
2847 2704 2945 2744 sua
3000 2688 3332 2758 perfectione
3357 2699 3510 2745 natu-

1914 2775 2101 2832 raliter
2120 2784 2349 2847 utraque
2377 2779 2699 2846 substantia,
2730 2780 2846 2835 sine
2889 2780 2968 2832 sui
3002 2779 3311 2849 pncjudicio
3338 2789 3392 2835 et
3422 2783 3512 2836 hu-

1908 2867 2158 2920 manitati
2191 2867 2368 2922 divina
2391 2871 2810 2935 communicent,
2853 2879 2907 2923 et
2959 2871 3223 2925 divinitati
3278 2873 3512 2927 humana

1913 2957 2242 3026 participent
2273 2977 2284 3010 ς
2316 2975 2419 3013 non
2457 2961 2688 3015 alterum
2721 2961 2906 3014 dicens
2937 2959 3124 3026 Deum,
3163 2962 3388 3017 alterum
3416 2965 3513 3019 bo-

1913 3049 2150 3119 miuem;
2181 3051 2274 3106 sed
2305 3054 2551 3108 eumdem
2584 3054 2754 3124 ipsum
2789 3055 2978 3125 Deum,
3030 3074 3189 3126 quem
3233 3067 3289 3112 et
3337 3053 3512 3112 homi-

1913 3155 2060 3206 nem,
2091 3149 2146 3197 ct
2168 3142 2398 3198 vicissim
2431 3145 2725 3211 hominem,
2759 3163 2920 3217 quem
2954 3149 3120 3203 Deum
3145 3148 3324 3203 Jesum
3354 3151 3508 3204 Citri-

1913 3237 2054 3285 stum
2102 3231 2198 3288 Dei
2250 3233 2442 3289 Filiqu
2497 3239 2792 3307 nuncupari
2836 3246 2892 3291 et
2920 3252 3047 3293 vere
3068 3254 3186 3294 esse
3235 3241 3513 3298 confusus

1913 3331 2017 3379 est.
2050 3325 2106 3378 Si
2131 3335 2311 3380 autem
2339 3327 2482 3383 Deus
2509 3345 2639 3384 vere
2668 3338 2750 3385 est
2774 3333 2960 3401 homo,
3003 3348 3104 3389 nec
3140 3335 3358 3391 aliunde
3388 3353 3514 3393 vere

1913 3413 2078 3470 homo
2107 3417 2207 3471 nisi
2241 3421 2510 3473 nascendo
2533 3422 2600 3475 de
2624 3420 2861 3490 Virgine,
2887 3440 2981 3478 cur
3005 3440 3111 3478 non
3135 3425 3344 3481 dicatur
3375 3426 3515 3482 Deus

1916 3520 2042 3561 vere
2071 3518 2227 3563 natus
2257 3525 2322 3564 ex
2353 3512 2595 3580 virgine?
2624 3512 2691 3567 Et
2719 3515 2762 3568 si
2793 3513 2934 3570 Deus
2983 3517 3201 3586 proprie
3238 3517 3412 3573 factus
3433 3529 3515 3573 est

1914 3599 2222 3667 homo,uec
2245 3604 2458 3659 aliunde
2484 3608 2699 3676 proprie
2715 3607 2883 3662 factus
2927 3619 3009 3663 est
3039 3611 3222 3677 homo,
3273 3612 3373 3667 nisi
3428 3631 3516 3666 na-

1914 3693 2112 3746 scendo
2141 3692 2209 3747 de
2240 3693 2476 3763 Virgine,
2495 3711 2593 3750 cur
2623 3713 2727 3752 non
2755 3699 2966 3752 dicatur
2991 3702 3153 3754 etiam
3182 3705 3399 3772 proprie
3420 3721 3516 3758 na-

1917 3789 2003 3835 tus
2033 3797 2098 3836 ex
2122 3783 2380 3853 Virgine?
2409 3785 2712 3841 Absurdttm
2738 3778 2895 3843 nimis
2917 3797 2998 3844 est
3029 3801 3087 3844 ut
3117 3791 3275 3858 Deus,
3301 3795 3390 3862 qui
3415 3813 3514 3849 nrt--

1915 3872 2120 3927 scendo
2139 3875 2208 3928 de
2237 3877 2445 3942 virgine
2470 3891 2593 3931 vere
2622 3888 2676 3933 et
2711 3880 2929 3948 proprie
2974 3880 3144 3936 factus
3190 3889 3274 3936 cst
3327 3885 3514 3952 homo,

1917 3978 2025 4018 non
2057 3971 2185 4019 vere
2215 3976 2269 4020 et
2298 3969 2516 4037 proprie
2567 3968 2636 4022 de
2686 3969 2772 4022 illa
2830 3979 2988 4026 natus
3017 3986 3138 4027 esse
3166 3973 3380 4029 dicatur
3410 3993 3422 4029 :
3457 3985 3516 4032 ut

1917 4071 2044 4110 vera
2076 4058 2147 4111 sit
2177 4073 2262 4113 res
2289 4073 2448 4128 quam
2471 4060 2649 4114 eliccit
2677 4061 2763 4114 illa
2791 4063 3069 4127 uativitas,
3093 4073 3148 4118 et
3176 4065 3288 4136 ipsa
3309 4067 3516 4136 rciejus

1914 4148 2160 4203 effectrix
2191 4165 2298 4205 non
2329 4150 2400 4205 sit
2425 4163 2554 4206 vera
2586 4151 2856 4207 nativitas.
2895 4153 3088 4209 Verum
3121 4172 3222 4212 nec
3251 4157 3379 4212 illud
3410 4159 3517 4215 tui-

1918 4255 2022 4294 nus
2051 4241 2340 4296 absurdum
2363 4250 2468 4307 est,
2494 4252 2553 4297 ut
2575 4243 2665 4313 qui
2697 4259 2804 4298 non
2835 4243 3124 4301 oll‘enditur
3143 4249 3404 4318 propheta
3433 4251 3519 4304 dl-

1919 4340 2076 4388 cente
2109 4349 2124 4385 :
2154 4330 2332 4386 Mater
2356 4332 2488 4388 Sion
2517 4333 2662 4401 dicit,
2720 4337 2894 4404 homo,
2925 4347 2976 4390 et
3021 4338 3174 4394 homo
3223 4341 3392 4410 [actus
3442 4350 3519 4395 est

1918 4427 2079 4494 inca,
2103 4435 2155 4480 et
2166 4427 2522 4499 ipsefmtdam't
2549 4444 2665 4482 eam
2689 4429 2985 4486 Altissimus
3005 4430 3175 4501 (Pscl.
3195 4447 3412 4502 Lxxxvt,
3437 4433 3517 4505 5),

1920 4527 1977 4573 et
2005 4528 2284 4574 mansuete
2301 4527 2355 4574 et
2381 4519 2608 4574 ﬁdeliter
2629 4521 2847 4592 accipit,
2879 4522 3023 4591 quod
3059 4523 3173 4593 ipse
3197 4524 3521 4592 Altissimus,

205 4621 483 4676 vissiiiiam
510 4621 808 4676 novitatem
834 4622 917 4675 sui
941 4621 1209 4690 dogmatis
1255 4619 1539 4675 abdicavit.
1589 4619 1816 4690 Scripsit
1849 4659 1898 4720 D
1923 4613 2017 4682 qui
2043 4612 2174 4668 Sion
2199 4613 2460 4679 funngil,
2487 4614 2652 4669 homo
2677 4613 2850 4670 factus
2877 4625 2958 4670 est
2992 4616 3041 4671 in
3082 4633 3177 4686 ca;
3209 4629 3264 4672 et
3292 4621 3381 4689 qui
3414 4636 3521 4674 non

206 4721 380 4766 autem
415 4714 664 4769 libellum
687 4713 1071 4769 satisfactionis
1113 4715 1256 4768 idem
1318 4715 1576 4786 Leporius
1607 4715 1670 4769 ad
1700 4713 1820 4770 Gal-

205 4799 279 4857 los
305 4806 633 4876 episcopos,
685 4820 846 4874 quem
904 4807 1189 4860 memorati
1241 4807 1576 4863 venerabiles
1624 4805 1814 4862 Patres

207 4892 458 4949 Aurelius
477 4905 652 4970 atque
676 4896 1005 4964 Augustinus
1027 4905 1080 4951 et
1107 4899 1288 4953 ceteri
1319 4898 1395 4954 sic
1426 4900 1813 4970 probaverunt,

203 4993 259 5037 ut
285 4988 354 5040 ad
375 4987 689 5042 laciendam
721 4987 959 5042 veritatis
1001 4987 1182 5054 fidem,
1217 4990 1380 5044 etiam
1438 5007 1563 5046 suas
1603 4992 1652 5046 ei
1700 4994 1814 5046 sub-

203 5077 539 5146 scriptiones
569 5078 885 5148 adjicerent.
918 5079 976 5134 ln
1008 5095 1116 5149 quo
1148 5080 1329 5135 libello
1362 5089 1484 5153 post
1538 5083 1765 5138 multum
1794 5084 1814 5114 ³

201 5166 276 5223 sic
303 5167 448 5225 dicit
507 5187 520 5223 :
573 5189 590 5222 t
628 5168 875 5224 Nascitur
896 5186 1025 5241 ergo
1047 5171 1266 5242 proprie
1298 5172 1362 5229 de
1388 5173 1590 5245 Spiritu
1619 5183 1814 5231 sancto

270 5402 295 5466 ξ
325 5391 511 5466 Forte
538 5391 637 5458 Qui
665 5412 809 5466 ergo.

269 5461 295 5500 ι’
326 5464 560 5538 l_.eporii
591 5461 838 5538 libellum
888 5465 1289 5538 satisfactiouis,
1321 5467 1474 5536 cujus
1502 5478 1708 5538 partem
1739 5485 1806 5526 ex

195 5531 473 5590 Cassiano
500 5537 743 5591 dedimus
771 5546 915 5593 temo
946 5535 964 5591 ι
989 5536 1352 5593 Couciliorum
1386 5531 1608 5608 'Gallize,
1667 5540 1808 5596 inte-

270 5744 290 5778 ³
321 5742 475 5798 Cod.
517 5740 736 5809 Verum,
769 5741 891 5806 Qui.

268 5818 290 5847 ²
313 5816 479 5869 Idem
506 5815 648 5876 cod.,
683 5814 931 5871 Gallium.

269 5885 295 5917 ³
311 5885 478 5942 idem
504 5887 649 5948 cod.,
681 5887 860 5940 multa.

1921 4706 2212 4761 offenditur
2233 4708 2564 4776 evangelista
2587 4709 2798 4763 dicente
2844 4726 2857 4762 :
2893 4709 3117 4765 Verbum
3164 4728 3286 4765 cara
3327 4714 3520 4782 factum

1920 4799 2200 4871 est(Jorm.
2232 4815 2271 4868 ι,
2302 4798 2391 4871 Η)
2447 4818 2460 4854 :
2519 4801 2563 4855 si
2615 4800 2803 4856 audiat
2841 4818 2902 4856 ra
2951 4817 3070 4872 qua:
3125 4811 3248 4858 sunt
3288 4804 3520 4858 hominis

1919 4892 2196 4949 Altissimo
2233 4895 2395 4949 tribui
2427 4895 2518 4963 qui
2550 4895 2724 4950 factus
2748 4905 2831 4951 est
2857 4898 3040 4961 homo,
3068 4905 3122 4950 et
3159 4911 3221 4951 ea
3251 4911 3370 4966 quze
3396 4905 3520 4953 sunt

1918 4987 2098 5041 carnis
2131 4984 2308 5041 Verbo
2340 4987 2498 5041 tribui
2521 4986 2666 5057 quod
2697 4985 2896 5041 factum
2924 4994 3006 5039 est
3027 5001 3176 5052 caro,
3207 4984 3522 5042 scandalum

1920 5082 2174 5152 patiatur,
2220 5090 2476 5150 tauquam
2509 5095 2615 5134 non
2648 5079 2842 5133 horum
2872 5093 3086 5132 causam
3116 5085 3241 5132 ante
3272 5077 3521 5136 credide-

1919 5176 2008 5238 rit,
2032 5173 2248 5246 quando
2279 5173 2608 5242 Altissimum
2634 5170 2834 5226 factum
2873 5170 3144 5224 hominem
3177 5179 3234 5224 et
3285 5169 3523 5229 Verbqu

1913 5414 2066 5468 grum
2097 5409 2284 5469 postea
2323 5400 2463 5454 nacti
2482 5413 2668 5453 sumus
2697 5372 2820 5454 cum
2847 5398 3050 5453 Aurelii
3081 5397 3361 5468 Augustini
3388 5400 3523 5454 alio-

1915 5486 2143 5542 rumque
2168 5471 2648 5538 subscriptionibus
2677 5484 2925 5542 quarum
2963 5470 3052 5526 hic
3094 5473 3318 5525 mentio.
3370 5472 3525 5528 Hunc

1915 5539 2069 5610 ergo‘
2103 5542 2300 5612 publici
2344 5541 2480 5609 juris
2528 5540 2848 5610 propediem
2901 5539 3140 5598 futurum
3184 5556 3488 5612 speramus.

1986 5749 2009 5826 ξ
2035 5750 2180 5826 idem
2212 5751 2360 5826 cod.,
2391 5768 2591 5823 semper
2614 5754 2836 5826 uirgine.

1989 5822 2010 5853 ⁸
2040 5821 2188 5880 Idem
2217 5822 2365 5888 cod.,
2402 5821 2689 5895 satngeme.
