3878 6194
389 309 491 376 547

390 525 583 580 simum
604 525 878 579 hominem
911 521 1132 588 factum,
1162 535 1322 590 quam
1346 518 1584 574 tribuere
1608 532 1729 587 qua:
1740 524 1870 571 sunt
1886 517 1989 572 ho-

390 614 550 669 minis
572 614 884 680 Altissimo;
915 622 972 669 et
996 613 1115 682 plus
1141 620 1225 666 est
1252 610 1453 676 dicere,
1484 607 1720 665 Verbum
1754 621 1880 661 caro
1912 604 1991 661 l'a-

390 713 535 759 ctum
566 713 668 770 est,
695 719 859 773 quam
884 703 1120 758 tribuere
1140 718 1259 771 qua:
1286 701 1465 756 carnis
1494 706 1621 754 sunt
1648 698 1761 753 Deo
1786 696 1987 753 Verbo.

391 792 524 847 Cum
556 794 734 861 itaque
763 792 998 862 Spiritus
1040 793 1157 861 Dei,
1188 792 1255 845 ad
1302 787 1784 847 commendandam
1837 787 1992 842 nobis

392 884 444 937 in
476 884 579 938 hoc
608 884 866 954 mysterio
897 884 1281 938 adunatiouem
1302 881 1496 937 divinae
1512 881 1867 948 humanasque
1896 892 1995 931 na-

393 985 543 1042 tunc,
570 975 674 1031 hoc
699 976 843 1045 quod
884 984 969 1030 est
1024 972 1254 1045 ammius
1303 975 1485 1029 dicere
1526 974 1910 1043 congruentius
1938 977 1996 1025 et

394 1067 576 1121 utilius
600 1066 881 1134 judicavit,
906 1066 1032 1135 quia
1063 1066 1370 1120 Altissimus
1397 1065 1561 1120 homo
1584 1062 1754 1118 factus
1782 1071 1882 1127 est,
1916 1068 1993 1129 et,

394 1155 629 1209 Verbum
658 1171 784 1210 caro
815 1156 1014 1219 factum
1036 1164 1121 1210 est
1146 1172 1159 1208 :
1191 1171 1289 1209 cur
1311 1155 1593 1223 quisquam
1656 1160 1863 1206 metuat
1894 1146 1994 1207 hac

392 1248 721 1301 auctoritate
737 1245 1012 1313 fundatus,
1046 1247 1162 1299 sine
1187 1244 1495 1314 prsejudicio
1531 1243 1807 1311 utriusque
1832 1248 1993 1295 natu-

394 1355 496 1403 ra},
534 1354 593 1392 ei
625 1353 745 1406 qua)
773 1346 896 1391 sunt
918 1337 1266 1391 humanitatis
1288 1335 1583 1399 Altissimo,
1616 1343 1673 1388 et
1716 1348 1833 1402 quae
1871 1339 1997 1386 sunt

394 1433 574 1485 carnis
606 1431 780 1484 Verbo
810 1432 1064 1495 tribuere,
1100 1438 1322 1499 prepter
1364 1435 1759 1483 sacramentum
1795 1440 1860 1505 ac
1881 1425 1995 1479 dis-

396 1525 767 1596 pensationem
801 1524 1183 1579 incarnationis
1206 1524 1349 1577 suta?
1375 1521 1450 1576 De
1466 1537 1572 1591 quo
1592 1520 1701 1575 Deo
1724 1518 1903 1573 Verbo
1920 1519 1998 1574 lo—

399 1631 574 1685 quens
603 1617 744 1671 idem
773 1614 1011 1670 Joannes
1051 1616 1105 1668 in
1135 1614 1371 1683 Epistula
1403 1629 1519 1675 sua,
1552 1613 1601 1667 ei
1653 1626 1773 1681 qua:
1819 1609 1999 1665 carnis

393 1718 518 1764 sunt
538 1708 797 1779 deputare
822 1709 836 1738 ¹
865 1723 972 1761 non
1002 1706 1228 1770 dubitat,
1254 1712 1313 1758 ut
1339 1711 1465 1775 pote
1492 1717 1651 1771 quem
1684 1716 1846 1757 carne
1867 1702 1886 1731 ³
1916 1699 1997 1753 fa-

395 1808 542 1855 ctum
572 1801 627 1854 in
652 1816 750 1855 suo
782 1798 1075 1867 Evangelio
1105 1796 1431 1867 praedicavit.
1462 1793 1595 1847 Nam
1622 1793 1762 1847 sicut
1788 1792 1860 1847 ibi
1881 1804 1997 1845 ser-

394 1908 607 1949 monem
638 1894 761 1947 inde
804 1907 1028 1947 exorsus
1053 1898 1136 1944 est
1176 1890 1357 1944 dicens
1414 1904 1427 1939 :
1478 1885 1544 1939 In
1590 1885 1843 1956 principio
1882 1890 1998 1937 erat

408 1984 652 2052 Verbum,
674 1995 723 2038 et
760 1982 983 2037 Verbum
1011 1990 1124 2035 erat
1169 1980 1308 2051 apud
1355 1978 1541 2042 Deum,
1596 1987 1646 2030 et
1703 1976 1839 2029 Deus
1883 1985 1999 2028 erat

403 2080 625 2135 Verbum
648 2080 826 2152 (Joan.
846 2094 883 2145 ι,
910 2078 985 2145 l).
1013 2075 1078 2128 Et
1102 2073 1270 2128 infra:
1296 2071 1517 2126 Verbum
1544 2087 1666 2125 caro
1689 2071 1882 2139 factum
1898 2078 1993 2134 est,

394 2184 445 2226 et
466 2173 718 2225 habitavit
748 2171 801 2223 in
832 2168 1014 2221 nobis:
1040 2167 1111 2219 ita
1135 2173 1190 2219 et
1220 2164 1271 2217 in
1296 2162 1538 2233 Epistola
1567 2177 1661 2216 sua
1694 2159 1817 2215 inde
1843 2160 1996 2214 simi-

395 2261 519 2316 liter
540 2261 705 2330 unpit
738 2278 749 2309 :
774 2257 923 2323 Quod
953 2266 1064 2310 erat
1084 2254 1149 2309 ab
1176 2256 1348 2321 initio,
1368 2255 1504 2322 quod
1524 2253 1833 2318 audivimus,
1860 2251 1997 2323 quod

397 2353 611 2407 uidimus
642 2352 802 2407 oculis
836 2349 1046 2411 nostris,
1079 2347 1215 2417 quod
1241 2346 1580 2415 inspeximus,
1610 2352 1658 2398 et
1688 2361 1871 2398 manus
1902 2360 1998 2398 no-

395 2456 518 2500 stra!
545 2448 986 2497 contrectaveruitt
1011 2439 1073 2491 de
1130 2437 1296 2492 Verbo
1348 2437 1482 2501 vitaz,
1506 2446 1555 2489 et
1582 2437 1682 2489 vita
1711 2435 1884 2506 palam
1915 2437 1997 2505 fa-

396 2544 480 2590 cta
508 2544 604 2596 est,
634 2543 685 2587 et
714 2533 929 2587 vidimus
958 2541 1007 2583 et
1052 2537 1323 2594 testamur,
1348 2536 1396 2580 et
1428 2528 1725 2580 uuntiamus
1754 2525 1894 2580 vobis
1922 2527 1996 2580 vi-

398 2636 503 2680 tam
532 2632 799 2685 attentam,
831 2636 945 2691 qua:
981 2629 1093 2674 erat
1118 2618 1255 2689 apud
1280 2617 1511 2682 Patrem,
1555 2627 1604 2670 et
1632 2616 1807 2687 palam
1856 2618 1999 2687 facta

395 2726 474 2771 est
498 2715 643 2769 nobis
676 2713 727 2786 (Ι
780 2710 1024 2781 Joan.t).
1087 2708 1429 2763 Aununtiaus
1484 2690 1665 2777 itaque
1710 2707 1867 2762 nobis
1929 2706 1997 2762 de

330 2800 333 2801 ⁷
398 2807 576 2861 Verbo
601 2807 740 2871 vitm,
769 2804 911 2874 quod
941 2802 1149 2857 eratab
1180 2801 1354 2863 initio,
1389 2815 1489 2854 nec
1518 2801 1570 2853 in
1599 2799 1684 2854 his
1730 2815 1850 2870 qua:
1877 2815 1996 2856 me-

397 2897 725 2953 moravimus
752 2909 1014 2966 suscepta:
1043 2899 1109 2951 ab
1137 2914 1203 2952 eo
1223 2898 1402 2952 carnis
1424 2912 1619 2951 nomen
1644 2896 1992 2963 interserens,

396 2987 464 3040 de
495 2988 609 3055 ipso
638 2987 814 3042 Verbo
836 2988 983 3053 dicit,
1020 2988 1163 3058 quod
1194 2988 1366 3043 oculis
1394 2989 1504 3042 suis
1531 2989 1679 3042 illum
1744 2987 1997 3059 inspexe-

397 3078 485 3143 rit,
514 3086 569 3132 et
596 3079 841 3133 manibus
869 3081 1306 3145 contrectaverit,
1341 3096 1445 3134 non
1468 3079 1719 3134 dubitans
1739 3087 1996 3148 quiesunt

1505 314 1802 371 FACUNDI
1846 309 2058 369 EPISC.
2100 312 2605 371 llERMlANLNSI'S

392 449 606 490 carnem
625 434 853 490 credidit
876 433 1095 489 factum.
1124 430 1248 485 Plus
1277 436 1359 484 est
1404 436 1585 482 autem
1616 426 1988 483 dicere'Altis-
2019 435 2065 489 Α

3539 330 3622 387 ξ.Δὸ

2719 427 2947 485 CAPUT
2988 429 3047 485 V.

2097 543 2245 610 Quod
2272 540 2465 621 Christi
2512 540 2633 621 duo;
2674 541 2774 595 sint
2820 551 3043 621 natura,
3086 558 3327 621 non‘una
3371 556 3627 621 composita,

2164 623 2344 668 contra
2397 612 2753 683 Eutyehianos
2798 625 2849 668 et
2898 615 3382 683 Semicutgchianos.
3422 612 3488 674 De
3511 612 3631 680 nni

2166 701 2324 767 papa,
2376 694 2423 767 et
2475 688 2538 767 de
2582 681 2783 766 Cyrillo
2826 681 3201 753 Alexandrina,
3237 704 3439 758 quorum
3472 697 3630 767 scripta

2165 757 2415 826 objiciunt
2456 757 2761 811 adversarii.

2165 883 2291 939 Haec
2312 883 2569 941 adversus
2598 884 3042 943 Nestorianorum
3072 888 3341 959 perﬁdiam
3353 893 3529 951 dixisse
3548 898 3638 952 sul-

2096 973 2258 1041 liciat,
2281 992 2402 1045 qua:
2428 992 2549 1045 nos,
2579 977 2723 1032 sicut
2743 979 2994 1046 arbitror,
3021 995 3051 1034 a
3091 980 3360 1039 calumniis
3380 984 3632 1059 Eutychia-

2096 1083 2291 1123 norum
2315 1068 2446 1123 satis
2469 1084 2738 1139 superque
2759 1070 3081 1138 defendunt;
3126 1073 3215 1141 qui
3258 1090 3375 1129 cum
3425 1078 3640 1135 refellun-

2096 1169 2185 1213 tur
2214 1173 2245 1212 a
2275 1159 2559 1215 catholicis
2583 1199 2599 1225 ,
2652 1159 3099 1217 Nestorianorum
3119 1165 3199 1217 eis
3221 1165 3411 1220 crimen
3432 1167 3637 1237 alliguut.

2096 1246 2164 1301 Et
2194 1247 2316 1303 ideo
2337 1249 2448 1317 jam
2479 1249 2605 1304 illud
2631 1251 2845 1305 tertium
2876 1253 3145 1320 praulictis
3194 1251 3515 1325 Eutychianis
3537 1274 3642 1314 con-

2097 1340 2321 1393 trariutn
2342 1347 2544 1418 rectum
2565 1356 2685 1395 esse
2708 1351 3087 1407 monstremus,
3110 1343 3256 1413 quod
3279 1345 3535 1401 Dominum
3564 1365 3642 1403 no-

2096 1438 2267 1486 strum
2292 1430 2473 1486 Jesum
2497 1430 2767 1488 Christum
2798 1434 3118 1489 conﬁtemur
3148 1436 3201 1489 in
3230 1436 3426 1493 duabus
3452 1444 3643 1513 naturis,

2098 1522 2152 1577 id
2177 1531 2260 1578 est
2287 1524 2339 1578 in
2363 1524 2646 1580 divinitate
2691 1534 2855 1595 atque
2884 1527 2936 1581 in
2991 1527 3325 1583 humanitate
3369 1530 3641 1598 perfectura.

2100 1613 2218 1681 Quo
2244 1614 2686 1670 Nestorianorum
2714 1631 2930 1686 quoque
2976 1618 3277 1673 calumnias
3316 1628 3591 1677 evertemus
3611 1625 3645 1690 ⁸,

2098 1708 2189 1777 qui
2220 1723 2318 1764 nos
2347 1715 2537 1777 putant
2562 1708 2629 1763 ad
2650 1710 3020 1765 confusionem
3049 1711 3273 1765 duarum
3301 1711 3485 1767 Christi
3515 1727 3645 1769 natu-

2027 1813 2074 1873 Β
2100 1815 2281 1855 rarum
2303 1786 2484 1855 di'cere
2508 1801 2655 1871 quod
2707 1818 2841 1858 unus
2867 1818 2936 1857 ex
2966 1802 3231 1858 Trinitate
3250 1806 3318 1859 sit
3336 1805 3568 1860 Dominus
3584 1806 3648 1862 Je-

2099 1906 2192 1947 sus
2216 1889 2480 1956 Christus,
2510 1900 2567 1946 et.
2592 1908 2718 1948 vere
2756 1902 2812 1947 et
2862 1895 3082 1964 proprie
3130 1904 3301 1949 mater
3353 1897 3441 1951 Dei
3489 1895 3645 1954 Maria.

2099 1980 2376 2037 Christum
2404 1982 2566 2050 igitur
2592 1983 2783 2039 Filium
2816 1984 2931 2050 Dei,
2984 1985 3432 2053 quemadmodum
3480 1989 3648 2045 dictum

2098 2084 2201 2139 est,
2235 2078 2289 2131 in
2310 2077 2517 2132 duabus
2538 2078 2893 2147 praadicamus
2920 2092 3041 2133 esse
3071 2080 3299 2133 naturis.
3328 2080 3430 2135 Nec
3464 2083 3554 2137 dici
3575 2074 3651 2153 pa-

2100 2170 2266 2225 timur
2293 2186 2453 2224 unam
2484 2170 2601 2239 ejus
2628 2186 2697 2225 ex
2720 2170 2999 2225 divinitate
3026 2178 3081 2226 et
3112 2173 3439 2229 humanitate
3465 2190 3651 2246 compa.

2098 2263 2256 2317 sitam
2278 2277 2399 2318 esse
2423 2272 2696 2326 naturam,
2728 2279 2796 2318 ne
2826 2263 2991 2332 Patri,
3020 2266 3177 2335 cujus
3226 2268 3442 2336 simplex
3494 2279 3652 2323 natura

2098 2364 2203 2422 est,
2230 2356 2703 2412 eonsuhstantialis
2721 2372 2825 2410 non
2853 2358 2953 2423 sit;
2979 2365 3035 2411 et
3062 2359 3207 2412 sicut
3227 2359 3439 2414 alterius
3464 2370 3536 2414 est
3555 2377 3652 2430 per-

2098 2462 2262 2513 sonae,
2294 2462 2455 2518 quam
2487 2446 2673 2510 Pater,
2708 2448 2779 2501 ita
2804 2448 2966 2502 etiam
2997 2450 3245 2512 alterius,
3271 2451 3320 2505 id
3351 2452 3653 2519 estdiverszr,

2099 2540 2308 2595 dicatur
2338 2554 2457 2594 esse
2486 2547 2710 2593 naturaz.
2742 2538 2941 2594 Verum
2990 2556 3170 2610 neque
3215 2542 3368 2597 nobis
3417 2543 3510 2597 erit
3547 2560 3653 2598 coa-

2097 2632 2485 2696 substantialis,
2516 2632 2617 2686 nisi
2647 2632 2764 2700 ejus
2806 2633 2925 2687 dua:
2972 2643 3182 2688 natum
3206 2636 3312 2689 sint
3344 2654 3356 2688 :
3392 2645 3445 2690 ut
3484 2636 3657 2692 scilicet

2099 2725 2269 2780 altera
2298 2726 2366 2779 sit
2396 2725 2448 2778 in
2479 2739 2585 2793 qua
2608 2726 3079 2783 consulistantialis
3111 2738 3197 2783 est
3218 2726 3383 2792 Patri,
3413 2730 3561 2785 altera
3581 2744 3656 2784 re-

2098 2832 2162 2872 ro
2191 2817 2242 2871 in
2265 2832 2369 2886 qua
2396 2817 2869 2872 consubstantialis
2894 2827 2976 2872 est
3023 2819 3204 2873 nobis.
3238 2820 3305 2873 At
3332 2821 3449 2875 huic
3472 2819 3658 2874 eviden-

2099 2909 2319 2965 tissima:
2340 2909 2535 2963 rationi
2568 2910 2723 2964 bruta
2748 2908 3210 2980 Eutychianorum
3235 2913 3497 2966 contentin
3519 2912 3657 2965 refra-

2098 3010 2274 3069 gatur,
2306 2999 2579 3056 afﬁrmans
2607 2999 2698 3054 Dei
2751 3000 2907 3055 Verbi
2939 3004 3206 3055 unitatem
3248 3001 3659 3056 incommutabili-

2100 3094 2497 3164 tersimplicem
2553 3108 2673 3147 cum
2732 3102 2978 3163 suscepta
3038 3095 3380 3148 humanitate
3423 3097 3471 3148 in
3525 3108 3658 3147 unam

396 3171 571 3226 θίπηίε
595 3172 876 3226 ίιιοπιιδιο
906 3171 1085 3227 Verbo
1114 3172 1368 3227 ll'ibuel‘e-
1398 3172 1535 3238 Qum
1562 3186 1692 3240 ετευ
1716 3172 1986 3227 Νθδιοτίει
2020 3189 2065 3250 C
2095 3185 2350 3253 componi
2375 3184 2614 3254 potuisse
2640 3194 2905 3237 naturam.
2953 3185 3199 3250 Quorum
3245 3185 3661 3256 Eutychianorum

395 3261 469 3327 ni,
502 3261 655 3331 quasi
685 3262 956 3316 cautiores
980 3271 1035 3316 et
1055 3263 1423 3332 diligentiores
1455 3263 1572 3332 ipso
1614 3261 1824 3318 Joanne
1852 3280 1988 3333 apo-

362 3428 367 3433 1
395 3353 555 3417 stolo,
581 3354 690 3408 imo
719 3354 835 3423 ipso
859 3354 969 3409 Deo
997 3354 1196 3420 Verbo,
1228 3357 1318 3424 qui
1364 3356 1442 3410 sic
1480 3356 1547 3410 de
1586 3372 1644 3411 se
1699 3356 1751 3409 in
1782 3355 1992 3412 Joanne

396 3444 714 3513 loquebatur
758 3446 1029 3514 apostolo,
1052 3446 1320 3512 refugiunt
1346 3462 1464 3516 qua:
1487 3455 1610 3502 sunt
1643 3446 1991 3502 humanitatis

396 3535 506 3591 Deo
531 3537 787 3600 tribuere,
815 3547 870 3593 et
897 3539 1110 3593 beatam
1139 3538 1360 3594 Mariam
1391 3539 1573 3594 dicere
1610 3554 1739 3593 vere
1765 3546 1821 3594 et
1865 3554 1994 3609 pro-

394 3629 509 3698 prie
536 3638 761 3684 matrem
785 3627 915 3696 Dci;
947 3646 1109 3698 quam
1136 3646 1244 3685 non
1285 3629 1555 3699 refugiunt
1576 3631 1756 3686 dicere
1784 3646 1912 3687 vere
1936 3640 1993 3687 et

394 3722 612 3792 proprie
637 3722 871 3777 hominis
900 3731 1149 3790 matrem,
1177 3723 1277 3778 nisi
1305 3723 1430 3794 quia
1460 3739 1568 3777 non
1593 3722 1843 3777 eumdem
1870 3738 1992 3779 cre—

392 3816 583 3871 dentes
610 3831 730 3871 esse
751 3815 940 3881 Deum,
971 3830 1131 3885 quem
1156 3817 1450 3880 hominem,
1482 3816 1619 3871 duos
1644 3815 1801 3870 nobis
1831 3813 1988 3881 ﬁlios,

392 3906 519 3962 licet
548 3922 655 3962 non
682 3907 875 3972 verbis,
920 3908 1078 3961 rebus
1134 3916 1315 3962 tamen
1371 3907 1392 3938 ³
1454 3907 1642 3962 volunt
1696 3905 1990 3963 inducere?

392 3996 501 4051 Nos
530 4008 709 4054 autem
765 4000 997 4055 scientes
1048 4000 1365 4071 Apostolum
1423 3999 1669 4054 dixisse:
1730 3997 1990 4069 Optabam

392 4090 530 4143 enim
555 4106 648 4161 ego
677 4090 787 4158 ipse
806 4092 1085 4143 anathema
1133 4107 1244 4144 esse
1272 4108 1305 4143 a
1358 4090 1566 4146 Christo
1604 4108 1699 4160 pro
1740 4092 1988 4162 fratribus

394 4180 543 4245 meis,
571 4180 656 4248 qui
681 4187 800 4231 sunt
829 4181 1037 4249 cognati
1068 4181 1163 4232 mei
1185 4181 1465 4234 secundum
1495 4197 1726 4242 carnem,
1757 4182 1843 4251 qui
1870 4191 1990 4236 sunt

394 4266 672 4332 Israelitw,
702 4285 912 4336 quorum
928 4268 1138 4338 adoptio
1160 4278 1235 4321 est
1262 4268 1508 4338 ﬁliorum,
1540 4278 1589 4322 et
1613 4271 1801 4339 gloria,
1850 4281 1900 4326 et
1924 4282 1991 4325 te-

312 4412 332 4427 ,
394 4367 670 4423 stamenta,
694 4368 740 4413 et
765 4359 1043 4429 legislatio,
1065 4367 1113 4411 et
1144 4360 1332 4425 ultum,
1363 4367 1412 4412 et
1440 4361 1696 4430 promissa
1728 4376 1746 4414 :
1772 4377 1988 4431 quarum

394 4457 590 4519 patres,
620 4458 670 4502 et
692 4465 758 4502 ex
791 4448 973 4520 quibus
1030 4447 1261 4502 Christus
1300 4450 1580 4503 secundum
1624 4466 1855 4517 carnem,
1901 4453 1988 4523 qui

2094 3276 2211 3330 dua:
2227 3284 2350 3330 sunt
2376 3284 2555 3345 partes
2587 3294 2597 3328 :
2631 3291 2756 3339 una,
2786 3292 2905 3346 qua:
2936 3292 3031 3346 per
3058 3285 3238 3332 totum
3263 3277 3498 3347 sequitur
3525 3276 3660 3347 Euty-

2093 3368 2210 3422 chis
2230 3367 2485 3437 principis
2514 3367 2596 3421 sui
2628 3369 2952 3423 sententiam
2978 3386 2992 3435 ;
3017 3369 3125 3423 alia
3155 3386 3312 3435 vero,
3337 3384 3449 3439 quae
3475 3369 3522 3422 in
3566 3367 3663 3436 qui-

2092 3455 2315 3511 busdam
2339 3456 2407 3509 ab
2429 3470 2495 3510 eo
2524 3456 2867 3522 dissentiens,
2900 3472 2998 3526 per
3025 3459 3346 3529 superbiam
3388 3469 3555 3513 tamen
3597 3456 3663 3509 de

2093 3546 2342 3615 dignatur
2369 3546 2433 3602 ad
2457 3546 2749 3603 Ecclesiam
2773 3549 3084 3617 pmnitendo
3122 3551 3322 3605 reverti
3346 3591 3363 3617 ,
3395 3559 3451 3604 ut
3473 3550 3535 3604 de
3555 3547 3665 3617 ipsis

2092 3637 2295 3693 dictum
2323 3637 2568 3693 videatur
2623 3640 2674 3694 in
2697 3640 2916 3710 psalmis
2949 3658 2963 3694 :
2995 3639 3223 3696 Diseissi
3254 3652 3394 3705 sunt,
3424 3657 3510 3695 nec
3547 3655 3665 3692 com-

2090 3731 2266 3799 puncti
2291 3738 2412 3785 sunt
2442 3728 2613 3802 (Psal.
2645 3746 2828 3798 xulv,
2860 3730 2971 3801 lli).
3002 3732 3143 3787 Nam
3174 3734 3303 3802 quia
3355 3730 3663 3787 contentiosa

2092 3821 2332 3874 vanitate
2357 3832 2813 3890 praesumpserant
2842 3821 2999 3890 longe
3025 3822 3271 3889 diversa,
3305 3823 3356 3876 id
3410 3831 3489 3876 est
3537 3833 3666 3874 crea-

2093 3910 2281 3965 tricem
2311 3919 2558 3965 naturam
2610 3919 2955 3980 creatamque
2980 3911 3340 3977 confundere,
3373 3910 3541 3966 traditi
3581 3908 3664 3977 lit;-

2092 4001 2287 4057 mentis
2315 4010 2371 4055 et
2410 4000 2688 4057 erroribus
2734 4001 2916 4057 cordis
2940 4002 3041 4067 sui,
3101 4004 3356 4073 quamvis
3401 4019 3465 4059 ex
3501 4000 3666 4056 eodem

2092 4107 2315 4148 annoso
2366 4090 2513 4147 fonte
2561 4099 2861 4158 manantes,
2912 4091 3057 4161 juste
3128 4095 3437 4163 meritoque
3487 4088 3666 4146 discissi

2090 4192 2236 4240 sunt.
2269 4181 2376 4239 Sed
2401 4184 2476 4239 illi
2497 4184 2588 4253 qui
2611 4184 2755 4251 licet,
2779 4192 2837 4238 ut
2864 4185 3123 4254 diximus,
3161 4187 3478 4242 recedentes
3503 4185 3551 4239 in
3576 4180 3670 4250 qui-

2090 4275 2314 4331 busdam
2362 4275 2431 4330 ab
2454 4276 2629 4346 ipsius
2677 4274 2937 4348 Eutychis
2991 4277 3238 4333 auctoris
3286 4286 3343 4332 et
3386 4276 3567 4347 capitis
3601 4270 3669 4327 sui

2090 4367 2376 4433 sententia,
2407 4367 2558 4436 sequi
2585 4375 2764 4422 tamen
2813 4367 3187 4439 dedignantur
3215 4368 3471 4424 Ecclesia:
3516 4365 3671 4421 catho-

2091 4458 2206 4513 lica:
2233 4459 2556 4523 doctrinam,
2579 4459 2733 4528 cujus
2762 4467 2928 4529 caput
2971 4468 3056 4516 est
3107 4459 3365 4515 Christus
3414 4460 3464 4512 in
3490 4454 3670 4511 duabus

394 4550 470 4595 est
492 4558 643 4608 super
667 4542 843 4595 omnia
873 4541 1010 4594 Deus
1038 4541 1331 4595 benedictus
1380 4543 1433 4594 in
1487 4542 1678 4596 sarcula
1706 4540 1880 4611 (Rom.
1911 4559 1984 4606 ιι,
2024 4574 2067 4630 ο
2095 4551 2319 4616 naturis,
2351 4549 2406 4603 id
2435 4557 2519 4604 est
2542 4550 2593 4603 in
2624 4550 2906 4606 divinitate
2951 4559 3118 4622 atque
3173 4552 3529 4611 humanitate,
3576 4561 3673 4616 pcr-

398 4637 486 4706 5);
536 4651 644 4689 non
707 4634 935 4689 alterum
982 4634 1251 4690 Christum
1308 4644 1581 4705 putamus,
1656 4644 1713 4689 et
1763 4636 1990 4690 alterum

397 4743 564 4798 super
583 4727 761 4782 omnia
784 4729 980 4793 Deum;
1024 4728 1117 4782 sed
1146 4727 1394 4781 eumdem
1450 4726 1723 4781 Christum
1774 4727 1997 4783 creden-

398 4834 479 4881 tcs
509 4838 670 4896 super
689 4824 868 4879 omnia
909 4824 1094 4889 Deum,
1126 4822 1242 4892 ejus
1271 4831 1499 4876 matrem
1525 4823 1737 4876 beatam
1768 4821 1990 4878 Mariam

397 4915 669 4987 Virginem
699 4929 825 4969 vere
845 4922 899 4968 et
914 4914 1129 4984 proprie
1156 4914 1379 4968 dicimus
1403 4920 1631 4968 matrem
1659 4913 1775 4968 Dei.

468 5081 491 5108 ἰ
528 5074 624 5126 Alii
653 5066 783 5128 alias
813 5074 967 5140 hujus
998 5071 1229 5126 nominis
1246 5086 1432 5126 causas
1457 5070 1694 5134 tradunt,
1728 5078 1785 5123 ut
1809 5069 1977 5124 Lenn-

403 5143 508 5195 tius
532 5143 607 5197 De
636 5146 798 5199 sectis
823 5160 942 5212 cap.
977 5143 1030 5208 5,
1065 5142 1181 5197 Ado
1212 5142 1527 5212 Viennensis
1568 5141 1624 5212 in
1681 5141 1975 5205 Chronico,

397 5212 731 5281 Nicephorus
761 5216 850 5269 lib.
876 5210 1022 5277 XVIII,
1052 5230 1170 5282 cap.
1197 5210 1285 5276 45,
1331 5220 1386 5266 et
1413 5212 1519 5265 alii.
1554 5210 1818 5265 Cmtcrum
1846 5226 1978 5282 cort-

398 5284 827 5351 statAcephalos
875 5281 1485 5353 t:mdem,’qu:ccunque
1525 5282 1594 5335 sit
1636 5284 1809 5350 origo,
1859 5281 1981 5353 uni.

398 5366 553 5423 verse
579 5354 877 5421 appellatos
904 5352 1311 5423 monophy’sitas
1340 5368 1547 5416 omnes,
1581 5354 1669 5422 qui
1698 5353 1913 5423 unicam
1930 5352 1983 5405 in

397 5422 613 5476 Christo
642 5431 890 5476 naturam
913 5422 1237 5489 statuebant,
1268 5433 1323 5477 et
1361 5424 1624 5494 synodum
1679 5422 1983 5494 Chalcedo-

400 5508 617 5546 nensem
647 5493 1044 5562 oppugnabant,
1071 5496 1193 5550 licet
1223 5496 1363 5549 inter
1390 5491 1448 5549 se
1486 5494 1574 5547 alii
1634 5493 1752 5547 aliis
1779 5491 1984 5547 errori»

400 5562 497 5616 bus
518 5562 904 5632 discreparent.
938 5563 1083 5618 Scite
1120 5575 1297 5619 autem
1338 5564 1652 5618 Anastasius
1692 5563 1983 5617 Antioche-

400 5649 522 5701 nus,
550 5639 666 5709 Περὶ
691 5644 781 5694 τῆς
805 5641 1025 5708 Χριστοῦ
1048 5639 1348 5704 οἰκονσμίας,
1400 5636 1470 5689 ad
1523 5636 1708 5689 decem
1768 5635 1981 5688 illorum

471 5769 488 5843 ἕ
517 5768 650 5843 Cod.
676 5769 905 5843 Veron"
925 5786 986 5822 ea
1009 5786 1121 5838 quw
1139 5773 1307 5824 carnis
1338 5781 1474 5839 sunt,
1500 5774 1544 5827 ei
1565 5772 1831 5843 deputare.

469 5842 489 5872 ³
520 5839 662 5896 Idem
692 5840 837 5903 cod.,
877 5855 1104 5893 carnem.

2094 4641 2288 4704 fectus.
2319 4651 2573 4711 tanquam
2618 4644 2736 4699 sine
2782 4644 2960 4713 capite
3015 4655 3392 4712 remanentes,
3440 4636 3671 4707 Aecphali

2094 4741 2354 4789 vocantur
2375 4743 2401 4771 ι
2423 4748 2453 4788 a
2489 4733 2712 4803 Grtccis,
2740 4750 2879 4803 quos
2901 4734 3305 4804 signiﬁcantius
3334 4751 3433 4789 nos
3456 4730 3680 4787 Semicu-

2094 4823 2378 4894 tyehianos
2409 4839 2695 4894 possumus
2749 4824 3042 4895 appellare.
3091 4824 3159 4878 lli
3220 4840 3353 4892 ergo
3405 4823 3671 4877 scissorum

2095 4912 2550 4986 Eutychianorum
2577 4916 2904 4972 schismatici
2923 4917 3111 4971 dicunt
3131 4918 3418 4986 quoniam,
3442 4916 3485 4970 si
3507 4922 3560 4970 et
3585 4922 3672 4965 una

2082 5074 2398 5143 corypharos
2435 5075 2713 5154 alludens,
2757 5077 3089 5154 dexazs'pwrov
3122 5079 3462 5154 opxﬁarpav,
3508 5071 3673 5151 decem

2081 5159 2341 5216 cornuum
2370 5147 2705 5201 orchestram
2757 5147 3111 5216 nuncupavit.
3152 5147 3555 5206 "Ancaeus-rm,
3607 5147 3674 5216 in:

2083 5215 2229 5291 quit,
2252 5220 2280 5275 ἡ
2302 5215 2424 5289 ἁγία
2456 5220 2715 5281 ἐκκλησίκ,
2748 5225 2830 5274 καὶ
2857 5213 3119 5288 Εὐέυχέα,
3155 5223 3243 5272 καὶ
3290 5219 3571 5291 Διόᾳκορφν,
3598 5213 3670 5291 καξ

2083 5284 2364 5348 Θεοδόσιω,
2396 5293 2478 5342 καὶ
2509 5293 2712 5363 Πέτρον,
2741 5294 2823 5345 καὶ
2848 5284 3107 5359 Τιμόθεόν,
3138 5330 3155 5363 Ar
3175 5292 3267 5344 καὶ
3295 5284 3566 5363 “culta-ﬁ”.
3601 5284 3674 5335 καί

2086 5362 2314 5434 ΓαῖοΞνόν,
2339 5362 2427 5411 καὶ
2454 5356 2847 5434 Βαρσὰγοὺφιον,
2875 5356 2956 5415 xui
2975 5360 3241 5426 Ἰάκωϐον,
3261 5363 3345 5414 καὶ
3366 5362 3451 5412 τὸν
3471 5356 3673 5434 ἴξαρχρν

2086 5436 2177 5509 τῆς
2198 5425 2747 5509 dirumparis-rubra,“
2796 5433 3130 5506 ὀρχήστρας,
3176 5432 3416 5509 Σεϐἤρον,
3445 5425 3672 5509 mihi}

2085 5499 2293 5559 λοιποὺς
2317 5499 2691 5576 ἀῖρεσιοὶρχας
2746 5499 3037 5574 τοῦ;”μὶαᾶ
3066 5507 3227 5574 φύσιν
3283 5499 3573 5575 iuravisti;
3632 5499 3676 5547 δ’

2087 5581 2289 5644 Χριπτῷ
2312 5570 2738 5644 δογματὶζυντας.

2158 5772 2177 5802 ³
2207 5771 2348 5844 idem
2371 5770 2515 5835 cod.,
2541 5772 2688 5825 rebus
2716 5780 2883 5827 tamen
2907 5774 3050 5844 ipsis.

2164 5844 2184 5874 ‘
2212 5842 2377 5900 Idem.
2410 5844 2553 5908 cod.,
2587 5845 2849 5898 evitemus.
