3938 6196
243 315 332 371 54⁸.)

1136 310 1271 367 PllO
1309 306 1728 366 DEFENSIONE
1766 305 1983 363 TRIUM
2022 305 2339 363 CAPITUL.
2378 307 2501 362 Llll.
2562 306 2603 361 Ι.

3402 300 3506 357 550

243 428 532 502 praedicetur
558 425 677 481 Filii
710 426 803 481 Dei
835 433 1047 489 natura,
1080 433 1259 494 potest
1278 422 1449 492 accipi
1479 424 1668 477 eadem
1698 436 1803 475 una
1836 426 1884 483 Α
1914 414 1994 477 nis
2017 424 2316 492 passiones.
2352 441 2371 474 ι
2399 422 2561 489 Quasi
2586 420 2728 475 Deus
2750 419 2989 490 loquitur
3009 433 3129 490 qua!
3152 426 3283 473 sunt
3305 419 3507 485 divina,

245 529 406 575 natura
434 518 727 572 secundum
760 515 964 587 aliquid
990 524 1195 570 naturae
1224 514 1397 570 Patris
1423 529 1543 569 esse
1580 512 1815 568 consub-

244 609 496 671 stantialis,
531 617 585 663 et
614 610 743 664 item
777 608 1072 665 secundum
1104 607 1304 677 aliquid
1336 616 1534 661 nostrae
1562 623 1575 658 :
1605 605 1709 660 hoc
1733 613 1816 660 est

244 710 397 757 autem
428 701 625 766 dicere,
658 717 758 755 nec
784 699 958 755 Patris
976 715 1097 754 eam
1154 706 1361 752 natura!
1383 696 1813 752 consubstantia-

245 793 333 848 lem
358 807 487 854 esse,
511 807 611 845 nec
643 800 863 845 nostrae.
894 790 1135 859 Namque
1192 805 1315 843 cum
1365 787 1567 856 aliquid
1616 785 1816 840 habere

244 881 537 936 diciturth
550 896 653 934 una
670 879 894 934 FiliiDei
909 889 1098 934 natura
1123 882 1265 946 quod
1290 877 1465 931 Patris
1488 884 1675 930 natura
1707 892 1815 930 non

246 973 434 1038 habeat,
468 981 522 1025 et
549 988 733 1026 rursus
775 970 974 1038 aliquid
1029 969 1171 1037 quod
1221 977 1407 1021 nostra
1453 983 1558 1020 non
1599 966 1815 1031 habeat,

245 1078 334 1117 non
359 1063 501 1117 aliud
525 1072 607 1119 est
633 1078 793 1132 quam
819 1078 939 1116 eam
964 1077 1165 1133 negare
1198 1059 1716 1115 consubstantialem
1764 1065 1820 1112 et

244 1165 424 1209 natura:
451 1154 595 1208 Patri
626 1163 680 1209 et
710 1163 923 1209 nostrae.
954 1153 1023 1209 Ut
1050 1154 1192 1208 enim
1251 1168 1350 1207 nos
1384 1159 1534 1206 recte
1576 1149 1821 1206 dicamus

245 1245 409 1300 l‘iliuui
439 1257 495 1299 et
527 1246 668 1301 Patri
701 1261 819 1300 esse
846 1244 1361 1300 consubstantialem
1392 1250 1446 1297 et
1494 1241 1671 1301 nobis,
1703 1256 1824 1311 pro-

245 1349 407 1410 pterea
436 1340 621 1407 utique
650 1339 775 1408 quia
799 1339 926 1393 licet
951 1352 1113 1391 unam
1162 1336 1404 1391 dicamus
1433 1348 1555 1388 esse
1586 1334 1605 1363 ί
1651 1347 1825 1401 perso-

247 1444 369 1493 nam,
390 1444 499 1482 non
529 1437 704 1481 tamen
731 1426 1025 1481 difﬁtemur
1050 1426 1197 1497 quod
1235 1426 1289 1479 in
1339 1424 1570 1495 quadam
1613 1431 1825 1475 natura-

245 1514 346 1574 ruin
373 1521 629 1574 dualitate
657 1520 934 1583 subsistat,
963 1528 1022 1573 ut
1048 1518 1345 1574 secundum
1401 1531 1561 1571 unam
1591 1514 1824 1571 consub-

245 1613 495 1666 stantialis
526 1611 668 1666 Patri
695 1612 926 1679 dicatur,
957 1620 1014 1666 et
1062 1610 1358 1667 secundum
1389 1609 1615 1664 alteram
1647 1603 1843 1661 nobis.‘

250 1703 399 1759 Unam
428 1721 589 1771 vero,
610 1721 769 1773 quam
794 1705 893 1774 ipsi
916 1704 1100 1759 dicunt
1147 1702 1344 1757 Christi
1390 1717 1510 1757 esse
1553 1707 1823 1763 naturam,

1914 517 2039 586 quia
2058 516 2289 571 Verbum
2312 526 2422 581 est;
2451 515 2605 585 quasi
2624 513 2790 569 homo
2812 514 2941 569 dicit
2961 528 3081 584 qum
3102 523 3228 566 sunt
3250 514 3511 581 humana,

1915 609 2041 678 quia
2077 609 2130 663 in
2179 623 2297 663 mea
2328 607 2628 663 substantia
2677 607 3017 675 loquebatur,
3061 612 3166 660 etc.
3223 625 3240 658 ι
3278 606 3513 659 Audiunt

1915 700 2033 756 lucc
2077 700 2343 755 Ambrosii
2392 700 2558 754 verba
2607 698 2831 753 recitata
2883 698 2935 751 in
2988 696 3259 766 Ephesina
3303 696 3513 768 synodo

1919 794 2157 863 (Actione
2183 791 2238 862 l)
2276 810 2289 845 :
2323 797 2659 861 cognoscunt
2699 804 2767 843 ex
2810 788 2892 843 his
2934 787 3354 842 condemnatum
3397 802 3515 841 csso

1917 886 2249 949 Nestorium,
2301 884 2493 951 quibus
2519 882 2717 936 dicitur
2742 898 2756 933 :
2786 880 3077 934 Servemus
3114 878 3511 933 distinctionem

1918 977 2215 1032 divinitatis
2244 982 2299 1030 et
2327 974 2523 1037 carnis,
2578 981 2633 1027 et
2675 952 2817 1042 quod
2860 973 2987 1027 licet
3030 987 3185 1036 unus,
3238 979 3414 1024 tamen
3462 970 3514 1023 ii

1920 1076 2153 1137 utroque
2176 1068 2411 1136 loquitur
2435 1066 2527 1120 Dei
2552 1065 2736 1129 Filius,
2768 1064 2871 1119 hoc
2893 1073 2977 1119 est
2998 1065 3051 1117 in
3078 1073 3303 1131 utraque
3326 1072 3515 1118 natura

1922 1160 2216 1215 divinitatis
2248 1170 2303 1213 et
2327 1159 2506 1215 carnis
2554 1176 2566 1211 :
2612 1160 2755 1212 unde
2792 1166 3008 1212 secutus
3036 1156 3265 1225 adjecit,
3312 1157 3433 1227 quia
3466 1156 3517 1213 iu

1922 1255 2113 1310 eodem
2144 1262 2369 1322 utraque
2399 1262 2588 1306 natura
2620 1260 2723 1306 est.
2758 1249 2823 1303 Et
2846 1267 2951 1303 non
2977 1251 3302 1304 erubc-cunt
3328 1257 3517 1318 aperte

1924 1345 2139 1401 mentiri
2194 1344 2335 1414 quod
2388 1341 2627 1411 ejusdem
2682 1340 2871 1412 synodi
2928 1347 3128 1394 statuta
3183 1339 3512 1399 custodiant,

1924 1444 2184 1505 negantes
2205 1434 2474 1492 Christum
2500 1434 2551 1488 in
2583 1433 2789 1487 duabus
2819 1447 2938 1487 esse
2968 1430 3189 1497 naturis,
3224 1439 3278 1484 et
3306 1430 3515 1484 conﬁn-

1925 1538 2114 1597 gentes
2149 1527 2291 1598 quod
2337 1542 2444 1581 una
2468 1525 2648 1595 potius
2675 1534 2868 1577 natura
2900 1524 3039 1578 facta
3070 1523 3141 1578 sit
3179 1537 3248 1576 ex
3289 1520 3519 1575 duabus.

1926 1621 2126 1677 Verum
2156 1620 2438 1675 advertant
2466 1617 2594 1687 quid
2623 1616 2785 1670 etiam
2818 1631 2882 1669 ex
2923 1614 3079 1670 dictis
3106 1613 3252 1667 beati
3279 1610 3520 1680 Gregorii

1930 1711 2248 1767 Nazianzeni
2280 1708 2547 1779 prolatum
2580 1708 2649 1761 ibi
2700 1706 2859 1761 fuerit
2904 1713 3092 1760 contra
3135 1704 3301 1774 ipsius
3330 1702 3520 1771 dogma

244 1804 424 1863 negant
454 1797 676 1850 omnino
707 1797 758 1850 in
784 1796 1043 1850 dualitate
1071 1795 1249 1865 aliqua
1272 1794 1569 1857 contineri;
1621 1807 1689 1846 ne
1738 1805 1825 1845 τεο
1859 1807 1903 1865 Β
1927 1802 2158 1858 Nestorii
2184 1800 2377 1871 (Epist.
2402 1798 2425 1851 t
2456 1798 2525 1850 ad
2552 1795 2878 1866 Cledonium)
2908 1814 2920 1849 ε
2955 1814 2972 1845 ι
3000 1795 3055 1848 Si
3086 1795 3206 1865 quis
3235 1793 3523 1848 introlucit

245 1888 405 1955 quisiti
432 1888 591 1956 cujus
618 1889 695 1942 rei
725 1888 797 1942 sit
829 1889 917 1942 illa
967 1888 1217 1950 dualitas,
1275 1887 1400 1955 quia
1448 1901 1556 1940 non
1601 1890 1829 1955 possunt

243 1979 337 2048 jam
358 1980 539 2034 dicere
565 1989 901 2041 naturarum,
936 1993 1291 2049 personarum
1340 1978 1521 2033 dicere
1548 1983 1832 2046 cogantur,

246 2071 371 2140 quod
399 2072 683 2125 nobiscum
714 2080 899 2125 contra
932 2070 1241 2125 Nestorium
1297 2077 1513 2137 negant.
1570 2066 1639 2121 Et
1683 2065 1829 2136 quia,

244 2178 350 2215 cum
390 2171 601 2217 naturae
641 2172 831 2217 natura
858 2159 1154 2223 confertur,
1190 2177 1299 2217 non
1329 2169 1511 2231 potest
1535 2161 1555 2191 ³
1606 2159 1678 2213 ibi
1704 2173 1833 2226 pro-

245 2254 462 2308 nuntiari
488 2255 1047 2318 consubstantialitas,
1081 2253 1182 2308 nisi
1215 2262 1326 2308 tota
1350 2253 1733 2322 totitequetur,
1778 2262 1836 2307 ut

244 2342 563 2398 deﬁnitionis
594 2344 736 2397 nulla
783 2344 1066 2398 diversitas
1122 2342 1451 2408 intercedat,
1502 2357 1611 2395 non
1655 2351 1833 2396 autem

244 2444 405 2504 potest
427 2452 537 2489 una
559 2451 678 2491 esse
707 2434 951 2489 deiinilio
973 2444 1181 2489 natura:
1227 2450 1296 2489 ex
1317 2433 1598 2489 divinitate
1647 2442 1704 2489 et
1748 2434 1837 2489 hu-

244 2528 494 2581 manitate
521 2527 859 2597 coinpositm,
888 2527 929 2583 si
960 2528 1027 2581 de
1051 2526 1187 2582 Filio
1211 2527 1292 2581 sic
1317 2526 1594 2592 credatur,
1624 2534 1680 2581 et
1707 2528 1839 2582 sim-

245 2616 382 2686 plicis
427 2627 639 2671 naturae
696 2617 869 2673 Patris
919 2634 1038 2689 qua:
1103 2627 1308 2673 tantum
1362 2618 1543 2671 divina
1594 2627 1696 2683 est,
1746 2627 1839 2671 aut

244 2719 422 2763 nostra:
445 2726 571 2779 qua:
602 2718 806 2763 tantum
832 2711 1065 2765 humana
1095 2719 1211 2774 est,
1261 2725 1370 2765 non
1418 2724 1547 2778 ergo
1596 2711 1701 2765 erit
1751 2711 1842 2764 Fi-

245 2798 333 2852 lius
360 2809 412 2854 et
443 2799 598 2854 Patri
635 2802 1112 2855 consubstantialis
1139 2807 1192 2856 et
1224 2802 1399 2856 nobis.
1429 2801 1447 2832 ⁸
1468 2801 1583 2855 Etsi
1612 2801 1679 2855 de
1707 2801 1843 2857 Filio

243 2891 313 2945 sic
332 2893 607 2955 credatur,
639 2891 772 2945 duas
798 2890 1045 2946 conﬁteri
1073 2890 1273 2945 debent
1303 2892 1463 2945 unius
1495 2890 1611 2944 Filii
1638 2890 1730 2945 Dei
1754 2906 1844 2944 na-

245 2968 575 3053 turas,quod
623 2983 920 3038 innumeris
977 2982 1301 3038 testimoniis
1354 2984 1698 3051 antiquorum
1747 2980 1845 3037 Pa-

244 3082 372 3130 trum
404 3078 457 3131 in
489 3076 809 3132 defensione
834 3076 853 3107 ⁸
884 3091 1093 3145 magna:
1138 3075 1330 3149 synodi
1361 3075 1838 3144 Chalcedonensis,

1932 1896 2069 1951 duos
2099 1895 2256 1960 filios,
2286 1907 2449 1946 unum
2474 1888 2689 1958 quidem
2716 1905 2783 1944 ex
2812 1888 2925 1943 Deo
2954 1888 3133 1955 Patre,
3166 1887 3394 1941 alterum
3425 1902 3522 1939 au-

1935 2000 2039 2040 tem
2070 2000 2135 2039 ex
2166 1992 2358 2047 matre,
2409 1990 2465 2035 et
2496 1996 2603 2035 non
2632 1996 2797 2033 unum
2826 1990 2881 2032 et
2918 1979 3169 2033 eumdem
3189 2020 3203 2046 ,
3236 1978 3525 2048 adoptione

1932 2073 2265 2127 fraudabitur
2281 2085 2400 2141 qua:
2428 2069 2692 2140 promissa
2721 2076 2805 2123 est
2831 2076 2979 2122 recte
3009 2067 3373 2123 credentibus.
3418 2066 3493 2121 Na
3513 2097 3527 2108 -

1937 2172 2067 2217 tura:
2095 2162 2297 2216 etenim
2326 2160 2464 2226 dum,
2509 2159 2648 2214 Deus
2677 2166 2733 2213 et
2760 2159 2944 2223 homo,
2990 2157 3443 2227 quemadmodum
3474 2167 3527 2213 et

1936 2255 2113 2309 anima
2158 2261 2212 2308 et
2242 2268 2460 2322 corpus,
2511 2268 2621 2306 non
2651 2260 2831 2306 autem
2862 2249 2954 2305 ﬁlii
2986 2250 3093 2305 duo
3126 2269 3141 2317 ;
3172 2268 3345 2322 neque
3385 2253 3528 2307 enim

1937 2345 2025 2399 hic
2042 2344 2147 2397 duo
2169 2342 2435 2407 homines,
2462 2342 2590 2396 licet
2608 2342 2684 2398 sic
2706 2340 2901 2395 Paulus
2925 2339 2975 2412 (1
2982 2340 3011 2393 I
3035 2341 3153 2395 Cor.
3181 2358 3251 2406 iv,
3267 2341 3354 2413 16)
3386 2343 3530 2413 quod

1939 2434 2162 2489 interius
2190 2441 2272 2489 est
2300 2433 2535 2488 hominis
2563 2440 2619 2487 et
2649 2433 2670 2465 "
2699 2433 2938 2487 exterius
2969 2433 3337 2503 appellaverit.
3382 2433 3447 2488 Et
3474 2443 3533 2489 ut

1938 2526 2175 2581 breviter
2211 2525 2443 2591 dicatur,
2488 2524 2632 2579 aliud
2679 2524 2896 2594 quidem
2942 2534 2997 2579 et
3034 2525 3183 2579 aliud
3229 2540 3297 2580 ex
3339 2526 3533 2594 quibus

1938 2619 2176 2673 salvator
2211 2625 2325 2684 est;
2357 2624 2413 2673 et
2440 2617 2568 2671 licet
2598 2632 2703 2671 non
2735 2615 2790 2671 id
2828 2617 2897 2672 sit
2927 2617 3193 2672 invisibile
3222 2618 3365 2687 quod
3404 2619 3534 2674 visi-

1942 2709 2068 2775 bile,
2130 2716 2185 2762 et
2229 2717 2474 2779 tempore
2522 2723 2712 2764 carens
2761 2708 2903 2777 quod
2950 2709 3049 2763 sub
3098 2718 3371 2779 tempore;
3428 2727 3535 2768 non

1945 2810 2123 2856 tamen
2174 2802 2309 2855 alios
2357 2810 2413 2855 et
2464 2801 2598 2856 alius
2631 2819 2644 2855 :
2679 2801 2836 2855 absit.
2892 2801 3065 2857 Ambo
3115 2805 3312 2858 etenim
3372 2821 3536 2860 unum

1944 2900 2454 2964 temperamentum,
2483 2894 2594 2949 Deo
2616 2894 2832 2963 quidem
2863 2895 3165 2960 incarnato,
3199 2898 3418 2954 homine
3440 2915 3539 2953 au-

1944 2993 2054 3041 tem
2084 2984 2356 3049 deiﬁcato,
2402 2985 2488 3040 vel
2516 2985 2790 3054 quomodo
2818 2987 2940 3055 quis
2971 2989 3250 3043 nominare
3280 2990 3536 3059 poluerit.

1946 3076 2076 3132 Dico
2105 3084 2287 3131 autem
2316 3076 2457 3130 aliud
2484 3084 2540 3131 et
2569 3075 2733 3130 aliud.
2788 3076 2958 3131 Aliter
2987 3087 3168 3134 autem
3196 3080 3249 3133 in
3282 3080 3540 3136 Trinitate

244 3175 291 3219 et
311 3169 660 3223 convictione
688 3170 707 3199 ⁵
736 3167 1084 3239 Eutychianae
1130 3167 1414 3233 vecordiae,
1445 3184 1565 3223 cum
1598 3169 1842 3238 plurimis
1872 3184 1915 3244 ρ
1946 3180 2047 3225 est.
2077 3168 2153 3223 lbi
2182 3168 2382 3224 etenim
2411 3167 2548 3222 alius
2575 3176 2631 3223 et
2668 3168 2805 3223 alios
2833 3177 2917 3224 est
2948 3176 3006 3223 ut
3037 3186 3143 3224 non
3169 3172 3542 3228 subsistentias

245 3265 345 3312 tum
379 3262 556 3314 etiam
591 3277 685 3315 vos
716 3260 1005 3331 probast's.
1046 3259 1127 3314 Ex
1176 3260 1372 3328 quibus
1427 3270 1484 3314 et
1525 3276 1625 3315 nos
1671 3260 1845 3317 adhuc

244 3351 411 3420 aliqua
444 3352 797 3422 proferimus,
858 3352 959 3406 etsi
990 3367 1097 3406 non
1140 3351 1304 3406 multa
1333 3366 1577 3417 numero,
1608 3352 1848 3421 pondere

242 3449 413 3500 tamen
440 3446 631 3514 gravia
661 3454 716 3499 ut
747 3455 873 3515 pote
900 3461 1020 3516 qua:
1048 3445 1238 3517 synodi
1286 3443 1566 3515 Ephesium
1616 3446 1723 3502 sint
1749 3462 1847 3501 au-

245 3537 496 3592 ctoritate
526 3535 756 3593 ﬁrmata.
789 3537 867 3591 lbi
897 3538 1041 3592 enim
1070 3537 1282 3607 prolata
1333 3545 1462 3592 sunt
1508 3546 1697 3592 contra
1737 3538 1844 3595 Ne-

243 3628 492 3693 storium,
528 3635 586 3683 et
607 3643 673 3682 ex
703 3628 787 3683 his
817 3628 886 3683 ibi
911 3630 1190 3684 convictus
1218 3635 1382 3697 atque
1409 3628 1697 3689 damnatus
1741 3638 1845 3685 est.

245 3716 370 3785 Quia
396 3722 568 3789 igitur
588 3728 814 3790 utraque
846 3736 972 3790 pars
995 3718 1449 3791 Eutychianorum
1473 3720 1639 3791 ipsius
1657 3722 1849 3793 synodi

244 3812 624 3865 auctoritatem
654 3811 806 3881 sequi
834 3826 895 3866 se
920 3811 1070 3876 dicit,
1101 3809 1348 3866 sufﬁcere
1379 3811 1732 3868 confutationi
1755 3829 1852 3869 eo-

244 3912 354 3954 rum
385 3902 671 3967 existimo,
696 3902 741 3955 si
770 3902 889 3957 aliis
910 3901 1124 3958 omissis
1145 3901 1250 3957 hoc
1267 3902 1442 3957 solum
1465 3902 1686 3969 clareat,
1708 3904 1853 3973 quod

245 3991 355 4061 ipsa
386 4009 613 4064 quoque
678 3994 810 4049 duas
858 3994 1152 4049 ﬁrmaverit
1195 3993 1392 4049 Christi
1443 4008 1565 4049 esse
1613 4004 1853 4060 naturas,

243 4102 361 4139 cum
391 4087 623 4156 protulit
646 4086 903 4143 adversus
941 4086 1245 4142 Nestorium
1299 4102 1367 4142 ex
1430 4086 1667 4143 secundo
1720 4086 1857 4141 libro

244 4172 387 4230 beati
419 4177 697 4231 Ambrosii
727 4176 794 4230 ad
820 4177 1134 4231 Gratianum
1165 4177 1543 4247 imperatorem
1593 4175 1747 4249 (Cap.
1778 4175 1857 4247 4),

243 4264 426 4321 dicens
461 4267 483 4296 ‘
522 4283 535 4318 :
574 4285 592 4318 ι
629 4265 835 4323 Sileant
863 4268 1023 4336 igitur
1052 4268 1238 4323 inanes
1262 4268 1329 4321 de
1352 4268 1692 4324 sermonibus
1716 4283 1862 4337 qum-

245 4355 479 4413 stiones:
506 4357 632 4426 quia
662 4371 885 4425 regnum
915 4358 1029 4422 Dei,
1055 4359 1195 4413 sicut
1222 4358 1482 4428 scriptum
1510 4367 1612 4426 est,
1670 4374 1777 4414 non
1808 4360 1861 4415 in

243 4451 608 4516 persuasione
628 4451 779 4506 verbi
809 4459 910 4517 est,
933 4451 1027 4505 sed
1062 4452 1113 4504 in
1142 4451 1453 4506 ostensione
1476 4451 1711 4507 virtutis.
1737 4451 1865 4506 Ser-

246 4554 436 4595 vemus
466 4542 873 4596 distinctionem
904 4540 1201 4595 divinitatis
1249 4548 1307 4595 et
1340 4540 1517 4596 carnis
1560 4557 1574 4593 :

244 4642 483 4704 utraque
508 4634 745 4703 loquitur
769 4634 859 4688 Dei
876 4632 1063 4698 Filius,
1079 4634 1205 4702 quia
1224 4631 1277 4687 in
1300 4632 1496 4688 eodem
1523 4642 1750 4702 utraque
1763 4649 1861 4687 na-

246 4731 363 4776 tura
392 4722 592 4778 est.Et
613 4725 658 4778 si
684 4725 822 4778 idem
851 4724 1111 4793 loquitur,
1144 4739 1251 4778 non
1283 4738 1391 4778 uno
1420 4739 1634 4793 semper
1681 4725 1859 4793 loqui-

244 4824 329 4871 tur
339 4817 542 4872 modo.
568 4840 586 4869 ο
610 4818 832 4872 Intende
846 4818 900 4871 'm
918 4832 985 4872 eo
1009 4832 1151 4871 nunc
1162 4817 1388 4886 gloriam
1404 4817 1521 4883 Dei,
1543 4833 1685 4873 nunc
1697 4817 1867 4872 homi-

316 5018 341 5043 δ
392 5005 698 5076 Epistulam
721 5004 789 5058 ad
811 5004 1142 5076 Dionysium,
1172 5018 1331 5076 quam
1354 5001 1687 5076 Juliopapte
1699 5002 1865 5057 ascri-

242 5072 457 5130 hebant
502 5075 777 5144 Acephali,
810 5072 1162 5129 Julii'revera
1191 5072 1360 5129 fuisse
1391 5072 1620 5144 credidit
1649 5072 1868 5144 Genna-

244 5146 368 5199 dius~
399 5150 457 5200 in
493 5142 858 5214 Scriptor-ibus
887 5144 1264 5200 ecclesiasticis
1304 5159 1426 5212 cap.
1454 5142 1508 5205 2,
1535 5143 1867 5214 subdititiam

243 5216 561 5271 Facumlus
590 5212 895 5285 suspicatur
925 5216 1028 5269 hoc
1056 5215 1195 5285 loco,
1229 5222 1283 5269 et
1312 5214 1453 5283 apud
1483 5214 1735 5285 Phptium
1766 5212 1871 5285 Eu-

243 5287 431 5354 logius
458 5283 854 5340 Alexandrinus
871 5295 1009 5339 orat.
1038 5285 1100 5343 5:
1128 5284 1379 5339 Leontius
1400 5300 1530 5338 vero
1555 5283 1869 5353 Byzantius,

242 5359 340 5427 qui
388 5366 451 5413 et
508 5358 750 5425 cpistola:
802 5357 964 5411 verba
1012 5356 1206 5410 recitat
1254 5357 1450 5425 quibus
1506 5354 1874 5408 abolebantur

318 5516 342 5549 ⁸
375 5512 516 5569 Cod
549 5513 767 5576 Verou.,
798 5513 909 5582 ejus
937 5529 1078 5573 esse,
1807 5557 1815 5565 ,

316 5591 341 5622 ¹
373 5586 540 5641 Idem
560 5587 703 5650 eod.,
720 5585 1119 5653 toliuliquetotar
1137 5584 1419 5652 confertur.
1435 5599 1538 5635 non
1554 5590 1740 5652 potest,
1756 5591 1863 5636 etc.

319 5661 344 5692 ⁸
368 5658 539 5712 lilem
561 5657 678 5709 cod.
698 5698 712 5717 ,
744 5663 793 5708 et
824 5652 989 5707 nobis.
1017 5652 1122 5707 Sed
1139 5654 1259 5720 quia
1281 5661 1329 5705 et
1360 5668 1533 5705 ver....
1567 5663 1622 5705 ut
1669 5664 1718 5706 et
1764 5653 1867 5720 ipsi

248 5745 467 5803 γιοηηε
497 5744 597 5803 nan
621 5725 1062 5803 (ferieqantnquod
1088 5734 1153 5803 et.
1172 5723 1316 5776 Patri
1342 5723 1409 5803 sit
1443 5723 1862 5803 consubstantia-

244 5792 309 5857 ἔξε
346 5792 404 5855 ἐι
429 5797 607 5855 nobis.
636 5792 770 5850 duas
794 5796 1029 5864 conﬁteri
1070 5793 1251 5849 debent
1298 5795 1448 5846 unius
1487 5792 1613 5847 ("iiii
1643 5793 1740 5848 Dei
1766 5810 1865 5847 na-

245 5880 443 5933 turus;
476 5870 616 5937 quod
638 5870 941 5935 innumeris,
974 5874 1078 5921 etc.

1950 3261 2369 3329 confundamus;
2403 3276 2511 3316 non
2536 3260 2679 3315 aliud
2709 3269 2761 3317 et
2793 3262 2964 3332 aliud,
3021 3280 3184 3319 unum
3213 3268 3412 3320 etenim
3444 3270 3544 3323 tria

1948 3361 2006 3408 et
2058 3351 2200 3408 idem
2245 3352 2543 3407 divinitate.
2584 3371 2602 3405 ι
2660 3351 2796 3423 Cum
2854 3353 3014 3423 igitur
3067 3364 3122 3410 et
3175 3356 3263 3411 hic
3291 3358 3543 3425 audiant,

1946 3447 2075 3517 quia
2103 3455 2308 3503 natura:
2334 3447 2456 3502 dua:
2483 3454 2609 3501 sunt
2639 3445 2779 3501 Deus
2809 3456 2865 3502 et
2892 3446 3077 3513 homo,
3122 3464 3223 3505 nec
3248 3457 3307 3505 ut
3333 3450 3420 3504 isti
3454 3468 3549 3504 vo-

1950 3538 2068 3593 lunt
2114 3553 2221 3593 una
2267 3537 2483 3593 dicatur
2527 3552 2593 3592 ex
2650 3546 2879 3607 utraque
2926 3542 3258 3609 composita;
3318 3557 3550 3612 cumque

1953 3631 2112 3687 simul
2157 3631 2477 3696 advertant,
2526 3630 2655 3700 quia
2702 3630 2841 3685 sicut
2879 3631 2933 3686 in
2981 3630 3247 3689 Trinitate
3284 3633 3424 3690 alius
3469 3644 3553 3691 est

1956 3720 2134 3789 Pater,
2184 3729 2242 3778 et
2269 3721 2407 3776 alius
2435 3728 2520 3776 est
2548 3720 2744 3787 Filius,
2800 3728 2855 3776 et
2884 3722 3020 3777 alius
3052 3722 3283 3792 Spiritus
3311 3733 3553 3789 sanctus,

1956 3822 2014 3870 et
2053 3815 2168 3869 haec
2207 3814 2309 3868 tria
2358 3813 2579 3868 nomina
2626 3827 2735 3866 non
2781 3813 2940 3868 unius
2982 3828 3261 3883 persoute,
3306 3817 3554 3883 quamvis

1955 3905 2116 3961 unius
2150 3910 2364 3959 natura:
2401 3904 2527 3968 sint,
2563 3902 2635 3956 ita
2681 3903 2841 3957 etiam
2869 3907 2921 3957 in
2950 3903 3167 3959 Christo
3212 3920 3321 3959 nou
3352 3920 3455 3959 una
3486 3906 3555 3962 sit

1956 4003 2168 4063 natura,
2191 3994 2436 4064 quamvis
2456 4008 2561 4047 una
2583 4008 2815 4063 persona
2841 3994 2910 4050 sit
2934 4012 2947 4047 :
2972 3995 3245 4064 quomodo
3267 3993 3555 4067 Eutychia-

1959 4089 2035 4152 ni,
2084 4088 2128 4143 si
2151 4086 2414 4155 Gregorio
2436 4084 2664 4141 credunt
2698 4086 2783 4141 vel
2808 4088 2988 4158 potius
3009 4085 3296 4158 Ephesium
3322 4090 3556 4160 synodo,

1961 4194 2068 4235 non
2096 4179 2283 4235 vident
2321 4179 2467 4249 quod
2510 4181 2749 4251 ejusdem
2782 4177 3173 4250 profanationis
3215 4179 3309 4247 sit,
3362 4179 3408 4235 si
3450 4196 3557 4236 una

1958 4269 2167 4326 dicatur
2193 4269 2392 4326 Christi
2419 4286 2541 4327 esse
2570 4278 2785 4337 natura,
2835 4269 2989 4339 cujus
3027 4270 3419 4341 profanationis
3475 4279 3559 4327 est

1964 4361 2011 4416 si
2042 4376 2145 4416 una
2176 4361 2386 4416 dicatur
2434 4361 2609 4417 Patris
2638 4369 2695 4417 et
2733 4360 2853 4415 Filii
2882 4368 2937 4416 et
2963 4359 3194 4431 Spiritus
3224 4362 3396 4417 sancti
3441 4376 3560 4417 esse

1966 4451 2245 4520 persona?
2295 4449 2597 4522 Utrumque
2624 4451 2798 4506 simile
2845 4465 2966 4506 esse
2994 4450 3251 4520 praedicta
3299 4452 3557 4524 synodus,

1626 4556 1766 4595 unus
1811 4542 1863 4595 in
1895 4572 1945 4631 Β
1970 4548 2111 4595 teste
2131 4538 2414 4609 Gregorio,
2444 4540 2855 4596 demonstravit.
2888 4538 3026 4607 Quid
3069 4550 3248 4595 autem
3278 4541 3398 4598 illos
3427 4559 3559 4598 con-

1969 4644 2051 4691 tra
2082 4637 2198 4692 htee
2225 4636 2623 4691 evidentissima
2656 4634 2875 4690 Patrum
2905 4635 3211 4691 testimonia
3239 4636 3429 4704 juvare
3458 4651 3560 4707 po—

1970 4728 2129 4792 terit,
2176 4727 2320 4797 quod
2350 4728 2404 4782 in
2434 4728 2784 4783 assertionem
2835 4728 3109 4783 vanissimi
3139 4726 3221 4781 sui
3250 4729 3453 4784 erroris
3478 4728 3560 4781 di-

1970 4828 2131 4884 cunt,
2190 4817 2388 4874 iulium
2443 4818 2749 4875 Romanum
2796 4820 3111 4890 episcopum
3161 4829 3184 4854 υ
3232 4818 3418 4873 nescio
3470 4817 3561 4871 ubi

1975 5000 2312 5073 Eutychiani,
2346 5017 2450 5056 non
2490 4999 2634 5073 Julii,
2682 4998 2774 5073 sed
2817 4998 3140 5073 Apollinaris
3167 4996 3421 5073 hmretici
3446 5012 3563 5050 eam

1976 5067 2141 5127 fuisse
2168 5073 2329 5127 docet
2352 5088 2471 5141 cap.
2526 5072 2558 5124 8
2587 5073 2653 5125 de
2690 5067 2887 5125 Sectis.
2942 5068 3095 5135 Quod
3128 5069 3299 5137 ipsum
3336 5067 3567 5141 affirmat

1977 5143 2294 5215 Anastasius
2322 5143 2373 5196 in
2402 5135 2606 5215 Ecloge
2627 5146 2886 5215 χρήσεων,
2919 5148 2972 5193 et
3002 5150 3124 5215 ante
3148 5135 3569 5215 utrumqueAlly-

1979 5214 2155 5284 patius
2200 5215 2485 5284 episcopus
2512 5208 2814 5284 Ephesinus
2843 5210 2894 5284 in
2936 5208 3386 5284 collationehcum
3428 5208 3567 5264 Ace-

1979 5277 2159 5354 phalis
2204 5277 2400 5338 h'abita-
2418 5277 2884 5350 Constantinopoli
2919 5295 2932 5332 :
2968 5277 3114 5333 Beati
3154 5278 3283 5333 Julii
3312 5281 3570 5405 [amntium

3420 5368 3438 5405 ι
3485 5367 3569 5403 am

3420 5367 3569 5405 utam

2053 5509 2073 5540 ⁸
2097 5507 2241 5563 Idem
2263 5508 2411 5576 eod.,
2442 5508 2812 5577 defensionem.

2051 5580 2072 5611 '
2116 5580 2260 5632 Idem
2284 5579 2431 5645 eod.,
2457 5580 2845 5632 convictionem.

2055 5652 2073 5681 ⁸
2098 5650 2240 5704 Idem
2273 5648 2420 5712 eod.,
2452 5650 2691 5703 dicentis.

2049 5722 2069 5752 ⁷
2109 5721 2253 5774 Idem
2284 5719 2431 5791 eod.,
2462 5720 2561 5789 ﬁlii
2603 5730 2772 5774 autem
2818 5739 2921 5776 non
2969 5725 3092 5787 duo,
3143 5737 3303 5791 neque
3347 5719 3444 5791 dii,
3476 5732 3569 5791 ne:

1976 5809 2072 5863 que
2120 5791 2278 5863 enimA
2312 5785 2426 5854 hic,»
2462 5785 2567 5845 etc.
2620 5802 2885 5848 consonat
2912 5785 3090 5849 textas
3113 5785 3316 5861 grmcus
3350 5806 3362 5843 :
3394 5790 3495 5842 υἱοὶ
3520 5785 3574 5841 δι

1979 5859 2031 5916 ὀύ
2054 5861 2168 5926 δύο,
2194 5859 2310 5914 οὐδέ
2336 5863 2458 5917 (τοί.
