3878 6194
361 372 459 428 δεδι

1472 358 1765 415 ΡᾹΩῐῖΝῡι
1805 355 2012 412 El‘lSC.
2049 352 2558 410 llEBMlANENSiS

3559 350 3665 409 579?.

362 482 699 558 ταςογῑρεῑεεα
729 480 745 512 ¹
774 478 915 549 quo-.l
949 492 1049 531 una
1081 474 1153 530 sit
1199 472 1397 529 Christi
1445 471 1680 526 natura?
1728 483 1852 524 cum
1876 474 1881 479 ‘
1902 467 1955 520 in
1984 469 2033 530 Α
2060 465 2184 535 quia
2215 464 2381 533 ipsius
2412 461 2696 533 Ephesium
2723 462 2912 534 synodi
2944 461 3145 531 primus
3174 460 3269 516 fuit
3303 461 3443 517 idem
3470 462 3662 518 beatus

364 557 553 634 eadem
592 580 778 630 sancta
824 567 1035 642 synodo
1083 564 1380 636 Ephesina,
1428 562 1533 617 hoc
1578 560 1755 618 solum
1797 557 1962 628 ipsius

364 669 505 724 beati
536 665 657 721 Julii
689 670 877 720 contra
901 659 1209 716 Nestorium
1238 658 1523 713 recitatum
1555 653 1719 710 fuerit
1750 668 1817 707 ex
1843 650 1963 723 epi-

365 757 502 811 stola
528 754 591 807 ad
616 749 964 806 Prosdocium
984 750 1022 815 ',
1060 748 1111 803 in
1142 763 1246 816 qua
1269 746 1343 800 ait
1373 745 1609 815 (Actione
1635 742 1688 812 1)
1717 761 1730 795 :
1768 760 1786 793 ι
1818 739 1965 795 Prae-

367 848 574 900 dicatur
602 860 733 898 vero
763 842 829 896 ad
857 840 1293 912 supplementum
1325 838 1449 893 ﬁdei
1481 846 1536 891 et
1564 836 1874 891 incarnatus
1899 848 1969 887 ex

371 938 535 990 Maria
557 934 776 1001 Virgine
816 932 981 988 Filius
1003 934 1043 997 ',
1074 939 1129 985 et
1152 928 1473 986 habitansin
1499 925 1828 989 hominibus,
1861 938 1969 975 non

372 1032 423 1084 in
453 1029 670 1083 homine
700 1034 953 1096 operatus
984 1066 998 1091 ,
1031 1024 1135 1078 hoc
1165 1022 1308 1077 enim
1339 1021 1391 1074 in
1416 1016 1692 1090 prephetis
1721 1014 1897 1070 fuerat
1919 1018 1974 1067 et

372 1119 628 1191 apostolis
667 1136 677 1169 :
711 1116 979 1187 perfectus
1008 1114 1148 1168 Deus
1178 1113 1231 1167 in
1260 1126 1444 1178 carne,
1492 1116 1548 1164 et
1576 1109 1739 1162 homo
1768 1103 1976 1176 perfec-

371 1224 459 1268 tus
490 1215 541 1266 in
570 1211 791 1281 spiritu;
840 1225 948 1262 non
978 1208 1085 1262 duo
1118 1206 1207 1259 lilii
1235 1246 1249 1271 ,
1299 1220 1438 1259 unus
1478 1201 1695 1272 quidem
1727 1197 1977 1269 proprius

373 1304 539 1358 li‘ilius
563 1315 844 1356 assumens
868 1297 1160 1361 hominem,
1185 1297 1322 1350 alter
1343 1311 1471 1349 vero
1496 1291 1742 1347 mortalis
1765 1303 1981 1359 suscep-

375 1406 459 1447 tus
490 1410 517 1446 a
549 1392 690 1453 Deo;
724 1389 818 1444 sed
852 1405 988 1443 unus
1018 1387 1324 1455 uuigenitus
1352 1386 1403 1439 ia
1446 1384 1607 1446 ctelo,
1662 1381 1974 1450 unigenitus

378 1487 517 1539 Deus
549 1486 599 1537 in
633 1493 795 1536 terra.
835 1501 852 1532 ι
890 1479 1005 1533 Νοιι
1037 1480 1199 1544 aliul,
1246 1486 1441 1549 pratter
1469 1476 1611 1529 hanc
1640 1473 1707 1527 ad
1739 1472 1977 1527 l’rosdo-

378 1579 517 1633 cium
547 1575 855 1647 epistolam,
905 1589 973 1628 ex
1002 1572 1158 1627 dictis
1201 1572 1345 1627 beati
1389 1569 1515 1624 Julii
1546 1569 1601 1623 in
1645 1568 1736 1621 illa
1776 1564 1983 1638 synodo

381 1671 650 1740 prolatum
684 1676 785 1734 est,
818 1667 861 1723 si
894 1684 996 1736 qua
1031 1666 1253 1721 forsitan
1300 1665 1402 1719 alia
1444 1662 1676 1733 scripsit,
1710 1676 1883 1730 neque
1912 1674 1981 1714 ex

382 1765 484 1817 hac
515 1760 743 1831 epistola
794 1758 997 1828 aliquid
1044 1758 1293 1826 amplius.
1345 1754 1455 1809 Cur
1505 1755 1666 1823 igitur
1709 1768 1816 1807 non
1856 1749 1986 1805 illud

2065 554 2320 627 Cyrillus,
2350 555 2441 624 qui
2472 569 2578 621 non
2606 556 2811 609 temere
2827 552 3128 608 credendus
3157 560 3237 607 est
3264 554 3367 608 sibi
3395 554 3666 610 exstitisse

2067 648 2391 704 contrarius.
2423 644 2580 712 Quod
2608 646 2655 700 si
2686 646 2848 700 etiam
2877 644 3086 710 fuisset,
3119 660 3224 700 non
3258 646 3308 700 in
3342 661 3409 701 eo
3439 660 3671 716 sequen-

2068 737 2170 793 dus
2196 746 2334 802 erat,
2387 737 2533 807 quod
2572 737 2823 807 privatim
2867 736 3110 805 singulis,
3160 746 3219 791 ut
3256 738 3303 792 ei
3345 740 3518 792 visum
3564 751 3668 808 est,

2071 831 2291 895 dixisse,
2317 830 2411 884 sed
2436 828 2615 899 potius
2628 828 2772 899 quod
2794 843 2917 885 cum
2941 836 3176 883 tractatu
3191 844 3255 883 ac
3276 829 3670 885 deliberatione

2073 921 2267 994 synodi
2314 921 2565 981 docuisse
2592 920 3004 976 ‘communiter
3050 922 3386 990 probaretur.
3444 920 3576 974 Nam
3620 930 3678 974 ct

2075 1028 2195 1068 cum
2218 1020 2437 1068 sanctus
2458 1010 2692 1067 Joannes
2712 1005 3079 1068 Antiochenus
3103 1020 3159 1067 et
3178 1013 3360 1067 caeteri
3378 1012 3677 1067 orientales

2076 1112 2243 1173 atque
2263 1104 2489 1159 aliarum
2508 1104 2907 1174 provinciarum
2930 1104 3187 1173 episcopi,
3212 1104 3522 1173 praedictum
3550 1104 3677 1157 bea-

2078 1205 2197 1253 tum
2213 1195 2473 1268 Cyrillum
2498 1205 2770 1266 putarent,
2794 1198 2934 1252 sicut
2960 1213 3103 1253 nunc
3124 1197 3439 1268 Eutychiani
3463 1200 3678 1267 putant,

2080 1290 2239 1344 unius
2275 1288 2549 1344 Christum
2584 1289 2884 1358 prtedicare
2931 1297 3154 1351 naturze,
3204 1298 3259 1343 et
3288 1288 3359 1343 ob
3403 1289 3506 1342 hoc
3553 1304 3682 1342 eum

2082 1380 2210 1437 licet
2234 1381 2500 1452 probabili
2528 1382 2646 1437 zelo
2677 1381 2833 1446 fidei,
2880 1390 3059 1437 tamen
3090 1383 3335 1453 improbe
3370 1381 3684 1452 judicarent

2084 1473 2397 1528 bereticum
2424 1490 2436 1526 :
2462 1475 2809 1543 omnipotens
2830 1474 2989 1539 Deus,
3025 1475 3177 1543 cujus
3198 1472 3411 1544 sapiens
3433 1482 3486 1528 et
3511 1475 3685 1527 mira-

2084 1568 2207 1624 bilis
2258 1568 2474 1623 bonitas
2518 1568 2767 1623 humanae
2797 1569 3115 1639 ignorantia:
3156 1568 3356 1622 malum
3402 1576 3589 1638 potest
3632 1566 3685 1623 in

2086 1675 2242 1714 usum
2266 1659 2525 1715 doctrina:
2542 1669 2881 1730 convertere,
2910 1662 3072 1715 talem
3090 1661 3236 1717 dedit
3254 1661 3456 1715 exitum
3478 1675 3687 1727 causae,

2089 1758 2151 1805 ut
2176 1750 2267 1804 illa
2320 1751 2663 1805 orientalium
2713 1752 3050 1822 aliarumque
3097 1753 3494 1822 provinciarum
3550 1750 3689 1805 anti-

384 1856 584 1927 potius,
633 1851 776 1922 quod
808 1851 876 1904 de
908 1865 1011 1903 una
1037 1848 1238 1903 Christi
1267 1855 1457 1903 natura
1488 1844 1573 1899 isti
1599 1841 1984 1899 circumferunt
2018 1858 2063 1917 Β
2090 1844 2278 1899 stitum
2322 1842 2456 1897 falsa
2505 1844 2573 1899 de
2617 1846 2777 1900 beato
2815 1844 3017 1915 Cyrillo
3066 1845 3301 1914 suspicio
3351 1844 3483 1899 nihil
3536 1843 3692 1898 nobis

385 1957 643 2014 tanquam
684 1943 751 1997 ab
782 1942 900 2013 ipso
939 1941 1099 1995 beato
1129 1938 1272 1995 Julio
1300 1937 1592 2006 scriptum,
1642 1934 1727 1988 vel
1755 1946 1985 2003 qumque

384 2038 602 2104 similia,
649 2050 768 2105 qua:
810 2032 1089 2103 scripsisse
1137 2036 1421 2085 autumant
1468 2028 1603 2081 alios
1645 2023 1987 2079 venerabiles

388 2127 601 2190 Patres,
652 2128 708 2180 in
752 2123 959 2193 synodo
1001 2121 1228 2175 recitata
1259 2129 1385 2175 sunt
1423 2126 1614 2174 contra
1642 2114 1988 2171 Nestorium?

391 2222 521 2273 Nam
568 2220 681 2288 ipsa
712 2216 881 2284 magis
924 2212 1040 2283 ejus
1068 2212 1307 2280 dogmati
1339 2209 1613 2266 contraria
1653 2207 1985 2261 viderentur.

389 2312 525 2380 Quid
556 2312 696 2366 enim
721 2310 833 2378 jam
874 2306 1258 2361 controversia:
1288 2302 1660 2366 remansisset,
1705 2297 1852 2369 quod
1884 2311 1989 2353 una

392 2414 537 2460 esset
566 2405 706 2458 illius
734 2402 829 2457 Dei
858 2400 1092 2456 hominis
1116 2397 1491 2466 subsistentia,
1524 2397 1641 2451 sive
1662 2408 1916 2465 persona,
1946 2391 1992 2447 si

392 2495 753 2565 probarentur
782 2490 971 2545 Patres
1002 2489 1147 2557 quod
1178 2489 1341 2543 etiam
1385 2502 1547 2542 unam
1579 2484 1995 2556 prmdicaveriut

392 2587 508 2656 ejus
531 2600 649 2639 esse
672 2582 955 2658 naturam?
982 2581 1147 2648 Igitur
1170 2587 1226 2633 ut
1246 2579 1424 2633 omnis
1445 2577 1721 2632 auferatur
1742 2574 1991 2644 quaestio,

394 2679 439 2733 si
467 2694 574 2731 non
607 2684 792 2746 postea
817 2674 1045 2743 epistola
1072 2673 1159 2725 illa
1185 2671 1433 2726 conlecta
1456 2679 1557 2733 est,
1590 2678 1683 2723 aut
1703 2668 1846 2723 beati
1866 2665 1995 2722 Julii

393 2786 513 2823 cam
544 2786 649 2822 non
680 2781 821 2831 esse,
870 2766 1007 2820 sicut
1039 2764 1206 2831 magis
1236 2763 1560 2818 credendum
1585 2769 1670 2817 est
1691 2802 1707 2827 ,
1754 2758 1994 2832 synodus

398 2860 688 2921 iadicavit;
738 2864 830 2909 aut
874 2856 1035 2909 etiam
1070 2863 1124 2908 et
1151 2854 1195 2907 si
1228 2853 1342 2922 ejus
1390 2868 1513 2907 esse
1555 2850 1804 2916 credidit,
1851 2849 1997 2919 quod

396 2964 499 3019 ego
544 2963 652 3001 nou
684 2946 825 3011 dico,
879 2953 934 2997 ut
965 2943 1122 2995 aliam
1154 2943 1324 3010 magis
1367 2957 1529 3010 quam
1558 2942 1725 3011 ipsam
1754 2940 1998 3009 ejusdem

397 3042 569 3096 sancti
614 3039 739 3093 Julii
778 3048 965 3094 contra
1000 3038 1305 3093 Nestorium
1350 3036 1639 3107 proferret,
1693 3051 1803 3090 non
1832 3051 1901 3088 ex
1930 3048 1997 3089 eo

401 3133 544 3206 quod
575 3134 783 3188 incaute
812 3132 1016 3187 dictum
1075 3141 1159 3185 est
1197 3130 1525 3185 contrarium
1571 3142 1813 3181 errorem
1855 3124 1998 3193 judi-

2090 1934 2419 2004 rclinqucret
2448 1934 2852 2005 suspicandum.
2901 1936 3035 1991 Cum
3060 1939 3202 1991 enim
3233 1945 3421 2007 postea
3445 1936 3694 1991 redinte-

2090 2026 2308 2093 grandte
2335 2026 2486 2094 pacis
2516 2024 2882 2080 Ecclesiarum
2910 2042 3039 2080 cura
3067 2026 3399 2090 succederet,
3432 2026 3695 2095 quoniam

2091 2119 2160 2172 de
2202 2119 2305 2173 hac
2342 2118 2651 2186 suspicione
2677 2133 2787 2172 non
2832 2117 2951 2172 leve
2978 2118 3149 2172 fuerat
3178 2118 3414 2173 sehisma
3443 2132 3694 2171 commo-

2094 2218 2205 2264 tum
2225 2252 2240 2277 ,
2291 2211 2581 2264 memorati
2617 2210 2918 2265 Orientales
2948 2226 3046 2280 per
3072 2210 3435 2266 venerabilem
3465 2208 3696 2263 Paulum

2093 2303 2422 2360 Emeseuum
2451 2306 2768 2374 episcopum
2799 2304 2867 2359 ab
2894 2305 3084 2361 eodem
3111 2306 3270 2360 beato
3296 2304 3500 2375 Cyrillo
3532 2318 3701 2372 expe-

2094 2400 2349 2462 tiverunt,
2401 2406 2464 2451 ut
2502 2398 2546 2452 sl
2594 2397 2759 2452 vellet
2808 2413 2970 2453 omne
3009 2397 3316 2453 scandalum
3366 2410 3701 2464 omnemque

2096 2487 2450 2543 offensionem
2480 2489 2548 2543 de
2569 2488 2748 2544 medio
2775 2490 3081 2545 submoveri
3102 2531 3117 2557 ,
3143 2504 3304 2543 unum
3335 2487 3503 2542 Deum
3537 2494 3703 2556 atque

2097 2580 2371 2636 hominem
2412 2579 2688 2635 Christum
2725 2582 2777 2635 in
2808 2580 3014 2636 duabus
3054 2583 3259 2636 naturis
3297 2580 3703 2635 evidentissima

2096 2669 2381 2725 fateretur.
2434 2670 2589 2736 Quod
2630 2680 2686 2726 et
2736 2673 2827 2727 ille
2877 2681 3156 2742 gratanter
3210 2672 3488 2743 amplexus
3540 2680 3707 2741 atque

2099 2762 2381 2817 confessus
2421 2769 2532 2827 cst,
2580 2764 2782 2832 quippe
2829 2764 2919 2831 qui
2951 2764 3051 2817 sibi
3082 2764 3329 2818 conscius
3356 2770 3473 2816 erat
3504 2754 3618 2815 non
3650 2776 3706 2815 se

2101 2852 2259 2908 aliter
2280 2861 2334 2907 et
2357 2860 2515 2906 antea
2538 2853 2849 2906 credidisse.
2884 2853 3058 2923 Atque
3082 2855 3151 2907 ita
3173 2853 3314 2907 Deus
3330 2853 3706 2922 omnipotens,

2103 2961 2211 2998 non
2258 2944 2432 2999 solum
2478 2942 2830 2998 Orientalium
2879 2954 2936 2998 et
2974 2945 3201 2999 aliorum
3246 2945 3485 3012 Patrum,
3542 2955 3708 3013 atque

2106 3040 2271 3109 ipsius
2291 3039 2436 3093 beati
2458 3039 2641 3111 Cyrilli
2663 3049 2865 3095 rectam
2892 3038 3049 3093 fidem
3086 3039 3421 3094 manifestam
3452 3040 3709 3093 omnibus

2107 3128 2252 3193 fecit,
2295 3130 2420 3200 quia
2451 3145 2552 3185 nec
2582 3131 2657 3184 illi
2685 3132 3379 3201 quidquamexpetiverunt
3406 3132 3709 3200 indignum,

407 3225 550 3278 cavit
576 3240 693 3277 esse
717 3223 1057 3277 vincendum.
1090 3221 1201 3274 Iloc
1225 3230 1404 3274 autem
1430 3229 1484 3276 et
1504 3218 1763 3272 adversus
1784 3225 1999 3281 cratera,
2033 3245 2076 3305 ρ
2110 3236 2207 3275 nec
2239 3222 2326 3275 ille
2358 3221 2503 3291 quod
2531 3223 2828 3291 expetitum
2856 3232 2939 3276 est
2966 3219 3253 3291 denegavit
3273 3266 3286 3290 ,
3318 3240 3509 3277 verum
3544 3222 3711 3277 etiam

404 3333 523 3384 qua:
551 3334 613 3370 ex
645 3316 865 3369 nomine
889 3316 1115 3367 aliorum
1142 3313 1485 3381 antiquorum
1508 3310 1787 3381 Ephesium
1810 3308 2003 3381 synodi

407 3408 649 3471 Patrum,
698 3407 781 3461 vel
815 3405 966 3471 falsa,
997 3407 1083 3460 vel
1116 3406 1254 3459 male
1287 3405 1561 3459 intellecta
1586 3403 1874 3469 ventilant,
1909 3417 2005 3456 nos

404 3499 733 3567 respondere
775 3505 1151 3565 cognoscant:
1197 3497 1455 3565 quoniam
1501 3496 1546 3550 si
1598 3510 1723 3549 vera
1773 3496 2003 3558 fuerant,

409 3599 503 3644 aut
532 3590 671 3643 sicut
702 3588 801 3659 ipsi
834 3588 1023 3642 volunt
1051 3588 1416 3655 intelligenda,
1451 3587 1530 3641 cis
1562 3588 1807 3654 protinus
1837 3586 2010 3655 Ephe-

406 3684 523 3740 sina
556 3683 793 3757 synodus
816 3683 1123 3741 Nestorium
1147 3683 1427 3738 refutaret.
1462 3681 1601 3753 Nihil
1627 3682 1786 3749 igitur
1808 3681 2007 3736 habent

407 3775 555 3845 quod
608 3776 673 3829 de
706 3790 896 3843 magno
928 3774 1355 3829 Chalcedoncusi
1405 3775 1637 3828 concilio
1687 3772 2008 3843 Eutycltiatti

406 3865 491 3919 vel
522 3864 985 3937 Sunieutychiani
1015 3874 1331 3936 querantur,
1365 3866 1622 3935 quoniam
1652 3863 1923 3920 Christum
1950 3864 2008 3919 in

408 3956 613 4011 duabus
643 3973 763 4011 esse
796 3957 1019 4022 naturis,
1052 3957 1349 4013 secundum
1373 3958 1569 4028 prioris
1600 3956 1887 4027 Ephesium
1915 3973 2008 4027 sy-

410 4047 558 4111 nodi,
602 4064 762 4117 quam
816 4048 1093 4104 nobiscum
1134 4048 1451 4118 suscipiunt,
1502 4057 1703 4103 statuta
1753 4047 2005 4101 firmavit.

409 4140 517 4195 Sed
550 4156 648 4195 nec
679 4156 745 4193 ex
776 4141 934 4196 dictis
958 4142 1103 4195 beati
1134 4141 1341 4212 Cyrilli,
1395 4157 1516 4210 qum
1545 4142 1672 4208 alia,
1721 4141 1863 4195 sicut
1891 4155 2011 4195 cre-

410 4234 643 4288 dendum
675 4242 775 4297 est,
821 4234 1122 4289 intentione
1152 4235 1362 4303 prolata
1394 4233 1554 4288 simul
1585 4234 1604 4264 ³
1637 4233 1776 4288 male
1806 4232 2007 4291 intelli-

410 4333 562 4392 gunt,
596 4334 783 4378 contra
814 4324 1008 4378 horum
1033 4324 1357 4378 evidentiam
1388 4324 1581 4378 merito
1611 4332 1839 4393 possunt
1867 4324 2008 4392 obji-

412 4429 536 4467 ccrc
568 4433 581 4467 :
613 4414 868 4483 quoniam
902 4415 987 4470 vel
1089 4415 1156 4470 ab
1179 4414 1264 4469 his
1294 4416 1617 4470 testimoniis
1650 4415 1864 4470 l’atrum
1890 4429 2010 4483 qua:

415 4504 468 4558 in
491 4504 754 4575 Ephesina
770 4507 977 4577 synodo
1002 4506 1208 4561 firmata
1228 4516 1355 4562 sunt
1376 4508 1657 4563 dissonare
1698 4507 2008 4573 creduntur,

416 4608 524 4648 non
557 4604 780 4663 possunt
804 4596 1043 4664 praeferri
1069 4598 1184 4651 sive
1210 4596 1441 4652 conferri
1472 4598 1707 4654 decretis
1731 4598 2009 4669 synodali-

418 4682 540 4750 bus,
572 4700 691 4754 qua:
716 4685 953 4756 suscepit
978 4686 1293 4742 universalis
1320 4686 1578 4744 Ecclesia.
1629 4687 1745 4744 lluc
1782 4688 2011 4755 accedit,

416 4841 565 4896 illam
585 4840 855 4913 epistolam
880 4842 1149 4913 manifeste
1163 4842 1478 4911 Apollinaris
1494 4842 1810 4897 ostendimus
1829 4842 2007 4913 fuisse,

415 4914 611 4983 scripta
640 4912 709 4965 ad
737 4911 1064 4981 Dionysium.
1096 4912 1234 4977 Quin
1262 4920 1318 4966 et
1348 4913 1573 4967 alteram
1597 4914 1723 4967 item
1755 4911 2011 4969 ad‘l’ros-

418 4985 718 5047 decimum,
768 4998 862 5037 seu
898 4983 1115 5036 Decium
1149 4983 1467 5052 epistolam,
1504 4984 1656 5048 cujus
1700 4984 2010 5039 testimonio

418 5070 513 5126 usa
546 5061 629 5109 est
652 5052 1197 5126 synodusliphesina,
1226 5068 1332 5126 nec
1360 5053 1529 5126 ipsam
1556 5052 1679 5107 Julii
1711 5052 1875 5126 fuisse
1896 5056 2010 5126 vult

421 5123 696 5190 Leontius,
743 5124 838 5179 sed
887 5123 1454 5194 Timethei_discipuli
1507 5124 1847 5194 Apollinaris.
1901 5124 2009 5181 Sed

422 5194 559 5249 hanc
599 5197 715 5251 sine
764 5192 1295 5252 controversiaJulio
1336 5192 1426 5248 alii
1459 5192 1675 5264 quoque
1702 5204 1955 5252 asserunt
1991 5214 2005 5250 :

423 5274 582 5333 atque
608 5265 744 5320 inter
775 5277 997 5322 eteteros
1019 5266 1355 5335 prratmius
1385 5266 1688 5334 patriarcha
1719 5266 2011 5321 Antioche-

425 5350 523 5386 nus
571 5335 659 5388 lib.
712 5353 766 5390 ιιι
809 5337 875 5390 tle
920 5338 1099 5392 Sacris
1141 5337 1369 5405 Legibus
1410 5337 1551 5405 apud
1594 5335 1867 5402 Photium,
1922 5336 2011 5390 ubi

424 5404 643 5458 alterius
670 5422 738 5460 ex
764 5408 950 5461 eadem
981 5409 1205 5478 cpistola
1226 5404 1522 5462 sententiae
1553 5417 1761 5476 partem
1791 5409 2009 5466 delibat.

500 5544 515 5621 τ
559 5545 693 5621 Cod.
723 5544 948 5621 Veron.,
976 5552 1263 5621 scripsisse.

500 5620 518 5689 ξ
559 5616 704 5689 idem
734 5618 879 5683 cod.,
906 5620 998 5673 Ilei
1018 5616 1180 5689 filius.

501 5687 521 5717 ³
558 5687 703 5743 Idem
735 5690 881 5755 cod.,
907 5687 1165 5744 similiter.

2114 3327 2302 3366 contra
2334 3311 2540 3365 futuros
2566 3312 2929 3383 Eutychianos
2959 3315 3129 3368 multo
3159 3315 3552 3383 promptiorem
3580 3313 3712 3367 mul-

2110 3412 2272 3469 toque
2295 3402 2684 3456 evidentiorem
2709 3402 2943 3457 reddidit
2970 3404 3231 3459 doctrina:
3256 3406 3541 3460 catholica:
3572 3404 3712 3459 veri-

2112 3501 2299 3547 tatem.
2316 3494 2549 3547 Tantum
2564 3510 2691 3549 vero
2706 3504 2893 3549 contra
2909 3497 3047 3551 hunc
3059 3512 3297 3551 errorem
3326 3513 3434 3567 quo
3462 3497 3713 3554 Christus

2108 3582 2306 3638 dicitur
2332 3584 2489 3638 unius
2502 3599 2621 3638 esse
2649 3588 3198 3650 naturaneorumdcm
3229 3586 3443 3641 Patrum
3472 3589 3713 3642 orienta-

2112 3676 2240 3730 lium
2271 3677 2578 3732 sollieitudo
2608 3693 2671 3733 ac
2700 3679 2975 3747 diligentia
2994 3680 3273 3748 vigilavit,
3306 3692 3363 3735 ut
3392 3682 3455 3735 in
3480 3682 3711 3751 epistola

2109 3782 2271 3836 quam
2304 3771 2353 3823 ci
2383 3771 2664 3834 miserunt,
2699 3770 2865 3841 ipsius
2886 3782 3047 3826 rectae
3069 3772 3426 3829 confessionis
3450 3792 3615 3845 quam
3647 3775 3711 3829 ab

2110 3861 2202 3915 illo
2232 3862 2620 3929 cx5pcctabant
2648 3863 2669 3894 ⁸
2716 3862 2880 3917 verba
2938 3865 3372 3929 conscriberent,
3408 3875 3462 3919 ct
3493 3866 3713 3936 pr‘a‘fato

2116 3953 2281 4009 Paulo
2304 3956 2754 4011 commendarent
2778 3940 3052 4027 episcopo,
3088 3966 3233 4012 utea
3262 3959 3454 4013 beatus
3480 3959 3712 4031 Cynillns

2113 4049 2166 4101 in
2190 4064 2342 4102 suam
2368 4050 2694 4103 transferens
2717 4051 3001 4120 epistolam
3027 4051 3105 4105 eis
3128 4051 3469 4111 rescriberet,
3499 4069 3565 4105 ne
3587 4052 3713 4122 quid

2114 4147 2425 4193 remaneret
2451 4140 2782 4207 ambiguum,
2833 4141 2973 4195 unde
3004 4140 3326 4209 quandoque
3357 4158 3542 4195 rursus
3570 4158 3713 4210 qtae-

2114 4229 2221 4283 stio
2250 4239 2587 4284 nasceretur.
2637 4229 2792 4296 Quod
2820 4231 2981 4285 etiam
3013 4231 3120 4295 ille,
3155 4232 3295 4285 sicut
3320 4232 3430 4299 jam
3461 4230 3709 4293 diximus,

2113 4332 2306 4393 optato
2329 4324 2644 4393 suscipiens,
2669 4338 2837 4393 seque
2858 4340 2962 4378 non
2987 4324 3143 4378 aliter
3164 4332 3219 4378 et
3240 4334 3395 4378 antea
3422 4326 3712 4379 credidisse

2114 4422 2365 4478 testatus,
2393 4417 2473 4470 sic
2493 4415 2667 4471 eidem
2692 4424 2879 4473 sancto
2894 4414 3093 4469 Joanni
3116 4416 3457 4471 Autiochcno
3481 4419 3713 4486 rescrip-

2115 4506 2187 4560 sit
2218 4524 2232 4560 :
2269 4526 2288 4560 ι
2332 4507 2599 4573 Quoniam
2630 4522 2761 4561 vero
2804 4507 3077 4576 superﬂua
3109 4514 3163 4561 et
3191 4506 3503 4576 importuna
3532 4506 3715 4561 Erl-le—

2042 4631 2092 4689 D
2116 4598 2318 4653 siarum
2344 4599 2535 4653 divisio
2561 4598 2697 4653 facta
2720 4605 2824 4665 est,
2857 4612 2997 4652 nunc
3020 4597 3251 4652 maxime
3277 4596 3609 4651 satisfactum
3636 4605 3714 4649 ea

2122 4691 2301 4755 nobis,
2331 4690 2552 4746 domino
2599 4704 2721 4745 meo
2762 4690 3198 4745 reverentissimo
3230 4688 3249 4719 ‘
3278 4687 3449 4743 Paulo
3478 4688 3713 4743 chartam

2118 4862 2279 4918 quam
2311 4848 2571 4916 integram
2604 4846 2809 4917 profert
2834 4848 3149 4903 Anastasius
3178 4847 3319 4901 idem
3346 4848 3625 4918 presbyter
3655 4845 3705 4898 in

2118 4917 2317 4988 Eulogo
2348 4930 2446 4974 τῶν
2478 4925 2726 4993 Zariasva
2747 4925 2866 4993 περὶ
2888 4929 2988 4993 Δτῆς
3019 4924 3153 4993 (ista;
3184 4921 3443 4991 θεολογίας
3472 4917 3551 4993 inii
3577 4922 3709 4993 cirro-

2116 4994 2316 5062 ZQtLtflg,
2350 5005 2470 5056 cap.
2504 4988 2595 5057 53,
2631 4990 2727 5043 nisi
2760 4988 2905 5059 quod
2935 4991 3189 5045 Acacium
3221 4988 3381 5046 vocat
3401 5005 3495 5062 pro
3522 4988 3706 5042 DUCltt.

2116 5058 2374 5133 Sie‘enim
2416 5062 2576 5115 habet
2610 5065 2643 5112 :'
2660 5058 2852 5133 Ιονλῖᾳυ
2878 5064 3155 5117 ἐπισκόπου
3186 5066 3374 5133 Ῥώμης
3400 5058 3448 5116 ἔκ
3473 5067 3554 5133 τῆς
3572 5062 3705 5133 Δπρὸς

2094 5130 2326 5208 ’Δκᾷκςογ
2348 5135 2634 5208 ἔπιθι-πλῆξ’
2664 5139 2766 5208 mi;
2790 5131 2843 5192 ὃς
2864 5134 2949 5188 τὸν
2972 5136 3025 5188 ἐκ
3047 5138 3241 5208 “aptat:
3263 5130 3377 5188 ὐῖὀν
3396 5138 3463 5205 μή
3485 5130 3703 5208 (iugo/si

2115 5204 2236 5279 gadio
2259 5204 2401 5279 λόγωι
2432 5204 2675 5276 έίισαρκτιν
2710 5204 2973 5278 opaci-mw
3000 5213 3071 5275 τῷ
3099 5197 3258 5276 ιίατρὶ
3279 5206 3331 5268 ἐξ
3358 5197 3537 5279 arma
3555 5197 3702 5279 βιαία,

2118 5273 2338 5348 ἅτρεποῦ
2378 5275 2432 5350 δὲ
2476 5279 2523 5329 ἐν
2653 5273 2932 5350 σαρκὡσευ
2966 5273 3051 5331 καὶ
3072 5273 3242 5333 ἀπαθῆ
3270 5278 3322 5329 ἐν
3349 5273 3700 5335 τὸῐξςειθέσιν·

2122 5346 2340 5417 ἀνὰθεμα
2367 5346 2528 5401 ἔστω.

2200 5550 2222 5581 ⁸
2262 5552 2402 5606 ldem
2445 5554 2591 5615 cod.,
2623 5558 2885 5608 stam'ssr.

2161 5623 2164 5626 ’
2201 5624 2220 5653 ⁸
2261 5622 2404 5677 ldern
2431 5623 2579 5689 cod.,
2611 5625 2936 5689 expetebant.

2199 5695 2219 5723 θ
2258 5693 2398 5747 idem
2426 5695 2571 5753 cod.,
2606 5695 2902 5751 reverenda.

498 5825 521 5847 ‘
559 5822 1027 5899 ltrliune_locum_
1048 5824 1617 5899 videsis_Mazochium
1658 5828 1841 5895 Spicil.
1894 5826 2029 5885 Bibl.
2073 5836 2204 5886 tom.
2240 5828 2277 5893 Ι,
2329 5842 2448 5899 pag.
2501 5826 2590 5899 54,
2623 5836 2737 5885 not.
2790 5827 2878 5896 10,
2934 5839 2988 5885 et
3032 5826 3219 5884 confer
3257 5822 3575 5883 Coutantium
3611 5819 3667 5872 in

430 5895 673 5968 Append.
707 5896 770 5950 ad
792 5894 957 5975 Epist.
996 5894 1223 5951 Roman.
1256 5895 1492 5965 l~'ontill".,
1522 5913 1644 5967 pag.
1678 5894 1764 5953 73.
1792 5906 1907 5954 not.
