3938 6196
214 303 319 360 53ἱῦ

1097 300 1232 355 PRO
1272 299 1686 358 DEFEVSIONE
1726 300 1939 356 TRIUM
1975 300 2291 356 CAPITUL.
2337 301 2460 355 LIB.
2505 301 2540 354 l.

3394 302 3502 358 551

215 419 518 490 proferente
548 416 835 471 habentem
872 415 1398 485 irreprehensibilem
1434 415 1557 468 Ιίάυὶ
1587 415 1797 469 eonfes-
1829 421 1876 477 Α
1905 416 2034 468 falsa
2056 416 2137 469 vel
2157 417 2293 469 male
2318 417 2690 484 interpretata,
2720 424 2902 469 contra
2922 414 3286 470 definitionem
3306 417 3496 488 synodi

216 513 439 574 sionem,
481 518 536 563 et
567 508 707 563 hanc
731 506 1036 562 afﬁrmante
1063 522 1095 562 a
1128 518 1302 562 vestra
1332 508 1616 564 sanctitate
1645 523 1797 561 com-

216 604 460 676 positam,
492 610 548 655 et
576 601 644 656 ab
675 601 757 654 his
799 599 891 668 qui
932 599 1040 654 illic
1067 608 1193 654 sunt
1219 599 1639 668 religiosissimis
1684 599 1801 666 epi-

215 696 408 763 sc0pis.
463 693 640 748 liabet
665 699 850 747 autem
898 691 969 745 ita
1000 691 1350 760 conscriptio,
1393 706 1513 759 quae
1541 698 1596 744 et
1638 690 1691 744 in
1723 689 1804 744 his

219 787 392 840 verbis
431 785 632 838 inserta
663 791 745 838 est
773 782 900 838 huic
943 781 1206 850 epistolae.
1265 801 1283 833 ι
1332 780 1398 835 Et
1429 790 1550 851 post
1579 781 1752 848 aliqua
1789 797 1809 831 :.

220 897 237 926 ι
261 875 593 929 (ζωιιιειειιιυν
606 874 766 940 igitur
779 872 1062 927 Dominum
1081 881 1322 926 nostrum
1340 871 1804 927 JesumChristum

219 965 404 1019 Filium
433 964 526 1018 Dei
552 963 906 1030 unigenitum,
937 963 1102 1016 Deum
1135 961 1432 1032 perfecwm
1456 972 1511 1017 et
1533 961 1804 1015 hominem

219 1054 515 1124 perfectum
547 1069 613 1107 ex
645 1053 822 1106 anima
847 1051 1094 1106 rationali
1116 1060 1170 1105 et
1191 1067 1438 1121 corpore,
1464 1059 1590 1105 ante
1612 1051 1805 1105 saecula

221 1145 428 1215 quidem
457 1145 526 1199 de
556 1143 714 1197 Patre
737 1151 921 1196 natum
964 1141 1258 1196 secundum
1285 1141 1573 1206 deitatem;
1604 1142 1655 1196 in
1685 1141 1810 1194 ulti-

217 1239 311 1292 .nis
323 1254 456 1295 vero
467 1237 653 1292 diebus
665 1235 911 1289 eumdem
924 1242 1147 1304 propter
1160 1248 1256 1289 nos
1271 1242 1327 1288 et
1340 1241 1559 1302 propter
1571 1240 1808 1287 nostram

217 1331 473 1394 salutem,
502 1328 572 1384 de
611 1326 777 1380 Maria
818 1327 1025 1396 virgine
1067 1325 1358 1380 secundum
1385 1324 1807 1388 humanitatem;

217 1417 727 1476 :onsuhstantialem
752 1414 900 1468 Patri
932 1413 1179 1468 eumdem
1205 1413 1502 1469 secundum
1529 1412 1807 1477 deitatem,

217 1520 264 1565 et
309 1506 830 1564 consubstantialem
863 1504 1018 1558 nobis
1057 1503 1348 1558 secundum
1397 1502 1808 1557 humanitatem.

219 1602 454 1655 Duarum
486 1599 627 1653 enim
655 1606 964 1650 naturarum
994 1594 1250 1649 adunatio
1283 1596 1296 1626 ¹
1332 1593 1472 1648 facta
1502 1602 1585 1649 est
1613 1613 1624 1646 :
1650 1609 1813 1662 prop-

218 1702 296 1748 ter
322 1690 472 1761 quod
499 1705 660 1743 unum
684 1687 980 1754 Christum,
1016 1702 1179 1740 unum
1207 1686 1415 1751 Filium,
1453 1702 1616 1740 unum
1646 1686 1812 1741 Demn

1905 505 2380 567 Clmlcmloneasis,
2425 508 2585 560 etiam
2617 524 2679 561 ex
2712 507 2858 561 beati
2885 507 3068 578 Cyrilli
3117 509 3336 564 nomine
3367 527 3496 579 prc-

1906 597 2166 663 ferantur,
2214 599 2298 652 his
2339 600 2532 667 quibus
2573 609 2653 653 est
2695 601 2746 653 in
2793 599 3061 669 liphesina
3106 602 3336 671 synodo,
3381 602 3500 672 ipso

1907 689 2136 756 primum
2167 689 2513 756 decernente,
2546 690 2820 744 Nestorius
2851 692 3200 760 improbatus,
3227 701 3284 746 et
3305 693 3500 763 quibus

1907 788 2095 847 postea
2125 779 2264 848 apud
2310 784 2726 836 consacerdotes
2768 799 2895 837 suos
2938 783 3051 851 ipse
3099 793 3352 852 purgatus
3396 799 3498 846 est,

1909 870 2148 938 praeferri
2173 871 2253 923 vel
2285 870 2518 925 conferri
2544 887 2648 926 non
2682 882 2952 941 poterunt.
2988 873 3100 927 lloc
3127 890 3342 943 quoque
3367 891 3502 931 con-

1909 961 2220 1015 siderationi
2250 962 2467 1017 lectoris
2488 963 2730 1027 accedat,
2757 964 2900 1033 quod
2919 964 3028 1032 jam
3053 964 3369 1019 Nestoriana
3395 967 3498 1020 ba:-

1910 1067 2029 1106 rese
2043 1053 2342 1107 universam
2358 1053 2650 1108 Ecclesium
2664 1055 3080 1120 scandalizante,
3099 1064 3154 1110 ct
3169 1055 3500 1127 Eutychiana

1912 1143 2139 1198 necdum
2169 1157 2380 1208 exorta,
2429 1143 2660 1216 Cyrillus
2691 1146 2790 1200 ista
2820 1147 3136 1216 protulerit;
3181 1157 3236 1202 et
3265 1164 3372 1202 non
3403 1149 3503 1202 mi-

1901 1221 2119 1290 rabitur
2146 1236 2189 1289 si
2215 1237 2389 1291 minus
2417 1247 2606 1291 contra
2638 1237 3094 1308 Eutychianorum
3123 1257 3283 1310 quam
3317 1251 3502 1296 contra

1912 1324 2354 1380 Nestorianorum
2397 1327 2632 1395 vigilavit
2673 1343 2936 1383 errorem.
2989 1329 3184 1384 Verum
3235 1347 3332 1386 nec
3375 1331 3501 1385 illud

1914 1415 2145 1470 arbitror
2173 1417 2548 1482 omittendum,
2582 1419 2634 1472 in
2661 1435 2768 1489 quo
2797 1428 2851 1474 et
2871 1420 3100 1489 amplius
3130 1422 3309 1490 praldi.
3328 1430 3504 1476 torum

1915 1509 2257 1563 orientalium
2294 1509 2508 1564 Patrum
2541 1527 2638 1580 pro
2667 1513 2946 1567 catholica:
2978 1513 3098 1568 tidei
3139 1514 3504 1569 conservanda

1917 1599 2222 1668 integritate
2271 1601 2508 1665 libertas,
2559 1611 2612 1656 et
2660 1602 2824 1671 ipsius
2877 1605 3018 1658 beati
3067 1604 3248 1675 Cyrilli
3295 1605 3349 1658 in
3403 1604 3504 1658 hoc

1921 1690 2090 1761 ipsum
2131 1691 2470 1747 manifestata
2517 1693 2783 1749 confessio
2831 1704 2930 1750 est.
2984 1695 3114 1750 Nam
3157 1713 3276 1751 cum
3330 1698 3504 1751 minus

218 1782 559 1839 confitemur.
601 1779 906 1835 Secundum
937 1778 1078 1832 hanc
1123 1776 1413 1830 inconfusa:
1445 1777 1666 1832 unitatis
1693 1793 1814 1832 ren-
1851 1787 1893 1844 Β
1923 1782 2134 1835 utilitati
2162 1781 2416 1837 Ecclesia:
2450 1782 2698 1839 sufﬁcere
2724 1785 3013 1851 videretur,
3046 1785 3247 1840 utsolis
3269 1786 3504 1854 epistolis

219 1875 463 1939 tentiam,
489 1870 811 1928 confitemur
825 1877 1068 1926 sanctam
1085 1869 1358 1938 Virginem
1376 1867 1473 1922 Dei
1494 1869 1811 1937 genitricem

217 1968 467 2036 Mariam,
513 1977 734 2038 propter
778 1965 923 2035 quod
975 1965 1114 2020 Deus
1145 1964 1378 2019 Verbum
1420 1964 1729 2018 incarnatus
1757 1973 1813 2018 et

217 2063 384 2118 homo
437 2063 610 2116 factus
640 2101 656 2125 ,
706 2075 771 2114 ex
837 2060 952 2129 ipsa
999 2045 1356 2127 conce'ptione
1401 2057 1661 2110 adunavit
1711 2057 1811 2111 sibi

217 2156 361 2226 quod
393 2169 461 2210 ex
489 2169 553 2208 ea
581 2163 854 2222 sumptum
885 2161 968 2207 est
991 2152 1272 2220 templum.
1308 2149 1659 2218 Evangelicas
1682 2165 1812 2204 vero

216 2256 267 2301 et
291 2245 624 2315 apostolicas
652 2243 716 2297 de
747 2242 977 2297 Doinino
1007 2257 1170 2296 voces
1209 2243 1410 2296 scimus
1461 2243 1604 2297 viros
1647 2243 1812 2296 divini

216 2338 368 2393 verbi
422 2337 802 2407 prtcdicatores
830 2335 964 2389 alias
1005 2333 1223 2403 quidem
1255 2334 1642 2404 canjungentes
1690 2345 1810 2390 tan-

215 2444 379 2498 quam
404 2427 474 2482 de
495 2442 599 2482 una
627 2441 878 2496 persona,
909 2425 1042 2478 alias
1064 2439 1193 2478 vero
1221 2423 1526 2479 dividentes
1557 2434 1810 2494 tanquam

214 2521 279 2578 de
299 2521 518 2576 duabus
543 2519 774 2584 naturis;
806 2525 859 2572 et
886 2517 1019 2570 alias
1041 2515 1258 2586 quidem
1291 2517 1678 2572 convenientes
1700 2518 1812 2573 Deo

215 2612 516 2670 secundum
539 2610 794 2665 deitatem
820 2608 1040 2674 Christi,
1073 2607 1204 2662 alias
1225 2622 1354 2662 vero
1378 2608 1607 2665 humiles
1619 2624 1812 2664 secun-

214 2705 337 2762 dum
373 2703 762 2759 humanitatem
790 2703 906 2771 ejus
936 2699 1231 2755 tradentes.
1284 2698 1377 2754 llis
1407 2701 1602 2755 vestris
1645 2701 1812 2757 sacris

215 2798 444 2854 vocibus
486 2796 842 2860 intendentes,
872 2804 928 2850 et
950 2795 1026 2849 sic
1048 2795 1209 2848 etiam
1235 2796 1599 2866 nosmetipsos
1621 2811 1812 2866 sapere

214 2891 559 2962 reperientes
590 2890 750 2960 (unus
779 2888 920 2943 enim
967 2887 1250 2950 Dominus,
1306 2904 1413 2941 una
1447 2887 1596 2953 tides,
1647 2903 1812 2942 unum

213 2982 528 3055 baptisma),
561 2981 976 3051 gloriﬁcavimus
997 2979 1244 3034 ninnium
1266 2979 1605 3033 Salvatorem
1637 2977 1814 3031 Domi-

213 3092 368 3144 num,
400 3075 629 3130 invicem
652 3074 807 3128 nobis
829 3088 893 3128 ac
911 3072 1066 3128 vobis
1087 3070 1490 3140 congaudentes
1515 3088 1527 3122 :
1554 3069 1808 3138 quoniam

211 3170 514 3242 Scripturis
541 3169 792 3223 divinitus
835 3167 1130 3237 inspiratis,
1181 3175 1236 3220 et
1273 3165 1547 3220 traditioni
1592 3174 1809 3220 sancto-

213 3279 330 3318 rum
365 3261 589 3316 Patrum
618 3268 926 3314 nostrorum
978 3259 1388 3313 convenientem
1419 3258 1618 3313 habent
1648 3257 1807 3314 ﬁdem

212 3370 328 3422 qua:
380 3352 524 3423 apud
563 3367 662 3406 nos
712 3359 767 3406 et
812 3365 931 3419 qua:
978 3349 1119 3419 apud
1162 3366 1258 3405 vos
1304 3359 1428 3404 sunt
1472 3349 1746 3406 Ecclesiae.
1784 3371 1802 3404 ι

213 3443 452 3500 Proinde
472 3461 592 3500 cum
614 3443 846 3515 Cyrillus
867 3444 920 3496 in
949 3443 1048 3497 hac
1072 3441 1435 3511 confessione,
1463 3459 1560 3514 per
1587 3460 1750 3514 quam
1777 3461 1806 3498 a

213 3554 270 3592 se
319 3537 562 3592 removit
607 3537 834 3603 indignae
879 3535 1199 3605 suspicionis
1247 3535 1537 3600 invidiam,
1585 3546 1641 3590 et
1685 3554 1807 3592 cum

214 3628 574 3683 orientalibus
603 3629 935 3698 aliarumque
964 3628 1362 3696 provinciarum
1389 3627 1642 3684 Ecclesiis
1668 3631 1806 3684 adu-

212 3729 370 3772 natus
396 3726 499 3780 est,
532 3718 610 3772 sic
634 3717 856 3771 duarum
888 3726 1201 3771 naturarum
1235 3718 1532 3772 unitionem
1557 3722 1575 3750 ²
1611 3717 1804 3774 factam

210 3810 357 3864 dicat
389 3810 442 3862 in
473 3808 707 3873 Christo,
737 3808 859 3876 quia
891 3808 1076 3876 utique
1106 3809 1260 3862 unius
1307 3824 1553 3878 personae
1582 3819 1636 3864 et
1681 3812 1806 3865 sub-

209 3903 428 3957 stantiae
458 3911 580 3956 sunt
608 3901 808 3956 eaedem
855 3901 974 3956 dua:
1017 3908 1244 3968 naturzn,
1296 3910 1352 3955 ut
1383 3902 1722 3970 evangelicas
1753 3913 1808 3956 et

213 3994 542 4063 apostolicas
571 3992 637 4046 de
666 3992 896 4046 Domino
944 4006 1107 4046 voces
1149 3992 1282 4046 alias
1329 3991 1542 4059 quidem
1576 3992 1794 4059 conjun-

211 4086 416 4154 gendas
448 4083 678 4138 fateatur
709 4091 961 4150 tanquam
991 4081 1057 4136 de
1089 4097 1190 4136 una
1225 4097 1472 4150 persona,
1517 4083 1648 4136 alias
1676 4099 1806 4137 vero

211 4176 530 4233 dividendas
574 4185 829 4243 tanquam
877 4174 944 4228 de
986 4174 1200 4228 duabus
1248 4174 1453 4227 naturis
1489 4192 1499 4226 :
1532 4175 1806 4243 quomodo

212 4267 536 4341 Eutychiani
564 4267 648 4321 vel
680 4265 936 4334 Acephali
977 4280 1042 4318 ex
1070 4264 1310 4334 ejusdem
1352 4265 1495 4319 beati
1522 4263 1704 4335 Cyrilli
1729 4265 1809 4320 di-

208 4362 333 4426 etis,
370 4376 477 4416 non
506 4358 643 4413 duas
668 4357 869 4412 Christi
899 4365 1141 4422 naturas,
1191 4355 1284 4409 sed
1316 4371 1476 4409 unam
1508 4371 1576 4410 ex
1603 4356 1807 4412 duabus

209 4450 573 4521 compositam
606 4449 851 4504 nituntur
870 4447 1148 4503 astruere?
1179 4445 1312 4499 Nam
1338 4446 1380 4499 si
1411 4446 1730 4512 evangelicae
1752 4456 1806 4500 et

210 4539 530 4610 apostolicae
549 4537 616 4592 de
644 4536 872 4592 Domino
897 4551 1078 4598 voces,
1111 4550 1216 4589 non
1246 4534 1313 4588 de
1343 4550 1448 4588 una
1479 4537 1796 4603 composita,

208 4633 303 4688 sed
329 4643 588 4700 tanquam
614 4630 681 4684 de
703 4629 908 4683 duabus
929 4629 1135 4682 naturis
1158 4629 1468 4697 loquuntur,
1500 4628 1616 4682 sine
1637 4628 1798 4683 dubio

209 4723 484 4777 Christum
517 4723 568 4776 in
611 4721 818 4775 duabus
848 4721 1050 4774 naturis
1076 4735 1193 4775 esse
1226 4728 1511 4775 testantur.
1567 4717 1798 4774 Proinde

207 4829 458 4883 quaenam
486 4813 627 4868 dicta
668 4813 808 4867 beati
837 4811 1022 4882 Cyrilli
1053 4813 1168 4866 sine
1205 4811 1310 4865 ulla
1356 4810 1696 4880 expositione
1735 4825 1798 4864 ac

206 4907 594 4976 dijudicatione
619 4905 890 4976 sequenda
915 4913 1058 4967 sunt,
1106 4904 1190 4958 vel
1221 4904 1268 4960 si
1293 4903 1428 4971 ejus,
1461 4911 1522 4957 ut
1545 4903 1796 4966 diximus,

206 4998 309 5052 alia
354 4997 522 5051 veluti
572 4995 639 5050 ab
683 4996 768 5050 his
801 4994 1133 5050 dissonantia
1173 4992 1490 5048 videantur?
1537 5008 1672 5048 eane
1701 5009 1799 5063 pro

206 5089 403 5157 quibus
440 5088 524 5142 vel
551 5103 649 5157 pro
675 5102 905 5154 quorum
951 5085 1214 5140 similibus
1241 5084 1510 5140 sinistram
1535 5087 1799 5154 suspicio-

208 5194 333 5232 nem
361 5178 616 5240 incurrit;
650 5177 838 5231 anilla
884 5191 950 5230 ex
994 5176 1188 5245 quibus
1232 5175 1300 5229 ab
1343 5175 1454 5243 ipsa
1497 5175 1800 5244 suspicione

206 5280 468 5340 purgatus
499 5272 616 5328 est?
645 5271 738 5325 llla
767 5271 1012 5340 profecto
1034 5270 1151 5326 sine
1181 5269 1634 5339 interpretatione
1661 5285 1797 5339 qna-

206 5361 360 5425 libet,
394 5363 533 5418 sicut
561 5364 846 5432 perspicue
869 5361 1057 5426 claret,
1092 5361 1458 5415 indubitanter
1486 5361 1795 5430 accipienda

203 5462 353 5518 sunt,
386 5469 504 5522 qua:
531 5468 747 5508 omnem
778 5452 1138 5520 suspicionem
1166 5451 1534 5506 dubitantibus
1561 5450 1798 5505 abstule-

207 5551 356 5597 runt.
407 5542 474 5597 Et
518 5544 636 5599 ideo
682 5557 1015 5613 qumcunque
1059 5550 1112 5595 et
1155 5548 1571 5610 quantacunque
1615 5539 1680 5594 ab
1719 5539 1796 5594 eis

279 5679 298 5710 ‘
341 5677 473 5734 Cod.
508 5680 730 5746 Veram,
762 5681 1014 5734 adunatio.

283 5751 304 5780 ²
349 5749 487 5803 Idem
519 5753 664 5815 cod.,
697 5751 1079 5805 adnnationenl.

278 5818 300 5851 ³
344 5819 486 5875 Idem
511 5821 660 5885 cod.,
693 5821 1056 5893 conﬁtendum.

507 5918 780 5976 PnaoL.
829 5913 1072 5976 LXVII.

1917 1887 2036 1946 quae
2060 1873 2124 1927 ad
2150 1890 2440 1942 paucorum
2469 1885 2694 1944 possent
2717 1877 2996 1945 pervenire
3026 1877 3293 1942 notitiam,
3327 1877 3377 1930 in
3407 1877 3504 1932 hac

1916 1964 2018 2018 ﬁde
2030 1965 2425 2021 confessionem
2442 1976 2628 2022 mutuo
2645 1969 2744 2023 sibi
2758 1970 3221 2025 communicarent
3238 1971 3394 2025 iidem
3415 1970 3504 2023 Do-

1916 2056 2045 2109 mini
2069 2057 2404 2123 sacerdotes;
2439 2068 2766 2114 memoratus
2791 2062 3110 2116 venerabilis
3135 2062 3330 2116 Paulus
3352 2061 3504 2115 Eme-

1914 2164 2077 2203 senus
2107 2150 2393 2219 episcopus
2436 2151 2543 2205 illic
2592 2151 2645 2205 in
2694 2152 3055 2206 Alexandrina
3094 2153 3340 2220 ecclesia,
3390 2155 3504 2221 ipso

1918 2247 2183 2307 prresente
2215 2241 2376 2294 beato
2404 2241 2625 2310 Cyrillo,
2658 2240 2726 2296 de
2756 2241 3128 2296 incarnatione
3159 2242 3364 2295 Domini
3394 2243 3504 2295 dis-

1916 2332 2126 2400 putavit
2156 2349 2167 2382 :
2203 2332 2256 2385 in
2287 2347 2394 2402 quo
2424 2347 2675 2388 sermone
2707 2331 2927 2403 (Concil.
2963 2333 3158 2404 Epltes.
3191 2352 3241 2403 p.
3297 2350 3372 2397 ιιι,
3408 2341 3503 2389 Ιιο-

1915 2424 2024 2474 mit.
2073 2422 2142 2492 2)
2176 2424 2317 2477 inter
2344 2424 2447 2478 alia
2484 2424 2658 2479 dicit:
2707 2444 2726 2475 α
2778 2424 2915 2491 Quid
2958 2433 3069 2489 est,
3137 2423 3352 2479 Verbum
3383 2442 3504 2480 caro

1915 2516 2109 2582 factum
2133 2526 2228 2578 est,
2257 2523 2305 2568 et
2331 2515 2574 2570 habitavit
2600 2518 2652 2570 in
2683 2517 2829 2570 nobis
2861 2515 3041 2587 (Joan.
3074 2532 3109 2582 ι,
3138 2515 3246 2585 14),
3279 2517 3382 2571 hoc
3402 2527 3504 2578 est,

1915 2605 1967 2660 in
1999 2615 2180 2660 nostra
2212 2607 2436 2661 natura?
2466 2606 2599 2662 Vide
2625 2606 2890 2664 Joannem
2915 2607 3050 2662 duas
3075 2616 3292 2661 naturas
3317 2607 3504 2676 prtuli-

1912 2707 2125 2754 cantem
2146 2707 2201 2754 et
2228 2715 2390 2754 unum
2415 2698 2638 2762 Filium;
2670 2699 2812 2754 aliud
2839 2700 3264 2761 tabernaculum,
3290 2709 3346 2754 et
3365 2699 3470 2752 aliu
3494 2699 3504 2749 Ι

1913 2792 2057 2860 quod
2086 2792 2142 2844 in
2175 2792 2556 2858 tabernaculo;
2606 2793 2747 2847 aliud
2777 2793 3056 2862 templum,
3105 2800 3162 2848 et
3189 2790 3332 2845 aliud
3361 2789 3505 2860 quod

1914 2881 2177 2936 inhabitat
2207 2881 2617 2937 Deus.Altende
2645 2883 2787 2950 quod
2817 2882 3034 2938 dicitur.
3064 2883 3179 2937 Non
3211 2882 3345 2936 dixit
3374 2881 3504 2935 alios

1913 2980 1967 3025 et
2010 2971 2166 3036 alius,
2215 2980 2467 3040 tanquam
2519 2971 2588 3028 de
2631 2973 2840 3028 duabus
2880 2975 3127 3044 personis
3168 2983 3261 3029 aut
3299 2973 3505 3028 duobus

1915 3061 2158 3126 Cbristis,
2190 3070 2283 3116 aut
2329 3061 2396 3116 de
2439 3062 2646 3117 duobus
2677 3063 2826 3128 filiis;
2885 3063 2978 3118 sed
3029 3061 3173 3116 aliud
3231 3069 3285 3116 ct
3339 3062 3505 3127 aliud,

1923 3160 2173 3222 tanquam
2222 3153 2289 3208 de
2331 3153 2538 3208 duabus
2597 3154 2820 3208 naturis.
2873 3153 3097 3222 Qqando
3164 3168 3293 3223 ergo
3340 3151 3498 3208 dixit.

1839 3231 1882 3293 C
1915 3243 2160 3298 habitarit
2186 3245 2239 3298 in
2267 3244 2436 3306 nobis,
2466 3253 2520 3299 et
2551 3246 2857 3314 praedicavit
2893 3245 3027 3300 duas
3075 3253 3325 3309 naturas;
3383 3253 3505 3298 tunc

1912 3333 2111 3400 intulit,
2166 3345 2214 3388 et
2252 3336 2469 3388 vidimus
2506 3336 2724 3406 gloriam
2753 3337 2882 3406 cjns,
2925 3336 3147 3406 gloriam
3197 3336 3345 3404 quasi
3378 3333 3506 3389 Uni-

1912 3428 2088 3496 geniti.
2124 3426 2238 3480 Non
2269 3427 2402 3481 dixit
2430 3409 2654 3482 duorum
2693 3428 2922 3482 filiorum
2944 3468 2960 3492 ,
2992 3429 3084 3482 sed
3131 3429 3285 3497 quasi
3315 3426 3506 3496 Unige-

1913 3518 2027 3571 niti.
2068 3537 2086 3567 ›
2123 3516 2251 3572 Post
2279 3519 2424 3572 hunc
2450 3534 2578 3572 vero
2609 3520 2892 3574 memorati
2923 3521 3244 3574 venerabilis
3270 3520 3506 3588 episc0pi

1912 3609 2061 3664 Pauli
2081 3625 2410 3676 sermonem,
2431 3619 2646 3665 sanctus
2666 3610 2897 3682 Cyrillus
2917 3613 3207 3682 alloquitur
3229 3613 3506 3682 populmn,

1910 3700 2132 3756 dicens:
2173 3720 2191 3751 ι
2224 3701 2418 3755 Beatus
2457 3702 2716 3770 pr05.beta
2750 3702 2910 3756 lsaias
2941 3705 3234 3772 pnedieans
3274 3696 3506 3763 suav-ilo;

1909 3791 2032 3857 quia
2085 3791 2386 3845 futurorum
2443 3792 2495 3845 in
2549 3790 2768 3846 Christo
2822 3795 3244 3861 magistrorum,
3311 3795 3439 3848 dicit
3491 3814 3502 3846 :

1909 3884 2132 3946 llaurite
2157 3903 2318 3956 aquas
2339 3902 2454 3938 cum
2491 3885 2672 3939 lwtitia
2701 3886 2764 3939 de
2789 3886 3016 3956 fontibus
3046 3886 3336 3941 Saluatoris
3367 3886 3502 3957 (Isti.

1910 3993 2001 4041 xn,
2034 3977 2111 4047 5).
2143 3976 2285 4031 Ecce
2314 3977 2475 4044 igitur
2498 3977 2771 4031 hausimus
2795 3993 2989 4045 aquam
3018 3979 3083 4032 de
3111 3987 3298 4034 sancto
3328 3981 3502 4042 fonte;

1908 4068 2030 4122 dico
2059 4077 2239 4122 autem
2271 4068 2336 4122 de
2368 4069 2620 4135 magistro
2647 4069 2993 4137 prtedicante,
3023 4071 3115 4140 qui
3143 4070 3313 4125 sancti
3345 4070 3503 4140 Spiri.

1909 4169 1993 4213 tus
2020 4160 2192 4229 epulis
2219 4156 2542 4222 illustratus,
2577 4160 2828 4214 disseruit
2857 4161 3010 4216 nobis
3040 4175 3289 4230 magnum
3329 4173 3382 4217 et
3419 4179 3504 4219 sa-

1907 4265 2057 4304 crum
2086 4249 2379 4304 Salvatoris
2420 4251 2749 4320 mysterium,
2785 4266 2878 4320 per
2904 4250 3050 4321 quod
3088 4252 3276 4306 salvati
3322 4269 3504 4308 sumus

1905 4339 2192 4396 credentes
2231 4342 2284 4395 in
2319 4357 2462 4407 eum,
2492 4351 2598 4396 etc.
2637 4361 2654 4393 ι
2685 4342 2820 4397 Cum
2853 4343 3012 4410 igitur
3036 4342 3085 4396 in
3116 4343 3320 4399 duabus
3352 4357 3501 4399 natu-

1907 4433 1982 4487 ris
2004 4431 2276 4487 Cbristum
2326 4447 2433 4486 non
2478 4433 2593 4487 sola
2624 4432 2859 4502 synodus
2902 4430 3166 4503 Ephesina
3213 4437 3504 4504 praedican-

1906 4523 2033 4577 dum
2061 4525 2081 4554 ³
2111 4540 2230 4580 esse
2260 4525 2571 4594 perhibeat,
2605 4542 2790 4580 verum
2829 4528 2990 4581 etiam
3043 4528 3229 4582 beatus
3277 4529 3506 4601 Cyrillus

1833 4613 1881 4670 D
1908 4616 1960 4669 in
1989 4632 2082 4670 sua
2115 4632 2209 4685 per
2238 4632 2396 4684 quam
2437 4617 2796 4672 Orientalibus
2825 4621 3242 4674 communicavit
3277 4625 3507 4690 epistola

1907 4723 2095 4761 onmes
2125 4707 2408 4778 [Egyptios
2434 4709 2745 4764 sacerdotes
2771 4711 3014 4766 eamdem
3045 4711 3276 4766 fateatur
3305 4713 3508 4767 habere

1901 4798 2222 4861 doctrinam,
2248 4801 2452 4867 dicens,
2500 4802 2788 4872 Scripturis
2832 4803 3084 4858 divinitus
3127 4805 3399 4873 inspiratis
3453 4816 3507 4859 et

1905 4892 2173 4958 traditioni
2209 4903 2518 4949 sanctorum
2567 4905 2895 4960 nostrorum,
2946 4900 3353 4952 convenientem
3401 4899 3500 4952 ba-

1902 4985 2033 5039 bent
2063 4985 2220 5040 fidem
2249 5000 2369 5055 qua:
2397 4987 2537 5056 apud
2568 5004 2666 5042 nos
2696 4996 2820 5042 sunt
2849 4997 2902 5042 et
2938 5004 3055 5057 qua:
3083 4988 3224 5055 apud
3252 5003 3351 5043 vos
3379 4999 3504 5044 sunt

1903 5075 2196 5132 Ecclesiae:
2230 5079 2464 5148 insuper.
2485 5081 2646 5134 etiam
2679 5077 2898 5132 Paulum
2929 5079 3249 5132 Emesennm
3287 5081 3501 5150 episeo-

1904 5185 2030 5239 pum
2058 5186 2242 5226 coram
2272 5187 2332 5226 se
2353 5180 2408 5226 et
2429 5172 2481 5226 in
2510 5187 2606 5226 sua
2634 5171 2862 5226 ecclesia
2889 5170 3248 5239 disputantem
3277 5172 3344 5226 de
3371 5173 3502 5225 dua-

1904 5263 2004 5319 bus
2033 5263 2230 5320 Christi
2284 5267 2506 5330 naturis,
2549 5272 2708 5333 atque
2737 5263 2787 5318 id
2816 5264 2988 5332 ipsum
3033 5261 3353 5330 repetitione
3383 5280 3502 5320 cre-

1903 5355 2137 5410 berrima
2163 5355 2506 5410 commendet
2534 5356 2555 5386 δ
2585 5367 2640 5407 et
2685 5353 2889 5421 magnis
2920 5352 3142 5407 extollat
3195 5357 3498 5422 prteconiis,

1901 5447 2102 5516 populo
2139 5446 2298 5501 etiam
2344 5445 2435 5514 qui
2481 5444 2862 5499 sermocinanti
2909 5445 3096 5498 aderat
3142 5445 3498 5514 acclamante,

1900 5538 2036 5592 sicut
2060 5538 2273 5605 legitur,
2299 5547 2459 5605 atque
2483 5535 2714 5599 dicente,
2755 5558 2772 5587 ι
2800 5535 2945 5591 Bene
2972 5535 3152 5592 dixisti
3175 5537 3214 5601 ³,
3246 5534 3492 5606 ερίεεοιιο

1987 5675 2011 5706 ⁸
2039 5675 2179 5729 Idem
2209 5675 2326 5730 cod.
2347 5715 2359 5737 ,
2393 5676 2842 5732 commendantem.

1989 5747 2008 5776 ⁸
2041 5745 2183 5799 Idem
2211 5745 2356 5812 cod.,
2386 5747 2586 5799 venisti.

2961 5897 3032 5954 18
