3938 6196
503 309 611 368 555

1568 300 1864 360 FACUND!
1901 301 2113 359 EPISC.
2158 299 2663 359 IIERMIANENSIS

3684 314 3784 370 556

418 422 422 425 ’
497 428 821 495 orthodoxe,
850 425 995 481 orbis
1015 424 1255 479 eruditur
1280 442 1290 477 :
1322 424 1413 493 qui
1439 423 1516 479 sic
1547 423 1736 491 credit,
1765 421 2030 491 diligitur;
2071 439 2088 471 ι
2127 423 2170 479 Α
2200 420 2286 474 vel
2315 420 2635 475 testimoniis
2663 417 2881 474 Patrum
2904 420 3217 491 probarent,
3246 423 3329 479 vel
3359 440 3456 480 sua
3484 425 3786 487 deﬁnmone

497 535 598 577 nec
616 520 669 574 in
701 518 784 573 bis
802 517 1051 571 omnibus
1066 514 1264 584 aliquid
1291 514 1568 571 audiamus
1589 514 1654 569 de
1676 530 1780 569 una
1807 528 1927 584 qua:
1945 526 2091 568 com-

496 610 671 680 posita
699 606 917 674 dicitur,
947 603 1146 661 Christi
1175 612 1369 660 natura
1393 622 1407 659 :
1445 604 1717 675 quomodo
1748 618 1893 658 nunc
1920 601 2090 673 Euty-

492 699 691 763 chiani,
719 711 946 768 quorum
974 710 1102 766 pars
1129 710 1321 766 magna
1350 704 1434 753 est
1473 694 1826 761 Alexandriae,
1862 711 1972 751 non
2007 709 2093 751 se-

491 792 725 847 cundum
754 790 893 845 hanc
918 787 1279 845 orthodoxam
1308 798 1364 844 et
1410 775 1684 859 antiquam
1720 788 1867 844 orbis
1907 787 2089 843 erudi-

478 884 696 938 tionem
724 881 971 951 credunt,
1001 879 1333 937 Nestoriana:
1359 896 1479 936 eam
1516 881 1707 938 haeresi
1748 881 2087 952 deputantes,

491 990 651 1045 quam
695 974 781 1031 sui
820 973 1061 1030 dilexere
1091 974 1358 1043 majores?
1387 973 1644 1029 Desinant
1687 974 1847 1042 igitur
1884 974 1952 1029 ab
1988 972 2091 1028 hac

482 1064 763 1121 horrenda
792 1063 1039 1131 stultitia,
1066 1078 1174 1133 qua
1198 1063 1439 1119 dicentes
1466 1062 1735 1118 Christum
1766 1063 1922 1118 unius
1937 1077 2088 1117 com-

492 1155 681 1224 positae
708 1169 827 1211 esse
856 1163 1082 1223 natum,
1113 1154 1279 1209 Deum
1302 1168 1361 1208 se
1388 1153 1757 1223 blasphemare
1785 1169 1891 1209 non
1934 1152 2092 1208 intel-

491 1247 680 1316 ligunt,
703 1245 854 1317 cujus
877 1256 1122 1300 naturam
1154 1245 1380 1301 credunt
1415 1259 1576 1314 posse
1608 1245 1623 1275 ¹
1668 1244 1936 1315 componi.
1981 1243 2090 1298 Nec

490 1340 705 1395 beatum
733 1336 990 1408 Cyrillum
1019 1336 1197 1391 dicant
1235 1334 1337 1389 sibi
1358 1334 1630 1390 contraria
1656 1334 1923 1400 docuisse,
1955 1349 2088 1402 quo-

491 1429 634 1483 niam
675 1442 772 1499 per
807 1428 912 1482 hoc
957 1426 1129 1483 errori
1176 1424 1397 1495 quidem
1443 1440 1544 1480 suo
1596 1425 1727 1480 nihil
1765 1425 2089 1480 defensionis

490 1520 739 1587 afferunt,
784 1520 859 1574 illi
903 1528 1080 1574 tamen
1129 1519 1422 1573 maximum
1481 1519 1939 1589 praevaricationis
1984 1519 2090 1573 cri-

490 1626 612 1667 men
639 1610 958 1680 impingunt.

1100 1740 1334 1798 CAPUT
1374 1742 1462 1797 Vl.

488 1837 645 1901 Quod
686 1834 1005 1906 Eutychiani
1052 1850 1207 1888 unum
1257 1833 1451 1889 Christi
1480 1836 1815 1903 compositam
1844 1845 2081 1887 naturam

557 1916 844 1961 astruentes
883 1906 1228 1961 Nestorianos
1270 1907 1550 1976 adjuvent;
1577 1907 1783 1973 etquod
1814 1921 2083 1974 perperam

552 1987 773 2031 utantur
798 1976 1032 2045 exernplo
1066 1979 1310 2030 humana:
1337 1985 1537 2032 natura:
1565 1993 1628 2030 ex
1655 1976 1831 2029 anima
1877 1987 1925 2030 et
1970 1993 2083 2030 cor-

560 2064 687 2117 pore
706 2050 1022 2117 compositw.

544 2160 663 2217 Sed
687 2170 743 2216 et
765 2160 879 2231 jam
906 2160 1138 2231 probare
1156 2159 1417 2216 debemus
1439 2158 1713 2230 quomodo
1735 2160 1894 2215 iidem
1920 2159 2084 2232 Euty-

472 2252 659 2309 ehiani
679 2251 766 2306 vel
789 2240 1273 2321 Semieutychiani,
1292 2249 1385 2319 qui
1413 2257 1603 2306 contra
1622 2247 2079 2317 Chalcedonense,

482 2345 591 2400 imo
629 2358 761 2399 vero
802 2343 967 2399 etiam
1004 2350 1194 2397 contra
1235 2340 1564 2412 Ephesinum
1596 2341 1908 2406 concilium,
1951 2342 2083 2397 duas

471 2437 598 2492 Filii
623 2436 717 2491 Dei
745 2428 942 2505 neg‘ant
962 2449 1082 2490 esse
1107 2442 1348 2502 naturas,
1388 2436 1695 2491 econtrario
1738 2435 2084 2491 Nestmianos

474 2541 580 2596 per
596 2526 712 2580 hoc
739 2524 1013 2594 adjuvent,
1044 2538 1276 2595 quorum
1312 2524 1539 2579 falsitati
1564 2539 1623 2579 se
1658 2533 1847 2594 putant
1886 2527 2082 2579 verita-

481 2618 550 2674 tis
593 2616 880 2685 negatione
922 2615 1197 2671 resistere.
1230 2613 1551 2671 Asserentes
1597 2615 1741 2670 enim
1790 2617 1933 2684 quod
1976 2633 2078 2671 una

480 2708 548 2764 sit
572 2706 694 2762 Filii
731 2707 827 2762 Dei
865 2714 1079 2775 natura,
1122 2706 1223 2777 ipsi
1271 2707 1452 2777 potius
1500 2706 1724 2764 alterius
1769 2709 2079 2764 substantia:

481 2798 753 2855 hominem
790 2798 1062 2853 Christum
1101 2795 1285 2852 Jesum
1332 2804 1483 2852 extra
1522 2797 1615 2851 Dei
1663 2797 1852 2852 Filium
1898 2798 2080 2853 dicere

480 2891 905 2947 convincuntur:
935 2891 1081 2961 quod
1122 2890 1279 2947 nobis
1317 2888 1455 2946 falso
1504 2890 1788 2959 imputant,
1817 2891 1907 2959 qui
1943 2890 2077 2946 duas

479 2981 637 3036 unius
659 2979 886 3035 dicimus
912 2980 1006 3035 lilii
1026 2994 1149 3037 esse
1186 2978 1592 3040 naturas..Nam
1637 2980 1681 3034 si
1711 2989 1981 3049 quaeratur
2007 2980 2075 3035 ab

476 3076 556 3130 eis
582 3082 763 3129 utrum
790 3072 983 3128 Filium
1012 3073 1135 3139 Dei,
1171 3087 1333 3144 quem
1374 3072 1531 3127 unius
1557 3071 1744 3127 dicunt
1767 3087 1886 3127 esse
1913 3080 2073 3126 natu-

2195 520 2567 586 decernerent.
2599 519 2670 573 At
2710 534 2832 574 cum
2879 519 3180 576 Nestorium
3211 536 3319 579 non
3341 522 3516 577 solum
3558 525 3690 581 duas
3735 530 3784 581 in

2195 610 2287 665 illo
2314 610 2572 682 mysterio
2600 617 2843 679 naturas,
2864 625 3051 666 verum
3081 613 3244 666 etiam
3268 613 3402 668 duas
3420 616 3783 674 subsistentias

2195 700 2593 771 praedicantem,
2623 715 2734 757 non
2759 709 2981 773 propter
3004 710 3311 774 utrumque,
3335 705 3430 761 sed
3454 715 3675 777 propter
3692 709 3786 767 hoc

2193 792 2368 847 solum
2396 792 2638 864 synodus
2691 792 2955 864 Ephesius
2986 794 3290 864 redarguit,
3318 798 3462 866 quod
3502 816 3667 854 unum
3709 802 3786 855 Fi-

2195 882 2328 936 lium
2349 883 2404 939 in
2424 883 2557 962 duas
2583 883 2957 940 subsistentias
2985 886 3269 951 divideret,
3293 888 3377 942 vel
3410 890 3454 943 si
3487 890 3576 944 illa
3605 902 3783 946 contra

2192 986 2315 1026 eum
2336 971 2554 1027 Patrum
2573 974 2877 1029 testimonia
2899 990 3005 1030 non
3028 976 3313 1045 proferret,
3336 980 3530 1045 quibus
3552 979 3788 1036 Christus

2193 1064 2246 1118 in
2272 1064 2479 1119 duabus
2508 1080 2627 1122 esse
2655 1067 2861 1120 naturis
2891 1069 3219 1132 ostenditur,
3260 1068 3561 1127 affirmasse
3605 1078 3787 1127 merito

2186 1155 2521 1223 judicaretur
2549 1157 2680 1211 duas
2705 1159 2859 1211 unius
2882 1158 2997 1211 Filii
3022 1160 3113 1213 Dei
3135 1175 3256 1215 esse
3282 1170 3521 1223 naturas,
3555 1165 3701 1231 quod
3740 1166 3787 1219 in

2192 1246 2465 1312 Nestorio,
2516 1258 2737 1319 prepter
2765 1250 2907 1303 aliud
2938 1251 3259 1319 improbata,
3294 1267 3398 1305 non
3442 1254 3651 1321 pariter
3695 1256 3787 1308 im-

2190 1337 2455 1406 probavit.
2492 1337 2643 1393 Unde
2671 1339 2756 1392 vel
2798 1339 2898 1393 hac
2939 1342 3261 1395 auctoritate
3304 1351 3523 1398 ostensa
3573 1347 3786 1413 coerciti

2193 1428 2536 1500 Eutychiani,
2559 1430 2672 1498 jam
2721 1431 2968 1485 desinant
2994 1443 3181 1487 contra
3211 1449 3396 1488 sanam
3441 1444 3497 1489 et
3539 1453 3785 1492 necessa-

2189 1523 2325 1576 riam
2371 1522 2765 1579 confessionem
2815 1524 3071 1580 Ecelesiaa
3122 1528 3394 1598 disputare
3436 1549 3448 1583 :
3510 1548 3636 1600 qua:
3690 1551 3785 1589 non

2190 1620 2403 1668 tantum
2430 1614 2727 1669 secundum
2754 1613 3226 1679 Chalcedonensis,
3270 1620 3365 1675 sed
3394 1623 3557 1676 etiam
3595 1640 3785 1677 secun-

2192 1703 2319 1758 dum
2352 1704 2634 1774 Ephesium
2661 1706 2853 1776 synodi
2902 1706 3166 1776 instituta,
3202 1708 3475 1766 Christum
3502 1715 3555 1766 in
3585 1717 3783 1770 duabus

2114 1810 2165 1870 Β
2192 1796 2447 1865 praedicat
2470 1810 2590 1852 esse
2617 1800 2844 1854 naturis.
2893 1800 3010 1856 Non
3038 1802 3201 1867 enim,
3246 1803 3330 1857 vel
3358 1802 3402 1857 si
3433 1805 3511 1858 eis
3542 1816 3785 1859 consum:

2188 1887 2400 1955 possit,
2458 1888 2813 1943 humanorum
2875 1903 3315 1960 argumentorum
3389 1894 3782 1947 ratiocinationi

2182 1978 2405 2033 credere
2433 1994 2494 2035 se
2535 1979 2858 2046 debuerunt,
2888 1989 2948 2035 ut
2981 1997 3139 2036 unam
3170 1983 3367 2037 Christi
3396 1985 3784 2039 contenderent

2174 2085 2306 2127 esse
2331 2079 2583 2126 naturam
2608 2088 2623 2136 ;
2652 2071 2749 2127 sed
2779 2070 2995 2126 Patrum
3027 2073 3206 2142 potius
3234 2074 3545 2127 auctoritati
3577 2090 3643 2127 se
3670 2077 3786 2127 Sili!-

2178 2162 2367 2230 jicere,
2400 2164 2454 2218 in
2477 2163 2676 2232 quibus
2716 2164 2936 2232 spiritus
2965 2163 3058 2219 Dei
3084 2165 3294 2220 loeutus
3321 2174 3423 2219 est.
3452 2166 3662 2220 Verum
3691 2167 3785 2220 hoc

2189 2257 2476 2326 prudentia
2507 2271 2694 2312 eorum
2738 2273 2847 2313 non
2878 2250 3131 2327 patietur,
3160 2258 3229 2313 de
3263 2273 3366 2327 qua
3391 2258 3524 2312 dicit
3552 2259 3783 2328 Apost?)-

2182 2349 2263 2404 lus
2288 2368 2300 2403 :
2334 2350 2593 2414 Quoniam
2620 2352 2896 2424 prudentia
2916 2356 3090 2407 carnis
3106 2371 3243 2408 mors
3264 2365 3363 2422 est,
3391 2356 3677 2425 prudentia
3706 2374 3784 2409 an-

2183 2452 2281 2496 tem
2311 2444 2543 2512 spiritus,
2575 2446 2679 2498 vita
2722 2454 2774 2498 et
2819 2463 2957 2514 pax;
3001 2448 3247 2517 quoniam
3286 2448 3559 2516 prndenzia
3613 2450 3783 2500 carnis

2179 2532 2391 2586 inimica
2413 2541 2490 2586 est
2515 2535 2569 2587 in
2592 2533 2759 2587 Deum
2784 2551 2802 2588 :
2825 2535 2924 2606 legi
2952 2536 3088 2590 enim
3118 2535 3213 2590 Dei
3236 2553 3338 2591 non
3367 2537 3671 2607 subjicitur,
3697 2556 3782 2590 nec

2180 2624 2317 2677 enim
2345 2634 2516 2694 potest
2547 2624 2723 2695 (Rem.
2758 2642 2867 2691 vui,
2899 2627 2976 2691 6),
3007 2637 3065 2680 ut
3094 2628 3144 2681 in
3173 2644 3415 2697 personze
3444 2629 3670 2696 quidem
3708 2646 3772 2683 ve

2180 2716 2543 2779 subsistentia:
2588 2718 2815 2777 unitate,
2877 2717 3252 2771 auctoritatem
3311 2717 3591 2772 nobiseum
3650 2719 3786 2773 divi-

2182 2820 2303 2859 nam
2360 2816 2677 2877 sequantur,
2728 2808 2983 2878 quoniam
3040 2811 3174 2863 tanti
3224 2810 3465 2864 miraculi
3508 2821 3783 2865 secretum

2182 2896 2415 2951 humana
2458 2898 2600 2953 ratio
2629 2897 2880 2967 indagare
2928 2915 3035 2954 non
3091 2899 3255 2953 valet.
3312 2898 3368 2953 In
3417 2901 3521 2956 hoc
3579 2912 3786 2965 autem,

2176 2988 2321 3058 quod
2350 2997 2605 3060 putantes
2633 3004 2794 3043 unam
2825 3004 2893 3043 ex
2917 2990 3123 3045 duabus
3143 2989 3337 3045 factam
3359 3006 3479 3047 esse
3508 3002 3783 3058 naturam,

2175 3097 2205 3134 a
2234 3081 2600 3137 fundatissima
2628 3081 2847 3135 Patrum
2886 3084 3207 3138 auctoritate
3243 3084 3546 3152 discedunt,
3594 3086 3786 3140 videa-

474 3181 569 3229 ηιξ,
598 3165 1111 3222 consubstantialem
1134 3164 1280 3219 Patri
1302 3163 1591 3230 fateantur.
1623 3177 1820 3231 negare
1847 3179 1952 3218 non
1981 3179 2077 3234 ρο·
2103 3173 2147 3235 C
2181 3190 2300 3229 mus
2326 3174 2391 3241 si,
2422 3173 2873 3243 quemadmodum
2905 3172 3100 3240 ﬁdunt,
3123 3175 3207 3229 vel
3235 3174 3527 3230 secundum
3554 3179 3781 3246 sapien-

477 3266 678 3313 tcrunt.
706 3258 913 3314 Deinde
935 3258 981 3314 si
1010 3259 1114 3313 hoc
1140 3258 1210 3312 ab
1236 3257 1317 3312 eis
1345 3265 1633 3326 quaeratur,
1665 3264 1842 3310 utrum
1873 3256 2076 3326 simpli-

478 3352 553 3407 cis
575 3356 782 3403 naturze
809 3350 880 3404 sit
905 3348 1097 3412 Pater,
1132 3350 1235 3403 hoc
1271 3363 1490 3418 quoque
1532 3348 1780 3403 similiter
1832 3348 2075 3403 fatebun-

478 3450 580 3496 tur.
612 3441 779 3510 Igitur
805 3441 999 3496 Filium
1020 3441 1137 3509 Dei,
1168 3455 1329 3510 quem
1359 3441 1519 3496 unius
1547 3440 1732 3494 dicunt
1762 3455 1882 3496 esse
1920 3450 2075 3494 natu-

475 3546 549 3586 ra:
580 3530 830 3600 Patrique
849 3531 1388 3597 consubstantialem,
1418 3531 1579 3586 etiam
1601 3530 1876 3600 simplicis,
1910 3530 1960 3585 id
1992 3538 2075 3585 est

475 3622 667 3677 divina:
697 3628 902 3677 tantum
931 3621 1113 3677 dicere
1140 3620 1563 3691 compellentur;
1597 3636 1662 3674 ac
1690 3635 1787 3690 per
1808 3622 1911 3675 hoc
1939 3621 2074 3676 alte-

475 3716 590 3771 rius
604 3714 709 3772 erit
728 3715 1040 3771 substantias
1061 3717 1082 3747 ³
1105 3714 1269 3769 homo
1288 3712 1536 3770 Christus
1550 3713 1723 3779 Jesus,
1751 3715 1835 3770 cui
1854 3728 2072 3783 separa-

474 3808 570 3861 tim
598 3805 890 3876 deputetur
922 3804 1157 3860 humana
1196 3813 1407 3859 natura.
1452 3804 1629 3872 Atque
1669 3805 1740 3858 ita
1788 3820 1908 3858 cum
1938 3804 2072 3857 duas

474 3902 628 3956 unius
647 3898 769 3955 Filii
794 3907 990 3969 negant
1016 3912 1135 3955 esse
1156 3904 1395 3963 naturas,
1419 3896 1643 3953 alteram
1673 3896 2071 3950 snbsistentiam

473 3989 587 4045 Filii
612 3989 726 4055 Dei,
749 3996 803 4045 et
824 3992 1048 4045 alteram
1072 3986 1331 4057 assumpti
1352 3986 1585 4041 hominis
1603 3995 1898 4053 arguentur
1919 3985 2072 4039 indu-

473 4098 616 4139 cere.
647 4080 812 4152 Cujus
832 4082 1125 4153 probabilis
1150 4081 1374 4136 rationis
1402 4088 1588 4134 saneta
1613 4077 1879 4148 Ephesina
1910 4093 2071 4149 syno-

473 4174 575 4231 dus
601 4188 710 4229 non
740 4174 923 4244 ignara
958 4188 1081 4228 cum
1118 4172 1424 4227 Nestorium
1475 4170 1881 4233 condemnaret,
1927 4170 2073 4239 quod

473 4264 568 4320 Dei
594 4262 788 4318 Filium
829 4279 936 4318 non
966 4263 1143 4317 solum
1184 4262 1237 4315 in
1264 4260 1472 4315 duabus
1508 4259 1732 4327 naturis,
1764 4260 1910 4328 quod
1947 4275 2072 4313 san-

473 4367 619 4412 ctum
648 4364 761 4419 est,
793 4355 887 4411 sed
934 4355 1097 4410 etiam
1145 4354 1199 4407 in
1244 4352 1450 4408 duabus
1495 4350 1873 4414 subsistentiis,
1928 4352 2071 4419 quod

474 4450 757 4519 profanum
787 4456 891 4515 est,
922 4445 1249 4517 prtedicabat
1279 4463 1294 4499 :
1328 4460 1435 4500 non
1461 4443 1608 4514 quod
1650 4443 1784 4499 duas
1814 4442 2072 4500 fateretur

2179 3267 2312 3318 tiam
2362 3263 2545 3318 mundi
2594 3271 2845 3318 constare
2887 3264 2990 3317 illis
3019 3279 3115 3319 sua
3157 3265 3296 3320 ratio
3346 3273 3543 3334 potest.
3590 3266 3787 3323 Dicunt

2180 3352 2358 3422 igitur,
2384 3354 2522 3409 sicut
2569 3370 2636 3409 ex
2681 3355 2887 3411 duabus
2916 3355 3143 3422 naturis,
3188 3356 3242 3409 id
3270 3365 3355 3410 est
3389 3371 3456 3410 ex
3486 3356 3673 3409 anima
3731 3366 3784 3409 ct

2178 3460 2359 3509 carne,
2388 3460 2492 3499 una
2513 3445 2808 3513 composita
2835 3454 2920 3500 est
2947 3446 3178 3500 humana
3208 3455 3421 3512 natura,
3453 3446 3534 3498 sic
3562 3462 3632 3501 ex
3666 3446 3777 3500 dei-

2180 3542 2291 3589 tate
2312 3545 2365 3589 et
2394 3535 2723 3590 humanitate
2751 3551 2853 3589 una
2882 3536 3180 3604 composita
3202 3544 3287 3591 est
3312 3535 3508 3589 Christi
3538 3546 3733 3590 natura
3767 3554 3779 3586 :

2177 3631 2231 3676 et
2260 3624 2380 3679 ideo
2402 3639 2469 3678 ex
2499 3624 2705 3678 duabus
2734 3624 2975 3692 quidem,
2998 3626 3092 3679 sed
3122 3642 3226 3678 non
3260 3626 3312 3678 in
3342 3624 3547 3680 duabus
3570 3629 3784 3681 naturis

2175 3714 2445 3769 Christum
2475 3714 2821 3775 c...,liteniur.
2864 3715 3121 3783 Equidem
3177 3716 3323 3769 nulla
3368 3731 3530 3770 causa
3562 3726 3651 3770 est
3689 3732 3784 3771 cur

2178 3805 2342 3858 etiam
2374 3806 2736 3875 unusquisque
2762 3806 2922 3861 homo
2952 3806 3003 3860 in
3033 3806 3240 3863 duabus
3270 3817 3495 3877 negetur
3521 3824 3646 3863 esse
3687 3827 3781 3862 na-

2175 3898 2329 3961 turis,
2386 3897 2437 3950 iu
2486 3912 2651 3951 carne
2694 3898 2903 3953 scilicet
2954 3906 3116 3967 atque
3158 3901 3354 3954 anima.
3412 3886 3543 3967 Qum
3590 3911 3777 3957 tamen

2172 3988 2295 4054 quia
2328 3996 2383 4041 et
2406 4003 2511 4041 una
2538 4003 2607 4042 ex
2635 3988 2842 4043 duabus
2866 3989 3189 4058 composita.
3222 4000 3370 4047 recte
3416 3992 3652 4047 hominis
3683 4009 3778 4046 na-

2175 4085 2347 4129 turam
2398 4077 2501 4131 dici
2548 4077 2908 4133 certissimum
2947 4088 3072 4133 est:
3122 4081 3299 4149 potuit
3345 4082 3488 4136 enim
3546 4083 3779 4137 hominis

2174 4167 2348 4220 anima
2380 4168 2433 4221 in
2464 4182 2623 4222 unam
2655 4177 2901 4222 naturam
2924 4183 3049 4223 eum
3076 4184 3172 4224 sua
3199 4185 3362 4225 carne
3389 4174 3666 4241 componi.
3702 4174 3777 4226 De

2172 4254 2371 4309 Christi
2404 4272 2531 4311 vero
2559 4257 2839 4313 divinitate
2864 4258 3345 4315 inconvertibiliter
3372 4260 3635 4331 simplici,
3664 4279 3775 4317 non

2172 4349 2289 4403 sine
2318 4349 2521 4419 ingenti
2550 4348 2888 4420 blasphemia
2915 4348 3133 4417 dicitur,
3156 4352 3299 4420 quod
3333 4352 3388 4406 in
3416 4368 3573 4406 unam
3618 4363 3773 4407 natu—

2172 4456 2286 4494 ram
2341 4457 2464 4497 cum
2515 4450 2764 4513 suscepta
2817 4442 3150 4497 humanitate
3204 4440 3457 4513 componi
3514 4448 3773 4515 potuerit.

477 4539 596 4594 Filii
627 4539 721 4594 Dei
751 4547 990 4606 naturas,
1038 4537 1136 4594 sed
1163 4537 1308 4607 quod
1335 4537 1470 4593 duas
1505 4535 1879 4593 subsistentias
1915 4552 2068 4592 men-
2096 4559 2147 4619 ι)
2172 4532 2374 4589 Deinde
2418 4533 2789 4602 considerent,
2840 4533 2987 4603 quod
3042 4534 3155 4590 sive
3202 4536 3400 4600 anima,
3456 4536 3571 4591 sive
3618 4554 3771 4602 caro,

474 4631 684 4695 tiretur,
718 4643 841 4684 eum
870 4629 1182 4699 redarguit:
1216 4644 1318 4683 nec
1356 4628 1679 4683 testimoniis
1718 4629 2064 4698 antiquorum

472 4720 688 4774 Patrum
712 4719 907 4788 quibus
924 4734 1047 4774 eum
1074 4719 1143 4774 de
1169 4720 1322 4790 pravi
1356 4719 1624 4788 dogmatis
1658 4720 1898 4774 novitate
1935 4736 2063 4775 con-

470 4811 656 4877 vincit,
686 4824 847 4864 unam
873 4808 994 4865 Filii
1024 4809 1118 4865 Dei
1147 4816 1395 4865 naturam
1438 4824 1558 4865 esse
1586 4810 1925 4875 monstravit,
1968 4811 2063 4867 sed

470 4919 633 4959 unam
663 4904 844 4974 potius
869 4918 990 4959 esse
1034 4917 1342 4974 personam.
1374 4901 1442 4956 Et
1480 4904 1664 4972 utique
1709 4903 1777 4958 ad
1824 4905 2062 4974 compri-

471 4994 725 5051 mendum
751 5002 808 5050 et
832 4994 1048 5064 penitus
1066 4990 1513 5061 exstinguendum
1539 5005 1779 5046 errorem
1807 4991 2060 5057 Nestorii,

469 5088 560 5157 qui
591 5086 728 5143 duos
752 5087 912 5143 nobis
940 5086 1080 5142 filios
1120 5085 1371 5142 inducere
1415 5084 1732 5149 conabatur,
1779 5084 1910 5139 nihil
1957 5085 2063 5139 uti-

470 5177 596 5243 lius,
645 5177 783 5234 sicut
814 5177 927 5246 jam
971 5176 1221 5241 diximus,
1270 5174 1511 5243 nihilque
1549 5173 1776 5230 validius
1808 5183 1971 5241 esset,
2021 5177 2067 5231 si

476 5267 676 5323 veritas
695 5267 917 5335 sineret,
946 5282 1110 5337 quam
1131 5274 1190 5322 ut
1208 5280 1370 5322 unam
1391 5280 1513 5322 esse
1534 5264 1652 5321 Filii
1677 5266 1772 5321 Dei
1798 5277 2064 5335 naturam,

548 5416 790 5491 {Nugas
813 5420 974 5475 etiam
993 5428 1057 5491 et
1076 5420 1429 5491 deliramenta
1449 5422 1626 5476 verbis
1661 5420 1944 5491 Epiphanii
1978 5440 2065 5477 vo-

476 5498 563 5545 cat
586 5488 942 5561 Hieronymus
978 5490 1136 5561 epist.
1175 5489 1264 5555 60,
1296 5498 1352 5546 et
1393 5491 1593 5560 passim
1618 5488 1912 5561 explodunt
1963 5492 2063 5547 l’a-

478 5568 588 5615 tres
618 5568 730 5613 tum
751 5559 921 5613 61·ωοί
950 5565 1064 5614 tum
1095 5560 1273 5615 Latini
1304 5579 1318 5614 :
1352 5559 1411 5615 ut
1446 5559 1727 5632 Antipater
1751 5561 2065 5618 Bostrorum

560 5735 575 5757 ι
613 5719 748 5776 Cod.
777 5719 1004 5786 V'eron.,
1033 5722 1279 5786 potuisse.

550 5794 571 5824 "
609 5775 758 5845 Idem
786 5790 930 5857 cod.,
962 5775 1312 5843 subsistentia.

2171 4624 2512 4679 adunationis
2536 4639 2646 4680 sua:
2673 4640 2836 4680 causa
2863 4625 3214 4690 exstiterunt,
3245 4636 3301 4681 et
3342 4643 3454 4682 non
3482 4627 3626 4684 hunc
3671 4630 3771 4683 ha—

2170 4714 2300 4768 bent
2327 4722 2533 4769 naturae
2561 4714 2744 4782 linem,
2791 4714 3135 4783 singulariter
3180 4731 3244 4771 ac
3283 4718 3582 4787 separatim
3634 4736 3769 4775 con-

2168 4807 2392 4873 sistere;
2423 4807 2521 4862 sed
2565 4807 2633 4861 ad
2661 4808 2744 4864 sui
2773 4807 3208 4875 conjunctionem
3235 4809 3494 4878 tendunt,
3530 4819 3585 4867 et
3632 4812 3765 4866 invi.

2170 4914 2286 4954 cem
2316 4899 2418 4954 sibi
2439 4898 2638 4955 debent
2663 4898 3064 4967 quodammodo
3092 4907 3152 4954 ut
3178 4900 3434 4957 existant.
3465 4902 3621 4971 Nam,
3661 4905 3763 4960 sic-

2167 4999 2226 5047 ut
2265 5006 2393 5047 caro
2446 4991 2636 5046 anima:
2674 4991 2815 5047 facta
2865 5002 2966 5058 est,
3017 4993 3090 5047 ita
3138 5000 3194 5048 et
3242 4994 3424 5049 anima
3452 4996 3668 5061 carni’;
3707 5006 3759 5050 et

2168 5086 2281 5155 ipse
2311 5084 2570 5139 naturalis
2590 5099 2774 5139 earum
2803 5084 3086 5140 intentioni
3115 5094 3199 5141 est
3226 5086 3371 5141 linis.
3394 5089 3591 5157 pariter
3618 5103 3757 5143 esse.

2168 5178 2284 5233 Non
2310 5180 2451 5233 enim
2472 5178 2797 5234 credendum
2826 5187 2912 5233 est
2926 5176 3174 5247 Origenis
3198 5178 3569 5236 deliramentis
3596 5191 3642 5245 ι,
3668 5182 3757 5249 qui

2171 5271 2472 5341 suspicatur
2515 5271 2870 5325 humanarum
2900 5271 3196 5326 animarum
3237 5272 3567 5329 substantias
3606 5275 3759 5342 longe

2174 5426 2463 5515 episcopus
2489 5426 2890 5519 Dissertartipnis
2914 5429 2966 5483 in
2989 5428 3276 5519 Qﬁ’genem
3305 5447 3426 5519 esp.
3460 5433 3514 5487 7.

2240 5510 2294 5550 Ὀ
2324 5504 2537 5558 ποιήσας
2573 5501 2658 5554 τὸν
2706 5496 2965 5573 ἄνθρωπον
2995 5496 3285 5575 ἀπ”ἁρχῆς
3327 5496 3483 5572 ἄρσεν
3521 5505 3607 5558 καὶ
3639 5501 3749 5556 θῆλυ

3532 5575 3746 5628 ἕποίγπῑν

2245 5729 2263 5760 ⁸
2300 5729 2443 5785 Idem
2473 5731 2618 5797 cod.,
2652 5742 2700 5787 et
2722 5734 2897 5788 animo
2926 5730 3066 5797 facta
3085 5742 3163 5789 est
3183 5738 3354 5793 carni.
