3938 6196
387 303 492 362 559

1449 295 1758 357 FACUNDI‘
1781 301 1990 358 EPISC.
2043 295 2549 356 llERMlANENSlS

3561 299 3670 354 ἔδυ

301 425 310 437 ’
379 437 502 493 qua:
529 421 688 477 scribi
714 419 987 486 fecerunt,
1026 420 1187 475 etiam
1229 418 1385 472 titulo
1419 417 1651 472 nominis
1676 417 1752 472 tui
1782 425 1806 454 α
1839 431 1974 487 prte-
2005 425 2048 481 Α
2080 419 2239 472 etiam
2266 416 2391 471 dum
2421 419 2662 480 viveret,
2697 432 2724 469 a
2757 415 2958 471 sanctis
3003 413 3249 471 Patribus
3295 413 3386 485 qui
3438 431 3560 471 cum
3605 430 3676 471 eo

384 521 699 570 notarentur
725 530 736 564 :
763 511 1138 566 existimantes
1167 509 1311 578 quod
1344 509 1620 579 proposito
1647 517 1852 562 terrore
1874 516 1975 561 tua:

385 617 658 670 personte,
705 601 1216 658 condemnationem
1259 601 1345 655 vel
1383 599 1544 654 etiam
1586 599 1975 654 convictionem

381 710 492 751 sua:
532 693 850 750 temeritatis
887 700 943 748 et
985 690 1589 760 falsitatis-edugercnt.
1640 690 1839 746 Verum
1879 703 1979 743 nos

388 790 475 844 illa
515 789 717 858 scripta
749 788 1009 843 nolumus
1054 796 1145 842 tua
1179 788 1316 852 dici,
1355 803 1473 856 qua:
1521 789 1720 842 scimus
1750 786 1979 854 cognita:

383 881 541 938 nobis
569 888 672 934 tua:
696 879 820 935 fidei
841 881 1132 936 contraria.
1166 879 1302 934 Nam
1329 880 1374 934 si
1401 879 1607 949 legibus
1629 879 1822 934 vestris
1844 879 1981 933 bene

359 1018 364 1024 .
390 979 547 1040 atque
575 970 778 1025 utiliter
801 971 1104 1038 censuistis,
1135 979 1196 1026 ut
1223 986 1556 1042 quatcunque
1580 979 1759 1027 vestra
1787 971 1983 1025 rescri-

390 1069 510 1130 pta,
540 1067 732 1115 contra
760 1060 905 1129 ipsas
932 1074 1066 1128 quas
1092 1061 1474 1131 promulgastis
1501 1061 1675 1129 leges,
1709 1061 1760 1114 in
1791 1061 1983 1131 quibus

325 1144 336 1153 ’
386 1153 542 1208 vobis
577 1150 897 1215 descrvitur,
930 1158 985 1206 et
1013 1167 1148 1220 quas
1182 1153 1338 1207 vobis
1381 1150 1671 1220 infringere
1711 1153 1859 1216 licet,
1888 1167 1985 1220 per

389 1243 795 1313 subreptionem
822 1241 1026 1297 fuerint
1054 1243 1252 1304 elicita.
1280 1251 1591 1306 vacuentur,
1618 1257 1717 1296 nec
1737 1241 1987 1296 dicantur

388 1349 418 1388 a
441 1335 597 1389 vobis
618 1333 766 1401 data,
794 1347 913 1401 qua:
937 1332 1277 1400 generalibus
1296 1332 1767 1387 constitutionibus
1792 1332 1986 1387 vestris

391 1424 740 1480 inveniuntur
766 1423 990 1477 adversa
1023 1440 1035 1475 :
1069 1423 1341 1492 quomodo
1371 1422 1459 1476 illa
1490 1438 1608 1492 qum
1636 1403 1986 1476 adversantur

383 1514 873 1571 constitutionibus
897 1522 1114 1582 patrum
1152 1523 1394 1579 tuorum,
1425 1513 1620 1582 quibus
1647 1522 1700 1568 te
1729 1515 1868 1568 sicut
1897 1529 1985 1568 re-

395 1605 645 1674 ligiosum
674 1620 897 1660 necesse
927 1615 1011 1660 est
1047 1605 1322 1660 deservire
1341 1644 1356 1671 ,
1397 1613 1452 1660 et
1477 1621 1610 1676 quas
1634 1621 1734 1660 nec
1765 1606 1859 1660 tibi
1887 1621 1988 1661 nec

369 1698 646 1753 .omuibus
677 1706 854 1753 tecum
891 1697 944 1751 in
975 1712 1262 1753 commune
1295 1698 1606 1752 hominibus
1637 1697 1764 1752 licet
1799 1698 1988 1752 infrin-

397 1802 558 1857 gere,
601 1804 710 1843 non
749 1788 871 1857 jure
920 1789 1223 1859 meritoque
1269 1798 1358 1843 tua
1404 1805 1514 1844 non
1555 1798 1674 1844 esSe
1717 1789 1986 1844 dicimus?

399 1880 722 1936 Obedientes
761 1881 943 1950 itaque
973 1879 1134 1936 Petro
1171 1880 1420 1950 apostolo
1455 1881 1653 1936 dicenti
1685 1899 1698 1934 :
1730 1881 1899 1936 Deum
1926 1881 1991 1933 ti-

385 1982 549 2037 mete,
576 1988 746 2042 regem
770 1982 940 2025 autem
961 1971 1302 2041 honoriﬁcate
1330 1969 1385 2038 (Ι
1407 1970 1553 2025 Petr.
1579 1987 1637 2040 Il,
1662 1971 1782 2040 l7);
1814 1981 1869 2027 et
1895 1986 1993 2041 pro

387 2061 491 2117 Dei
523 2063 745 2129 timore,
774 2075 895 2130 quae
923 2061 1196 2116 contraria
1224 2070 1350 2115 sunt
1383 2061 1638 2117 Ecclesia:
1677 2061 1876 2118 Christi
1905 2077 1994 2116 re-

383 2153 662 2218 fellimus;
703 2159 759 2206 et
785 2167 884 2221 pro
913 2151 1054 2220 regis
1082 2151 1518 2216 honorificentia,
1552 2167 1672 2222 quae
1699 2151 1994 2206 refellenda

389 2251 545 2310 sunt,
574 2250 666 2297 tua
691 2257 800 2298 non
827 2242 1076 2298 dicimus.
1102 2241 1226 2297 Sint
1250 2243 1412 2312 igitur
1431 2244 1650 2298 illorum
1680 2243 1772 2312 qui
1799 2243 1996 2298 frustra

402 2343 724 2405 putaverunt
751 2333 895 2404 quod
923 2333 1057 2389 falso
1088 2334 1166 2389 tui
1204 2336 1438 2391 nominis
1474 2336 1630 2390 titulo
1661 2334 1998 2391 munirentur

403 2441 525 2497 qua).
552 2427 765 2481 ratione
793 2433 940 2480 stare
968 2441 1075 2480 non
1103 2435 1360 2495 possunt;
1400 2436 1456 2481 et
1480 2426 1583 2482 illis
1612 2427 1793 2495 potius
1823 2427 1998 2496 impu-

386 2525 584 2572 -tentur
610 2529 836 2586 quorum
867 2522 922 2571 et
952 2514 1306 2571 fraudulentis
1334 2516 1820 2586 excogitationibus
1841 2517 1996 2570 adiu-

406 2614 587 2672 venta,
619 2615 676 2660 et
702 2602 968 2658 diuturnis
1007 2603 1499 2660 elucubrationibus
1536 2613 1726 2660 contra
1753 2613 1999 2659 sanctam

394 2694 903 2751 Chalcedonensem
942 2693 1210 2766 synodum
1241 2695 1487 2750 novimus
1527 2710 1648 2751 esse
1675 2696 1994 2766 composita.

408 2787 537 2842 Nam
583 2786 714 2856 quid
759 2801 897 2857 Opus
943 2793 1098 2852 erat,
1151 2784 1376 2841 obsecro
1401 2827 1416 2851 ,
1467 2786 1704 2855 quietem
1749 2784 1999 2841 Ecclesia:

394 2893 858 2950 supervacuarum
879 2878 1258 2949 quaestionum,
1285 2886 1342 2932 ut
1363 2893 1472 2935 non
1496 2879 1668 2933 dicam
1695 2878 1996 2941 noxiarum,

401 2971 848 3027 concursionibus
876 2971 1124 3042 agitare?
1161 2971 1299 3038 Quid
1327 2987 1465 3042 opus
1494 2979 1613 3027 erat
1642 2971 1884 3041 ejusdem
1912 2987 2000 3042 sy-

398 3065 533 3121 nodi
562 3073 858 3122 retractare
888 3066 1128 3132 decreta,
1165 3081 1272 3121 non
1308 3066 1482 3121 solum
1512 3074 1696 3122 contra
1728 3064 2000 3133 religionis

401 3159 804 3225 reverentiam,
853 3158 966 3214 sed
993 3159 1156 3214 etiam
1200 3167 1390 3212 contra
1440 3158 1606 3227 ipsius
1653 3157 2000 3211 humanitatis

404 3250 690 3320 pudorem,
723 3265 843 3320 qua:
881 3264 1149 3305 consensu
1185 3249 1350 3303 totius
1380 3246 1632 3303 Ecclesia:
1661 3263 1760 3317 per
1786 3255 2001 3301 centum

405 3338 578 3395 ferme
603 3356 805 3405 annos,
837 3349 889 3395 te
917 3339 1141 3395 custode
1172 3341 1188 3372 ⁸
1209 3380 1224 3406 ,
1273 3340 1534 3394 hactenus
1567 3339 1820 3393 inviolata
1851 3355 2004 3393 man-

280 3443 293 3451 ‘
389 3432 635 3488 «serunt?
681 3430 780 3485 Vel
825 3430 952 3499 quid
991 3445 1129 3500 opus
1168 3438 1288 3484 erat
1331 3427 1599 3485 Theodori
1639 3428 2003 3499 Mopsuesteni

413 3523 672 3594 episcopi,
707 3523 837 3578 olim
867 3523 921 3578 in
948 3521 1203 3578 Ecclesia:
1235 3537 1367 3592 pace
1388 3519 1644 3584 defuncti,
1673 3522 2005 3576 caluntniose

412 3614 559 3668 dicta
589 3612 858 3667 discutere
877 3653 892 3678 ,
935 3619 990 3666 et
1015 3612 1094 3666 sic
1124 3612 1212 3666 ubi
1243 3611 1423 3681 lapsus
1448 3619 1686 3681 putatur,
1716 3611 1802 3665 vel
1841 3611 2004 3674 etiam

411 3705 578 3760 verbo
625 3703 974 3759 humanitatis
1005 3703 1184 3773 lapsus
1217 3711 1338 3768 est,
1385 3710 1533 3758 tanta
1581 3703 1842 3758 adversus
1881 3717 2004 3756 eum

411 3796 588 3851 furere
609 3795 961 3862 contumelia,
987 3803 1208 3864 quanta,
1237 3794 1282 3851 si
1313 3794 1487 3850 adhuc
1508 3795 1562 3848 in
1587 3809 1818 3864 corpore
1840 3794 2003 3863 dege-

411 3895 514 3952 ret,
545 3901 668 3942 eum
711 3884 852 3941 allici
877 3901 986 3941 non
1026 3885 1278 3953 deceret,
1311 3885 1413 3940 nisi
1453 3886 1816 3956 reprehensus
1859 3886 2006 3956 prius

411 3988 576 4049 atque
603 3978 917 4041 convictus,
950 3985 1073 4048 post
1098 3993 1261 4033 unam
1291 3986 1346 4032 et
1383 3976 1672 4032 secundam
1707 3977 2006 4047 correptio-

411 4085 532 4126 nem
559 4070 912 4140 pertinaciter
938 4069 1152 4124 veritati
1175 4069 1491 4124 resisteret?
1528 4068 1633 4123 Sed
1663 4071 1788 4138 quia
1822 4070 2006 4123 lauda-

413 4169 500 4215 tur
521 4159 664 4215 idem
685 4158 1003 4214 Theodorus
1026 4158 1079 4212 in
1100 4157 1332 4228 epistola
1352 4158 1674 4213 venerabilis
1698 4158 1820 4224 Ibat,
1845 4175 2004 4228 quam

413 4256 712 4305 nemorata
759 4248 998 4319 synodus
1043 4247 1414 4317 pronuntiavit
1463 4249 1859 4313 orthodoxam,
1911 4266 2008 4319 per

414 4342 518 4396 hoc
546 4339 926 4396 auctoritatem
963 4339 1131 4408 ipSius
1166 4338 1357 4410 synodi
1401 4337 1713 4392 solvendam
1767 4340 2005 4395 ltzcretici

413 4429 779 4495 crediderunt,
811 4429 856 4486 si
894 4444 1037 4487 nunc
1080 4444 1225 4497 eum,
1256 4437 1381 4501 post
1423 4438 1640 4485 centum
1679 4438 1736 4484 et
1777 4431 2007 4501 amplius

415 4518 773 4576 deﬁunctionis
798 4519 916 4588 ejus
942 4534 1112 4575 annos
1132 4561 1146 4586 ,
1187 4519 1336 4575 vellit
1361 4529 1640 4576 auctorem
1666 4521 2006 4592 magistrum-

417 4625 523 4682 que
563 4609 794 4666 Nestorii
837 4611 1199 4668 condemnare
1236 4612 1496 4677 facerent,
1528 4620 1584 4667 et
1611 4626 2006 4684 consequenter

415 4703 579 4758 etiam
606 4702 777 4772 ipsam
805 4702 1089 4773 epistolam
1116 4743 1131 4768 ,
1171 4703 1325 4772 quasi
1363 4702 1602 4758 haeretici
1632 4703 1998 4761 laudatricem.

415 4793 553 4862 Quid
582 4801 761 4848 autem
803 4801 984 4862 agent,
1011 4792 1156 4863 quod
1190 4809 1298 4848 non
1330 4793 1504 4848 solum
1535 4793 1588 4847 in
1616 4793 1731 4864 ipsa
1758 4795 2004 4851 laudatur

416 4884 645 4956 epistola
676 4883 988 4941 Theodorus
1019 4883 1426 4954 Mopsuestenus
1467 4884 1770 4954 episcopus,
1815 4902 2001 4942 verum

491 5109 632 5182 [De
659 5110 764 5166 hoc
783 5127 948 5182 opere
971 5110 1256 5167 Iustiniani
1279 5113 1590 5180 Liberatus,
1620 5125 1742 5182 cap.
1775 5109 1962 5182 ultimo
1988 5129 2001 5162 :

419 5177 644 5254 Callida,
674 5177 873 5254 inquit,
900 5183 1086 5254 fraude
1113 5193 1423 5254 rogaverunt
1450 5177 1718 5254 Acephali,
1751 5189 1806 5231 ut
1835 5179 2004 5231 dicta-

419 5259 497 5324 ret
524 5248 708 5324 librum
744 5248 806 5324 ira
839 5248 1227 5308 damnationem
1273 5257 1424 5308 trium
1469 5248 1823 5324 Capitulorum
1855 5265 1872 5301 :
1903 5265 2002 5318 quo

420 5319 552 5396 libro
579 5317 691 5396 ejus
728 5321 885 5385 edito,
912 5332 960 5396 et
992 5325 1082 5396 toti
1120 5325 1312 5396 mundo
1341 5317 1638 5396 manifesto,
1673 5321 1794 5396 dum
1821 5317 1998 5396 emeti-

421 5389 554 5458 dare
573 5389 806 5458 princeps
831 5393 1106 5457 erubescit,
1137 5388 1500 5449 irrevocabilis
1525 5408 1684 5448 causa
1721 5392 1888 5458 ﬁeret.
1932 5388 2003 5442 Et

419 5457 653 5512 condidit
691 5457 879 5529 li_b_rum
904 5477 998 5529 pro
1026 5462 1228 5517 delictis
1256 5466 1450 5520 nostris
1476 5463 1624 5520 nobis
1654 5457 1884 5516 omnibus
1907 5475 2004 5512 no-

422 5528 696 5603 tissimum.
727 5527 967 5603 Meminit
987 5533 1150 5603 etiam
1175 5531 1398 5603 Vigilius
1426 5536 1480 5589 in
1524 5534 1751 5602 epistola
1781 5532 2000 5603 dmnna-

421 5597 583 5651 tionis
605 5595 875 5652 Thcodori
897 5595 1269 5659 Caasariensis:
1282 5603 1400 5660 Non
1438 5595 1717 5660 dubitabat
1738 5615 1864 5671 ergo
1897 5598 1997 5653 Fa-

495 5823 518 5860 ⁸
542 5819 680 5881 Cod.
708 5821 932 5890 Veron.,
965 5830 1122 5878 etiam
1152 5833 1197 5878 te
1222 5824 1445 5880 custode.

2083 509 2230 562 verbi
2261 507 2642 577 prmdicatiene
2673 505 2978 562 convcrsati
3006 513 3149 571 sunt,
3179 513 3235 560 et
3262 504 3593 574 approbatus
3620 513 3679 560 et

2083 614 2274 668 magna
2323 598 2478 652 laude
2516 597 2835 667 prtedicatus
2875 596 3196 660 ostenditur,
3244 597 3385 651 sicut
3410 612 3440 650 a
3469 594 3680 651 Joanne

2083 690 2684 760 Constantinopolitano
2713 698 2768 744 ct
2791 690 3054 758 Gregorio
3082 689 3440 755 Nazianzeuo,
3473 696 3530 743 et
3557 698 3684 758 post

2084 791 2312 837 mortem
2341 799 2370 836 a
2397 782 2605 837 Joanne
2635 791 2689 838 et
2710 782 2920 836 Domno
2944 781 3321 843 Antiochensi,
3355 796 3419 834 ac
3443 786 3562 832 tota
3589 794 3684 848 sy-

2086 872 2228 926 nodo
2267 871 2498 927 Orientis
2536 873 2675 942 apud
2725 871 3063 926 Antiochiam
3119 870 3490 938 congregata?
3537 867 3691 921 Non-

2085 963 2213 1034 quid
2235 979 2363 1033 ergo
2389 974 2442 1019 et
2469 964 2601 1019 istos
2631 979 2819 1018 omnes
2843 963 3177 1018 venerabiles
3206 962 3459 1017 Ecclesia:
3482 960 3691 1015 Christi

2085 1055 2336 1112 doctores
2361 1095 2375 1120 ,
2409 1056 2492 1110 vel
2535 1057 2676 1111 dicta
2717 1072 2903 1110 eorum
2948 1056 3392 1109 anatliemalizari
3441 1053 3695 1108 facient?

2089 1147 2255 1200 Aliter
2277 1147 2418 1200 enim
2441 1145 2610 1200 videri
2635 1162 2739 1200 non
2765 1154 2942 1215 potest
2964 1149 2982 1176 ²
3007 1145 3233 1214 cpistola
3265 1145 3368 1200 Iba:
3397 1161 3495 1213 pro
3529 1143 3696 1197 laude

2090 1236 2356 1292 Theodori
2394 1236 2539 1306 juste
2573 1237 2673 1292 sub
2714 1237 3057 1292 anathemate
3086 1236 3465 1298 condemnata,
3501 1235 3610 1290 nisi
3640 1243 3698 1288 et

2089 1330 2175 1384 isti
2201 1345 2387 1385 omnes
2411 1331 2706 1386 beatissimi
2735 1329 2920 1386 Patres
2941 1373 2957 1398 ,
2987 1340 3080 1385 aut
3109 1347 3295 1385 eorum
3327 1331 3520 1384 saltem
3554 1331 3698 1384 scri-

2091 1431 2181 1495 pta
2203 1467 2217 1491 ,
2263 1425 2510 1480 similiter
2537 1425 2876 1491 abdicentur,
2923 1425 2974 1477 in
3006 1425 3199 1493 quibus
3228 1425 3474 1478 eumdem
3505 1422 3700 1476 Theo-

2089 1519 2281 1573 dorum
2313 1519 2480 1572 multo
2508 1517 2738 1587 amplius
2781 1532 2944 1585 quam
2991 1517 3042 1570 in
3093 1531 3156 1570 ca
3203 1515 3519 1570 docebimus
3567 1530 3701 1569 esse

2090 1612 2384 1666 laudatum.
2431 1610 2536 1665 Sed
2576 1627 2676 1666 nec
2719 1611 2806 1665 illa
2835 1625 2953 1681 qua:
2995 1610 3246 1664 dicuntur
3281 1626 3309 1664 a
3340 1610 3704 1665 Theodoreto

2091 1703 2244 1774 Cyrri
2265 1703 2518 1774 episcopo
2539 1713 2724 1757 contra
2747 1702 2961 1757 beatmn
2983 1700 3239 1772 Cyrillum
3265 1701 3444 1754 nescio
3469 1701 3706 1769 quando

2018 1813 2065 1873 Β
2091 1795 2308 1865 scripta,
2333 1795 2403 1849 ob
2431 1794 2574 1848 aliud
2601 1794 2763 1849 modo
2790 1793 3041 1848 damnata
3072 1802 3216 1854 sunt.
3241 1793 3338 1846 nisi
3367 1803 3423 1847 ut
3447 1809 3544 1861 per
3569 1793 3688 1845 hoc

2097 1901 2313 1956 quoque
2342 1885 2579 1956 synodus
2606 1884 3231 1952 Chalcedonensis'quasi
3262 1884 3512 1938 nolabilis
3542 1884 3708 1937 vide-

2096 1986 2264 2042 retur,
2297 1977 2440 2048 quod
2473 1977 2613 2031 idem
2645 1975 3016 2031 Theodoretus
3054 1975 3424 2030 deliberationi
3458 1992 3523 2029 ac
3554 1976 3706 2028 def-

2099 2068 2287 2123 nitioni
2318 2067 2434 2136 ejus
2464 2067 2725 2135 interfuit,
2755 2074 2916 2136 atque
2946 2067 3229 2136 epistolam
3275 2081 3425 2136 paptc
3473 2065 3710 2132 Leonis,

2097 2160 2352 2233 Eutychis
2393 2160 2717 2217 dementiam
2766 2161 3132 2216 confutantem
3158 2202 3172 2224 ,
3221 2161 3292 2214 ibi
3319 2159 3561 2215 defendit
3591 2201 3608 2224 ,
3653 2173 3714 2214 et

2099 2258 2416 2329 quibusdam
2456 2258 2636 2312 minus
2676 2257 3094 2326 intelligentibus
3140 2265 3343 2311 rectam
3375 2271 3498 2309 esse
3536 2272 3716 2309 mon-

2098 2349 2306 2405 stravit.
2355 2349 2492 2403 Nam
2539 2357 2599 2403 ut
2629 2349 2851 2404 inferius
2883 2347 3216 2414 ostendetur,
3258 2356 3313 2402 et
3341 2347 3426 2401 alii
3456 2364 3716 2416 quorum

2099 2440 2376 2495 memoria:
2403 2439 2886 2504 communieamus,
2918 2439 3251 2507 scripserunt
3279 2436 3536 2490 adversus
3571 2436 3718 2490 bea-

2100 2538 2216 2583 tum
2246 2527 2506 2600 Cyrillum
2536 2528 2820 2594 eumdem;
2855 2536 3221 2582 verumtamen
3249 2526 3301 2579 in
3333 2527 3433 2581 hoc
3465 2527 3718 2579 anathe-

2100 2627 2245 2674 mate
2266 2619 2599 2674 denominati
2622 2635 2726 2672 non
2750 2626 2893 2682 sunt,
2913 2618 3165 2688 quoniam
3192 2617 3243 2670 in
3265 2615 3721 2672 Chalcedonensi

2101 2711 2332 2766 concilio
2373 2727 2480 2766 non
2522 2709 2754 2764 fuerunt.
2802 2709 2877 2764 De
2917 2709 3110 2778 quibus
3149 2707 3397 2764 omnibus
3425 2707 3722 2776 dicturus,

2102 2802 2205 2856 hoc
2244 2801 2434 2857 ordine
2478 2809 2644 2856 totam
2689 2816 2905 2856 causam
2949 2809 3182 2855 tractare
3227 2800 3486 2868 disposui.
3539 2797 3725 2854 Prius

2101 2896 2430 2950 evidentium
2474 2895 2917 2950 documentorum
2959 2893 3261 2963 prolatione
3299 2892 3720 2957 demonstrare,

2101 2985 2245 3056 quod
2285 2986 2339 3039 in
2378 2985 2786 3040 evacuationem
2828 2983 3112 3038 memorati
3152 2983 3330 3053 magni
3372 2982 3628 3048 concilii,
3663 2995 3730 3039 et

2102 3077 2442 3132 decretorum
2472 3093 2624 3148 papae
2655 3077 2867 3140 Leonis,
2899 3077 3274 3131 haereticorum
3312 3075 3554 3130 fautores
3591 3075 3727 3131 [nec

2104 3169 2332 3237 egerint.
2364 3167 2569 3223 Deinde
2610 3168 2867 3237 quoniam
2909 3166 3103 3220 frustra
3136 3164 3477 3233 confingitur,
3509 3179 3729 3234 supra-

2105 3258 2302 3312 dictam
2347 3258 2630 3327 epistolam
2657 3257 2978 3312 venerabilis
3007 3255 3108 3311 Iba:
3139 3257 3205 3310 ab
3235 3254 3425 3311 eodem
3470 3255 3732 3310 Chalce-

2105 3351 2332 3406 donensi
2381 3352 2610 3405 concilio
2658 3368 2766 3405 non
2815 3349 2977 3405 fuisse
3023 3358 3373 3420 susceptam;
3425 3348 3524 3402 sed
3582 3365 3725 3403 cum

2104 3442 2313 3497 ostendi
2345 3457 2453 3496 non
2483 3443 2687 3512 possit,
2722 3443 2814 3496 tali
2856 3443 3135 3497 mendacio
3184 3458 3282 3496 nos
3328 3442 3380 3494 in
3411 3441 3532 3509 ejus
3567 3457 3725 3496 con-

2104 3534 2500 3588 demnationem
2533 3532 2799 3588 adducere
2845 3533 3150 3589 voluerunt.
3204 3531 3487 3586 Postremo
3519 3541 3727 3586 autem

2107 3626 2350 3695 probabo
2379 3642 2486 3681 non
2526 3641 2686 3696 posse
2724 3626 2866 3695 juste
2896 3627 3104 3696 culpari
3148 3636 3386 3682 sanctam
3425 3625 3726 3696 synodum

2105 3719 2252 3787 quod
2282 3735 2400 3773 eam
2430 3720 2797 3789 pronuntiavit
2825 3720 3203 3775 orthodoxam.
3389 3719 3556 3774 simul
3593 3720 3728 3775 inoo

2107 3808 2290 3876 pinum
2323 3808 2615 3876 quoddam,
2649 3817 2705 3861 et
2750 3812 2894 3877 quod
2939 3807 3155 3863 difficile
3195 3807 3401 3871 credes,
3434 3806 3726 3876 Auguste,

2106 3896 2511 3950 monstrabitur.
2556 3894 2688 3949 Nam
2720 3910 2841 3950 cum
2873 3895 3194 3967 Eutychiani
3224 3902 3593 3948 memoratam
3629 3911 3726 3967 sy-

2110 3986 2306 4039 nodum
2361 3985 2752 4052 criminentur,
2801 3986 2946 4054 quod
3013 3985 3158 4040 velut
3208 3985 3261 4038 in
3308 3984 3730 4055 approbatione

2109 4079 2278 4147 ipsius
2311 4079 2567 4147 epistola:
2616 4078 2832 4132 beatum
2869 4077 3127 4149 Cyrillum
3173 4077 3484 4130 hrereticuut
3538 4077 3731 4135 fuisse

2110 4169 2401 4223 lirmaverit
2420 4208 2434 4232 ,
2466 4178 2521 4223 et
2547 4169 2780 4224 Nestorii
2809 4168 3211 4224 excusationem
3237 4210 3252 4235 ,
3282 4165 3538 4238 Ephesini
3572 4187 3726 4226 vero

2107 4261 2326 4315 concilii
2368 4261 2847 4330 reprehensionem
2895 4261 3205 4329 receperit:
3239 4273 3339 4328 ego
3383 4268 3581 4314 contra
3621 4263 3730 4317 do—

2110 4365 2284 4414 ceam,
2318 4350 2442 4419 quia
2475 4350 2518 4404 si
2546 4350 2853 4419 praedictam
2884 4352 3166 4420 epistolam
3208 4350 3363 4419 quasi
3393 4349 3729 4409 haereticam

2110 4440 2462 4510 improbaret,
2496 4441 2622 4496 hinc
2651 4441 2830 4510 potius
2867 4440 3083 4495 beatum
3115 4438 3372 4511 Cyrillum
3401 4439 3730 4498 credidisse

2109 4533 2443 4599 hacreticum,
2469 4541 2525 4589 et
2550 4533 2858 4588 Nestorium
2881 4547 3169 4589 excusasse
3188 4540 3349 4602 atque
3370 4530 3729 4602 Ephesinum

2113 4622 2526 4695 reprehendisse
2555 4623 2841 4679 concilium
2874 4623 3160 4678 videretur.

2739 4777 2966 4834 CAPUT
3003 4778 3068 4834 II.

2112 4893 2261 4958 Quod
2308 4894 2522 4963 epistola
2580 4893 2702 4956 lbw,
2752 4895 2978 4963 quamvis
3033 4910 3146 4947 eam
3193 4893 3467 4948 concilium
3524 4898 3727 4953 ortho-

2113 5108 2324 5166 cundus
2343 5111 2470 5178 quin
2495 5110 2650 5178 hujus
2674 5110 2793 5165 libri
2822 5120 3014 5165 auctor
3039 5118 3186 5165 esset
3209 5109 3582 5176 Justinianus;
3619 5115 3726 5168 sed

2113 5178 2402 5236 artiﬁciose
2430 5179 2748 5245 dissimulat,
2789 5190 2847 5234 ut
2878 5181 3098 5235 liberius
3126 5181 3419 5251 impugnet.
3452 5179 3593 5235 Nam
3630 5193 3726 5237 to-

2109 5259 2193 5322 tus
2213 5251 2469 5319 deinceps
2495 5251 2546 5303 in
2577 5251 2692 5322 ejus
2718 5251 3141 5322 reprehensione
3163 5251 3488 5307 versabitur.
3517 5251 3724 5322 Itaque

2107 5320 2362 5392 falluntur
2398 5322 2490 5392 qui
2520 5335 2548 5392 a
2577 5319 2854 5392 Facundo;
2880 5322 3182 5392 impugnari
3225 5328 3418 5392 putant
3463 5319 3721 5378 edictum

2104 5405 2200 5444 seu
2219 5391 2503 5462 epistolam
2519 5389 2806 5462 Iustiniani
2825 5390 2893 5446 de
2912 5389 3018 5462 qua
3038 5389 3316 5462 superiore
3338 5390 3476 5444 libro
3498 5393 3720 5448 dictum

2104 5469 2205 5530 est.
2252 5461 2322 5516 Ut
2349 5461 2493 5514 enim
2530 5461 2773 5514 omittam
2809 5461 3119 5530 epistolam
3143 5463 3312 5516 multo
3341 5469 3471 5530 post
3497 5463 3718 5516 editam

2105 5528 2307 5603 fuisse,
2355 5531 2409 5584 in
2439 5539 2678 5603 eageerte
2707 5531 2795 5584 illa
2823 5528 3087 5603 nonsunt
3112 5548 3231 5603 quae
3259 5528 3553 5588 Facundos
3583 5548 3712 5603 pas-

2102 5601 2202 5653 sim
2234 5600 2387 5655 all'crt
2416 5615 2481 5654 ex
2510 5601 2646 5654 libro
2676 5615 2832 5668 quem
2865 5602 3076 5660 refellit.

2188 5827 2206 5853 ²
2233 5824 2376 5879 Idem
2406 5824 2554 5891 cod.,
2591 5829 2787 5898 poterit
