3938 6196
229 303 314 358 561
1112 309 1243 364 PRO
1283 309 1701 365 DEFENSIONE
1743 310 1952 367 TRIUM
1995 315 2310 375 CAPITUL.
2355 320 2479 376 LIB.
2512 321 2570 381 ll.

3392 330 3502 384 5σὶ

291 425 470 512 derant
529 439 628 504 non
675 434 1074 508 pronuntiasset,
1112 428 1348 482 damnari
1383 431 1566 500 absque
1595 432 1802 486 conci/ii
1827 436 1876 496 Α
1905 432 2246 489 decretorum
2295 437 2503 490 simul’
2537 438 2800 492 rationem
2848 455 3007 508 quam
3061 443 3301 512 epistolis
3346 443 3509 498 beati.

290 494 671 559 reprehensione
692 511 791 547 non
824 499 1006 562 possit.

287 607 386 662 Sed
410 605 518 674 jam
548 606 776 675 primam
807 605 1085 664 divisionis
1131 609 1289 680 hujus
1329 620 1538 680 partem
1568 621 1798 668 tractare

223 701 483 756 debemus.
509 700 743 755 Dicimus
763 695 944 769 igitur,
968 703 1093 771 quia
1122 702 1206 758 vel
1228 704 1296 773 si,
1318 712 1380 760 ut
1404 705 1618 774 quidam
1647 722 1797 760 men-

223 795 296 848 titi
324 803 440 848 sunt
464 832 481 858 ,
528 792 812 862 epistolam
842 795 1166 852 venerabilis
1195 795 1299 851 lba:
1327 797 1549 852 minime
1576 796 1799 853 Chalce-

223 884 460 938 donensis
500 883 739 954 synodus
778 884 1144 954 approbaret,
1195 900 1294 941 nec
1333 887 1553 941 omnino
1582 887 1649 941 ad
1679 886 1796 957 ejus

220 977 508 1030 deferretur
537 990 764 1030 examen
793 1019 808 1043 ,
859 976 936 1029 sic
965 990 1180 1046 quoque
1212 977 1265 1030 in
1297 978 1464 1048 ipsius
1492 980 1796 1033 evacuatio-

219 1081 328 1118 nem
360 1079 460 1134 pro
491 1063 759 1119 Theodori
800 1063 959 1118 laude
997 1065 1365 1121 damnaretur.
1398 1067 1552 1133 Quo‘d
1581 1083 1649 1122 ex
1677 1067 1793 1136 ejus

215 1154 533 1208 allocutione
557 1195 572 1220 ,
617 1169 776 1222 quam
802 1198 817 1220 ,
850 1155 988 1210 sicut
1017 1156 1197 1225 priore
1227 1156 1364 1211 libro
1393 1156 1691 1222 docuimus,
1723 1159 1792 1214 ad

214 1246 524 1300 Martianum
576 1245 788 1316 scripsit
829 1246 1126 1318 Augustum
1154 1290 1168 1314 ,
1213 1248 1371 1316 cujus
1413 1251 1790 1304 auctoritatem

212 1347 374 1392 vestra
419 1352 640 1408 quoque
684 1337 856 1406 pietas
903 1353 999 1391 sua
1055 1339 1172 1407 lege
1222 1338 1472 1406 firmavit,
1513 1340 1792 1396 evidenter

211 1429 524 1483 ostenditur.
574 1427 680 1482 Sed
709 1429 1016 1498 priusquam
1049 1429 1389 1486 allocutionis
1435 1431 1600 1500 ipsius
1625 1446 1790 1502 super

210 1520 301 1573 Irae
327 1533 544 1588 quoque
573 1534 733 1573 causa
785 1518 1150 1575 testimonium
1196 1522 1534 1591 proferamus
1561 1524 1673 1578 sive
1701 1539 1790 1578 ex-

209 1609 512 1679 pendamus,
545 1611 854 1680 pnedietam
879 1611 1050 1679 legem
1079 1623 1312 1667 vestram
1335 1628 1455 1682 qua:
1479 1615 1786 1669 auctoritati

208 1700 329 1768 rjus,
363 1711 422 1756 ut-
450 1702 701 1767 diximus,
735 1711 1043 1770 attestatur,
1077 1720 1504 1760 commemorare
1543 1721 1788 1762 necessa-

208 1794 326 1845 rium
356 1792 542 1846 credo.
577 1793 806 1860 .Titufus
837 1804 1016 1848 autem
1058 1795 1158 1850 sub
1186 1811 1294 1864 quo
1324 1798 1648 1864 continetur,
1685 1798 1784 1853 iste

207 1892 276 1936 cst
319 1883 474 1951 (Cod.
505 1883 568 1936 de
599 1884 815 1937 Summa
848 1883 1034 1938 Trinit.
1063 1925 1076 1950 ,
1125 1884 1214 1938 lib;
1249 1885 1339 1954 vn)
1387 1905 1398 1938 :
1455 1885 1532 1939 De
1585 1902 1786 1940 summa

207 1977 450 2029 Trinitute
481 1987 528 2030 e.’
559 1978 662 2046 ﬁde
689 1978 942 2031 catholica
967 2019 979 2038 ,
1006 1988 1073 2032 'cl
1114 1988 1166 2031 nt
1217 1996 1362 2033 nemo
1389 1979 1453 2032 de
1497 1995 1558 2032 ea
1589 1979 1788 2048 publice

205 2069 498 2122 rontendere
553 2070 760 2123 ancient.
831 2069 1156 2140 Principium
1231 2088 1400 2125 vero:
1439 2071 1787 2142 «Imperator

205 2158 528 2214 Justinianus
560 2162 829 2229 Augustus
861 2160 1159 2231 Epiphanio
1188 2163 1531 2217 sanctissimo
1570 2179 1631 2218 ac
1659 2164 1784 2218 bea-

205 2251 393 2304 lissimo
423 2251 836 2321 archiepiscopo
868 2254 1025 2321 regiae
1053 2253 1196 2308 urbis
1229 2254 1388 2323 hujus
1413 2265 1468 2309 ct
1493 2255 1781 2310 universali

203 2343 536 2408 patriarcluc.
578 2345 729 2401 Scire
760 2348 1002 2402 volentes
1043 2358 1188 2402 tuam
1232 2349 1573 2404 sanctitatem
1602 2351 1780 2404 omnia

202 2454 303 2505 qua:
317 2439 380 2492 ad
400 2440 1038 2510 ecclesiasticumstatum
1057 2444 1369 2514 reSpiciunt.
1394 2464 1412 2497 ι
1437 2443 1744 2515 Etpostalia
1767 2464 1781 2499 :

206 2550 222 2580 c
242 2529 432 2587 Eadem
453 2549 580 2589 vero
596 2545 778 2590 sancta
794 2537 1246 2593 Chalcedonensis
1265 2538 1523 2608 synodus,
1537 2549 1588 2593 et
1605 2540 1780 2608 magni

202 2624 358 2681 Procli
388 2627 464 2682 ad
493 2627 776 2682 Armenios
807 2629 1062 2698 scriptam
1094 2630 1396 2700 epistolam,
1433 2632 1500 2686 de
1541 2648 1607 2688 co
1637 2633 1780 2702 quod

199 2720 603 2787 oportctdicerc
629 2719 914 2776 Dominum
936 2722 1117 2777 .Icsum
1141 2722 1412 2780 Christum
1445 2725 1633 2779 Filium
1664 2725 1777 2788 Dei,

199 2818 243 2863 et
271 2809 432 2864 Deum
467 2819 729 2876 nostrum,
763 2829 926 2867 unum
953 2823 1151 2869 sancttc
1180 2814 1480 2880 Trinitatis,
1513 2831 1610 2886 per
1629 2831 1778 2872 suam

201 2900 512 2957 relationem
537 2903 772 2972 suscepit
797 2913 850 2958 et
871 2903 1223 2960 confirmavit.
1253 2904 1308 2959 Si
1331 2906 1473 2961 enim
1496 2906 1782 2977 prmdictas

199 3002 398 3047 sanctas
453 3001 690 3062 quatuor
734 2995 970 3065 synodos
1015 2995 1392 3064 egredianmr,
1450 3006 1542 3050 aut
1587 2998 1654 3052 ab
1697 2998 1780 3054 his

199 3084 468 3154 disposita,
497 3085 687 3140 damus
713 3086 1020 3140 facultatem
1050 3087 1316 3143 litcreticis
1341 3087 1430 3156 qui
1453 3087 1682 3158 depositi
1711 3090 1778 3144 ab

197 3177 264 3229 cis
302 3185 452 3243 sunt,
487 3185 541 3230 ct
583 3192 772 3231 eorum
827 3177 1188 3246 dogmatibus,
1217 3194 1368 3234 suam
1418 3179 1776 3250 pestilentiam
1810 3219 1853 3281 Ο

197 3265 368 3320 iterum
400 3269 462 3321 in
493 3279 706 3322 sanctas
741 3269 830 3323 Dei
865 3269 1132 3325 Ecclesias
1175 3281 1468 3328 ostentare.
1502 3292 1520 3326 ι
1575 3271 1698 3330 "tce
1727 3273 1778 3329 in

197 3356 654 3415 conﬁrmationem
683 3362 947 3431 pncdictzc
974 3364 1314 3423 allocutionis
1339 3369 1352 3398 ‘
1378 3383 1441 3423 ex
1468 3369 1582 3437 lege
1606 3379 1780 3424 vestra

198 3450 477 3516 protulisse
507 3451 757 3506 sufficiat.
807 3454 972 3521 Cujus
1024 3455 1208 3510 titulus
1235 3499 1249 3523 ,
1299 3473 1407 3526 quo
1437 3458 1777 3514 interdictum

194 3549 265 3592 (δι
301 3550 356 3594 ut
403 3542 482 3596 de
529 3541 634 3597 fide
673 3544 938 3600 catholica
990 3561 1148 3601 nemo
1189 3547 1402 3616 publice
1449 3549 1780 3606 contendere

195 3631 389 3697 amicat,
421 3642 618 3688 utrum
641 3637 977 3701 observetur,
1011 3653 1129 3692 cum
1159 3639 1226 3693 dc
1252 3639 1439 3709 synodi
1466 3642 1778 3696 universalis

195 3725 454 3778 sententia
485 3734 613 3794 post
640 3740 856 3780 centum
906 3727 1016 3783 fere
1064 3744 1236 3785 annos
1267 3731 1319 3785 in
1348 3730 1584 3786 Ecclesia
1615 3733 1776 3788 modo

194 3818 554 3883 cimtenditur,
601 3826 702 3872 tua:
741 3819 956 3888 pietatis
988 3829 1068 3874 est
1094 3820 1373 3889 judicare;
1417 3834 1510 3877 aut
1546 3824 1590 3878 si
1631 3825 1774 3880 nulla

195 3911 606 3981 transgressione
627 3923 858 3981 quatuor
878 3922 1082 3969 sanctrc
1105 3916 1294 3984 synodi
1323 3917 1463 3971 etab
1488 3917 1572 3972 his
1596 3918 1777 3988 dispo-

192 4004 279 4056 sita
307 4005 706 4068 eonvelluntur,
731 4021 852 4060 cum
884 4005 1109 4075 cpistola
1139 4008 1460 4063 venerabilis
1486 4009 1587 4063 lbre
1609 4008 1776 4065 Edes-

191 4096 290 4148 seui
321 4096 601 4165 episcopi,
634 4112 793 4166 quam
824 4111 1015 4164 magna
1063 4081 1298 4167 synodus
1324 4098 1775 4155 Chalcedonensis

197 4187 545 4242 orthodoxam
575 4188 974 4257 pronuntiavit,
1011 4189 1159 4242 velut
1187 4189 1348 4259 impia
1374 4198 1428 4243 et
1457 4189 1770 4244 Nestoriana

189 4276 477 4333 damnatur.
505 4279 641 4344 Quid
663 4294 792 4348 ergo
814 4279 1034 4349 prodest
1057 4281 1360 4350 praividisse
1379 4279 1522 4350 quod
1547 4297 1642 4350 per
1662 4283 1773 4336 hmc

188 4365 399 4423 facultas
428 4369 650 4423 daretur
680 4369 948 4424 haereticis
972 4369 1061 4440 qui
1092 4369 1319 4439 depositi
1351 4371 1419 4424 ab
1443 4371 1520 4426 eis
1548 4379 1689 4437 sunt,
1717 4381 1772 4425 et

186 4474 355 4515 eorum
382 4461 748 4530 dogmatibus,
775 4478 926 4517 suam
955 4464 1312 4534 pestilentiam
1342 4465 1534 4518 iterum
1566 4465 1619 4518 in
1649 4480 1770 4519 san-

186 4559 287 4602 etas
315 4549 408 4612 Dei
440 4552 715 4607 Ecclesias
743 4562 1036 4620 ostentare,
1061 4564 1116 4610 et
1137 4555 1357 4610 minime
1385 4555 1680 4624 providisse
1696 4541 1768 4611 ne

185 4641 360 4697 fieret?
409 4645 521 4700 Sed
551 4661 617 4700 ex
649 4645 738 4699 illa
760 4645 869 4714 jam
902 4646 1228 4701 allocutione
1263 4648 1406 4716 quod
1442 4647 1765 4702 intendimus

183 4734 399 4797 probare
428 4737 710 4791 debemus.
757 4736 1050 4807 Alloquens
1080 4738 1263 4806 itaque
1303 4737 1622 4792 Martianum
1650 4739 1761 4792 Au-

180 4835 376 4892 gustum
409 4829 665 4898 praedicta
695 4833 933 4901 synodus
963 4829 1118 4901 (Post
1144 4840 1260 4884 acta
1287 4831 1535 4900 concilii),
1570 4840 1624 4885 et
1653 4840 1759 4885 tam

241 5013 266 5041 ⁸
295 5008 579 5064 Liberatus
608 5011 766 5073 idem,
801 5027 920 5078 cap.
953 5010 1036 5072 l0,
1071 5011 1137 5066 de
1188 5011 1450 5065 Armeniae
1481 5011 1758 5067 monachis

178 5094 344 5149 agens,
370 5081 466 5147 qui
488 5081 829 5135 Theodorum
851 5081 1285 5149 Mopsuestenum
1304 5082 1754 5136 criminabantur:

178 5147 313 5215 Tum,
343 5151 538 5223 intulit,
567 5151 798 5223 Joannes
827 5147 1172 5206 Antioc/tenus
1215 5153 1410 5222 synodo
1442 5161 1758 5223 congregata

174 5232 267 5274 ire:
292 5239 384 5276 oro
418 5221 687 5292 Theodoro
731 5221 1095 5288 Mapsitesteno
1137 5221 1346 5275 dictavit
1378 5221 1676 5292 epistolas:
1709 5233 1757 5276 ct

173 5305 317 5361 unam
342 5291 548 5360 quidem
579 5293 766 5344 direxit
809 5292 1098 5346 Theodosio
1139 5293 1345 5360 impen,
1372 5291 1530 5347 aliam
1561 5293 1755 5361 Cyrillo

171 5360 558 5432 Alexandrino,
609 5372 656 5414 et
702 5364 904 5415 tertium
951 5362 1137 5415 Proclo
1177 5360 1752 5432 Constantinopolitano

170 5433 431 5503 episcopo,
464 5431 684 5503 laudans
713 5433 765 5485 in
796 5434 870 5486 eis
898 5433 1240 5493 Theodorum,
1277 5443 1325 5486 et
1351 5433 1463 5503 ejus
1492 5451 1750 5502 exponens

170 5501 492 5572 sapientiam.
528 5500 718 5555 Prima:
742 5519 805 5556 ac
832 5503 1002 5556 tertiae
1027 5504 1191 5557 verba
1216 5513 1340 5556 sunt
1361 5500 1480 5572 qum
1504 5500 1606 5556 hoc
1632 5504 1749 5559 loco

170 5571 493 5642 recitantur;
540 5573 787 5626 secundm
825 5588 944 5642 quae
975 5573 1064 5625 lib.
1095 5588 1185 5634 vn,
1218 5589 1336 5642 cap.
1373 5573 1423 5626 4.
1475 5574 1542 5627 At
1585 5573 1750 5628 Justi-

171 5640 350 5695 nianus
376 5642 433 5692 in
464 5643 637 5697 edicto
667 5643 764 5696 has
793 5641 1065 5698 Theodori
1097 5640 1299 5697 laudcs‘
1322 5660 1430 5698 non
1463 5645 1630 5714 pluris
1662 5644 1740 5698 l'a-

231 5822 241 5848 '
274 5817 414 5875 Cod.
446 5816 673 5886 Veron"
702 5821 1031 5877 allocutionis
1058 5821 1160 5876 sire
1190 5820 1476 5876 relationis.

1799 4607 1846 4665 Ι)

1903 524 2120 592 Leonis,
2146 525 2363 582 Patrum
2390 531 2713 585 auctoritate
2743 531 3082 598 conlirmaus,
3115 535 3184 586 ita
3218 533 3516 603 respondit.

1901 617 2158 674 adversus
2183 617 2544 690 Eutychianos
2571 622 2662 690 qui
2706 637 2825 676 eam
2871 623 3159 694 Cltlp‘ibttul
3187 625 3332 692 quod
3359 625 3493 680 duas

1899 707 2175 764 diﬂinierit
2218 710 2418 766 Christi
2455 727 2574 767 esse
2605 721 2822 768 naturas
2855 733 2867 767 :
2905 735 2923 767 ι
2957 716 3318 784 Ambiguitate
3347 733 3494 786 quie-

1897 800 2090 857 stionis
2126 811 2314 857 exorta
2339 845 2354 867 ,
2396 801 2615 857 Patrum
2667 805 3203 874 interpretationibus
3249 816 3502 862 nostram

1898 895 2293 950 confessionem
2324 906 2605 966 coaptasse
2646 899 3021 966 cognoscimur
3053 918 3064 952 :
3097 899 3490 957 satisfacientes

1897 989 2040 1056 quod
2069 989 2121 1043 in
2152 989 2302 1043 nullo
2331 989 2630 1045 discordem
2662 991 3023 1060 intelligentiae
3059 1009 3246 1048 eorum
3277 994 3490 1048 detule-

1897 1081 2065 1137 rimus
2087 1081 2344 1145 animum,
2370 1081 2464 1136 sed
2486 1082 2567 1136 his
2589 1084 2787 1139 utitnur
2809 1085 3032 1141 testibus
3054 1086 3120 1140 ad
3143 1096 3339 1141 nostra:
3361 1085 3486 1141 ﬁdei

1899 1171 2225 1226 firmitatem.
2267 1193 2285 1224 ι
2340 1173 2406 1225 Et
2435 1182 2494 1228 ut
2523 1174 2836 1230 ostenderet
2863 1176 3008 1245 quod
3038 1194 3144 1231 non
3175 1186 3285 1230 tam
3316 1179 3485 1248 ipsam

1897 1279 2057 1332 quam
2087 1264 2340 1318 doctores
2368 1265 2621 1334 antiques
2642 1265 2892 1322 Ecclesia:
2912 1281 3140 1336 quorum
3162 1268 3483 1322 sententiam

1896 1354 1948 1408 in
1981 1355 2081 1409 hoc
2109 1365 2292 1410 secuta
2321 1365 2422 1418 est,
2458 1357 2698 1426 praedicti
2731 1358 3012 1428 culparent
3039 1359 3296 1424 hmretici,
3329 1375 3480 1414 com-

1894 1448 2208 1500 memoratis
2230 1447 2280 1500 in
2312 1448 2500 1501 eadem
2529 1448 2862 1504 allocutione
2883 1451 3237 1518 quorumdam
3264 1450 3494 1506 Patrum.

1894 1537 2156 1605 epistolis,
2187 1538 2348 1592 etiam
2380 1541 2558 1607 magni
2604 1539 2779 1594 Procli
2811 1540 3057 1595 volumen
3090 1540 3156 1594 ad
3199 1539 3495 1597 Armenios.

1894 1628 2044 1696 cujus
2071 1630 2124 1682 in
2151 1637 2331 1684 vestra
2363 1630 2478 1697 lege
2504 1631 2846 1698 meministis,
2875 1639 2930 1685 et
2957 1631 3237 1702 epistolam
3266 1631 3480 1700 sapien-

1894 1720 2084 1775 tissimi
2133 1719 2354 1775 Joannis
2407 1721 2728 1776 Antiocheni
2788 1723 2866 1777 sic
2919 1731 3184 1777 memorat
3233 1720 3416 1776 dicens
3464 1739 3476 1773 :

1822 1849 1864 1909 Β
1904 1832 1920 1864 ι
1957 1812 2176 1868 Necnon
2226 1822 2281 1867 et
2327 1827 2579 1882 magnum
2629 1813 2876 1870 Proclum
2927 1816 3050 1870 huic
3097 1815 3491 1886 vituperationi.

1891 1903 2156 1971 subjiciet,
2181 1904 2271 1973 qui
2294 1905 2494 1959 eisdem
2523 1904 2884 1961 Orientalibus
2911 1907 3160 1962 volumen
3190 1907 3258 1962 ad
3287 1906 3486 1961 Arme-

1888 1996 2006 2050 nios
2033 2011 2132 2064 pro
2162 1995 2285 2049 fidei
2313 1998 2662 2064 congruentia
2693 1997 2999 2053 destinavit.
3025 1998 3116 2054 His
3134 2007 3314 2054 autem
3343 2013 3476 2054 con-

1886 2086 2178 2141 sociabitur
2206 2087 2271 2140 ad
2298 2087 2510 2156 culpam
2539 2095 2596 2141 et
2622 2089 2991 2143 sanctissimus
3018 2090 3254 2144 Joannes
3284 2088 3473 2143 Antio-

1884 2178 2089 2232 chcnus
2119 2178 2438 2248 episc0pus,
2469 2179 2561 2246 qui
2604 2179 2978 2234 hazreticorum
3017 2178 3302 2235 maledicta
3337 2179 3469 2248 reji-

1884 2266 2050 2330 cicns,
2076 2273 2132 2320 ct
2152 2266 2459 2335 apostolicae
2485 2266 2743 2322 doctrinm
2766 2266 2960 2335 dogma
2983 2266 3278 2331 declarans,
3306 2267 3470 2321 totius

1883 2357 2116 2413 Orientis
2143 2359 2537 2414 confessionem
2568 2361 2716 2414 velut
2741 2377 2805 2415 ex
2845 2377 2952 2415 uno
2981 2375 3096 2424 ore,
3126 2359 3468 2414 sanctissimo

1872 2444 2077 2524 Proclo
2105 2454 2160 2502 et
2189 2448 2238 2503 ei
2265 2448 2354 2517 qui
2385 2464 2482 2519 per
2510 2448 2650 2504 idem
2676 2458 2888 2519 tempus
2918 2450 3097 2504 mundi
3128 2451 3346 2518 regebat
3374 2463 3470 2517 gu-

1882 2540 2173 2594 bernacula
2201 2539 2510 2594 destinavit.
2548 2539 2664 2595 Non
2700 2541 2861 2609 igitur
2887 2539 3181 2594 admirandi
3214 2539 3474 2594 Romana}

1883 2630 2028 2684 urbis
2051 2631 2294 2699 pnesulis
2320 2631 2636 2700 epistolam,
2669 2631 2813 2686 velut
2856 2630 3214 2686 innovationis
3240 2629 3466 2684 oil'eudi—

1883 2723 2082 2788 culum,
2111 2723 2482 2787 criminentur,
2511 2732 2616 2778 etc.
2653 2742 2672 2775 ι
2705 2722 2762 2776 In
2793 2723 2894 2778 hac
2927 2738 3057 2778 \ero
3085 2720 3467 2792 sapientissimi

1880 2813 2103 2868 Joannis
2147 2813 2464 2868 Antiocheni
2517 2823 2570 2868 et
2619 2816 2781 2870 totius
2821 2814 3055 2870 Orientis
3103 2814 3466 2878 confessione,

1882 2903 2220 2958 sanctissimo
2263 2902 2456 2958 Proclo
2494 2912 2550 2959 et
2587 2904 2898 2975 imperatori
2950 2905 3254 2960 Theodosio
3299 2903 3464 2960 desti-

1883 3005 2027 3060 nata,
2059 2996 2212 3064 cujus
2250 2996 2498 3066 exemplo
2528 2995 2760 3066 synodus
2799 2995 3254 3053 Chalcedonensis
3294 2995 3464 3051 admi-

1883 3087 2038 3141 randi
2079 3087 2338 3142 ltomanae
2374 3085 2521 3142 urbis
2561 3085 2802 3156 praesulis
2826 3128 2842 3155 ,
2882 3085 2934 3141 id
2972 3095 3056 3141 est
3091 3086 3236 3142 beati
3274 3084 3470 3141 Leonis

1885 3176 2127 3233 defendit
2165 3176 2476 3246 epistolam,
2528 3185 2586 3231 ut
2627 3184 2756 3246 pote
2784 3191 2882 3246 per
2907 3190 3069 3244 quam
3112 3184 3469 3231 memoratum

1883 3268 2147 3325 Joannem
2195 3269 2595 3324 Autiochcnum
2641 3276 2696 3322 et
2754 3267 3130 3322 haareticorum
3186 3266 3468 3322 maledicta

1883 3361 2156 3431 rejccisse,
2185 3371 2243 3416 ct
2266 3361 2564 3417 doctrinam
2594 3361 2947 3430 apostolicam
2974 3360 3278 3416 declarasse
3303 3367 3468 3418 testa:

1884 3459 1989 3518 tur,
2019 3467 2118 3521 per
2145 3467 2306 3520 quam
2337 3461 2392 3506 et
2420 3451 2550 3506 illud
2578 3452 2954 3507 confirmatum
2999 3466 3116 3507 esse
3140 3453 3313 3522 primo
3333 3451 3469 3507 libro
3497 3492 3504 3498 .

1881 3543 2180 3606 docuimus,
2209 3542 2352 3613 quod
2378 3559 2517 3598 unus
2545 3557 2613 3598 ex
2643 3542 2904 3597 Trinitate
2931 3543 3003 3597 sit
3031 3541 3289 3597 Dominus
3314 3539 3469 3596 Jcsus

1880 3637 2147 3702 Christus,
2178 3636 2346 3692 multo
2375 3635 2566 3705 majori
2595 3635 2754 3690 laude
2778 3650 2938 3706 quam
2968 3636 3022 3689 in
3049 3635 3277 3705 epistola
3305 3648 3470 3689 vene-

1881 3728 2064 3784 rabilis
2085 3727 2211 3792 lbae,
2244 3727 2563 3784 Theodorus
2592 3727 2933 3797 praedicatur.
2965 3726 3102 3781 Nam
3131 3725 3325 3782 Proelo
3350 3727 3468 3794 qui~

1879 3819 2005 3874 dem
2051 3819 2353 3874 rescribens
2393 3833 2556 3887 super
2600 3816 3009 3874 conﬁrmatione
3058 3817 3190 3871 tomi
3235 3815 3351 3884 ejus
3399 3814 3467 3870 ad

1879 3911 2164 3966 Armenios
2193 3910 2360 3974 missi,
2393 3909 2533 3965 idem
2560 3907 2796 3965 Jeannes
2832 3923 2954 3964 cum
2995 3907 3202 3978 synodo
3231 3903 3466 3962 Orientis

1879 4011 1904 4039 α
1927 4001 2058 4056 dicit
2078 4002 2194 4056 haec
2219 4019 2231 4055 :
2263 4020 2284 4052 ο
2300 3999 2416 4055 Non
2438 4002 2612 4056 solum
2636 4015 2735 4055 nos
2755 4000 2998 4055 viventes
3018 3999 3154 4054 tales
3171 3998 3464 4054 calumnias

1876 4095 1945 4149 ab
1967 4094 2048 4149 his
2070 4094 2162 4163 qui
2185 4094 2511 4149 conturbare
2529 4093 2717 4148 volunt
2737 4091 3004 4149 Ecclesias
3027 4093 3282 4148 continue
3303 4093 3462 4148 susti-

1875 4203 2069 4243 nemus
2100 4205 2112 4240 :
2142 4185 2237 4242 sed
2265 4194 2322 4242 et
2348 4187 2440 4256 qui
2465 4186 2606 4241 bene
2633 4186 2700 4241 de
2729 4186 2837 4241 vita
2863 4186 3139 4256 profectus
3165 4194 3248 4241 est
3274 4185 3463 4242 beatus

1877 4276 2215 4342 Theodorus,
2242 4283 2298 4331 et
2323 4275 2562 4344 quinque
2589 4283 2644 4330 et
2672 4272 3022 4344 quadraginta
3051 4274 3206 4330 annis
3234 4275 3380 4329 clare
3409 4275 3464 4330 in

1874 4369 2122 4424 doctrina
2150 4367 2431 4438 prtefulsit,
2465 4375 2521 4422 et
2567 4381 2784 4421 omnem
2833 4365 3080 4421 haeresim
3117 4365 3460 4436 expugnavit,

1873 4462 2075 4516 nullam
2122 4461 2322 4516 alicubi
2362 4459 2751 4515 detractionem
2801 4459 2868 4513 ab
2911 4457 3233 4513 orthodoxis
3269 4459 3460 4513 invita

1872 4552 2199 4622 suscipiens;
2245 4558 2371 4619 post
2412 4550 2557 4618 longi
2597 4549 2859 4620 temporis
2891 4548 3018 4604 hinc
3047 4549 3377 4616 discessum,
3406 4559 3461 4604 et

1871 4650 1994 4712 post
2033 4641 2199 4695 multa
2242 4641 2574 4705 certamina,
2615 4647 2669 4694 et
2702 4649 2827 4709 post
2861 4639 3047 4695 decem
3086 4640 3249 4694 millia
3297 4640 3460 4694 libros

1869 4735 2126 4789 adversus
2167 4732 2400 4787 haueses
2428 4732 2781 4802 conscriptos,
2805 4740 2860 4786 et
2881 4741 3229 4802 posteaquam
3252 4733 3303 4785 in
3325 4747 3457 4801 eon-

1867 4835 2056 4899 spectu
2082 4825 2447 4893 sacerdotum,
2495 4834 2552 4880 et
2595 4825 3092 4894 imperatorum,.et
3137 4823 3472 4894 populorum.

1867 5011 2085 5065 ciendas
2126 5011 2286 5080 docet
2312 5025 2472 5078 quam
2514 5025 2576 5064 ea
2609 5026 2728 5080 quae
2753 5011 2990 5065 Joannes
3013 5007 3152 5080 idem
3182 5017 3239 5062 et
3265 5005 3453 5080 Orico.-

1869 5081 2002 5135 tales
2026 5089 2215 5135 contra
2245 5077 2500 5148 Cyrillum
2546 5077 2813 5148 iidemque
2842 5077 3198 5134 orthodoxam
3223 5079 3454 5146 scripse-

1867 5160 2007 5226 rant,
2042 5160 2098 5204 et
2147 5167 2245 5226 pro
2279 5150 2551 5205 Nestorio.
2601 5156 2653 5204 Ei
2796 5154 3107 5226 varios-[spatiari
3137 5153 3451 5226 μαρττξρίας

1866 5219 2093 5276 Ἰωάννου
2117 5216 2207 5277 rei)
2231 5221 2542 5289 ’Λντιοχεὶας
2564 5261 2577 5284 ,
2616 5225 2697 5274 καὶ
2731 5216 2941 5280 τῆς’ὐτὶ·’
2971 5219 3120 5272 αὑτὸν
3137 5216 3450 5281 ’Λνάτολικὴς

1868 5291 2082 5348 συνόδου
2107 5295 2238 5365 ὑπὲρ
2265 5291 2550 5367 Θεοδώρου,
2581 5296 2663 5367 uti
2683 5299 2773 5352 τῆς
2799 5293 2964 5367 cedro?
2983 5290 3219 5367 ἁσείῖεἰας
3240 5293 3450 5367 pavoni:

1866 5385 1972 5427 νας,
1999 5365 2184 5434 ἀνάγκη
2204 5358 2384 5422 ista»);
2411 5358 2612 5436 κ’ᾁκεὶνα
2638 5361 2894 5425 δέξασθαι,
2921 5360 3051 5436 ἄτςξρ
3078 5358 3198 5414 ὅσον
3230 5358 3449 5436 λιλᾲσχενέτιν

1866 5435 2034 5493 αὐτοῖς
2067 5432 2138 5495 εἷς
2160 5432 2462 5506 xatérpwta
2477 5439 2568 5486 τοῦ
2592 5433 2639 5506 ἐν
2662 5432 2823 5506 ὰγὶοςς
2850 5432 3123 5506 supinae:
3156 5435 3238 5484 καὶ
3267 5432 3450 5506 ἁθετητ

1865 5526 1946 5559 σιν
1967 5513 2058 5564 τῆς
2083 5506 2230 5578 ὀρθῆς
2269 5499 2516 5563 πίστεως,
2561 5503 2605 5557 οἱ
2645 5499 2762 5578 πέρί
2784 5499 3003 5560 Ἰωάνῦην
3031 5501 3330 5578 6161313”,

1863 5574 1994 5644 ἅπερ
2019 5569 2250 5647 Excutitur
2289 5575 2552 5650 Νεσςὸριον
2590 5577 2670 5628 καὶ
2708 5569 2795 5634 ⁸ὶιάν
2841 5577 2995 5629 ocimi}
3034 5571 3324 5638 κακοδοξὶαν
3357 5569 3438 5620 ὶττὶ

1859 5643 2095 5699 πλεῖστόύ
2125 5643 2311 5721 possit
2342 5643 2669 5705 ἑκδὰοῡντες.

1860 5810 1864 5812 ’
1890 5870 1905 5882 ,
1923 5819 1939 5847 ²
1969 5819 2114 5876 idem
2141 5820 2285 5887 cod.,
2311 5837 2535 5878 suorum.
