  <div class='ocr_page' id='page_1' title='image "/cluster/home/n/w/nwhite01/storage/ocr_20150623/67/hvd.32044073505273/289.png"; bbox 0 0 3962 6196; ppageno 0'>
   <div class='ocr_carea' id='block_1_1' title="bbox 489 272 595 328">
    <p class='ocr_par' dir='ltr' id='par_1_1' title="bbox 489 272 595 328">
     <span class='ocr_line' id='line_1_1' title="bbox 489 272 595 328; baseline 0 0"><span class='ocrx_word' id='word_1_1' title='bbox 489 272 595 328; x_wconf 81' lang='grc'><strong>565</strong></span> 
     </span>
    </p>
   </div>
   <div class='ocr_carea' id='block_1_2' title="bbox 1586 263 3695 353">
    <p class='ocr_par' dir='ltr' id='par_1_2' title="bbox 1586 263 3695 353">
     <span class='ocr_line' id='line_1_2' title="bbox 1586 263 3695 353; baseline 0 -33"><span class='ocrx_word' id='word_1_2' title='bbox 1586 265 1882 322; x_wconf 77' lang='lat' dir='ltr'><strong>FACUNDI</strong></span> <span class='ocrx_word' id='word_1_3' title='bbox 1919 263 2127 320; x_wconf 73' lang='lat' dir='ltr'><strong>EPISC.</strong></span> <span class='ocrx_word' id='word_1_4' title='bbox 2169 263 2673 321; x_wconf 72' lang='lat' dir='ltr'><strong>IIERMIANENSIS</strong></span> <span class='ocrx_word' id='word_1_5' title='bbox 3611 295 3695 353; x_wconf 49' lang='lat'><strong>56‘</strong></span> 
     </span>
    </p>
   </div>
   <div class='ocr_carea' id='block_1_3' title="bbox 485 374 3702 460">
    <p class='ocr_par' dir='ltr' id='par_1_3' title="bbox 485 374 3702 460">
     <span class='ocr_line' id='line_1_3' title="bbox 485 374 3702 460; baseline -0.001 -17"><span class='ocrx_word' id='word_1_6' title='bbox 485 388 742 460; x_wconf 83' lang='lat' dir='ltr'><strong>probatus</strong></span> <span class='ocrx_word' id='word_1_7' title='bbox 767 395 867 452; x_wconf 84' lang='lat' dir='ltr'><strong>est,</strong></span> <span class='ocrx_word' id='word_1_8' title='bbox 901 383 1232 454; x_wconf 83' lang='lat' dir='ltr'><strong>periclitatur</strong></span> <span class='ocrx_word' id='word_1_9' title='bbox 1259 394 1378 449; x_wconf 80' lang='lat' dir='ltr'><strong>qua:</strong></span> <span class='ocrx_word' id='word_1_10' title='bbox 1404 380 1778 435; x_wconf 76' lang='lat' dir='ltr'><strong>lucreticorum</strong></span> <span class='ocrx_word' id='word_1_11' title='bbox 1807 389 1932 435; x_wconf 87' lang='lat' dir='ltr'><strong>sunt</strong></span> <span class='ocrx_word' id='word_1_12' title='bbox 1957 394 2076 434; x_wconf 87' lang='lat' dir='ltr'><strong>sus-</strong></span> <span class='ocrx_word' id='word_1_13' title='bbox 2106 381 2155 438; x_wconf 82' lang='lat' dir='ltr'><strong>A</strong></span> <span class='ocrx_word' id='word_1_14' title='bbox 2182 390 2437 444; x_wconf 74' lang='lat' dir='ltr'><strong>quntnam</strong></span> <span class='ocrx_word' id='word_1_15' title='bbox 2469 374 2551 429; x_wconf 77' lang='lat' dir='ltr'><strong>vel</strong></span> <span class='ocrx_word' id='word_1_16' title='bbox 2582 375 2625 429; x_wconf 87' lang='lat' dir='ltr'><strong>si</strong></span> <span class='ocrx_word' id='word_1_17' title='bbox 2650 390 2747 430; x_wconf 87' lang='lat' dir='ltr'><strong>nos</strong></span> <span class='ocrx_word' id='word_1_18' title='bbox 2774 388 2993 443; x_wconf 74' lang='lat' dir='ltr'><strong>Quoque</strong></span> <span class='ocrx_word' id='word_1_19' title='bbox 3014 385 3203 430; x_wconf 89' lang='lat' dir='ltr'><strong>contra</strong></span> <span class='ocrx_word' id='word_1_20' title='bbox 3236 379 3564 435; x_wconf 85' lang='lat' dir='ltr'><strong>testimonium</strong></span> <span class='ocrx_word' id='word_1_21' title='bbox 3597 402 3702 441; x_wconf 81' lang='lat' dir='ltr'><strong>emt-</strong></span> 
     </span>
    </p>
   </div>
   <div class='ocr_carea' id='block_1_4' title="bbox 478 473 2069 550">
    <p class='ocr_par' dir='ltr' id='par_1_4' title="bbox 478 473 2069 550">
     <span class='ocr_line' id='line_1_4' title="bbox 478 473 2069 550; baseline -0.008 -11"><span class='ocrx_word' id='word_1_22' title='bbox 478 485 671 549; x_wconf 86' lang='lat' dir='ltr'><strong>tinere,</strong></span> <span class='ocrx_word' id='word_1_23' title='bbox 698 490 754 537; x_wconf 91' lang='lat' dir='ltr'><strong>et</strong></span> <span class='ocrx_word' id='word_1_24' title='bbox 782 481 885 535; x_wconf 90' lang='lat' dir='ltr'><strong>illis</strong></span> <span class='ocrx_word' id='word_1_25' title='bbox 910 479 1183 550; x_wconf 75' lang='lat' dir='ltr'><strong>proximus</strong></span> <span class='ocrx_word' id='word_1_26' title='bbox 1207 474 1510 548; x_wconf 60' lang='lat' dir='ltr'><strong>praedicari.</strong></span> <span class='ocrx_word' id='word_1_27' title='bbox 1546 494 1564 526; x_wconf 77' lang='grc' dir='ltr'>ι</span> <span class='ocrx_word' id='word_1_28' title='bbox 1602 473 1909 530; x_wconf 88' lang='lat' dir='ltr'><strong>Theodosio</strong></span> <span class='ocrx_word' id='word_1_29' title='bbox 1938 487 2069 527; x_wconf 80' lang='lat' dir='ltr'><strong>vero</strong></span> 
     </span>
    </p>
   </div>
   <div class='ocr_carea' id='block_1_5' title="bbox 427 567 2071 644">
    <p class='ocr_par' dir='ltr' id='par_1_5' title="bbox 427 567 2071 644">
     <span class='ocr_line' id='line_1_5' title="bbox 427 567 2071 644; baseline -0.006 -15"><span class='ocrx_word' id='word_1_30' title='bbox 427 583 431 586; x_wconf 76' lang='lat'><em>‘</em></span> <span class='ocrx_word' id='word_1_31' title='bbox 478 572 817 644; x_wconf 81' lang='lat' dir='ltr'><strong>imperatori,</strong></span> <span class='ocrx_word' id='word_1_32' title='bbox 847 570 935 641; x_wconf 86' lang='lat' dir='ltr'><strong>qui</strong></span> <span class='ocrx_word' id='word_1_33' title='bbox 966 585 1065 640; x_wconf 89' lang='lat' dir='ltr'><strong>per</strong></span> <span class='ocrx_word' id='word_1_34' title='bbox 1094 569 1233 624; x_wconf 90' lang='lat' dir='ltr'><strong>idem</strong></span> <span class='ocrx_word' id='word_1_35' title='bbox 1262 577 1475 639; x_wconf 92' lang='lat' dir='ltr'><strong>tempus</strong></span> <span class='ocrx_word' id='word_1_36' title='bbox 1504 567 1688 622; x_wconf 90' lang='lat' dir='ltr'><strong>mundi</strong></span> <span class='ocrx_word' id='word_1_37' title='bbox 1721 567 1945 635; x_wconf 86' lang='lat' dir='ltr'><strong>regebat</strong></span> <span class='ocrx_word' id='word_1_38' title='bbox 1970 579 2071 634; x_wconf 88' lang='lat' dir='ltr'><strong>gu-</strong></span> 
     </span>
    </p>
   </div>
   <div class='ocr_carea' id='block_1_6' title="bbox 476 655 2069 728">
    <p class='ocr_par' dir='ltr' id='par_1_6' title="bbox 476 655 2069 728">
     <span class='ocr_line' id='line_1_6' title="bbox 476 655 2069 728; baseline -0.005 -7"><span class='ocrx_word' id='word_1_39' title='bbox 476 663 786 728; x_wconf 89' lang='lat' dir='ltr'><strong>bernacula,</strong></span> <span class='ocrx_word' id='word_1_40' title='bbox 809 662 887 717; x_wconf 89' lang='lat' dir='ltr'><strong>sic</strong></span> <span class='ocrx_word' id='word_1_41' title='bbox 906 660 1035 715; x_wconf 87' lang='lat' dir='ltr'><strong>dicit</strong></span> <span class='ocrx_word' id='word_1_42' title='bbox 1060 679 1072 713; x_wconf 89' lang='lat'>:</span> <span class='ocrx_word' id='word_1_43' title='bbox 1106 679 1123 713; x_wconf 73' lang='grc'><strong>(</strong></span> <span class='ocrx_word' id='word_1_44' title='bbox 1146 659 1463 715; x_wconf 85' lang='lat' dir='ltr'><strong>Theodorus</strong></span> <span class='ocrx_word' id='word_1_45' title='bbox 1484 659 1648 725; x_wconf 92' lang='lat' dir='ltr'><strong>enim,</strong></span> <span class='ocrx_word' id='word_1_46' title='bbox 1672 672 1832 727; x_wconf 87' lang='lat' dir='ltr'><strong>quem</strong></span> <span class='ocrx_word' id='word_1_47' title='bbox 1853 655 2069 726; x_wconf 86' lang='lat' dir='ltr'><strong>quando</strong></span> 
     </span>
    </p>
   </div>
   <div class='ocr_carea' id='block_1_7' title="bbox 476 747 2068 818">
    <p class='ocr_par' dir='ltr' id='par_1_7' title="bbox 476 747 2068 818">
     <span class='ocr_line' id='line_1_7' title="bbox 476 747 2068 818; baseline -0.004 -9"><span class='ocrx_word' id='word_1_48' title='bbox 476 754 722 818; x_wconf 86' lang='lat' dir='ltr'><strong>dicimus,</strong></span> <span class='ocrx_word' id='word_1_49' title='bbox 762 752 936 807; x_wconf 89' lang='lat' dir='ltr'><strong>virum</strong></span> <span class='ocrx_word' id='word_1_50' title='bbox 963 749 1191 807; x_wconf 86' lang='lat' dir='ltr'><strong>dicimus</strong></span> <span class='ocrx_word' id='word_1_51' title='bbox 1218 751 1273 812; x_wconf 90' lang='lat' dir='ltr'><strong>in</strong></span> <span class='ocrx_word' id='word_1_52' title='bbox 1310 749 1626 818; x_wconf 73' lang='lat' dir='ltr'><strong>episcopatu</strong></span> <span class='ocrx_word' id='word_1_53' title='bbox 1668 747 1875 803; x_wconf 88' lang='lat' dir='ltr'><strong>clarum</strong></span> <span class='ocrx_word' id='word_1_54' title='bbox 1907 747 2068 802; x_wconf 85' lang='lat' dir='ltr'><strong>tinem</strong></span> 
     </span>
    </p>
   </div>
   <div class='ocr_carea' id='block_1_8' title="bbox 478 839 2071 916">
    <p class='ocr_par' dir='ltr' id='par_1_8' title="bbox 478 839 2071 916">
     <span class='ocr_line' id='line_1_8' title="bbox 478 839 2071 916; baseline -0.008 -12"><span class='ocrx_word' id='word_1_55' title='bbox 478 847 788 911; x_wconf 77' lang='lat' dir='ltr'><strong>habentem,</strong></span> <span class='ocrx_word' id='word_1_56' title='bbox 821 854 877 901; x_wconf 91' lang='lat' dir='ltr'><strong>et</strong></span> <span class='ocrx_word' id='word_1_57' title='bbox 903 841 1289 916; x_wconf 77' lang='lat' dir='ltr'><strong>quinquaginta</strong></span> <span class='ocrx_word' id='word_1_58' title='bbox 1316 856 1458 913; x_wconf 82' lang='lat' dir='ltr'><strong>pene</strong></span> <span class='ocrx_word' id='word_1_59' title='bbox 1485 841 1640 896; x_wconf 90' lang='lat' dir='ltr'><strong>annis</strong></span> <span class='ocrx_word' id='word_1_60' title='bbox 1671 839 1881 896; x_wconf 82' lang='lat' dir='ltr'><strong>fortiter</strong></span> <span class='ocrx_word' id='word_1_61' title='bbox 1908 854 2071 908; x_wconf 90' lang='lat' dir='ltr'><strong>repu-</strong></span> 
     </span>
    </p>
   </div>
   <div class='ocr_carea' id='block_1_9' title="bbox 477 931 2072 1008">
    <p class='ocr_par' dir='ltr' id='par_1_9' title="bbox 477 931 2072 1008">
     <span class='ocr_line' id='line_1_9' title="bbox 477 931 2072 1008; baseline -0.006 -16"><span class='ocrx_word' id='word_1_62' title='bbox 477 945 727 1008; x_wconf 86' lang='lat' dir='ltr'><strong>gnantem</strong></span> <span class='ocrx_word' id='word_1_63' title='bbox 751 936 958 995; x_wconf 90' lang='lat' dir='ltr'><strong>cunctis</strong></span> <span class='ocrx_word' id='word_1_64' title='bbox 980 933 1300 1003; x_wconf 82' lang='lat' dir='ltr'><strong>haeresibus,</strong></span> <span class='ocrx_word' id='word_1_65' title='bbox 1323 942 1381 991; x_wconf 89' lang='lat' dir='ltr'><strong>et</strong></span> <span class='ocrx_word' id='word_1_66' title='bbox 1407 932 1462 987; x_wconf 91' lang='lat' dir='ltr'><strong>in</strong></span> <span class='ocrx_word' id='word_1_67' title='bbox 1490 931 1918 1002; x_wconf 84' lang='lat' dir='ltr'><strong>expositionibus</strong></span> <span class='ocrx_word' id='word_1_68' title='bbox 1935 944 2072 1000; x_wconf 90' lang='lat' dir='ltr'><strong>quas</strong></span> 
     </span>
    </p>
   </div>
   <div class='ocr_carea' id='block_1_10' title="bbox 474 1022 2072 1099">
    <p class='ocr_par' dir='ltr' id='par_1_10' title="bbox 474 1022 2072 1099">
     <span class='ocr_line' id='line_1_10' title="bbox 474 1022 2072 1099; baseline -0.004 -15"><span class='ocrx_word' id='word_1_69' title='bbox 474 1030 530 1085; x_wconf 90' lang='lat' dir='ltr'><strong>in</strong></span> <span class='ocrx_word' id='word_1_70' title='bbox 564 1029 812 1084; x_wconf 91' lang='lat' dir='ltr'><strong>omnibus</strong></span> <span class='ocrx_word' id='word_1_71' title='bbox 841 1025 1086 1083; x_wconf 89' lang='lat' dir='ltr'><strong>ecclesiis</strong></span> <span class='ocrx_word' id='word_1_72' title='bbox 1113 1025 1467 1081; x_wconf 84' lang='lat' dir='ltr'><strong>orientalibus</strong></span> <span class='ocrx_word' id='word_1_73' title='bbox 1501 1024 1733 1099; x_wconf 63' lang='lat' dir='ltr'><strong>faciebat</strong></span> <span class='ocrx_word' id='word_1_74' title='bbox 1752 1062 1767 1089; x_wconf 93' lang='lat'><strong>,</strong></span> <span class='ocrx_word' id='word_1_75' title='bbox 1797 1032 1853 1078; x_wconf 92' lang='lat' dir='ltr'><strong>et</strong></span> <span class='ocrx_word' id='word_1_76' title='bbox 1877 1022 2072 1092; x_wconf 89' lang='lat' dir='ltr'><strong>quibus</strong></span> 
     </span>
    </p>
   </div>
   <div class='ocr_carea' id='block_1_11' title="bbox 474 1109 2069 1190">
    <p class='ocr_par' dir='ltr' id='par_1_11' title="bbox 474 1109 2069 1190">
     <span class='ocr_line' id='line_1_11' title="bbox 474 1109 2069 1190; baseline -0.006 -13"><span class='ocrx_word' id='word_1_77' title='bbox 474 1123 531 1177; x_wconf 90' lang='lat' dir='ltr'><strong>in</strong></span> <span class='ocrx_word' id='word_1_78' title='bbox 560 1120 708 1190; x_wconf 84' lang='lat' dir='ltr'><strong>regia</strong></span> <span class='ocrx_word' id='word_1_79' title='bbox 736 1120 956 1175; x_wconf 83' lang='lat' dir='ltr'><strong>civitate</strong></span> <span class='ocrx_word' id='word_1_80' title='bbox 983 1117 1143 1173; x_wconf 89' lang='lat' dir='ltr'><strong>valde</strong></span> <span class='ocrx_word' id='word_1_81' title='bbox 1166 1109 1299 1173; x_wconf 85' lang='lat' dir='ltr'><strong>esse</strong></span> <span class='ocrx_word' id='word_1_82' title='bbox 1332 1116 1717 1186; x_wconf 82' lang='lat' dir='ltr'><strong>comprobatus</strong></span> <span class='ocrx_word' id='word_1_83' title='bbox 1758 1122 2006 1185; x_wconf 85' lang='lat' dir='ltr'><strong>apparet,</strong></span> <span class='ocrx_word' id='word_1_84' title='bbox 2037 1128 2069 1168; x_wconf 89' lang='lat' dir='ltr'><strong>a</strong></span> 
     </span>
    </p>
   </div>
   <div class='ocr_carea' id='block_1_12' title="bbox 480 1202 2069 1278">
    <p class='ocr_par' dir='ltr' id='par_1_12' title="bbox 480 1202 2069 1278">
     <span class='ocr_line' id='line_1_12' title="bbox 480 1202 2069 1278; baseline -0.006 -13"><span class='ocrx_word' id='word_1_85' title='bbox 480 1210 629 1266; x_wconf 92' lang='lat' dir='ltr'><strong>nullo</strong></span> <span class='ocrx_word' id='word_1_86' title='bbox 669 1222 944 1278; x_wconf 82' lang='lat' dir='ltr'><strong>quoquam</strong></span> <span class='ocrx_word' id='word_1_87' title='bbox 996 1221 1173 1276; x_wconf 89' lang='lat' dir='ltr'><strong>neque</strong></span> <span class='ocrx_word' id='word_1_88' title='bbox 1222 1205 1487 1275; x_wconf 83' lang='lat' dir='ltr'><strong>majorum</strong></span> <span class='ocrx_word' id='word_1_89' title='bbox 1514 1246 1531 1271; x_wconf 91' lang='lat'><strong>,</strong></span> <span class='ocrx_word' id='word_1_90' title='bbox 1574 1218 1749 1272; x_wconf 88' lang='lat' dir='ltr'><strong>neque</strong></span> <span class='ocrx_word' id='word_1_91' title='bbox 1790 1202 2069 1271; x_wconf 86' lang='lat' dir='ltr'><strong>similium,</strong></span> 
     </span>
    </p>
   </div>
   <div class='ocr_carea' id='block_1_13' title="bbox 479 1293 2072 1372">
    <p class='ocr_par' dir='ltr' id='par_1_13' title="bbox 479 1293 2072 1372">
     <span class='ocr_line' id='line_1_13' title="bbox 479 1293 2072 1372; baseline -0.007 -15"><span class='ocrx_word' id='word_1_92' title='bbox 479 1295 747 1372; x_wconf 76' lang='lat' dir='ltr'><strong>judicatus</strong></span> <span class='ocrx_word' id='word_1_93' title='bbox 773 1307 858 1354; x_wconf 89' lang='lat' dir='ltr'><strong>est</strong></span> <span class='ocrx_word' id='word_1_94' title='bbox 893 1298 1177 1353; x_wconf 78' lang='lat' dir='ltr'><strong>haereticus</strong></span> <span class='ocrx_word' id='word_1_95' title='bbox 1207 1315 1221 1350; x_wconf 89' lang='lat'><strong>:</strong></span> <span class='ocrx_word' id='word_1_96' title='bbox 1258 1296 1565 1352; x_wconf 82' lang='lat' dir='ltr'><strong>econtrario</strong></span> <span class='ocrx_word' id='word_1_97' title='bbox 1594 1303 1776 1350; x_wconf 90' lang='lat' dir='ltr'><strong>autem</strong></span> <span class='ocrx_word' id='word_1_98' title='bbox 1804 1293 1872 1349; x_wconf 91' lang='lat' dir='ltr'><strong>ab</strong></span> <span class='ocrx_word' id='word_1_99' title='bbox 1898 1293 2072 1350; x_wconf 91' lang='lat' dir='ltr'><strong>omni-</strong></span> 
     </span>
    </p>
   </div>
   <div class='ocr_carea' id='block_1_14' title="bbox 477 1384 2070 1458">
    <p class='ocr_par' dir='ltr' id='par_1_14' title="bbox 477 1384 2070 1458">
     <span class='ocr_line' id='line_1_14' title="bbox 477 1384 2070 1458; baseline -0.006 -10"><span class='ocrx_word' id='word_1_100' title='bbox 477 1392 581 1448; x_wconf 88' lang='lat' dir='ltr'><strong>bus</strong></span> <span class='ocrx_word' id='word_1_101' title='bbox 625 1389 997 1447; x_wconf 85' lang='lat' dir='ltr'><strong>sacerdotibus</strong></span> <span class='ocrx_word' id='word_1_102' title='bbox 1020 1426 1036 1451; x_wconf 93' lang='lat'><strong>,</strong></span> <span class='ocrx_word' id='word_1_103' title='bbox 1074 1396 1299 1458; x_wconf 84' lang='lat' dir='ltr'><strong>propter</strong></span> <span class='ocrx_word' id='word_1_104' title='bbox 1335 1402 1456 1441; x_wconf 91' lang='lat' dir='ltr'><strong>eam</strong></span> <span class='ocrx_word' id='word_1_105' title='bbox 1484 1400 1605 1455; x_wconf 82' lang='lat' dir='ltr'><strong>quae</strong></span> <span class='ocrx_word' id='word_1_106' title='bbox 1640 1385 1718 1439; x_wconf 88' lang='lat' dir='ltr'><strong>illi</strong></span> <span class='ocrx_word' id='word_1_107' title='bbox 1754 1384 1943 1439; x_wconf 89' lang='lat' dir='ltr'><strong>aderat</strong></span> <span class='ocrx_word' id='word_1_108' title='bbox 1969 1384 2070 1440; x_wconf 89' lang='lat' dir='ltr'><strong>do-</strong></span> 
     </span>
    </p>
   </div>
   <div class='ocr_carea' id='block_1_15' title="bbox 480 1477 2069 1552">
    <p class='ocr_par' dir='ltr' id='par_1_15' title="bbox 480 1477 2069 1552">
     <span class='ocr_line' id='line_1_15' title="bbox 480 1477 2069 1552; baseline -0.007 -10"><span class='ocrx_word' id='word_1_109' title='bbox 480 1485 666 1542; x_wconf 70' lang='lat' dir='ltr'><strong>ctrinm</strong></span> <span class='ocrx_word' id='word_1_110' title='bbox 692 1484 921 1552; x_wconf 87' lang='lat' dir='ltr'><strong>gratiam</strong></span> <span class='ocrx_word' id='word_1_111' title='bbox 944 1522 960 1549; x_wconf 91' lang='lat'><strong>,</strong></span> <span class='ocrx_word' id='word_1_112' title='bbox 999 1480 1052 1535; x_wconf 93' lang='lat' dir='ltr'><strong>in</strong></span> <span class='ocrx_word' id='word_1_113' title='bbox 1091 1480 1446 1536; x_wconf 90' lang='lat' dir='ltr'><strong>admiratione</strong></span> <span class='ocrx_word' id='word_1_114' title='bbox 1484 1494 1699 1549; x_wconf 92' lang='lat' dir='ltr'><strong>semper</strong></span> <span class='ocrx_word' id='word_1_115' title='bbox 1724 1486 1808 1535; x_wconf 89' lang='lat' dir='ltr'><strong>est</strong></span> <span class='ocrx_word' id='word_1_116' title='bbox 1834 1477 2069 1543; x_wconf 88' lang='lat' dir='ltr'><strong>habitus,</strong></span> 
     </span>
    </p>
   </div>
   <div class='ocr_carea' id='block_1_16' title="bbox 478 1570 2070 1649">
    <p class='ocr_par' dir='ltr' id='par_1_16' title="bbox 478 1570 2070 1649">
     <span class='ocr_line' id='line_1_16' title="bbox 478 1570 2070 1649; baseline -0.007 -15"><span class='ocrx_word' id='word_1_117' title='bbox 478 1585 536 1634; x_wconf 93' lang='lat' dir='ltr'><strong>et</strong></span> <span class='ocrx_word' id='word_1_118' title='bbox 562 1576 895 1649; x_wconf 88' lang='lat' dir='ltr'><strong>superiorem</strong></span> <span class='ocrx_word' id='word_1_119' title='bbox 935 1573 1401 1642; x_wconf 76' lang='lat' dir='ltr'><strong>honoremgloria</strong></span> <span class='ocrx_word' id='word_1_120' title='bbox 1443 1574 1457 1603; x_wconf 89' lang='grc'>¹</span> <span class='ocrx_word' id='word_1_121' title='bbox 1499 1570 1738 1642; x_wconf 90' lang='lat' dir='ltr'><strong>possedit</strong></span> <span class='ocrx_word' id='word_1_122' title='bbox 1770 1587 1785 1624; x_wconf 90' lang='lat'><strong>:</strong></span> <span class='ocrx_word' id='word_1_123' title='bbox 1817 1580 1874 1624; x_wconf 91' lang='lat' dir='ltr'><strong>et</strong></span> <span class='ocrx_word' id='word_1_124' title='bbox 1901 1585 2010 1624; x_wconf 92' lang='lat' dir='ltr'><strong>non</strong></span> <span class='ocrx_word' id='word_1_125' title='bbox 2040 1585 2070 1622; x_wconf 90' lang='lat' dir='ltr'><strong>a</strong></span> 
     </span>
    </p>
   </div>
   <div class='ocr_carea' id='block_1_17' title="bbox 480 1660 2072 1727">
    <p class='ocr_par' dir='ltr' id='par_1_17' title="bbox 480 1660 2072 1727">
     <span class='ocr_line' id='line_1_17' title="bbox 480 1660 2072 1727; baseline -0.008 -2"><span class='ocrx_word' id='word_1_126' title='bbox 480 1667 854 1725; x_wconf 87' lang='lat' dir='ltr'><strong>sacerdotibus</strong></span> <span class='ocrx_word' id='word_1_127' title='bbox 885 1663 1286 1727; x_wconf 85' lang='lat' dir='ltr'><strong>tantummodo,</strong></span> <span class='ocrx_word' id='word_1_128' title='bbox 1314 1662 1407 1717; x_wconf 77' lang='lat' dir='ltr'><strong>sed</strong></span> <span class='ocrx_word' id='word_1_129' title='bbox 1437 1678 1468 1716; x_wconf 91' lang='lat' dir='ltr'><strong>a</strong></span> <span class='ocrx_word' id='word_1_130' title='bbox 1495 1660 1858 1717; x_wconf 89' lang='lat' dir='ltr'><strong>sacratissimo</strong></span> <span class='ocrx_word' id='word_1_131' title='bbox 1888 1666 2072 1714; x_wconf 88' lang='lat' dir='ltr'><strong>vestro</strong></span> 
     </span>
    </p>
   </div>
   <div class='ocr_carea' id='block_1_18' title="bbox 2178 463 3701 536">
    <p class='ocr_par' dir='ltr' id='par_1_18' title="bbox 2178 463 3701 536">
     <span class='ocr_line' id='line_1_18' title="bbox 2178 463 3701 536; baseline 0.007 -16"><span class='ocrx_word' id='word_1_132' title='bbox 2178 464 2419 520; x_wconf 75' lang='lat' dir='ltr'><strong>scientia:</strong></span> <span class='ocrx_word' id='word_1_133' title='bbox 2448 464 2777 533; x_wconf 83' lang='lat' dir='ltr'><strong>denegemus</strong></span> <span class='ocrx_word' id='word_1_134' title='bbox 2804 463 3090 536; x_wconf 89' lang='lat' dir='ltr'><strong>epistolam</strong></span> <span class='ocrx_word' id='word_1_135' title='bbox 3121 468 3427 523; x_wconf 83' lang='lat' dir='ltr'><strong>venerabilis</strong></span> <span class='ocrx_word' id='word_1_136' title='bbox 3446 470 3539 526; x_wconf 77' lang='lat' dir='ltr'><strong>lba:</strong></span> <span class='ocrx_word' id='word_1_137' title='bbox 3560 479 3701 531; x_wconf 87' lang='lat' dir='ltr'><strong>ortho-</strong></span> 
     </span>
    </p>
   </div>
   <div class='ocr_carea' id='block_1_19' title="bbox 2173 558 3705 631">
    <p class='ocr_par' dir='ltr' id='par_1_19' title="bbox 2173 558 3705 631">
     <span class='ocr_line' id='line_1_19' title="bbox 2173 558 3705 631; baseline 0.006 -16"><span class='ocrx_word' id='word_1_138' title='bbox 2173 561 2371 616; x_wconf 80' lang='lat' dir='ltr'><strong>doxam</strong></span> <span class='ocrx_word' id='word_1_139' title='bbox 2400 558 2565 614; x_wconf 85' lang='lat' dir='ltr'><strong>fuisse</strong></span> <span class='ocrx_word' id='word_1_140' title='bbox 2587 558 2883 628; x_wconf 90' lang='lat' dir='ltr'><strong>judicatam</strong></span> <span class='ocrx_word' id='word_1_141' title='bbox 2910 559 2966 614; x_wconf 91' lang='lat' dir='ltr'><strong>in</strong></span> <span class='ocrx_word' id='word_1_142' title='bbox 2990 559 3219 631; x_wconf 83' lang='lat' dir='ltr'><strong>synodo,</strong></span> <span class='ocrx_word' id='word_1_143' title='bbox 3251 570 3303 615; x_wconf 94' lang='lat' dir='ltr'><strong>ct</strong></span> <span class='ocrx_word' id='word_1_144' title='bbox 3328 562 3441 618; x_wconf 85' lang='lat' dir='ltr'><strong>huic</strong></span> <span class='ocrx_word' id='word_1_145' title='bbox 3476 569 3705 624; x_wconf 83' lang='lat' dir='ltr'><strong>tuettdaeio</strong></span> 
     </span>
    </p>
   </div>
   <div class='ocr_carea' id='block_1_20' title="bbox 2175 651 3705 722">
    <p class='ocr_par' dir='ltr' id='par_1_20' title="bbox 2175 651 3705 722">
     <span class='ocr_line' id='line_1_20' title="bbox 2175 651 3705 722; baseline 0.006 -16"><span class='ocrx_word' id='word_1_146' title='bbox 2175 654 2337 707; x_wconf 90' lang='lat' dir='ltr'><strong>etiam</strong></span> <span class='ocrx_word' id='word_1_147' title='bbox 2368 651 2497 706; x_wconf 82' lang='lat' dir='ltr'><strong>illud</strong></span> <span class='ocrx_word' id='word_1_148' title='bbox 2526 651 2808 720; x_wconf 86' lang='lat' dir='ltr'><strong>addamus,</strong></span> <span class='ocrx_word' id='word_1_149' title='bbox 2838 651 2986 721; x_wconf 91' lang='lat' dir='ltr'><strong>quod</strong></span> <span class='ocrx_word' id='word_1_150' title='bbox 3029 666 3134 707; x_wconf 91' lang='lat' dir='ltr'><strong>nec</strong></span> <span class='ocrx_word' id='word_1_151' title='bbox 3162 652 3228 706; x_wconf 91' lang='lat' dir='ltr'><strong>ad</strong></span> <span class='ocrx_word' id='word_1_152' title='bbox 3257 652 3365 722; x_wconf 85' lang='lat' dir='ltr'><strong>ejus</strong></span> <span class='ocrx_word' id='word_1_153' title='bbox 3390 654 3530 710; x_wconf 83' lang='lat' dir='ltr'><strong>fuerit</strong></span> <span class='ocrx_word' id='word_1_154' title='bbox 3565 658 3705 717; x_wconf 79' lang='lat' dir='ltr'><strong>delata</strong></span> 
     </span>
    </p>
   </div>
   <div class='ocr_carea' id='block_1_21' title="bbox 2171 746 3709 819">
    <p class='ocr_par' dir='ltr' id='par_1_21' title="bbox 2171 746 3709 819">
     <span class='ocr_line' id='line_1_21' title="bbox 2171 746 3709 819; baseline 0.003 -16"><span class='ocrx_word' id='word_1_155' title='bbox 2171 748 2455 818; x_wconf 88' lang='lat' dir='ltr'><strong>judicium,</strong></span> <span class='ocrx_word' id='word_1_156' title='bbox 2484 746 2740 818; x_wconf 54' lang='lat' dir='ltr'><strong>praedicta</strong></span> <span class='ocrx_word' id='word_1_157' title='bbox 2771 747 3012 818; x_wconf 86' lang='lat' dir='ltr'><strong>synodus</strong></span> <span class='ocrx_word' id='word_1_158' title='bbox 3051 762 3083 801; x_wconf 90' lang='lat' dir='ltr'><strong>a</strong></span> <span class='ocrx_word' id='word_1_159' title='bbox 3129 747 3283 802; x_wconf 90' lang='lat' dir='ltr'><strong>nobis</strong></span> <span class='ocrx_word' id='word_1_160' title='bbox 3321 762 3422 802; x_wconf 95' lang='lat' dir='ltr'><strong>non</strong></span> <span class='ocrx_word' id='word_1_161' title='bbox 3456 752 3606 819; x_wconf 81' lang='lat' dir='ltr'><strong>possit</strong></span> <span class='ocrx_word' id='word_1_162' title='bbox 3637 754 3709 808; x_wconf 84' lang='lat' dir='ltr'><strong>de-</strong></span> 
     </span>
    </p>
   </div>
   <div class='ocr_carea' id='block_1_22' title="bbox 2176 836 3709 909">
    <p class='ocr_par' dir='ltr' id='par_1_22' title="bbox 2176 836 3709 909">
     <span class='ocr_line' id='line_1_22' title="bbox 2176 836 3709 909; baseline 0.003 -18"><span class='ocrx_word' id='word_1_163' title='bbox 2176 838 2325 895; x_wconf 90' lang='lat' dir='ltr'><strong>fendi</strong></span> <span class='ocrx_word' id='word_1_164' title='bbox 2340 839 2383 905; x_wconf 86' lang='grc'><strong>³,</strong></span> <span class='ocrx_word' id='word_1_165' title='bbox 2402 839 2451 893; x_wconf 89' lang='lat' dir='ltr'><strong>si</strong></span> <span class='ocrx_word' id='word_1_166' title='bbox 2464 837 2713 895; x_wconf 84' lang='lat' dir='ltr'><strong>eamdem</strong></span> <span class='ocrx_word' id='word_1_167' title='bbox 2741 838 3023 909; x_wconf 85' lang='lat' dir='ltr'><strong>epistolam</strong></span> <span class='ocrx_word' id='word_1_168' title='bbox 3037 852 3136 908; x_wconf 92' lang='lat' dir='ltr'><strong>pro</strong></span> <span class='ocrx_word' id='word_1_169' title='bbox 3149 836 3412 895; x_wconf 89' lang='lat' dir='ltr'><strong>Theodori</strong></span> <span class='ocrx_word' id='word_1_170' title='bbox 3431 840 3570 897; x_wconf 87' lang='lat' dir='ltr'><strong>laude</strong></span> <span class='ocrx_word' id='word_1_171' title='bbox 3587 842 3709 896; x_wconf 71' lang='lat' dir='ltr'><strong>daul-</strong></span> 
     </span>
    </p>
   </div>
   <div class='ocr_carea' id='block_1_23' title="bbox 2176 926 3713 998">
    <p class='ocr_par' dir='ltr' id='par_1_23' title="bbox 2176 926 3713 998">
     <span class='ocr_line' id='line_1_23' title="bbox 2176 926 3713 998; baseline 0.003 -15"><span class='ocrx_word' id='word_1_172' title='bbox 2176 944 2387 984; x_wconf 89' lang='lat' dir='ltr'><strong>nemus.</strong></span> <span class='ocrx_word' id='word_1_173' title='bbox 2417 927 2489 982; x_wconf 87' lang='lat' dir='ltr'><strong>Et</strong></span> <span class='ocrx_word' id='word_1_174' title='bbox 2511 927 2587 983; x_wconf 89' lang='lat' dir='ltr'><strong>illi</strong></span> <span class='ocrx_word' id='word_1_175' title='bbox 2619 926 2837 998; x_wconf 87' lang='lat' dir='ltr'><strong>quidem</strong></span> <span class='ocrx_word' id='word_1_176' title='bbox 2865 927 2960 997; x_wconf 87' lang='lat' dir='ltr'><strong>qui</strong></span> <span class='ocrx_word' id='word_1_177' title='bbox 2986 926 3237 982; x_wconf 87' lang='lat' dir='ltr'><strong>videntur</strong></span> <span class='ocrx_word' id='word_1_178' title='bbox 3276 927 3328 982; x_wconf 93' lang='lat' dir='ltr'><strong>in</strong></span> <span class='ocrx_word' id='word_1_179' title='bbox 3369 927 3589 986; x_wconf 86' lang='lat' dir='ltr'><strong>Ecclesia</strong></span> <span class='ocrx_word' id='word_1_180' title='bbox 3619 932 3713 988; x_wconf 86' lang='lat' dir='ltr'><strong>falsi</strong></span> 
     </span>
    </p>
   </div>
   <div class='ocr_carea' id='block_1_24' title="bbox 2176 1020 3714 1091">
    <p class='ocr_par' dir='ltr' id='par_1_24' title="bbox 2176 1020 3714 1091">
     <span class='ocr_line' id='line_1_24' title="bbox 2176 1020 3714 1091; baseline 0.001 -16"><span class='ocrx_word' id='word_1_181' title='bbox 2176 1020 2394 1090; x_wconf 84' lang='lat' dir='ltr'><strong>fratres,</strong></span> <span class='ocrx_word' id='word_1_182' title='bbox 2434 1020 2525 1090; x_wconf 88' lang='lat' dir='ltr'><strong>qui</strong></span> <span class='ocrx_word' id='word_1_183' title='bbox 2576 1021 2780 1076; x_wconf 84' lang='lat' dir='ltr'><strong>utinam</strong></span> <span class='ocrx_word' id='word_1_184' title='bbox 2819 1020 2951 1075; x_wconf 85' lang='lat' dir='ltr'><strong>foris</strong></span> <span class='ocrx_word' id='word_1_185' title='bbox 2998 1027 3201 1086; x_wconf 87' lang='lat' dir='ltr'><strong>essent,</strong></span> <span class='ocrx_word' id='word_1_186' title='bbox 3253 1020 3409 1076; x_wconf 92' lang='lat' dir='ltr'><strong>modo</strong></span> <span class='ocrx_word' id='word_1_187' title='bbox 3447 1024 3714 1091; x_wconf 85' lang='lat' dir='ltr'><strong>negantibus</strong></span> 
     </span>
    </p>
   </div>
   <div class='ocr_carea' id='block_1_25' title="bbox 2176 1109 3717 1180">
    <p class='ocr_par' dir='ltr' id='par_1_25' title="bbox 2176 1109 3717 1180">
     <span class='ocr_line' id='line_1_25' title="bbox 2176 1109 3717 1180; baseline 0.001 -13"><span class='ocrx_word' id='word_1_188' title='bbox 2176 1128 2283 1167; x_wconf 89' lang='lat' dir='ltr'><strong>non</strong></span> <span class='ocrx_word' id='word_1_189' title='bbox 2316 1112 2593 1173; x_wconf 89' lang='lat' dir='ltr'><strong>resistunt,</strong></span> <span class='ocrx_word' id='word_1_190' title='bbox 2630 1110 2873 1180; x_wconf 92' lang='lat' dir='ltr'><strong>quinimo</strong></span> <span class='ocrx_word' id='word_1_191' title='bbox 2901 1118 2958 1166; x_wconf 90' lang='lat' dir='ltr'><strong>et</strong></span> <span class='ocrx_word' id='word_1_192' title='bbox 2997 1109 3341 1166; x_wconf 66' lang='lat' dir='ltr'><strong>laudantur‘.</strong></span> <span class='ocrx_word' id='word_1_193' title='bbox 3373 1110 3517 1177; x_wconf 86' lang='lat' dir='ltr'><strong>Quod</strong></span> <span class='ocrx_word' id='word_1_194' title='bbox 3549 1120 3600 1167; x_wconf 90' lang='lat' dir='ltr'><strong>ut</strong></span> <span class='ocrx_word' id='word_1_195' title='bbox 3638 1128 3717 1168; x_wconf 85' lang='lat' dir='ltr'><strong>nos</strong></span> 
     </span>
    </p>
   </div>
   <div class='ocr_carea' id='block_1_26' title="bbox 2174 1205 3718 1276">
    <p class='ocr_par' dir='ltr' id='par_1_26' title="bbox 2174 1205 3718 1276">
     <span class='ocr_line' id='line_1_26' title="bbox 2174 1205 3718 1276; baseline 0.002 -15"><span class='ocrx_word' id='word_1_196' title='bbox 2174 1206 2497 1262; x_wconf 88' lang='lat' dir='ltr'><strong>seducerent</strong></span> <span class='ocrx_word' id='word_1_197' title='bbox 2524 1205 2788 1261; x_wconf 85' lang='lat' dir='ltr'><strong>fallaciter</strong></span> <span class='ocrx_word' id='word_1_198' title='bbox 2816 1205 3192 1261; x_wconf 88' lang='lat' dir='ltr'><strong>immiserunt:</strong></span> <span class='ocrx_word' id='word_1_199' title='bbox 3221 1214 3279 1261; x_wconf 93' lang='lat' dir='ltr'><strong>ut</strong></span> <span class='ocrx_word' id='word_1_200' title='bbox 3301 1214 3476 1276; x_wconf 88' lang='lat' dir='ltr'><strong>postea</strong></span> <span class='ocrx_word' id='word_1_201' title='bbox 3512 1208 3643 1263; x_wconf 86' lang='lat' dir='ltr'><strong>nobis</strong></span> <span class='ocrx_word' id='word_1_202' title='bbox 3664 1210 3718 1264; x_wconf 87' lang='lat' dir='ltr'><strong>ab</strong></span> 
     </span>
    </p>
   </div>
   <div class='ocr_carea' id='block_1_27' title="bbox 2175 1296 3719 1368">
    <p class='ocr_par' dir='ltr' id='par_1_27' title="bbox 2175 1296 3719 1368">
     <span class='ocr_line' id='line_1_27' title="bbox 2175 1296 3719 1368; baseline 0.002 -16"><span class='ocrx_word' id='word_1_203' title='bbox 2175 1298 2323 1368; x_wconf 89' lang='lat' dir='ltr'><strong>ipsis,</strong></span> <span class='ocrx_word' id='word_1_204' title='bbox 2349 1298 2434 1353; x_wconf 91' lang='lat' dir='ltr'><strong>vel</strong></span> <span class='ocrx_word' id='word_1_205' title='bbox 2456 1299 2523 1352; x_wconf 91' lang='lat' dir='ltr'><strong>ab</strong></span> <span class='ocrx_word' id='word_1_206' title='bbox 2552 1297 2634 1353; x_wconf 91' lang='lat' dir='ltr'><strong>his</strong></span> <span class='ocrx_word' id='word_1_207' title='bbox 2660 1298 2754 1367; x_wconf 88' lang='lat' dir='ltr'><strong>qui</strong></span> <span class='ocrx_word' id='word_1_208' title='bbox 2784 1296 2914 1353; x_wconf 89' lang='lat' dir='ltr'><strong>foris</strong></span> <span class='ocrx_word' id='word_1_209' title='bbox 2937 1305 3062 1352; x_wconf 89' lang='lat' dir='ltr'><strong>sunt</strong></span> <span class='ocrx_word' id='word_1_210' title='bbox 3089 1298 3299 1353; x_wconf 85' lang='lat' dir='ltr'><strong>dicatur</strong></span> <span class='ocrx_word' id='word_1_211' title='bbox 3325 1297 3608 1354; x_wconf 67' lang='lat' dir='ltr'><strong>haereticis:</strong></span> <span class='ocrx_word' id='word_1_212' title='bbox 3635 1301 3719 1367; x_wconf 81' lang='lat' dir='ltr'><strong>Qui</strong></span> 
     </span>
    </p>
   </div>
   <div class='ocr_carea' id='block_1_28' title="bbox 2176 1386 3719 1461">
    <p class='ocr_par' dir='ltr' id='par_1_28' title="bbox 2176 1386 3719 1461">
     <span class='ocr_line' id='line_1_28' title="bbox 2176 1386 3719 1461; baseline 0.001 -19"><span class='ocrx_word' id='word_1_213' title='bbox 2176 1387 2521 1442; x_wconf 88' lang='lat' dir='ltr'><strong>Theodorum</strong></span> <span class='ocrx_word' id='word_1_214' title='bbox 2566 1387 2712 1456; x_wconf 88' lang='lat' dir='ltr'><strong>juste</strong></span> <span class='ocrx_word' id='word_1_215' title='bbox 2752 1386 3070 1461; x_wconf 88' lang='lat' dir='ltr'><strong>damnastis,</strong></span> <span class='ocrx_word' id='word_1_216' title='bbox 3101 1386 3249 1456; x_wconf 90' lang='lat' dir='ltr'><strong>quod</strong></span> <span class='ocrx_word' id='word_1_217' title='bbox 3276 1386 3392 1455; x_wconf 84' lang='lat' dir='ltr'><strong>ejus</strong></span> <span class='ocrx_word' id='word_1_218' title='bbox 3415 1387 3577 1441; x_wconf 87' lang='lat' dir='ltr'><strong>omnia</strong></span> <span class='ocrx_word' id='word_1_219' title='bbox 3602 1388 3719 1444; x_wconf 84' lang='lat' dir='ltr'><strong>dicta</strong></span> 
     </span>
    </p>
   </div>
   <div class='ocr_carea' id='block_1_29' title="bbox 2174 1478 3717 1549">
    <p class='ocr_par' dir='ltr' id='par_1_29' title="bbox 2174 1478 3717 1549">
     <span class='ocr_line' id='line_1_29' title="bbox 2174 1478 3717 1549; baseline 0.001 -16"><span class='ocrx_word' id='word_1_220' title='bbox 2174 1479 2375 1534; x_wconf 90' lang='lat' dir='ltr'><strong>diaboli</strong></span> <span class='ocrx_word' id='word_1_221' title='bbox 2404 1479 2870 1549; x_wconf 89' lang='lat' dir='ltr'><strong>transgrediantur</strong></span> <span class='ocrx_word' id='word_1_222' title='bbox 2895 1479 3181 1546; x_wconf 87' lang='lat' dir='ltr'><strong>insaniam,</strong></span> <span class='ocrx_word' id='word_1_223' title='bbox 3213 1488 3272 1535; x_wconf 89' lang='lat' dir='ltr'><strong>et</strong></span> <span class='ocrx_word' id='word_1_224' title='bbox 3297 1478 3414 1534; x_wconf 90' lang='lat' dir='ltr'><strong>ideo</strong></span> <span class='ocrx_word' id='word_1_225' title='bbox 3432 1495 3717 1549; x_wconf 86' lang='lat' dir='ltr'><strong>consequen-</strong></span> 
     </span>
    </p>
   </div>
   <div class='ocr_carea' id='block_1_30' title="bbox 2177 1569 3721 1643">
    <p class='ocr_par' dir='ltr' id='par_1_30' title="bbox 2177 1569 3721 1643">
     <span class='ocr_line' id='line_1_30' title="bbox 2177 1569 3721 1643; baseline 0.003 -20"><span class='ocrx_word' id='word_1_226' title='bbox 2177 1578 2259 1624; x_wconf 90' lang='lat' dir='ltr'><strong>ter</strong></span> <span class='ocrx_word' id='word_1_227' title='bbox 2286 1570 2447 1624; x_wconf 88' lang='lat' dir='ltr'><strong>etiam</strong></span> <span class='ocrx_word' id='word_1_228' title='bbox 2486 1569 2591 1624; x_wconf 67' lang='lat' dir='ltr'><strong>lbte</strong></span> <span class='ocrx_word' id='word_1_229' title='bbox 2635 1570 2898 1640; x_wconf 89' lang='lat' dir='ltr'><strong>rejecistis</strong></span> <span class='ocrx_word' id='word_1_230' title='bbox 2938 1570 3242 1640; x_wconf 89' lang='lat' dir='ltr'><strong>epistolam,</strong></span> <span class='ocrx_word' id='word_1_231' title='bbox 3290 1578 3447 1639; x_wconf 91' lang='lat' dir='ltr'><strong>atque</strong></span> <span class='ocrx_word' id='word_1_232' title='bbox 3488 1587 3517 1625; x_wconf 92' lang='lat' dir='ltr'><strong>a</strong></span> <span class='ocrx_word' id='word_1_233' title='bbox 3554 1574 3721 1643; x_wconf 82' lang='lat' dir='ltr'><strong>synodo</strong></span> 
     </span>
    </p>
   </div>
   <div class='ocr_carea' id='block_1_31' title="bbox 2178 1659 3723 1731">
    <p class='ocr_par' dir='ltr' id='par_1_31' title="bbox 2178 1659 3723 1731">
     <span class='ocr_line' id='line_1_31' title="bbox 2178 1659 3723 1731; baseline 0.001 -18"><span class='ocrx_word' id='word_1_234' title='bbox 2178 1659 2417 1728; x_wconf 80' lang='lat' dir='ltr'><strong>negastis</strong></span> <span class='ocrx_word' id='word_1_235' title='bbox 2444 1673 2566 1715; x_wconf 92' lang='lat' dir='ltr'><strong>esse</strong></span> <span class='ocrx_word' id='word_1_236' title='bbox 2593 1668 2923 1730; x_wconf 90' lang='lat' dir='ltr'><strong>susceptam,</strong></span> <span class='ocrx_word' id='word_1_237' title='bbox 2954 1660 3167 1715; x_wconf 89' lang='lat' dir='ltr'><strong>crimini</strong></span> <span class='ocrx_word' id='word_1_238' title='bbox 3207 1661 3392 1729; x_wconf 86' lang='lat' dir='ltr'><strong>utique</strong></span> <span class='ocrx_word' id='word_1_239' title='bbox 3429 1661 3723 1731; x_wconf 87' lang='lat' dir='ltr'><strong>deputantes,</strong></span> 
     </span>
    </p>
   </div>
   <div class='ocr_carea' id='block_1_32' title="bbox 480 1752 3725 1831">
    <p class='ocr_par' dir='ltr' id='par_1_32' title="bbox 480 1752 3725 1831">
     <span class='ocr_line' id='line_1_32' title="bbox 480 1752 3725 1831; baseline -0.003 -14"><span class='ocrx_word' id='word_1_240' title='bbox 480 1777 607 1831; x_wconf 87' lang='lat' dir='ltr'><strong>avo,</strong></span> <span class='ocrx_word' id='word_1_241' title='bbox 636 1760 862 1831; x_wconf 80' lang='lat' dir='ltr'><strong>dicimus</strong></span> <span class='ocrx_word' id='word_1_242' title='bbox 890 1765 974 1812; x_wconf 89' lang='lat' dir='ltr'><strong>ter</strong></span> <span class='ocrx_word' id='word_1_243' title='bbox 998 1757 1191 1821; x_wconf 86' lang='lat' dir='ltr'><strong>beato,</strong></span> <span class='ocrx_word' id='word_1_244' title='bbox 1223 1763 1279 1809; x_wconf 93' lang='lat' dir='ltr'><strong>et</strong></span> <span class='ocrx_word' id='word_1_245' title='bbox 1308 1769 1339 1808; x_wconf 91' lang='lat' dir='ltr'><strong>a</strong></span> <span class='ocrx_word' id='word_1_246' title='bbox 1371 1753 1481 1807; x_wconf 90' lang='lat' dir='ltr'><strong>Deo</strong></span> <span class='ocrx_word' id='word_1_247' title='bbox 1513 1752 1723 1822; x_wconf 88' lang='lat' dir='ltr'><strong>imperii</strong></span> <span class='ocrx_word' id='word_1_248' title='bbox 1743 1758 1955 1820; x_wconf 89' lang='lat' dir='ltr'><strong>sceptra</strong></span> <span class='ocrx_word' id='word_1_249' title='bbox 1983 1764 2073 1804; x_wconf 89' lang='lat' dir='ltr'><strong>su-</strong></span> <span class='ocrx_word' id='word_1_250' title='bbox 2104 1759 2152 1819; x_wconf 84' lang='grc' dir='ltr'><strong>Β</strong></span> <span class='ocrx_word' id='word_1_251' title='bbox 2178 1755 2224 1809; x_wconf 91' lang='lat' dir='ltr'><strong>si</strong></span> <span class='ocrx_word' id='word_1_252' title='bbox 2289 1768 2410 1808; x_wconf 89' lang='lat' dir='ltr'><strong>eam</strong></span> <span class='ocrx_word' id='word_1_253' title='bbox 2460 1754 2820 1810; x_wconf 82' lang='lat' dir='ltr'><strong>orthodoxam</strong></span> <span class='ocrx_word' id='word_1_254' title='bbox 2873 1752 3257 1823; x_wconf 87' lang='lat' dir='ltr'><strong>pronuntiasse</strong></span> <span class='ocrx_word' id='word_1_255' title='bbox 3304 1752 3588 1831; x_wconf 86' lang='lat' dir='ltr'><strong>diceretur,</strong></span> <span class='ocrx_word' id='word_1_256' title='bbox 3630 1768 3725 1822; x_wconf 69' lang='lat' dir='ltr'><strong>qua:</strong></span> 
     </span>
    </p>
   </div>
   <div class='ocr_carea' id='block_1_33' title="bbox 480 1842 2069 1909">
    <p class='ocr_par' dir='ltr' id='par_1_33' title="bbox 480 1842 2069 1909">
     <span class='ocr_line' id='line_1_33' title="bbox 480 1842 2069 1909; baseline -0.007 -1"><span class='ocrx_word' id='word_1_257' title='bbox 480 1860 663 1908; x_wconf 90' lang='lat' dir='ltr'><strong>mente</strong></span> <span class='ocrx_word' id='word_1_258' title='bbox 687 1859 742 1907; x_wconf 90' lang='lat' dir='ltr'><strong>et</strong></span> <span class='ocrx_word' id='word_1_259' title='bbox 774 1850 927 1906; x_wconf 81' lang='lat' dir='ltr'><strong>vobis</strong></span> <span class='ocrx_word' id='word_1_260' title='bbox 957 1847 1356 1904; x_wconf 87' lang='lat' dir='ltr'><strong>transmittente</strong></span> <span class='ocrx_word' id='word_1_261' title='bbox 1386 1844 1716 1900; x_wconf 88' lang='lat' dir='ltr'><strong>Theodosio.</strong></span> <span class='ocrx_word' id='word_1_262' title='bbox 1758 1842 1859 1909; x_wconf 86' lang='lat' dir='ltr'><strong>Qui</strong></span> <span class='ocrx_word' id='word_1_263' title='bbox 1889 1844 1941 1896; x_wconf 90' lang='lat' dir='ltr'><strong>in</strong></span> <span class='ocrx_word' id='word_1_264' title='bbox 1973 1842 2069 1897; x_wconf 86' lang='lat' dir='ltr'><strong>de-</strong></span> 
     </span>
    </p>
   </div>
   <div class='ocr_carea' id='block_1_34' title="bbox 478 1934 2070 2005">
    <p class='ocr_par' dir='ltr' id='par_1_34' title="bbox 478 1934 2070 2005">
     <span class='ocr_line' id='line_1_34' title="bbox 478 1934 2070 2005; baseline -0.006 -6"><span class='ocrx_word' id='word_1_265' title='bbox 478 1943 680 2000; x_wconf 90' lang='lat' dir='ltr'><strong>siderio</strong></span> <span class='ocrx_word' id='word_1_266' title='bbox 710 1942 935 1999; x_wconf 83' lang='lat' dir='ltr'><strong>visionis</strong></span> <span class='ocrx_word' id='word_1_267' title='bbox 957 1940 1060 1995; x_wconf 86' lang='lat' dir='ltr'><strong>viri</strong></span> <span class='ocrx_word' id='word_1_268' title='bbox 1091 1939 1282 2005; x_wconf 88' lang='lat' dir='ltr'><strong>factus,</strong></span> <span class='ocrx_word' id='word_1_269' title='bbox 1316 1940 1371 1993; x_wconf 91' lang='lat' dir='ltr'><strong>in</strong></span> <span class='ocrx_word' id='word_1_270' title='bbox 1402 1937 1635 1993; x_wconf 86' lang='lat' dir='ltr'><strong>ecclesia</strong></span> <span class='ocrx_word' id='word_1_271' title='bbox 1665 1935 1782 2004; x_wconf 91' lang='lat' dir='ltr'><strong>ejus</strong></span> <span class='ocrx_word' id='word_1_272' title='bbox 1811 1934 2070 1995; x_wconf 66' lang='lat' dir='ltr'><strong>doctrina:</strong></span> 
     </span>
    </p>
   </div>
   <div class='ocr_carea' id='block_1_35' title="bbox 480 2026 2073 2101">
    <p class='ocr_par' dir='ltr' id='par_1_35' title="bbox 480 2026 2073 2101">
     <span class='ocr_line' id='line_1_35' title="bbox 480 2026 2073 2101; baseline -0.008 -10"><span class='ocrx_word' id='word_1_273' title='bbox 480 2036 582 2091; x_wconf 92' lang='lat' dir='ltr'><strong>fuit</strong></span> <span class='ocrx_word' id='word_1_274' title='bbox 600 2033 812 2089; x_wconf 84' lang='lat' dir='ltr'><strong>auditor</strong></span> <span class='ocrx_word' id='word_1_275' title='bbox 832 2044 1057 2101; x_wconf 85' lang='lat' dir='ltr'><strong>magnus</strong></span> <span class='ocrx_word' id='word_1_276' title='bbox 1079 2029 1172 2085; x_wconf 87' lang='lat' dir='ltr'><strong>ille</strong></span> <span class='ocrx_word' id='word_1_277' title='bbox 1192 2030 1519 2099; x_wconf 89' lang='lat' dir='ltr'><strong>imperator;</strong></span> <span class='ocrx_word' id='word_1_278' title='bbox 1546 2043 1647 2083; x_wconf 90' lang='lat' dir='ltr'><strong>nec</strong></span> <span class='ocrx_word' id='word_1_279' title='bbox 1673 2026 1964 2081; x_wconf 88' lang='lat' dir='ltr'><strong>arbitratus</strong></span> <span class='ocrx_word' id='word_1_280' title='bbox 1985 2034 2073 2080; x_wconf 88' lang='lat' dir='ltr'><strong>est</strong></span> 
     </span>
    </p>
   </div>
   <div class='ocr_carea' id='block_1_36' title="bbox 479 2110 2068 2191">
    <p class='ocr_par' dir='ltr' id='par_1_36' title="bbox 479 2110 2068 2191">
     <span class='ocr_line' id='line_1_36' title="bbox 479 2110 2068 2191; baseline -0.008 -9"><span class='ocrx_word' id='word_1_281' title='bbox 479 2128 709 2183; x_wconf 90' lang='lat' dir='ltr'><strong>alterum</strong></span> <span class='ocrx_word' id='word_1_282' title='bbox 737 2139 798 2181; x_wconf 89' lang='lat' dir='ltr'><strong>se</strong></span> <span class='ocrx_word' id='word_1_283' title='bbox 825 2125 988 2180; x_wconf 91' lang='lat' dir='ltr'><strong>talem</strong></span> <span class='ocrx_word' id='word_1_284' title='bbox 1023 2110 1353 2191; x_wconf 82' lang='lat' dir='ltr'><strong>comperisse</strong></span> <span class='ocrx_word' id='word_1_285' title='bbox 1391 2120 1669 2176; x_wconf 89' lang='lat' dir='ltr'><strong>doctorem</strong></span> <span class='ocrx_word' id='word_1_286' title='bbox 1688 2161 1703 2186; x_wconf 94' lang='lat'><strong>,</strong></span> <span class='ocrx_word' id='word_1_287' title='bbox 1735 2118 2068 2189; x_wconf 89' lang='lat' dir='ltr'><strong>superadmi-</strong></span> 
     </span>
    </p>
   </div>
   <div class='ocr_carea' id='block_1_37' title="bbox 479 2207 2068 2286">
    <p class='ocr_par' dir='ltr' id='par_1_37' title="bbox 479 2207 2068 2286">
     <span class='ocr_line' id='line_1_37' title="bbox 479 2207 2068 2286; baseline -0.008 -13"><span class='ocrx_word' id='word_1_288' title='bbox 479 2227 630 2273; x_wconf 91' lang='lat' dir='ltr'><strong>ratus</strong></span> <span class='ocrx_word' id='word_1_289' title='bbox 654 2215 871 2286; x_wconf 90' lang='lat' dir='ltr'><strong>quidem</strong></span> <span class='ocrx_word' id='word_1_290' title='bbox 901 2214 1018 2285; x_wconf 90' lang='lat' dir='ltr'><strong>ejus</strong></span> <span class='ocrx_word' id='word_1_291' title='bbox 1045 2212 1344 2269; x_wconf 92' lang='lat' dir='ltr'><strong>doctrinam</strong></span> <span class='ocrx_word' id='word_1_292' title='bbox 1364 2253 1380 2279; x_wconf 95' lang='lat'><strong>,</strong></span> <span class='ocrx_word' id='word_1_293' title='bbox 1419 2217 1475 2265; x_wconf 90' lang='lat' dir='ltr'><strong>et</strong></span> <span class='ocrx_word' id='word_1_294' title='bbox 1511 2208 1786 2279; x_wconf 90' lang='lat' dir='ltr'><strong>colloquio</strong></span> <span class='ocrx_word' id='word_1_295' title='bbox 1822 2207 2068 2263; x_wconf 86' lang='lat' dir='ltr'><strong>delecta-</strong></span> 
     </span>
    </p>
   </div>
   <div class='ocr_carea' id='block_1_38' title="bbox 478 2305 2071 2378">
    <p class='ocr_par' dir='ltr' id='par_1_38' title="bbox 478 2305 2071 2378">
     <span class='ocr_line' id='line_1_38' title="bbox 478 2305 2071 2378; baseline -0.006 -15"><span class='ocrx_word' id='word_1_296' title='bbox 478 2317 566 2365; x_wconf 89' lang='lat' dir='ltr'><strong>tus</strong></span> <span class='ocrx_word' id='word_1_297' title='bbox 599 2315 762 2378; x_wconf 85' lang='lat' dir='ltr'><strong>atque</strong></span> <span class='ocrx_word' id='word_1_298' title='bbox 799 2305 1202 2377; x_wconf 70' lang='lat' dir='ltr'><strong>obstupefactus</strong></span> <span class='ocrx_word' id='word_1_299' title='bbox 1244 2311 1401 2367; x_wconf 90' lang='lat' dir='ltr'><strong>tunc,</strong></span> <span class='ocrx_word' id='word_1_300' title='bbox 1434 2317 1594 2372; x_wconf 90' lang='lat' dir='ltr'><strong>quem</strong></span> <span class='ocrx_word' id='word_1_301' title='bbox 1627 2317 1769 2357; x_wconf 90' lang='lat' dir='ltr'><strong>nunc</strong></span> <span class='ocrx_word' id='word_1_302' title='bbox 1807 2309 2071 2371; x_wconf 87' lang='lat' dir='ltr'><strong>spernunt</strong></span> 
     </span>
    </p>
   </div>
   <div class='ocr_carea' id='block_1_39' title="bbox 478 2392 2071 2471">
    <p class='ocr_par' dir='ltr' id='par_1_39' title="bbox 478 2392 2071 2471">
     <span class='ocr_line' id='line_1_39' title="bbox 478 2392 2071 2471; baseline -0.006 -15"><span class='ocrx_word' id='word_1_303' title='bbox 478 2397 954 2471; x_wconf 47' lang='lat' dir='ltr'><strong>aliqui,‘tanquam</strong></span> <span class='ocrx_word' id='word_1_304' title='bbox 981 2403 1183 2452; x_wconf 89' lang='lat' dir='ltr'><strong>sortem</strong></span> <span class='ocrx_word' id='word_1_305' title='bbox 1209 2403 1485 2450; x_wconf 89' lang='lat' dir='ltr'><strong>sumentes</strong></span> <span class='ocrx_word' id='word_1_306' title='bbox 1508 2392 1770 2463; x_wconf 90' lang='lat' dir='ltr'><strong>probandi</strong></span> <span class='ocrx_word' id='word_1_307' title='bbox 1798 2401 1855 2447; x_wconf 91' lang='lat' dir='ltr'><strong>et</strong></span> <span class='ocrx_word' id='word_1_308' title='bbox 1881 2406 2071 2462; x_wconf 89' lang='lat' dir='ltr'><strong>repro-</strong></span> 
     </span>
    </p>
   </div>
   <div class='ocr_carea' id='block_1_40' title="bbox 479 2481 2069 2555">
    <p class='ocr_par' dir='ltr' id='par_1_40' title="bbox 479 2481 2069 2555">
     <span class='ocr_line' id='line_1_40' title="bbox 479 2481 2069 2555; baseline -0.007 -8"><span class='ocrx_word' id='word_1_309' title='bbox 479 2490 645 2548; x_wconf 89' lang='lat' dir='ltr'><strong>bandi</strong></span> <span class='ocrx_word' id='word_1_310' title='bbox 677 2488 989 2546; x_wconf 87' lang='lat' dir='ltr'><strong>ohenntium</strong></span> <span class='ocrx_word' id='word_1_311' title='bbox 1029 2486 1312 2542; x_wconf 91' lang='lat' dir='ltr'><strong>doctorum</strong></span> <span class='ocrx_word' id='word_1_312' title='bbox 1348 2500 1484 2555; x_wconf 90' lang='lat' dir='ltr'><strong>quos</strong></span> <span class='ocrx_word' id='word_1_313' title='bbox 1522 2483 1731 2537; x_wconf 92' lang='lat' dir='ltr'><strong>volunt.</strong></span> <span class='ocrx_word' id='word_1_314' title='bbox 1778 2481 1895 2537; x_wconf 84' lang='lat' dir='ltr'><strong>Jam</strong></span> <span class='ocrx_word' id='word_1_315' title='bbox 1938 2498 2069 2538; x_wconf 87' lang='lat' dir='ltr'><strong>vero</strong></span> 
     </span>
    </p>
   </div>
   <div class='ocr_carea' id='block_1_41' title="bbox 480 2575 2069 2651">
    <p class='ocr_par' dir='ltr' id='par_1_41' title="bbox 480 2575 2069 2651">
     <span class='ocr_line' id='line_1_41' title="bbox 480 2575 2069 2651; baseline -0.007 -11"><span class='ocrx_word' id='word_1_316' title='bbox 480 2592 537 2640; x_wconf 87' lang='lat' dir='ltr'><strong>et</strong></span> <span class='ocrx_word' id='word_1_317' title='bbox 575 2597 607 2638; x_wconf 92' lang='lat' dir='ltr'><strong>a</strong></span> <span class='ocrx_word' id='word_1_318' title='bbox 633 2588 816 2637; x_wconf 89' lang='lat' dir='ltr'><strong>vestro</strong></span> <span class='ocrx_word' id='word_1_319' title='bbox 858 2580 1115 2651; x_wconf 88' lang='lat' dir='ltr'><strong>imperio,</strong></span> <span class='ocrx_word' id='word_1_320' title='bbox 1148 2592 1247 2649; x_wconf 90' lang='lat' dir='ltr'><strong>pro</strong></span> <span class='ocrx_word' id='word_1_321' title='bbox 1274 2578 1356 2633; x_wconf 92' lang='lat' dir='ltr'><strong>sui</strong></span> <span class='ocrx_word' id='word_1_322' title='bbox 1401 2577 1725 2641; x_wconf 89' lang='lat' dir='ltr'><strong>reverentia,</strong></span> <span class='ocrx_word' id='word_1_323' title='bbox 1757 2583 1813 2631; x_wconf 87' lang='lat' dir='ltr'><strong>et</strong></span> <span class='ocrx_word' id='word_1_324' title='bbox 1841 2575 2069 2647; x_wconf 86' lang='lat' dir='ltr'><strong>spiritali</strong></span> 
     </span>
    </p>
   </div>
   <div class='ocr_carea' id='block_1_42' title="bbox 481 2666 2067 2743">
    <p class='ocr_par' dir='ltr' id='par_1_42' title="bbox 481 2666 2067 2743">
     <span class='ocr_line' id='line_1_42' title="bbox 481 2666 2067 2743; baseline -0.006 -14"><span class='ocrx_word' id='word_1_325' title='bbox 481 2673 743 2743; x_wconf 87' lang='lat' dir='ltr'><strong>sapientia</strong></span> <span class='ocrx_word' id='word_1_326' title='bbox 768 2712 787 2739; x_wconf 93' lang='lat'><strong>,</strong></span> <span class='ocrx_word' id='word_1_327' title='bbox 830 2671 880 2727; x_wconf 93' lang='lat' dir='ltr'><strong>ei</strong></span> <span class='ocrx_word' id='word_1_328' title='bbox 915 2670 1114 2741; x_wconf 84' lang='lat' dir='ltr'><strong>saepius</strong></span> <span class='ocrx_word' id='word_1_329' title='bbox 1155 2676 1471 2724; x_wconf 89' lang='lat' dir='ltr'><strong>attestatum</strong></span> <span class='ocrx_word' id='word_1_330' title='bbox 1508 2676 1591 2723; x_wconf 90' lang='lat' dir='ltr'><strong>est</strong></span> <span class='ocrx_word' id='word_1_331' title='bbox 1615 2708 1631 2735; x_wconf 96' lang='lat'><strong>,</strong></span> <span class='ocrx_word' id='word_1_332' title='bbox 1672 2676 1728 2722; x_wconf 88' lang='lat' dir='ltr'><strong>et</strong></span> <span class='ocrx_word' id='word_1_333' title='bbox 1755 2666 1949 2723; x_wconf 86' lang='lat' dir='ltr'><strong>vestris</strong></span> <span class='ocrx_word' id='word_1_334' title='bbox 1976 2667 2067 2720; x_wconf 92' lang='lat' dir='ltr'><strong>lit-</strong></span> 
     </span>
    </p>
   </div>
   <div class='ocr_carea' id='block_1_43' title="bbox 482 2757 2069 2830">
    <p class='ocr_par' dir='ltr' id='par_1_43' title="bbox 482 2757 2069 2830">
     <span class='ocr_line' id='line_1_43' title="bbox 482 2757 2069 2830; baseline -0.003 -11"><span class='ocrx_word' id='word_1_335' title='bbox 482 2764 611 2821; x_wconf 89' lang='lat' dir='ltr'><strong>teris</strong></span> <span class='ocrx_word' id='word_1_336' title='bbox 627 2764 928 2819; x_wconf 84' lang='lat' dir='ltr'><strong>honoratus</strong></span> <span class='ocrx_word' id='word_1_337' title='bbox 955 2769 1058 2817; x_wconf 88' lang='lat' dir='ltr'><strong>est.</strong></span> <span class='ocrx_word' id='word_1_338' title='bbox 1091 2779 1109 2813; x_wconf 72' lang='grc' dir='ltr'><strong><em>ι</em></strong></span> <span class='ocrx_word' id='word_1_339' title='bbox 1143 2759 1384 2830; x_wconf 90' lang='lat' dir='ltr'><strong>Itemque</strong></span> <span class='ocrx_word' id='word_1_340' title='bbox 1406 2759 1472 2813; x_wconf 91' lang='lat' dir='ltr'><strong>de</strong></span> <span class='ocrx_word' id='word_1_341' title='bbox 1498 2758 1590 2813; x_wconf 92' lang='lat' dir='ltr'><strong>illo</strong></span> <span class='ocrx_word' id='word_1_342' title='bbox 1613 2758 1833 2813; x_wconf 89' lang='lat' dir='ltr'><strong>inferius</strong></span> <span class='ocrx_word' id='word_1_343' title='bbox 1863 2777 1876 2812; x_wconf 90' lang='lat'><strong>:</strong></span> <span class='ocrx_word' id='word_1_344' title='bbox 1915 2777 1933 2810; x_wconf 72' lang='grc' dir='ltr'><strong><em>ι</em></strong></span> <span class='ocrx_word' id='word_1_345' title='bbox 1964 2757 2069 2814; x_wconf 89' lang='lat' dir='ltr'><strong>lste</strong></span> 
     </span>
    </p>
   </div>
   <div class='ocr_carea' id='block_1_44' title="bbox 480 2851 2070 2923">
    <p class='ocr_par' dir='ltr' id='par_1_44' title="bbox 480 2851 2070 2923">
     <span class='ocr_line' id='line_1_44' title="bbox 480 2851 2070 2923; baseline -0.004 -11"><span class='ocrx_word' id='word_1_346' title='bbox 480 2856 571 2912; x_wconf 82' lang='lat' dir='ltr'><strong>ille</strong></span> <span class='ocrx_word' id='word_1_347' title='bbox 608 2864 694 2912; x_wconf 87' lang='lat' dir='ltr'><strong>est</strong></span> <span class='ocrx_word' id='word_1_348' title='bbox 732 2854 973 2910; x_wconf 89' lang='lat' dir='ltr'><strong>Flaviani</strong></span> <span class='ocrx_word' id='word_1_349' title='bbox 1016 2854 1197 2923; x_wconf 83' lang='lat' dir='ltr'><strong>magni</strong></span> <span class='ocrx_word' id='word_1_350' title='bbox 1245 2852 1684 2907; x_wconf 85' lang='lat' dir='ltr'><strong>Antiochensium</strong></span> <span class='ocrx_word' id='word_1_351' title='bbox 1729 2858 1929 2907; x_wconf 62' lang='lat' dir='ltr'><strong>sanctae</strong></span> <span class='ocrx_word' id='word_1_352' title='bbox 1975 2851 2070 2906; x_wconf 90' lang='lat' dir='ltr'><strong>Dei</strong></span> 
     </span>
    </p>
   </div>
   <div class='ocr_carea' id='block_1_45' title="bbox 479 2946 2071 3018">
    <p class='ocr_par' dir='ltr' id='par_1_45' title="bbox 479 2946 2071 3018">
     <span class='ocr_line' id='line_1_45' title="bbox 479 2946 2071 3018; baseline -0.001 -16"><span class='ocrx_word' id='word_1_353' title='bbox 479 2947 739 3005; x_wconf 63' lang='lat' dir='ltr'><strong>Ecclesiae</strong></span> <span class='ocrx_word' id='word_1_354' title='bbox 800 2947 1068 3018; x_wconf 80' lang='lat' dir='ltr'><strong>pontificis</strong></span> <span class='ocrx_word' id='word_1_355' title='bbox 1135 2946 1535 3001; x_wconf 85' lang='lat' dir='ltr'><strong>amantissimus</strong></span> <span class='ocrx_word' id='word_1_356' title='bbox 1602 2946 1895 3015; x_wconf 90' lang='lat' dir='ltr'><strong>discipulus</strong></span> <span class='ocrx_word' id='word_1_357' title='bbox 1928 2987 1942 3010; x_wconf 93' lang='lat'><strong>,</strong></span> <span class='ocrx_word' id='word_1_358' title='bbox 2016 2956 2071 3000; x_wconf 92' lang='lat' dir='ltr'><strong>et</strong></span> 
     </span>
    </p>
   </div>
   <div class='ocr_carea' id='block_1_46' title="bbox 478 3035 2067 3106">
    <p class='ocr_par' dir='ltr' id='par_1_46' title="bbox 478 3035 2067 3106">
     <span class='ocr_line' id='line_1_46' title="bbox 478 3035 2067 3106; baseline -0.003 -12"><span class='ocrx_word' id='word_1_359' title='bbox 478 3039 624 3094; x_wconf 89' lang='lat' dir='ltr'><strong>beati</strong></span> <span class='ocrx_word' id='word_1_360' title='bbox 677 3037 903 3094; x_wconf 80' lang='lat' dir='ltr'><strong>Joannis</strong></span> <span class='ocrx_word' id='word_1_361' title='bbox 954 3037 1536 3106; x_wconf 83' lang='lat' dir='ltr'><strong>Censtantinopolitani</strong></span> <span class='ocrx_word' id='word_1_362' title='bbox 1591 3036 1827 3106; x_wconf 87' lang='lat' dir='ltr'><strong>episc0pi</strong></span> <span class='ocrx_word' id='word_1_363' title='bbox 1883 3035 2067 3091; x_wconf 84' lang='lat' dir='ltr'><strong>condi-</strong></span> 
     </span>
    </p>
   </div>
   <div class='ocr_carea' id='block_1_47' title="bbox 2170 1828 3725 1918">
    <p class='ocr_par' dir='ltr' id='par_1_47' title="bbox 2170 1828 3725 1918">
     <span class='ocr_line' id='line_1_47' title="bbox 2170 1828 3725 1918; baseline -0.001 -15"><span class='ocrx_word' id='word_1_364' title='bbox 2170 1847 2546 1918; x_wconf 90' lang='lat' dir='ltr'><strong>blasphemum</strong></span> <span class='ocrx_word' id='word_1_365' title='bbox 2588 1848 2824 1903; x_wconf 90' lang='lat' dir='ltr'><strong>laudavit</strong></span> <span class='ocrx_word' id='word_1_366' title='bbox 2863 1858 2920 1902; x_wconf 89' lang='lat' dir='ltr'><strong>et</strong></span> <span class='ocrx_word' id='word_1_367' title='bbox 2974 1848 3196 1918; x_wconf 91' lang='lat' dir='ltr'><strong>impiutn</strong></span> <span class='ocrx_word' id='word_1_368' title='bbox 3234 1866 3249 1902; x_wconf 89' lang='lat'><strong>:</strong></span> <span class='ocrx_word' id='word_1_369' title='bbox 3287 1828 3548 1918; x_wconf 74' lang='lat' dir='ltr'><strong>quomodo</strong></span> <span class='ocrx_word' id='word_1_370' title='bbox 3582 1848 3725 1918; x_wconf 86' lang='lat' dir='ltr'><strong>ipsam</strong></span> 
     </span>
    </p>
   </div>
   <div class='ocr_carea' id='block_1_48' title="bbox 2169 1938 3728 2011">
    <p class='ocr_par' dir='ltr' id='par_1_48' title="bbox 2169 1938 3728 2011">
     <span class='ocr_line' id='line_1_48' title="bbox 2169 1938 3728 2011; baseline 0.001 -18"><span class='ocrx_word' id='word_1_371' title='bbox 2169 1938 2665 1997; x_wconf 90' lang='lat' dir='ltr'><strong>Chalcedonensem</strong></span> <span class='ocrx_word' id='word_1_372' title='bbox 2712 1941 2979 2011; x_wconf 88' lang='lat' dir='ltr'><strong>synodum</strong></span> <span class='ocrx_word' id='word_1_373' title='bbox 3026 1940 3309 2009; x_wconf 91' lang='lat' dir='ltr'><strong>recipitis,</strong></span> <span class='ocrx_word' id='word_1_374' title='bbox 3370 1939 3728 1996; x_wconf 85' lang='lat' dir='ltr'><strong>evidentissime</strong></span> 
     </span>
    </p>
   </div>
   <div class='ocr_carea' id='block_1_49' title="bbox 2171 2030 3727 2102">
    <p class='ocr_par' dir='ltr' id='par_1_49' title="bbox 2171 2030 3727 2102">
     <span class='ocr_line' id='line_1_49' title="bbox 2171 2030 3727 2102; baseline 0.001 -19"><span class='ocrx_word' id='word_1_375' title='bbox 2171 2038 2458 2088; x_wconf 88' lang='lat' dir='ltr'><strong>testantem</strong></span> <span class='ocrx_word' id='word_1_376' title='bbox 2470 2031 2588 2086; x_wconf 90' lang='lat' dir='ltr'><strong>illas</strong></span> <span class='ocrx_word' id='word_1_377' title='bbox 2608 2031 2865 2102; x_wconf 89' lang='lat' dir='ltr'><strong>epistolas</strong></span> <span class='ocrx_word' id='word_1_378' title='bbox 2880 2032 3237 2102; x_wconf 87' lang='lat' dir='ltr'><strong>apostolicam</strong></span> <span class='ocrx_word' id='word_1_379' title='bbox 3250 2032 3544 2087; x_wconf 88' lang='lat' dir='ltr'><strong>declarasse</strong></span> <span class='ocrx_word' id='word_1_380' title='bbox 3561 2030 3727 2086; x_wconf 86' lang='lat' dir='ltr'><strong>doctri-</strong></span> 
     </span>
    </p>
   </div>
   <div class='ocr_carea' id='block_1_50' title="bbox 2171 2122 3724 2192">
    <p class='ocr_par' dir='ltr' id='par_1_50' title="bbox 2171 2122 3724 2192">
     <span class='ocr_line' id='line_1_50' title="bbox 2171 2122 3724 2192; baseline -0.001 -16"><span class='ocrx_word' id='word_1_381' title='bbox 2171 2137 2314 2189; x_wconf 89' lang='lat' dir='ltr'><strong>nam,</strong></span> <span class='ocrx_word' id='word_1_382' title='bbox 2341 2131 2396 2178; x_wconf 93' lang='lat' dir='ltr'><strong>et</strong></span> <span class='ocrx_word' id='word_1_383' title='bbox 2422 2123 2800 2179; x_wconf 66' lang='lat' dir='ltr'><strong>haereticorum</strong></span> <span class='ocrx_word' id='word_1_384' title='bbox 2844 2122 3127 2177; x_wconf 90' lang='lat' dir='ltr'><strong>maledicta</strong></span> <span class='ocrx_word' id='word_1_385' title='bbox 3157 2122 3435 2192; x_wconf 90' lang='lat' dir='ltr'><strong>rejecisse;</strong></span> <span class='ocrx_word' id='word_1_386' title='bbox 3467 2122 3518 2176; x_wconf 93' lang='lat' dir='ltr'><strong>in</strong></span> <span class='ocrx_word' id='word_1_387' title='bbox 3559 2122 3724 2191; x_wconf 87' lang='lat' dir='ltr'><strong>quibus</strong></span> 
     </span>
    </p>
   </div>
   <div class='ocr_carea' id='block_1_51' title="bbox 2169 2211 3729 2282">
    <p class='ocr_par' dir='ltr' id='par_1_51' title="bbox 2169 2211 3729 2282">
     <span class='ocr_line' id='line_1_51' title="bbox 2169 2211 3729 2282; baseline -0.002 -17"><span class='ocrx_word' id='word_1_388' title='bbox 2169 2211 2415 2268; x_wconf 90' lang='lat' dir='ltr'><strong>doctrina</strong></span> <span class='ocrx_word' id='word_1_389' title='bbox 2435 2212 2704 2268; x_wconf 90' lang='lat' dir='ltr'><strong>Theodori</strong></span> <span class='ocrx_word' id='word_1_390' title='bbox 2726 2212 2894 2267; x_wconf 89' lang='lat' dir='ltr'><strong>multo</strong></span> <span class='ocrx_word' id='word_1_391' title='bbox 2922 2212 3127 2280; x_wconf 88' lang='lat' dir='ltr'><strong>majore</strong></span> <span class='ocrx_word' id='word_1_392' title='bbox 3151 2228 3317 2282; x_wconf 90' lang='lat' dir='ltr'><strong>quam</strong></span> <span class='ocrx_word' id='word_1_393' title='bbox 3344 2214 3393 2267; x_wconf 90' lang='lat' dir='ltr'><strong>in</strong></span> <span class='ocrx_word' id='word_1_394' title='bbox 3423 2212 3521 2266; x_wconf 67' lang='lat' dir='ltr'><strong>Iba:</strong></span> <span class='ocrx_word' id='word_1_395' title='bbox 3535 2211 3729 2281; x_wconf 84' lang='lat' dir='ltr'><strong>epistola</strong></span> 
     </span>
    </p>
   </div>
   <div class='ocr_carea' id='block_1_52' title="bbox 2172 2303 3733 2373">
    <p class='ocr_par' dir='ltr' id='par_1_52' title="bbox 2172 2303 3733 2373">
     <span class='ocr_line' id='line_1_52' title="bbox 2172 2303 3733 2373; baseline -0.002 -16"><span class='ocrx_word' id='word_1_396' title='bbox 2172 2303 2560 2373; x_wconf 72' lang='lat' dir='ltr'><strong>praedicatione</strong></span> <span class='ocrx_word' id='word_1_397' title='bbox 2589 2303 2874 2359; x_wconf 87' lang='lat' dir='ltr'><strong>laudatur?</strong></span> <span class='ocrx_word' id='word_1_398' title='bbox 2904 2304 3196 2373; x_wconf 83' lang='lat' dir='ltr'><strong>Amplioris</strong></span> <span class='ocrx_word' id='word_1_399' title='bbox 3220 2314 3406 2358; x_wconf 85' lang='lat' dir='ltr'><strong>autem</strong></span> <span class='ocrx_word' id='word_1_400' title='bbox 3433 2303 3601 2358; x_wconf 91' lang='lat' dir='ltr'><strong>delicti</strong></span> <span class='ocrx_word' id='word_1_401' title='bbox 3645 2310 3733 2366; x_wconf 90' lang='lat' dir='ltr'><strong>est,</strong></span> 
     </span>
    </p>
   </div>
   <div class='ocr_carea' id='block_1_53' title="bbox 2170 2391 3735 2462">
    <p class='ocr_par' dir='ltr' id='par_1_53' title="bbox 2170 2391 3735 2462">
     <span class='ocr_line' id='line_1_53' title="bbox 2170 2391 3735 2462; baseline 0 -17"><span class='ocrx_word' id='word_1_402' title='bbox 2170 2391 2317 2459; x_wconf 89' lang='lat' dir='ltr'><strong>quod</strong></span> <span class='ocrx_word' id='word_1_403' title='bbox 2347 2391 2559 2446; x_wconf 90' lang='lat' dir='ltr'><strong>illarum</strong></span> <span class='ocrx_word' id='word_1_404' title='bbox 2584 2392 2931 2461; x_wconf 89' lang='lat' dir='ltr'><strong>epistolarum</strong></span> <span class='ocrx_word' id='word_1_405' title='bbox 2954 2391 3158 2461; x_wconf 89' lang='lat' dir='ltr'><strong>judicio</strong></span> <span class='ocrx_word' id='word_1_406' title='bbox 3186 2402 3354 2462; x_wconf 91' lang='lat' dir='ltr'><strong>atque</strong></span> <span class='ocrx_word' id='word_1_407' title='bbox 3384 2392 3668 2449; x_wconf 84' lang='lat' dir='ltr'><strong>auctoritati</strong></span> <span class='ocrx_word' id='word_1_408' title='bbox 3688 2406 3735 2445; x_wconf 90' lang='lat' dir='ltr'><strong>se</strong></span> 
     </span>
    </p>
   </div>
   <div class='ocr_carea' id='block_1_54' title="bbox 2172 2474 3739 2557">
    <p class='ocr_par' dir='ltr' id='par_1_54' title="bbox 2172 2474 3739 2557">
     <span class='ocr_line' id='line_1_54' title="bbox 2172 2474 3739 2557; baseline -0.001 -17"><span class='ocrx_word' id='word_1_409' title='bbox 2172 2484 2427 2549; x_wconf 89' lang='lat' dir='ltr'><strong>subdidit,</strong></span> <span class='ocrx_word' id='word_1_410' title='bbox 2460 2500 2621 2555; x_wconf 89' lang='lat' dir='ltr'><strong>quam</strong></span> <span class='ocrx_word' id='word_1_411' title='bbox 2651 2484 2694 2539; x_wconf 90' lang='lat' dir='ltr'><strong>si</strong></span> <span class='ocrx_word' id='word_1_412' title='bbox 2722 2485 2863 2539; x_wconf 90' lang='lat' dir='ltr'><strong>male</strong></span> <span class='ocrx_word' id='word_1_413' title='bbox 2890 2485 2957 2539; x_wconf 90' lang='lat' dir='ltr'><strong>de</strong></span> <span class='ocrx_word' id='word_1_414' title='bbox 2991 2474 3138 2553; x_wconf 74' lang='lat' dir='ltr'><strong>ipsa,</strong></span> <span class='ocrx_word' id='word_1_415' title='bbox 3172 2487 3322 2557; x_wconf 88' lang='lat' dir='ltr'><strong>quod</strong></span> <span class='ocrx_word' id='word_1_416' title='bbox 3366 2486 3607 2555; x_wconf 82' lang='lat' dir='ltr'><strong>negastis,</strong></span> <span class='ocrx_word' id='word_1_417' title='bbox 3655 2484 3739 2538; x_wconf 62' lang='lat' dir='ltr'><strong>lhaz</strong></span> 
     </span>
    </p>
   </div>
   <div class='ocr_carea' id='block_1_55' title="bbox 2172 2575 3735 2646">
    <p class='ocr_par' dir='ltr' id='par_1_55' title="bbox 2172 2575 3735 2646">
     <span class='ocr_line' id='line_1_55' title="bbox 2172 2575 3735 2646; baseline -0.003 -16"><span class='ocrx_word' id='word_1_418' title='bbox 2172 2576 2399 2645; x_wconf 87' lang='lat' dir='ltr'><strong>epistola</strong></span> <span class='ocrx_word' id='word_1_419' title='bbox 2436 2576 2725 2646; x_wconf 88' lang='lat' dir='ltr'><strong>judicaret.</strong></span> <span class='ocrx_word' id='word_1_420' title='bbox 2768 2575 2874 2631; x_wconf 89' lang='lat' dir='ltr'><strong>Sed</strong></span> <span class='ocrx_word' id='word_1_421' title='bbox 2919 2584 2977 2630; x_wconf 94' lang='lat' dir='ltr'><strong>et</strong></span> <span class='ocrx_word' id='word_1_422' title='bbox 3024 2576 3129 2631; x_wconf 90' lang='lat' dir='ltr'><strong>hoc</strong></span> <span class='ocrx_word' id='word_1_423' title='bbox 3176 2576 3444 2645; x_wconf 88' lang='lat' dir='ltr'><strong>adjicient</strong></span> <span class='ocrx_word' id='word_1_424' title='bbox 3486 2577 3735 2632; x_wconf 75' lang='lat' dir='ltr'><strong>dicentes:</strong></span> 
     </span>
    </p>
   </div>
   <div class='ocr_carea' id='block_1_56' title="bbox 2170 2665 3743 2737">
    <p class='ocr_par' dir='ltr' id='par_1_56' title="bbox 2170 2665 3743 2737">
     <span class='ocr_line' id='line_1_56' title="bbox 2170 2665 3743 2737; baseline -0.001 -18"><span class='ocrx_word' id='word_1_425' title='bbox 2170 2667 2280 2723; x_wconf 87' lang='lat' dir='ltr'><strong>Ista</strong></span> <span class='ocrx_word' id='word_1_426' title='bbox 2325 2677 2409 2723; x_wconf 89' lang='lat' dir='ltr'><strong>est</strong></span> <span class='ocrx_word' id='word_1_427' title='bbox 2451 2682 2613 2737; x_wconf 91' lang='lat' dir='ltr'><strong>quam</strong></span> <span class='ocrx_word' id='word_1_428' title='bbox 2643 2666 2997 2736; x_wconf 83' lang='lat' dir='ltr'><strong>magniﬁcatis</strong></span> <span class='ocrx_word' id='word_1_429' title='bbox 3035 2668 3335 2737; x_wconf 83' lang='lat' dir='ltr'><strong>apostolica</strong></span> <span class='ocrx_word' id='word_1_430' title='bbox 3373 2667 3563 2722; x_wconf 86' lang='lat' dir='ltr'><strong>Leonis</strong></span> <span class='ocrx_word' id='word_1_431' title='bbox 3601 2665 3743 2721; x_wconf 87' lang='lat' dir='ltr'><strong>vestri</strong></span> 
     </span>
    </p>
   </div>
   <div class='ocr_carea' id='block_1_57' title="bbox 2170 2758 3743 2833">
    <p class='ocr_par' dir='ltr' id='par_1_57' title="bbox 2170 2758 3743 2833">
     <span class='ocr_line' id='line_1_57' title="bbox 2170 2758 3743 2833; baseline -0.006 -15"><span class='ocrx_word' id='word_1_432' title='bbox 2170 2763 2415 2819; x_wconf 90' lang='lat' dir='ltr'><strong>doctrina</strong></span> <span class='ocrx_word' id='word_1_433' title='bbox 2454 2781 2466 2816; x_wconf 91' lang='lat'>:</span> <span class='ocrx_word' id='word_1_434' title='bbox 2510 2762 2666 2832; x_wconf 87' lang='lat' dir='ltr'><strong>cujus</strong></span> <span class='ocrx_word' id='word_1_435' title='bbox 2705 2762 2988 2833; x_wconf 91' lang='lat' dir='ltr'><strong>epistolam</strong></span> <span class='ocrx_word' id='word_1_436' title='bbox 3034 2762 3277 2833; x_wconf 89' lang='lat' dir='ltr'><strong>synodus</strong></span> <span class='ocrx_word' id='word_1_437' title='bbox 3325 2758 3743 2816; x_wconf 87' lang='lat' dir='ltr'><strong>Chalcedonensis</strong></span> 
     </span>
    </p>
   </div>
   <div class='ocr_carea' id='block_1_58' title="bbox 2172 2852 3745 2924">
    <p class='ocr_par' dir='ltr' id='par_1_58' title="bbox 2172 2852 3745 2924">
     <span class='ocr_line' id='line_1_58' title="bbox 2172 2852 3745 2924; baseline -0.004 -15"><span class='ocrx_word' id='word_1_438' title='bbox 2172 2853 2383 2909; x_wconf 91' lang='lat' dir='ltr'><strong>illarum</strong></span> <span class='ocrx_word' id='word_1_439' title='bbox 2424 2853 2773 2924; x_wconf 83' lang='lat' dir='ltr'><strong>epistularum</strong></span> <span class='ocrx_word' id='word_1_440' title='bbox 2806 2853 3116 2909; x_wconf 89' lang='lat' dir='ltr'><strong>testimonio</strong></span> <span class='ocrx_word' id='word_1_441' title='bbox 3159 2853 3247 2908; x_wconf 87' lang='lat' dir='ltr'><strong>vel</strong></span> <span class='ocrx_word' id='word_1_442' title='bbox 3290 2852 3559 2921; x_wconf 84' lang='lat' dir='ltr'><strong>exemplo,</strong></span> <span class='ocrx_word' id='word_1_443' title='bbox 3603 2865 3745 2905; x_wconf 67' lang='lat' dir='ltr'><strong>ercu-</strong></span> 
     </span>
    </p>
   </div>
   <div class='ocr_carea' id='block_1_59' title="bbox 2172 2941 3745 3015">
    <p class='ocr_par' dir='ltr' id='par_1_59' title="bbox 2172 2941 3745 3015">
     <span class='ocr_line' id='line_1_59' title="bbox 2172 2941 3745 3015; baseline -0.005 -13"><span class='ocrx_word' id='word_1_444' title='bbox 2172 2963 2295 3003; x_wconf 89' lang='lat' dir='ltr'><strong>sare</strong></span> <span class='ocrx_word' id='word_1_445' title='bbox 2324 2947 2572 3012; x_wconf 82' lang='lat' dir='ltr'><strong>tentavit,</strong></span> <span class='ocrx_word' id='word_1_446' title='bbox 2603 2960 2727 3015; x_wconf 74' lang='lat' dir='ltr'><strong>qua:</strong></span> <span class='ocrx_word' id='word_1_447' title='bbox 2756 2945 3038 3015; x_wconf 89' lang='lat' dir='ltr'><strong>profanum</strong></span> <span class='ocrx_word' id='word_1_448' title='bbox 3079 2944 3455 3011; x_wconf 88' lang='lat' dir='ltr'><strong>Theodorum,</strong></span> <span class='ocrx_word' id='word_1_449' title='bbox 3483 2954 3536 2998; x_wconf 89' lang='lat' dir='ltr'><strong>et</strong></span> <span class='ocrx_word' id='word_1_450' title='bbox 3561 2959 3589 2996; x_wconf 91' lang='lat' dir='ltr'><strong>a</strong></span> <span class='ocrx_word' id='word_1_451' title='bbox 3617 2941 3745 2995; x_wconf 81' lang='lat' dir='ltr'><strong>vobis</strong></span> 
     </span>
    </p>
   </div>
   <div class='ocr_carea' id='block_1_60' title="bbox 2171 3035 3747 3107">
    <p class='ocr_par' dir='ltr' id='par_1_60' title="bbox 2171 3035 3747 3107">
     <span class='ocr_line' id='line_1_60' title="bbox 2171 3035 3747 3107; baseline -0.001 -17"><span class='ocrx_word' id='word_1_452' title='bbox 2171 3052 2271 3107; x_wconf 89' lang='lat' dir='ltr'><strong>pro</strong></span> <span class='ocrx_word' id='word_1_453' title='bbox 2296 3052 2396 3092; x_wconf 90' lang='lat' dir='ltr'><strong>sua</strong></span> <span class='ocrx_word' id='word_1_454' title='bbox 2418 3037 2696 3106; x_wconf 88' lang='lat' dir='ltr'><strong>impietate</strong></span> <span class='ocrx_word' id='word_1_455' title='bbox 2724 3036 3057 3099; x_wconf 90' lang='lat' dir='ltr'><strong>damnatum,</strong></span> <span class='ocrx_word' id='word_1_456' title='bbox 3084 3037 3343 3092; x_wconf 81' lang='lat' dir='ltr'><strong>maximis</strong></span> <span class='ocrx_word' id='word_1_457' title='bbox 3370 3035 3645 3107; x_wconf 62' lang='lat' dir='ltr'><strong>praeconiis</strong></span> <span class='ocrx_word' id='word_1_458' title='bbox 3664 3049 3747 3089; x_wconf 78' lang='lat' dir='ltr'><strong>ex—</strong></span> 
     </span>
    </p>
   </div>
   <div class='ocr_carea' id='block_1_61' title="bbox 476 3117 3747 3200">
    <p class='ocr_par' dir='ltr' id='par_1_61' title="bbox 476 3117 3747 3200">
     <span class='ocr_line' id='line_1_61' title="bbox 476 3117 3747 3200; baseline -0.002 -16"><span class='ocrx_word' id='word_1_459' title='bbox 476 3126 746 3200; x_wconf 85' lang='lat' dir='ltr'><strong>scipulus,</strong></span> <span class='ocrx_word' id='word_1_460' title='bbox 780 3127 934 3197; x_wconf 90' lang='lat' dir='ltr'><strong>cujus</strong></span> <span class='ocrx_word' id='word_1_461' title='bbox 971 3128 1288 3182; x_wconf 89' lang='lat' dir='ltr'><strong>memoriam</strong></span> <span class='ocrx_word' id='word_1_462' title='bbox 1335 3127 1630 3182; x_wconf 88' lang='lat' dir='ltr'><strong>redivivam</strong></span> <span class='ocrx_word' id='word_1_463' title='bbox 1678 3125 1908 3195; x_wconf 89' lang='lat' dir='ltr'><strong>fecistis,</strong></span> <span class='ocrx_word' id='word_1_464' title='bbox 1951 3142 2066 3182; x_wconf 80' lang='lat' dir='ltr'><strong>tna-</strong></span> <span class='ocrx_word' id='word_1_465' title='bbox 2089 3117 2138 3176; x_wconf 69' lang='grc' dir='ltr'><strong>(ἶ</strong></span> <span class='ocrx_word' id='word_1_466' title='bbox 2171 3129 2427 3182; x_wconf 89' lang='lat' dir='ltr'><strong>tulerunt.</strong></span> <span class='ocrx_word' id='word_1_467' title='bbox 2458 3126 2584 3182; x_wconf 72' lang='lat' dir='ltr'><strong>Htee</strong></span> <span class='ocrx_word' id='word_1_468' title='bbox 2633 3142 2757 3182; x_wconf 90' lang='lat' dir='ltr'><strong>cum</strong></span> <span class='ocrx_word' id='word_1_469' title='bbox 2786 3125 3105 3194; x_wconf 80' lang='lat' dir='ltr'><strong>objecerint,</strong></span> <span class='ocrx_word' id='word_1_470' title='bbox 3140 3127 3275 3197; x_wconf 86' lang='lat' dir='ltr'><strong>quid</strong></span> <span class='ocrx_word' id='word_1_471' title='bbox 3310 3125 3747 3196; x_wconf 85' lang='lat' dir='ltr'><strong>respondebimus,</strong></span> 
     </span>
    </p>
   </div>
   <div class='ocr_carea' id='block_1_62' title="bbox 476 3218 2066 3290">
    <p class='ocr_par' dir='ltr' id='par_1_62' title="bbox 476 3218 2066 3290">
     <span class='ocr_line' id='line_1_62' title="bbox 476 3218 2066 3290; baseline -0.001 -14"><span class='ocrx_word' id='word_1_472' title='bbox 476 3218 680 3276; x_wconf 72' lang='lat' dir='ltr'><strong>ximam</strong></span> <span class='ocrx_word' id='word_1_473' title='bbox 739 3219 869 3275; x_wconf 82' lang='lat' dir='ltr'><strong>hinc</strong></span> <span class='ocrx_word' id='word_1_474' title='bbox 914 3218 1143 3290; x_wconf 80' lang='lat' dir='ltr'><strong>gloriam</strong></span> <span class='ocrx_word' id='word_1_475' title='bbox 1195 3220 1414 3288; x_wconf 89' lang='lat' dir='ltr'><strong>pietatis</strong></span> <span class='ocrx_word' id='word_1_476' title='bbox 1462 3228 1651 3275; x_wconf 64' lang='lat' dir='ltr'><strong>vestrae</strong></span> <span class='ocrx_word' id='word_1_477' title='bbox 1706 3220 1933 3290; x_wconf 90' lang='lat' dir='ltr'><strong>imperio</strong></span> <span class='ocrx_word' id='word_1_478' title='bbox 1989 3221 2066 3283; x_wconf 84' lang='lat' dir='ltr'><strong>fa-</strong></span> 
     </span>
    </p>
   </div>
   <div class='ocr_carea' id='block_1_63' title="bbox 477 3310 2067 3382">
    <p class='ocr_par' dir='ltr' id='par_1_63' title="bbox 477 3310 2067 3382">
     <span class='ocr_line' id='line_1_63' title="bbox 477 3310 2067 3382; baseline -0.002 -13"><span class='ocrx_word' id='word_1_479' title='bbox 477 3313 705 3369; x_wconf 55' lang='lat' dir='ltr'><strong>cientes,</strong></span> <span class='ocrx_word' id='word_1_480' title='bbox 739 3330 760 3365; x_wconf 85' lang='grc'><strong>›</strong></span> <span class='ocrx_word' id='word_1_481' title='bbox 809 3310 1003 3368; x_wconf 89' lang='lat' dir='ltr'><strong>Dicunt</strong></span> <span class='ocrx_word' id='word_1_482' title='bbox 1056 3319 1113 3367; x_wconf 92' lang='lat' dir='ltr'><strong>et</strong></span> <span class='ocrx_word' id='word_1_483' title='bbox 1158 3310 1283 3377; x_wconf 88' lang='lat' dir='ltr'><strong>alia,</strong></span> <span class='ocrx_word' id='word_1_484' title='bbox 1324 3326 1445 3382; x_wconf 74' lang='lat' dir='ltr'><strong>qua:</strong></span> <span class='ocrx_word' id='word_1_485' title='bbox 1484 3320 1611 3368; x_wconf 90' lang='lat' dir='ltr'><strong>tunc</strong></span> <span class='ocrx_word' id='word_1_486' title='bbox 1659 3313 2067 3368; x_wconf 88' lang='lat' dir='ltr'><strong>eonvenientius</strong></span> 
     </span>
    </p>
   </div>
   <div class='ocr_carea' id='block_1_64' title="bbox 478 3402 2066 3469">
    <p class='ocr_par' dir='ltr' id='par_1_64' title="bbox 478 3402 2066 3469">
     <span class='ocr_line' id='line_1_64' title="bbox 478 3402 2066 3469; baseline -0.001 -10"><span class='ocrx_word' id='word_1_487' title='bbox 478 3402 936 3469; x_wconf 87' lang='lat' dir='ltr'><strong>memorabuntur,</strong></span> <span class='ocrx_word' id='word_1_488' title='bbox 986 3418 1110 3459; x_wconf 89' lang='lat' dir='ltr'><strong>cum</strong></span> <span class='ocrx_word' id='word_1_489' title='bbox 1137 3409 1193 3458; x_wconf 91' lang='lat' dir='ltr'><strong>et</strong></span> <span class='ocrx_word' id='word_1_490' title='bbox 1232 3402 1460 3458; x_wconf 89' lang='lat' dir='ltr'><strong>aliorum</strong></span> <span class='ocrx_word' id='word_1_491' title='bbox 1488 3412 1796 3458; x_wconf 90' lang='lat' dir='ltr'><strong>sanctorum</strong></span> <span class='ocrx_word' id='word_1_492' title='bbox 1847 3403 2066 3458; x_wconf 90' lang='lat' dir='ltr'><strong>Patrum</strong></span> 
     </span>
    </p>
   </div>
   <div class='ocr_carea' id='block_1_65' title="bbox 477 3484 2066 3563">
    <p class='ocr_par' dir='ltr' id='par_1_65' title="bbox 477 3484 2066 3563">
     <span class='ocr_line' id='line_1_65' title="bbox 477 3484 2066 3563; baseline 0 -14"><span class='ocrx_word' id='word_1_493' title='bbox 477 3492 805 3561; x_wconf 87' lang='lat' dir='ltr'><strong>testimonia,</strong></span> <span class='ocrx_word' id='word_1_494' title='bbox 824 3493 1018 3563; x_wconf 87' lang='lat' dir='ltr'><strong>quibus</strong></span> <span class='ocrx_word' id='word_1_495' title='bbox 1046 3492 1221 3549; x_wconf 89' lang='lat' dir='ltr'><strong>eidem</strong></span> <span class='ocrx_word' id='word_1_496' title='bbox 1243 3484 1528 3549; x_wconf 86' lang='lat' dir='ltr'><strong>Theodoro</strong></span> <span class='ocrx_word' id='word_1_497' title='bbox 1552 3492 1800 3549; x_wconf 88' lang='lat' dir='ltr'><strong>similiter</strong></span> <span class='ocrx_word' id='word_1_498' title='bbox 1826 3496 2066 3550; x_wconf 87' lang='lat' dir='ltr'><strong>attestali</strong></span> 
     </span>
    </p>
   </div>
   <div class='ocr_carea' id='block_1_66' title="bbox 476 3581 2069 3655">
    <p class='ocr_par' dir='ltr' id='par_1_66' title="bbox 476 3581 2069 3655">
     <span class='ocr_line' id='line_1_66' title="bbox 476 3581 2069 3655; baseline 0 -13"><span class='ocrx_word' id='word_1_499' title='bbox 476 3590 621 3651; x_wconf 75' lang='lat' dir='ltr'><strong>sunt,</strong></span> <span class='ocrx_word' id='word_1_500' title='bbox 651 3581 1006 3655; x_wconf 85' lang='lat' dir='ltr'><strong>proferemus.</strong></span> <span class='ocrx_word' id='word_1_501' title='bbox 1054 3584 1121 3639; x_wconf 85' lang='lat' dir='ltr'><strong>Et</strong></span> <span class='ocrx_word' id='word_1_502' title='bbox 1164 3600 1287 3641; x_wconf 91' lang='lat' dir='ltr'><strong>cum</strong></span> <span class='ocrx_word' id='word_1_503' title='bbox 1331 3583 1570 3640; x_wconf 86' lang='lat' dir='ltr'><strong>Joannes</strong></span> <span class='ocrx_word' id='word_1_504' title='bbox 1597 3584 1966 3642; x_wconf 85' lang='lat' dir='ltr'><strong>Antiochenus</strong></span> <span class='ocrx_word' id='word_1_505' title='bbox 2012 3596 2069 3642; x_wconf 92' lang='lat' dir='ltr'><strong>et</strong></span> 
     </span>
    </p>
   </div>
   <div class='ocr_carea' id='block_1_67' title="bbox 476 3674 2067 3747">
    <p class='ocr_par' dir='ltr' id='par_1_67' title="bbox 476 3674 2067 3747">
     <span class='ocr_line' id='line_1_67' title="bbox 476 3674 2067 3747; baseline 0.003 -17"><span class='ocrx_word' id='word_1_506' title='bbox 476 3674 657 3730; x_wconf 56' lang='grc' dir='ltr'><strong>πίει-ἰ</strong></span> <span class='ocrx_word' id='word_1_507' title='bbox 694 3674 982 3731; x_wconf 85' lang='lat' dir='ltr'><strong>orientales</strong></span> <span class='ocrx_word' id='word_1_508' title='bbox 1021 3676 1282 3747; x_wconf 87' lang='lat' dir='ltr'><strong>episcopi,</strong></span> <span class='ocrx_word' id='word_1_509' title='bbox 1325 3675 1763 3746; x_wconf 83' lang='lat' dir='ltr'><strong>Mepsuestenum</strong></span> <span class='ocrx_word' id='word_1_510' title='bbox 1812 3677 2067 3734; x_wconf 75' lang='lat' dir='ltr'><strong>Theodo~</strong></span> 
     </span>
    </p>
   </div>
   <div class='ocr_carea' id='block_1_68' title="bbox 476 3764 2064 3837">
    <p class='ocr_par' dir='ltr' id='par_1_68' title="bbox 476 3764 2064 3837">
     <span class='ocr_line' id='line_1_68' title="bbox 476 3764 2064 3837; baseline 0 -16"><span class='ocrx_word' id='word_1_511' title='bbox 476 3779 599 3821; x_wconf 93' lang='lat' dir='ltr'><strong>rum</strong></span> <span class='ocrx_word' id='word_1_512' title='bbox 627 3764 911 3837; x_wconf 74' lang='lat' dir='ltr'><strong>prteconiis</strong></span> <span class='ocrx_word' id='word_1_513' title='bbox 931 3766 954 3798; x_wconf 79' lang='grc'><strong>¹</strong></span> <span class='ocrx_word' id='word_1_514' title='bbox 981 3766 1036 3821; x_wconf 90' lang='lat' dir='ltr'><strong>in</strong></span> <span class='ocrx_word' id='word_1_515' title='bbox 1058 3766 1261 3822; x_wconf 90' lang='lat' dir='ltr'><strong>eisdem</strong></span> <span class='ocrx_word' id='word_1_516' title='bbox 1290 3766 1556 3837; x_wconf 88' lang='lat' dir='ltr'><strong>epistolis,</strong></span> <span class='ocrx_word' id='word_1_517' title='bbox 1586 3782 1814 3836; x_wconf 87' lang='lat' dir='ltr'><strong>quarum</strong></span> <span class='ocrx_word' id='word_1_518' title='bbox 1836 3766 2064 3824; x_wconf 90' lang='lat' dir='ltr'><strong>formam</strong></span> 
     </span>
    </p>
   </div>
   <div class='ocr_carea' id='block_1_69' title="bbox 474 3855 2067 3914">
    <p class='ocr_par' dir='ltr' id='par_1_69' title="bbox 474 3855 2067 3914">
     <span class='ocr_line' id='line_1_69' title="bbox 474 3855 2067 3914; baseline 0.001 -1"><span class='ocrx_word' id='word_1_519' title='bbox 474 3872 534 3913; x_wconf 80' lang='lat' dir='ltr'><strong>se</strong></span> <span class='ocrx_word' id='word_1_520' title='bbox 569 3856 863 3913; x_wconf 88' lang='lat' dir='ltr'><strong>attendisse</strong></span> <span class='ocrx_word' id='word_1_521' title='bbox 909 3856 963 3911; x_wconf 93' lang='lat' dir='ltr'><strong>in</strong></span> <span class='ocrx_word' id='word_1_522' title='bbox 1006 3858 1119 3912; x_wconf 88' lang='lat' dir='ltr'><strong>suis</strong></span> <span class='ocrx_word' id='word_1_523' title='bbox 1165 3855 1566 3913; x_wconf 86' lang='lat' dir='ltr'><strong>definitionibus</strong></span> <span class='ocrx_word' id='word_1_524' title='bbox 1610 3856 2067 3914; x_wconf 85' lang='lat' dir='ltr'><strong>Chalcedonensis</strong></span> 
     </span>
    </p>
   </div>
   <div class='ocr_carea' id='block_1_70' title="bbox 475 3947 2065 4021">
    <p class='ocr_par' dir='ltr' id='par_1_70' title="bbox 475 3947 2065 4021">
     <span class='ocr_line' id='line_1_70' title="bbox 475 3947 2065 4021; baseline -0.001 -17"><span class='ocrx_word' id='word_1_525' title='bbox 475 3947 713 4021; x_wconf 87' lang='lat' dir='ltr'><strong>synodus</strong></span> <span class='ocrx_word' id='word_1_526' title='bbox 751 3948 972 4013; x_wconf 77' lang='lat' dir='ltr'><strong>fatetur,</strong></span> <span class='ocrx_word' id='word_1_527' title='bbox 1004 3952 1263 4018; x_wconf 86' lang='lat' dir='ltr'><strong>tanquam</strong></span> <span class='ocrx_word' id='word_1_528' title='bbox 1300 3949 1656 4020; x_wconf 87' lang='lat' dir='ltr'><strong>apostolicam</strong></span> <span class='ocrx_word' id='word_1_529' title='bbox 1701 3948 2065 4004; x_wconf 88' lang='lat' dir='ltr'><strong>declarantem</strong></span> 
     </span>
    </p>
   </div>
   <div class='ocr_carea' id='block_1_71' title="bbox 474 4039 2065 4109">
    <p class='ocr_par' dir='ltr' id='par_1_71' title="bbox 474 4039 2065 4109">
     <span class='ocr_line' id='line_1_71' title="bbox 474 4039 2065 4109; baseline 0 -14"><span class='ocrx_word' id='word_1_530' title='bbox 474 4039 793 4104; x_wconf 83' lang='lat' dir='ltr'><strong>doctrinam,</strong></span> <span class='ocrx_word' id='word_1_531' title='bbox 818 4047 878 4093; x_wconf 88' lang='lat' dir='ltr'><strong>ut</strong></span> <span class='ocrx_word' id='word_1_532' title='bbox 903 4040 1185 4109; x_wconf 81' lang='lat' dir='ltr'><strong>epistolam</strong></span> <span class='ocrx_word' id='word_1_533' title='bbox 1209 4040 1355 4095; x_wconf 87' lang='lat' dir='ltr'><strong>beati</strong></span> <span class='ocrx_word' id='word_1_534' title='bbox 1378 4039 1573 4094; x_wconf 87' lang='lat' dir='ltr'><strong>Leonis</strong></span> <span class='ocrx_word' id='word_1_535' title='bbox 1593 4040 1864 4109; x_wconf 89' lang='lat' dir='ltr'><strong>acciperet</strong></span> <span class='ocrx_word' id='word_1_536' title='bbox 1888 4059 1899 4093; x_wconf 90' lang='lat'><strong>:</strong></span> <span class='ocrx_word' id='word_1_537' title='bbox 1927 4055 2065 4109; x_wconf 91' lang='lat' dir='ltr'><strong>quo-</strong></span> 
     </span>
    </p>
   </div>
   <div class='ocr_carea' id='block_1_72' title="bbox 474 4111 2062 4199">
    <p class='ocr_par' dir='ltr' id='par_1_72' title="bbox 474 4111 2062 4199">
     <span class='ocr_line' id='line_1_72' title="bbox 474 4111 2062 4199; baseline 0 -15"><span class='ocrx_word' id='word_1_538' title='bbox 474 4130 636 4186; x_wconf 91' lang='lat' dir='ltr'><strong>modo</strong></span> <span class='ocrx_word' id='word_1_539' title='bbox 664 4140 772 4185; x_wconf 86' lang='lat' dir='ltr'><strong>non</strong></span> <span class='ocrx_word' id='word_1_540' title='bbox 798 4129 853 4183; x_wconf 91' lang='lat' dir='ltr'><strong>in</strong></span> <span class='ocrx_word' id='word_1_541' title='bbox 883 4128 1002 4198; x_wconf 88' lang='lat' dir='ltr'><strong>ejus</strong></span> <span class='ocrx_word' id='word_1_542' title='bbox 1020 4111 1575 4199; x_wconf 35' lang='lat' dir='ltr'><strong>evacuationem,‘pro</strong></span> <span class='ocrx_word' id='word_1_543' title='bbox 1598 4130 1754 4185; x_wconf 88' lang='lat' dir='ltr'><strong>laude</strong></span> <span class='ocrx_word' id='word_1_544' title='bbox 1775 4130 2062 4193; x_wconf 86' lang='lat' dir='ltr'><strong>Theodori,</strong></span> 
     </span>
    </p>
   </div>
   <div class='ocr_carea' id='block_1_73' title="bbox 474 4214 2065 4290">
    <p class='ocr_par' dir='ltr' id='par_1_73' title="bbox 474 4214 2065 4290">
     <span class='ocr_line' id='line_1_73' title="bbox 474 4214 2065 4290; baseline -0.001 -15"><span class='ocrx_word' id='word_1_545' title='bbox 474 4221 821 4275; x_wconf 82' lang='lat' dir='ltr'><strong>damnaretur</strong></span> <span class='ocrx_word' id='word_1_546' title='bbox 848 4219 1073 4290; x_wconf 89' lang='lat' dir='ltr'><strong>epistola</strong></span> <span class='ocrx_word' id='word_1_547' title='bbox 1115 4214 1240 4283; x_wconf 66' lang='lat' dir='ltr'><strong>Ihm,</strong></span> <span class='ocrx_word' id='word_1_548' title='bbox 1270 4220 1355 4273; x_wconf 88' lang='lat' dir='ltr'><strong>vel</strong></span> <span class='ocrx_word' id='word_1_549' title='bbox 1383 4220 1448 4283; x_wconf 82' lang='lat' dir='ltr'><strong>si,</strong></span> <span class='ocrx_word' id='word_1_550' title='bbox 1481 4222 1539 4272; x_wconf 85' lang='lat' dir='ltr'><strong>ut</strong></span> <span class='ocrx_word' id='word_1_551' title='bbox 1562 4218 1765 4273; x_wconf 87' lang='lat' dir='ltr'><strong>dictum</strong></span> <span class='ocrx_word' id='word_1_552' title='bbox 1812 4228 1918 4286; x_wconf 92' lang='lat' dir='ltr'><strong>est,</strong></span> <span class='ocrx_word' id='word_1_553' title='bbox 1956 4235 2065 4274; x_wconf 91' lang='lat' dir='ltr'><strong>non</strong></span> 
     </span>
    </p>
   </div>
   <div class='ocr_carea' id='block_1_74' title="bbox 475 4311 2065 4383">
    <p class='ocr_par' dir='ltr' id='par_1_74' title="bbox 475 4311 2065 4383">
     <span class='ocr_line' id='line_1_74' title="bbox 475 4311 2065 4383; baseline -0.001 -15"><span class='ocrx_word' id='word_1_554' title='bbox 475 4329 594 4368; x_wconf 88' lang='lat' dir='ltr'><strong>eam</strong></span> <span class='ocrx_word' id='word_1_555' title='bbox 619 4314 994 4383; x_wconf 86' lang='lat' dir='ltr'><strong>pronuntiaret</strong></span> <span class='ocrx_word' id='word_1_556' title='bbox 1020 4311 1382 4368; x_wconf 81' lang='lat' dir='ltr'><strong>orthodoxam</strong></span> <span class='ocrx_word' id='word_1_557' title='bbox 1399 4352 1412 4377; x_wconf 93' lang='lat'><strong>,</strong></span> <span class='ocrx_word' id='word_1_558' title='bbox 1446 4323 1623 4379; x_wconf 90' lang='lat' dir='ltr'><strong>neque</strong></span> <span class='ocrx_word' id='word_1_559' title='bbox 1651 4311 1717 4364; x_wconf 91' lang='lat' dir='ltr'><strong>ad</strong></span> <span class='ocrx_word' id='word_1_560' title='bbox 1746 4312 1864 4380; x_wconf 90' lang='lat' dir='ltr'><strong>ejus</strong></span> <span class='ocrx_word' id='word_1_561' title='bbox 1891 4312 2065 4367; x_wconf 86' lang='lat' dir='ltr'><strong>defer-</strong></span> 
     </span>
    </p>
   </div>
   <div class='ocr_carea' id='block_1_75' title="bbox 477 4404 2060 4474">
    <p class='ocr_par' dir='ltr' id='par_1_75' title="bbox 477 4404 2060 4474">
     <span class='ocr_line' id='line_1_75' title="bbox 477 4404 2060 4474; baseline 0.001 -15"><span class='ocrx_word' id='word_1_562' title='bbox 477 4412 623 4459; x_wconf 88' lang='lat' dir='ltr'><strong>retur</strong></span> <span class='ocrx_word' id='word_1_563' title='bbox 663 4406 930 4459; x_wconf 74' lang='lat' dir='ltr'><strong>examen?</strong></span> <span class='ocrx_word' id='word_1_564' title='bbox 982 4404 1118 4459; x_wconf 88' lang='lat' dir='ltr'><strong>Nam</strong></span> <span class='ocrx_word' id='word_1_565' title='bbox 1168 4406 1212 4458; x_wconf 90' lang='lat' dir='ltr'><strong>si</strong></span> <span class='ocrx_word' id='word_1_566' title='bbox 1258 4404 1385 4474; x_wconf 88' lang='lat' dir='ltr'><strong>quia</strong></span> <span class='ocrx_word' id='word_1_567' title='bbox 1428 4404 1761 4470; x_wconf 89' lang='lat' dir='ltr'><strong>Theodorus,</strong></span> <span class='ocrx_word' id='word_1_568' title='bbox 1797 4414 1855 4460; x_wconf 92' lang='lat' dir='ltr'><strong>ut</strong></span> <span class='ocrx_word' id='word_1_569' title='bbox 1892 4407 2060 4471; x_wconf 90' lang='lat' dir='ltr'><strong>aiunt,</strong></span> 
     </span>
    </p>
   </div>
   <div class='ocr_carea' id='block_1_76' title="bbox 2170 3218 3753 3288">
    <p class='ocr_par' dir='ltr' id='par_1_76' title="bbox 2170 3218 3753 3288">
     <span class='ocr_line' id='line_1_76' title="bbox 2170 3218 3753 3288; baseline -0.004 -11"><span class='ocrx_word' id='word_1_570' title='bbox 2170 3221 2440 3277; x_wconf 86' lang='lat' dir='ltr'><strong>obsecro?</strong></span> <span class='ocrx_word' id='word_1_571' title='bbox 2495 3219 2635 3286; x_wconf 84' lang='lat' dir='ltr'><strong>Quid</strong></span> <span class='ocrx_word' id='word_1_572' title='bbox 2688 3219 2931 3274; x_wconf 90' lang='lat' dir='ltr'><strong>dicemus</strong></span> <span class='ocrx_word' id='word_1_573' title='bbox 2982 3228 3170 3274; x_wconf 86' lang='lat' dir='ltr'><strong>nostro</strong></span> <span class='ocrx_word' id='word_1_574' title='bbox 3214 3219 3427 3288; x_wconf 89' lang='lat' dir='ltr'><strong>judicio</strong></span> <span class='ocrx_word' id='word_1_575' title='bbox 3481 3218 3631 3273; x_wconf 89' lang='lat' dir='ltr'><strong>nobis</strong></span> <span class='ocrx_word' id='word_1_576' title='bbox 3671 3229 3753 3272; x_wconf 78' lang='lat' dir='ltr'><strong>ora</strong></span> 
     </span>
    </p>
   </div>
   <div class='ocr_carea' id='block_1_77' title="bbox 2169 3308 3754 3383">
    <p class='ocr_par' dir='ltr' id='par_1_77' title="bbox 2169 3308 3754 3383">
     <span class='ocr_line' id='line_1_77' title="bbox 2169 3308 3754 3383; baseline -0.007 -13"><span class='ocrx_word' id='word_1_577' title='bbox 2169 3314 2506 3382; x_wconf 87' lang='lat' dir='ltr'><strong>claudentes,</strong></span> <span class='ocrx_word' id='word_1_578' title='bbox 2534 3313 2637 3368; x_wconf 89' lang='lat' dir='ltr'><strong>nisi</strong></span> <span class='ocrx_word' id='word_1_579' title='bbox 2664 3312 2771 3368; x_wconf 92' lang='lat' dir='ltr'><strong>hoc</strong></span> <span class='ocrx_word' id='word_1_580' title='bbox 2800 3328 2962 3366; x_wconf 89' lang='lat' dir='ltr'><strong>unum</strong></span> <span class='ocrx_word' id='word_1_581' title='bbox 2990 3312 3222 3368; x_wconf 87' lang='lat' dir='ltr'><strong>fortasse</strong></span> <span class='ocrx_word' id='word_1_582' title='bbox 3243 3313 3396 3383; x_wconf 92' lang='lat' dir='ltr'><strong>quod</strong></span> <span class='ocrx_word' id='word_1_583' title='bbox 3423 3320 3605 3375; x_wconf 83' lang='lat' dir='ltr'><strong>restat,</strong></span> <span class='ocrx_word' id='word_1_584' title='bbox 3626 3319 3676 3364; x_wconf 90' lang='lat' dir='ltr'><strong>et</strong></span> <span class='ocrx_word' id='word_1_585' title='bbox 3698 3308 3754 3360; x_wconf 86' lang='lat' dir='ltr'><strong>ad</strong></span> 
     </span>
    </p>
   </div>
   <div class='ocr_carea' id='block_1_78' title="bbox 2168 3402 3757 3477">
    <p class='ocr_par' dir='ltr' id='par_1_78' title="bbox 2168 3402 3757 3477">
     <span class='ocr_line' id='line_1_78' title="bbox 2168 3402 3757 3477; baseline -0.007 -15"><span class='ocrx_word' id='word_1_586' title='bbox 2168 3407 2314 3477; x_wconf 89' lang='lat' dir='ltr'><strong>quod</strong></span> <span class='ocrx_word' id='word_1_587' title='bbox 2361 3422 2462 3461; x_wconf 92' lang='lat' dir='ltr'><strong>nos</strong></span> <span class='ocrx_word' id='word_1_588' title='bbox 2488 3405 2673 3461; x_wconf 89' lang='lat' dir='ltr'><strong>omnia</strong></span> <span class='ocrx_word' id='word_1_589' title='bbox 2699 3406 2720 3435; x_wconf 80' lang='grc'><strong><em>⁵</em></strong></span> <span class='ocrx_word' id='word_1_590' title='bbox 2762 3403 3114 3474; x_wconf 83' lang='lat' dir='ltr'><strong>compellunt,</strong></span> <span class='ocrx_word' id='word_1_591' title='bbox 3166 3404 3322 3459; x_wconf 91' lang='lat' dir='ltr'><strong>illam</strong></span> <span class='ocrx_word' id='word_1_592' title='bbox 3362 3402 3624 3475; x_wconf 86' lang='lat' dir='ltr'><strong>synodum</strong></span> <span class='ocrx_word' id='word_1_593' title='bbox 3662 3414 3757 3454; x_wconf 87' lang='lat' dir='ltr'><strong>non</strong></span> 
     </span>
    </p>
   </div>
   <div class='ocr_carea' id='block_1_79' title="bbox 2170 3489 3757 3564">
    <p class='ocr_par' dir='ltr' id='par_1_79' title="bbox 2170 3489 3757 3564">
     <span class='ocr_line' id='line_1_79' title="bbox 2170 3489 3757 3564; baseline -0.009 -9"><span class='ocrx_word' id='word_1_594' title='bbox 2170 3508 2320 3555; x_wconf 89' lang='lat' dir='ltr'><strong>recte</strong></span> <span class='ocrx_word' id='word_1_595' title='bbox 2341 3499 2408 3555; x_wconf 90' lang='lat' dir='ltr'><strong>de</strong></span> <span class='ocrx_word' id='word_1_596' title='bbox 2434 3497 2558 3554; x_wconf 84' lang='lat' dir='ltr'><strong>fidei</strong></span> <span class='ocrx_word' id='word_1_597' title='bbox 2584 3495 2903 3552; x_wconf 74' lang='lat' dir='ltr'><strong>Christiana:</strong></span> <span class='ocrx_word' id='word_1_598' title='bbox 2929 3495 3276 3564; x_wconf 88' lang='lat' dir='ltr'><strong>dogmatibus</strong></span> <span class='ocrx_word' id='word_1_599' title='bbox 3322 3493 3634 3550; x_wconf 85' lang='lat' dir='ltr'><strong>censuisse?</strong></span> <span class='ocrx_word' id='word_1_600' title='bbox 3662 3489 3757 3542; x_wconf 85' lang='lat' dir='ltr'><strong>lloc</strong></span> 
     </span>
    </p>
   </div>
   <div class='ocr_carea' id='block_1_80' title="bbox 2170 3582 3758 3659">
    <p class='ocr_par' dir='ltr' id='par_1_80' title="bbox 2170 3582 3758 3659">
     <span class='ocr_line' id='line_1_80' title="bbox 2170 3582 3758 3659; baseline -0.007 -16"><span class='ocrx_word' id='word_1_601' title='bbox 2170 3590 2312 3644; x_wconf 87' lang='lat' dir='ltr'><strong>enim</strong></span> <span class='ocrx_word' id='word_1_602' title='bbox 2353 3588 2715 3659; x_wconf 91' lang='lat' dir='ltr'><strong>consequitur,</strong></span> <span class='ocrx_word' id='word_1_603' title='bbox 2752 3586 2797 3642; x_wconf 92' lang='lat' dir='ltr'><strong>si</strong></span> <span class='ocrx_word' id='word_1_604' title='bbox 2848 3586 3070 3641; x_wconf 80' lang='lat' dir='ltr'><strong>haeresis</strong></span> <span class='ocrx_word' id='word_1_605' title='bbox 3125 3587 3344 3644; x_wconf 86' lang='lat' dir='ltr'><strong>crimen</strong></span> <span class='ocrx_word' id='word_1_606' title='bbox 3397 3594 3480 3642; x_wconf 89' lang='lat' dir='ltr'><strong>cst</strong></span> <span class='ocrx_word' id='word_1_607' title='bbox 3535 3582 3758 3638; x_wconf 87' lang='lat' dir='ltr'><strong>laudasse</strong></span> 
     </span>
    </p>
   </div>
   <div class='ocr_carea' id='block_1_81' title="bbox 2172 3679 3761 3750">
    <p class='ocr_par' dir='ltr' id='par_1_81' title="bbox 2172 3679 3761 3750">
     <span class='ocr_line' id='line_1_81' title="bbox 2172 3679 3761 3750; baseline -0.006 -14"><span class='ocrx_word' id='word_1_608' title='bbox 2172 3682 2536 3748; x_wconf 90' lang='lat' dir='ltr'><strong>Theodorum,</strong></span> <span class='ocrx_word' id='word_1_609' title='bbox 2568 3682 2622 3736; x_wconf 90' lang='lat' dir='ltr'><strong>in</strong></span> <span class='ocrx_word' id='word_1_610' title='bbox 2647 3681 2751 3736; x_wconf 88' lang='lat' dir='ltr'><strong>illis</strong></span> <span class='ocrx_word' id='word_1_611' title='bbox 2780 3679 3024 3750; x_wconf 90' lang='lat' dir='ltr'><strong>epistolis</strong></span> <span class='ocrx_word' id='word_1_612' title='bbox 3052 3680 3435 3749; x_wconf 58' lang='lat' dir='ltr'><strong>praidicatutn,</strong></span> <span class='ocrx_word' id='word_1_613' title='bbox 3471 3691 3689 3747; x_wconf 89' lang='lat' dir='ltr'><strong>quarmn</strong></span> <span class='ocrx_word' id='word_1_614' title='bbox 3711 3688 3761 3727; x_wconf 90' lang='lat' dir='ltr'><strong>se</strong></span> 
     </span>
    </p>
   </div>
   <div class='ocr_carea' id='block_1_82' title="bbox 2168 3763 3765 3838">
    <p class='ocr_par' dir='ltr' id='par_1_82' title="bbox 2168 3763 3765 3838">
     <span class='ocr_line' id='line_1_82' title="bbox 2168 3763 3765 3838; baseline -0.008 -11"><span class='ocrx_word' id='word_1_615' title='bbox 2168 3771 2395 3827; x_wconf 90' lang='lat' dir='ltr'><strong>formam</strong></span> <span class='ocrx_word' id='word_1_616' title='bbox 2425 3770 2718 3826; x_wconf 90' lang='lat' dir='ltr'><strong>attendisse</strong></span> <span class='ocrx_word' id='word_1_617' title='bbox 2746 3770 2799 3824; x_wconf 93' lang='lat' dir='ltr'><strong>in</strong></span> <span class='ocrx_word' id='word_1_618' title='bbox 2823 3769 2934 3824; x_wconf 91' lang='lat' dir='ltr'><strong>suis</strong></span> <span class='ocrx_word' id='word_1_619' title='bbox 2961 3768 3214 3833; x_wconf 90' lang='lat' dir='ltr'><strong>decretis,</strong></span> <span class='ocrx_word' id='word_1_620' title='bbox 3245 3769 3448 3838; x_wconf 91' lang='lat' dir='ltr'><strong>quibus</strong></span> <span class='ocrx_word' id='word_1_621' title='bbox 3476 3765 3617 3821; x_wconf 90' lang='lat' dir='ltr'><strong>beati</strong></span> <span class='ocrx_word' id='word_1_622' title='bbox 3644 3763 3765 3817; x_wconf 84' lang='lat' dir='ltr'><strong>Leo-</strong></span> 
     </span>
    </p>
   </div>
   <div class='ocr_carea' id='block_1_83' title="bbox 2170 3854 3765 3932">
    <p class='ocr_par' dir='ltr' id='par_1_83' title="bbox 2170 3854 3765 3932">
     <span class='ocr_line' id='line_1_83' title="bbox 2170 3854 3765 3932; baseline -0.006 -15"><span class='ocrx_word' id='word_1_623' title='bbox 2170 3862 2254 3918; x_wconf 88' lang='lat' dir='ltr'><strong>nis</strong></span> <span class='ocrx_word' id='word_1_624' title='bbox 2282 3862 2600 3932; x_wconf 90' lang='lat' dir='ltr'><strong>approbavit</strong></span> <span class='ocrx_word' id='word_1_625' title='bbox 2635 3859 2940 3930; x_wconf 90' lang='lat' dir='ltr'><strong>epistolam,</strong></span> <span class='ocrx_word' id='word_1_626' title='bbox 2984 3858 3241 3930; x_wconf 75' lang='lat' dir='ltr'><strong>praedicta</strong></span> <span class='ocrx_word' id='word_1_627' title='bbox 3284 3858 3530 3931; x_wconf 81' lang='lat' dir='ltr'><strong>synodus</strong></span> <span class='ocrx_word' id='word_1_628' title='bbox 3562 3854 3765 3911; x_wconf 86' lang='lat' dir='ltr'><strong>confite-</strong></span> 
     </span>
    </p>
   </div>
   <div class='ocr_carea' id='block_1_84' title="bbox 2171 3952 3759 4019">
    <p class='ocr_par' dir='ltr' id='par_1_84' title="bbox 2171 3952 3759 4019">
     <span class='ocr_line' id='line_1_84' title="bbox 2171 3952 3759 4019; baseline -0.006 -10"><span class='ocrx_word' id='word_1_629' title='bbox 2171 3964 2276 4011; x_wconf 89' lang='lat' dir='ltr'><strong>tur.</strong></span> <span class='ocrx_word' id='word_1_630' title='bbox 2301 3955 2357 4010; x_wconf 89' lang='lat' dir='ltr'><strong>Si</strong></span> <span class='ocrx_word' id='word_1_631' title='bbox 2383 3963 2564 4009; x_wconf 89' lang='lat' dir='ltr'><strong>autem</strong></span> <span class='ocrx_word' id='word_1_632' title='bbox 2586 3954 2835 4008; x_wconf 89' lang='lat' dir='ltr'><strong>volumus</strong></span> <span class='ocrx_word' id='word_1_633' title='bbox 2862 3952 3242 4006; x_wconf 81' lang='lat' dir='ltr'><strong>immutilatam</strong></span> <span class='ocrx_word' id='word_1_634' title='bbox 3270 3952 3435 4007; x_wconf 91' lang='lat' dir='ltr'><strong>nobis</strong></span> <span class='ocrx_word' id='word_1_635' title='bbox 3456 3952 3574 4019; x_wconf 91' lang='lat' dir='ltr'><strong>ejus</strong></span> <span class='ocrx_word' id='word_1_636' title='bbox 3598 3958 3759 4003; x_wconf 86' lang='lat' dir='ltr'><strong>aucto-</strong></span> 
     </span>
    </p>
   </div>
   <div class='ocr_carea' id='block_1_85' title="bbox 2169 4042 3768 4112">
    <p class='ocr_par' dir='ltr' id='par_1_85' title="bbox 2169 4042 3768 4112">
     <span class='ocr_line' id='line_1_85' title="bbox 2169 4042 3768 4112; baseline -0.007 -10"><span class='ocrx_word' id='word_1_637' title='bbox 2169 4048 2385 4102; x_wconf 90' lang='lat' dir='ltr'><strong>ritatem</strong></span> <span class='ocrx_word' id='word_1_638' title='bbox 2414 4061 2654 4111; x_wconf 89' lang='lat' dir='ltr'><strong>manere,</strong></span> <span class='ocrx_word' id='word_1_639' title='bbox 2686 4060 2793 4101; x_wconf 92' lang='lat' dir='ltr'><strong>non</strong></span> <span class='ocrx_word' id='word_1_640' title='bbox 2815 4045 3056 4100; x_wconf 89' lang='lat' dir='ltr'><strong>dicemus</strong></span> <span class='ocrx_word' id='word_1_641' title='bbox 3081 4043 3472 4100; x_wconf 84' lang='lat' dir='ltr'><strong>Nestorianam</strong></span> <span class='ocrx_word' id='word_1_642' title='bbox 3503 4042 3768 4112; x_wconf 84' lang='lat' dir='ltr'><strong>epistolam</strong></span> 
     </span>
    </p>
   </div>
   <div class='ocr_carea' id='block_1_86' title="bbox 2168 4128 3768 4206">
    <p class='ocr_par' dir='ltr' id='par_1_86' title="bbox 2168 4128 3768 4206">
     <span class='ocr_line' id='line_1_86' title="bbox 2168 4128 3768 4206; baseline -0.008 -14"><span class='ocrx_word' id='word_1_643' title='bbox 2168 4137 2492 4193; x_wconf 87' lang='lat' dir='ltr'><strong>venerabilis</strong></span> <span class='ocrx_word' id='word_1_644' title='bbox 2519 4136 2625 4192; x_wconf 73' lang='lat' dir='ltr'><strong>Iba:</strong></span> <span class='ocrx_word' id='word_1_645' title='bbox 2658 4151 2757 4206; x_wconf 90' lang='lat' dir='ltr'><strong>pro</strong></span> <span class='ocrx_word' id='word_1_646' title='bbox 2808 4135 2963 4190; x_wconf 90' lang='lat' dir='ltr'><strong>laude</strong></span> <span class='ocrx_word' id='word_1_647' title='bbox 3010 4133 3315 4198; x_wconf 87' lang='lat' dir='ltr'><strong>Theodori,</strong></span> <span class='ocrx_word' id='word_1_648' title='bbox 3367 4148 3535 4203; x_wconf 88' lang='lat' dir='ltr'><strong>quem</strong></span> <span class='ocrx_word' id='word_1_649' title='bbox 3585 4132 3634 4185; x_wconf 88' lang='lat' dir='ltr'><strong>in</strong></span> <span class='ocrx_word' id='word_1_650' title='bbox 3679 4128 3768 4182; x_wconf 88' lang='lat' dir='ltr'><strong>illis</strong></span> 
     </span>
    </p>
   </div>
   <div class='ocr_carea' id='block_1_87' title="bbox 2169 4222 3771 4298">
    <p class='ocr_par' dir='ltr' id='par_1_87' title="bbox 2169 4222 3771 4298">
     <span class='ocr_line' id='line_1_87' title="bbox 2169 4222 3771 4298; baseline -0.008 -15"><span class='ocrx_word' id='word_1_651' title='bbox 2169 4229 2431 4298; x_wconf 81' lang='lat' dir='ltr'><strong>epistolis,</strong></span> <span class='ocrx_word' id='word_1_652' title='bbox 2462 4242 2598 4296; x_wconf 90' lang='lat' dir='ltr'><strong>quas</strong></span> <span class='ocrx_word' id='word_1_653' title='bbox 2628 4234 2834 4282; x_wconf 85' lang='lat' dir='ltr'><strong>tantum</strong></span> <span class='ocrx_word' id='word_1_654' title='bbox 2880 4224 3135 4295; x_wconf 72' lang='lat' dir='ltr'><strong>prtctulit,</strong></span> <span class='ocrx_word' id='word_1_655' title='bbox 3182 4225 3432 4294; x_wconf 88' lang='lat' dir='ltr'><strong>amplius</strong></span> <span class='ocrx_word' id='word_1_656' title='bbox 3481 4222 3771 4277; x_wconf 83' lang='lat' dir='ltr'><strong>invenimus</strong></span> 
     </span>
    </p>
   </div>
   <div class='ocr_carea' id='block_1_88' title="bbox 2168 4315 3770 4387">
    <p class='ocr_par' dir='ltr' id='par_1_88' title="bbox 2168 4315 3770 4387">
     <span class='ocr_line' id='line_1_88' title="bbox 2168 4315 3770 4387; baseline -0.009 -10"><span class='ocrx_word' id='word_1_657' title='bbox 2168 4336 2290 4377; x_wconf 90' lang='lat' dir='ltr'><strong>esse</strong></span> <span class='ocrx_word' id='word_1_658' title='bbox 2342 4318 2637 4375; x_wconf 87' lang='lat' dir='ltr'><strong>laudatum.</strong></span> <span class='ocrx_word' id='word_1_659' title='bbox 2704 4319 2852 4373; x_wconf 86' lang='lat' dir='ltr'><strong>Sicut</strong></span> <span class='ocrx_word' id='word_1_660' title='bbox 2874 4326 3053 4372; x_wconf 89' lang='lat' dir='ltr'><strong>autem</strong></span> <span class='ocrx_word' id='word_1_661' title='bbox 3118 4318 3369 4387; x_wconf 88' lang='lat' dir='ltr'><strong>ipsarum</strong></span> <span class='ocrx_word' id='word_1_662' title='bbox 3437 4315 3770 4385; x_wconf 88' lang='lat' dir='ltr'><strong>epistolartun</strong></span> 
     </span>
    </p>
   </div>
   <div class='ocr_carea' id='block_1_89' title="bbox 2172 4408 3776 4480">
    <p class='ocr_par' dir='ltr' id='par_1_89' title="bbox 2172 4408 3776 4480">
     <span class='ocr_line' id='line_1_89' title="bbox 2172 4408 3776 4480; baseline -0.007 -10"><span class='ocrx_word' id='word_1_663' title='bbox 2172 4413 2481 4470; x_wconf 87' lang='lat' dir='ltr'><strong>testimonio</strong></span> <span class='ocrx_word' id='word_1_664' title='bbox 2505 4413 2920 4477; x_wconf 88' lang='lat' dir='ltr'><strong>convincuntur,</strong></span> <span class='ocrx_word' id='word_1_665' title='bbox 2952 4411 3044 4480; x_wconf 93' lang='lat' dir='ltr'><strong>qui</strong></span> <span class='ocrx_word' id='word_1_666' title='bbox 3070 4426 3192 4466; x_wconf 92' lang='lat' dir='ltr'><strong>cum</strong></span> <span class='ocrx_word' id='word_1_667' title='bbox 3226 4419 3538 4467; x_wconf 86' lang='lat' dir='ltr'><strong>teneantur</strong></span> <span class='ocrx_word' id='word_1_668' title='bbox 3566 4408 3776 4465; x_wconf 83' lang='lat' dir='ltr'><strong>Chalce-</strong></span> 
     </span>
    </p>
   </div>
   <div class='ocr_carea' id='block_1_90' title="bbox 476 4494 2067 4572">
    <p class='ocr_par' dir='ltr' id='par_1_90' title="bbox 476 4496 2062 4568">
     <span class='ocr_line' id='line_1_90' title="bbox 476 4496 2062 4568; baseline 0.001 -16"><span class='ocrx_word' id='word_1_669' title='bbox 476 4496 708 4552; x_wconf 83' lang='lat' dir='ltr'><strong>Nestorii</strong></span> <span class='ocrx_word' id='word_1_670' title='bbox 738 4496 953 4565; x_wconf 89' lang='lat' dir='ltr'><strong>quidem</strong></span> <span class='ocrx_word' id='word_1_671' title='bbox 990 4499 1243 4566; x_wconf 84' lang='lat' dir='ltr'><strong>magister</strong></span> <span class='ocrx_word' id='word_1_672' title='bbox 1286 4496 1404 4563; x_wconf 91' lang='lat' dir='ltr'><strong>fuit,</strong></span> <span class='ocrx_word' id='word_1_673' title='bbox 1435 4498 1642 4566; x_wconf 90' lang='lat' dir='ltr'><strong>majore</strong></span> <span class='ocrx_word' id='word_1_674' title='bbox 1680 4506 1860 4553; x_wconf 91' lang='lat' dir='ltr'><strong>autem</strong></span> <span class='ocrx_word' id='word_1_675' title='bbox 1902 4513 2062 4568; x_wconf 89' lang='lat' dir='ltr'><strong>quam</strong></span> 
     </span>
    </p>
   </div>
   <div class='ocr_carea' id='block_1_91' title="bbox 2171 4494 3773 4572">
    <p class='ocr_par' dir='ltr' id='par_1_91' title="bbox 2171 4502 3773 4572">
     <span class='ocr_line' id='line_1_91' title="bbox 2171 4502 3773 4572; baseline -0.007 -12"><span class='ocrx_word' id='word_1_676' title='bbox 2171 4505 2425 4561; x_wconf 89' lang='lat' dir='ltr'><strong>donensis</strong></span> <span class='ocrx_word' id='word_1_677' title='bbox 2470 4505 2797 4559; x_wconf 90' lang='lat' dir='ltr'><strong>auctoritate</strong></span> <span class='ocrx_word' id='word_1_678' title='bbox 2850 4502 3087 4567; x_wconf 91' lang='lat' dir='ltr'><strong>concilii,</strong></span> <span class='ocrx_word' id='word_1_679' title='bbox 3128 4517 3303 4572; x_wconf 92' lang='lat' dir='ltr'><strong>aquo</strong></span> <span class='ocrx_word' id='word_1_680' title='bbox 3357 4502 3595 4556; x_wconf 74' lang='lat' dir='ltr'><strong>laudatm</strong></span> <span class='ocrx_word' id='word_1_681' title='bbox 3641 4505 3773 4559; x_wconf 87' lang='lat' dir='ltr'><strong>sunt,</strong></span> 
     </span>
    </p>
   </div>
   <div class='ocr_carea' id='block_1_92' title="bbox 475 4587 2065 4659">
    <p class='ocr_par' dir='ltr' id='par_1_92' title="bbox 475 4587 2065 4659">
     <span class='ocr_line' id='line_1_92' title="bbox 475 4587 2065 4659; baseline 0.001 -16"><span class='ocrx_word' id='word_1_682' title='bbox 475 4588 564 4644; x_wconf 91' lang='lat' dir='ltr'><strong>ille</strong></span> <span class='ocrx_word' id='word_1_683' title='bbox 594 4587 869 4657; x_wconf 88' lang='lat' dir='ltr'><strong>impietate</strong></span> <span class='ocrx_word' id='word_1_684' title='bbox 888 4590 1298 4659; x_wconf 89' lang='lat' dir='ltr'><strong>blasphemavit,</strong></span> <span class='ocrx_word' id='word_1_685' title='bbox 1340 4589 1463 4644; x_wconf 87' lang='lat' dir='ltr'><strong>etsi</strong></span> <span class='ocrx_word' id='word_1_686' title='bbox 1503 4590 1629 4658; x_wconf 90' lang='lat' dir='ltr'><strong>quia</strong></span> <span class='ocrx_word' id='word_1_687' title='bbox 1676 4591 1857 4645; x_wconf 82' lang='lat' dir='ltr'><strong>omnia</strong></span> <span class='ocrx_word' id='word_1_688' title='bbox 1887 4589 2065 4645; x_wconf 90' lang='lat' dir='ltr'><strong>Theo-</strong></span> 
     </span>
    </p>
   </div>
   <div class='ocr_carea' id='block_1_93' title="bbox 476 4677 2067 4748">
    <p class='ocr_par' dir='ltr' id='par_1_93' title="bbox 476 4677 2067 4748">
     <span class='ocr_line' id='line_1_93' title="bbox 476 4677 2067 4748; baseline 0.002 -16"><span class='ocrx_word' id='word_1_689' title='bbox 476 4677 595 4734; x_wconf 89' lang='lat' dir='ltr'><strong>dori</strong></span> <span class='ocrx_word' id='word_1_690' title='bbox 621 4678 763 4733; x_wconf 89' lang='lat' dir='ltr'><strong>dicta</strong></span> <span class='ocrx_word' id='word_1_691' title='bbox 793 4678 1049 4734; x_wconf 85' lang='lat' dir='ltr'><strong>adversus</strong></span> <span class='ocrx_word' id='word_1_692' title='bbox 1074 4679 1345 4736; x_wconf 86' lang='lat' dir='ltr'><strong>Christum</strong></span> <span class='ocrx_word' id='word_1_693' title='bbox 1370 4678 1573 4733; x_wconf 89' lang='lat' dir='ltr'><strong>diaboli</strong></span> <span class='ocrx_word' id='word_1_694' title='bbox 1603 4680 2067 4748; x_wconf 85' lang='lat' dir='ltr'><strong>transgrediuntur</strong></span> 
     </span>
    </p>
   </div>
   <div class='ocr_carea' id='block_1_94' title="bbox 474 4769 2067 4841">
    <p class='ocr_par' dir='ltr' id='par_1_94' title="bbox 474 4769 2067 4841">
     <span class='ocr_line' id='line_1_94' title="bbox 474 4769 2067 4841; baseline 0.003 -17"><span class='ocrx_word' id='word_1_695' title='bbox 474 4769 756 4836; x_wconf 90' lang='lat' dir='ltr'><strong>insaniam,</strong></span> <span class='ocrx_word' id='word_1_696' title='bbox 789 4769 910 4826; x_wconf 90' lang='lat' dir='ltr'><strong>ideo</strong></span> <span class='ocrx_word' id='word_1_697' title='bbox 958 4786 1064 4826; x_wconf 91' lang='lat' dir='ltr'><strong>non</strong></span> <span class='ocrx_word' id='word_1_698' title='bbox 1112 4770 1262 4826; x_wconf 89' lang='lat' dir='ltr'><strong>solus</strong></span> <span class='ocrx_word' id='word_1_699' title='bbox 1306 4770 1421 4840; x_wconf 89' lang='lat' dir='ltr'><strong>ipse</strong></span> <span class='ocrx_word' id='word_1_700' title='bbox 1444 4771 1590 4839; x_wconf 89' lang='lat' dir='ltr'><strong>juste</strong></span> <span class='ocrx_word' id='word_1_701' title='bbox 1635 4771 1941 4841; x_wconf 88' lang='lat' dir='ltr'><strong>damnatur,</strong></span> <span class='ocrx_word' id='word_1_702' title='bbox 1972 4774 2067 4829; x_wconf 91' lang='lat' dir='ltr'><strong>sed</strong></span> 
     </span>
    </p>
   </div>
   <div class='ocr_carea' id='block_1_95' title="bbox 475 4863 2068 4936">
    <p class='ocr_par' dir='ltr' id='par_1_95' title="bbox 475 4863 2068 4936">
     <span class='ocr_line' id='line_1_95' title="bbox 475 4863 2068 4936; baseline 0.004 -19"><span class='ocrx_word' id='word_1_703' title='bbox 475 4864 635 4917; x_wconf 92' lang='lat' dir='ltr'><strong>etiam</strong></span> <span class='ocrx_word' id='word_1_704' title='bbox 663 4878 783 4932; x_wconf 73' lang='lat' dir='ltr'><strong>qua:</strong></span> <span class='ocrx_word' id='word_1_705' title='bbox 822 4863 972 4918; x_wconf 89' lang='lat' dir='ltr'><strong>illum</strong></span> <span class='ocrx_word' id='word_1_706' title='bbox 1018 4863 1254 4918; x_wconf 89' lang='lat' dir='ltr'><strong>laudavit</strong></span> <span class='ocrx_word' id='word_1_707' title='bbox 1290 4865 1515 4933; x_wconf 90' lang='lat' dir='ltr'><strong>epistola</strong></span> <span class='ocrx_word' id='word_1_708' title='bbox 1545 4884 1556 4918; x_wconf 92' lang='lat'>:</span> <span class='ocrx_word' id='word_1_709' title='bbox 1591 4867 1827 4936; x_wconf 86' lang='lat' dir='ltr'><strong>synodus</strong></span> <span class='ocrx_word' id='word_1_710' title='bbox 1853 4883 2068 4936; x_wconf 88' lang='lat' dir='ltr'><strong>quoque</strong></span> 
     </span>
    </p>
   </div>
   <div class='ocr_carea' id='block_1_96' title="bbox 474 4955 2065 5026">
    <p class='ocr_par' dir='ltr' id='par_1_96' title="bbox 474 4955 2065 5026">
     <span class='ocr_line' id='line_1_96' title="bbox 474 4955 2065 5026; baseline 0.004 -18"><span class='ocrx_word' id='word_1_711' title='bbox 474 4956 931 5012; x_wconf 80' lang='lat' dir='ltr'><strong>Chalcedonensis</strong></span> <span class='ocrx_word' id='word_1_712' title='bbox 960 4957 1108 5026; x_wconf 88' lang='lat' dir='ltr'><strong>juste</strong></span> <span class='ocrx_word' id='word_1_713' title='bbox 1146 4955 1509 5024; x_wconf 87' lang='lat' dir='ltr'><strong>damnabitur,</strong></span> <span class='ocrx_word' id='word_1_714' title='bbox 1556 4973 1674 5026; x_wconf 68' lang='lat' dir='ltr'><strong>qua:</strong></span> <span class='ocrx_word' id='word_1_715' title='bbox 1714 4976 1821 5013; x_wconf 89' lang='lat' dir='ltr'><strong>non</strong></span> <span class='ocrx_word' id='word_1_716' title='bbox 1858 4968 2065 5014; x_wconf 91' lang='lat' dir='ltr'><strong>tantum</strong></span> 
     </span>
    </p>
   </div>
   <div class='ocr_carea' id='block_1_97' title="bbox 475 5045 2066 5117">
    <p class='ocr_par' dir='ltr' id='par_1_97' title="bbox 475 5045 2066 5117">
     <span class='ocr_line' id='line_1_97' title="bbox 475 5045 2066 5117; baseline 0.003 -19"><span class='ocrx_word' id='word_1_717' title='bbox 475 5048 738 5102; x_wconf 80' lang='lat' dir='ltr'><strong>maximos</strong></span> <span class='ocrx_word' id='word_1_718' title='bbox 766 5046 1072 5103; x_wconf 89' lang='lat' dir='ltr'><strong>laudatores</strong></span> <span class='ocrx_word' id='word_1_719' title='bbox 1101 5046 1267 5117; x_wconf 87' lang='lat' dir='ltr'><strong>ipsius</strong></span> <span class='ocrx_word' id='word_1_720' title='bbox 1293 5045 1589 5113; x_wconf 85' lang='lat' dir='ltr'><strong>Theodori,</strong></span> <span class='ocrx_word' id='word_1_721' title='bbox 1612 5048 1921 5116; x_wconf 71' lang='lat' dir='ltr'><strong>prmdictnm</strong></span> <span class='ocrx_word' id='word_1_722' title='bbox 1958 5048 2066 5103; x_wconf 88' lang='lat' dir='ltr'><strong>An-</strong></span> 
     </span>
    </p>
   </div>
   <div class='ocr_carea' id='block_1_98' title="bbox 475 5136 2067 5209">
    <p class='ocr_par' dir='ltr' id='par_1_98' title="bbox 475 5136 2067 5209">
     <span class='ocr_line' id='line_1_98' title="bbox 475 5136 2067 5209; baseline 0.004 -22"><span class='ocrx_word' id='word_1_723' title='bbox 475 5137 783 5192; x_wconf 79' lang='lat' dir='ltr'><strong>tiochenam</strong></span> <span class='ocrx_word' id='word_1_724' title='bbox 811 5148 867 5194; x_wconf 87' lang='lat' dir='ltr'><strong>et</strong></span> <span class='ocrx_word' id='word_1_725' title='bbox 894 5148 1120 5195; x_wconf 67' lang='lat' dir='ltr'><strong>czcteros</strong></span> <span class='ocrx_word' id='word_1_726' title='bbox 1148 5136 1376 5193; x_wconf 88' lang='lat' dir='ltr'><strong>Orientis</strong></span> <span class='ocrx_word' id='word_1_727' title='bbox 1399 5139 1682 5207; x_wconf 91' lang='lat' dir='ltr'><strong>episcopos</strong></span> <span class='ocrx_word' id='word_1_728' title='bbox 1703 5179 1717 5202; x_wconf 90' lang='lat'><strong>,</strong></span> <span class='ocrx_word' id='word_1_729' title='bbox 1748 5140 1983 5209; x_wconf 85' lang='lat' dir='ltr'><strong>suscepit</strong></span> <span class='ocrx_word' id='word_1_730' title='bbox 2011 5151 2067 5193; x_wconf 91' lang='lat' dir='ltr'><strong>ut</strong></span> 
     </span>
    </p>
   </div>
   <div class='ocr_carea' id='block_1_99' title="bbox 476 5224 2066 5299">
    <p class='ocr_par' dir='ltr' id='par_1_99' title="bbox 476 5224 2066 5299">
     <span class='ocr_line' id='line_1_99' title="bbox 476 5224 2066 5299; baseline 0.005 -22"><span class='ocrx_word' id='word_1_731' title='bbox 476 5224 685 5291; x_wconf 84' lang='lat' dir='ltr'><strong>Patres,</strong></span> <span class='ocrx_word' id='word_1_732' title='bbox 717 5243 903 5284; x_wconf 86' lang='lat' dir='ltr'><strong>verum</strong></span> <span class='ocrx_word' id='word_1_733' title='bbox 938 5232 1101 5285; x_wconf 89' lang='lat' dir='ltr'><strong>etiam</strong></span> <span class='ocrx_word' id='word_1_734' title='bbox 1151 5231 1291 5299; x_wconf 88' lang='lat' dir='ltr'><strong>ipsas</strong></span> <span class='ocrx_word' id='word_1_735' title='bbox 1316 5230 1510 5298; x_wconf 88' lang='lat' dir='ltr'><strong>quibus</strong></span> <span class='ocrx_word' id='word_1_736' title='bbox 1540 5245 1663 5284; x_wconf 91' lang='lat' dir='ltr'><strong>eum</strong></span> <span class='ocrx_word' id='word_1_737' title='bbox 1712 5229 2066 5285; x_wconf 86' lang='lat' dir='ltr'><strong>laudaverunt</strong></span> 
     </span>
    </p>
   </div>
   <div class='ocr_carea' id='block_1_100' title="bbox 475 5316 2064 5384">
    <p class='ocr_par' dir='ltr' id='par_1_100' title="bbox 475 5316 2064 5384">
     <span class='ocr_line' id='line_1_100' title="bbox 475 5316 2064 5384; baseline 0.004 -16"><span class='ocrx_word' id='word_1_738' title='bbox 475 5316 733 5384; x_wconf 80' lang='lat' dir='ltr'><strong>epistolas</strong></span> <span class='ocrx_word' id='word_1_739' title='bbox 760 5330 995 5373; x_wconf 88' lang='lat' dir='ltr'><strong>secutam</strong></span> <span class='ocrx_word' id='word_1_740' title='bbox 1024 5337 1085 5376; x_wconf 90' lang='lat' dir='ltr'><strong>se</strong></span> <span class='ocrx_word' id='word_1_741' title='bbox 1112 5321 1277 5377; x_wconf 85' lang='lat' dir='ltr'><strong>fuisse</strong></span> <span class='ocrx_word' id='word_1_742' title='bbox 1307 5322 1357 5376; x_wconf 93' lang='lat' dir='ltr'><strong>in</strong></span> <span class='ocrx_word' id='word_1_743' title='bbox 1384 5323 1495 5375; x_wconf 88' lang='lat' dir='ltr'><strong>suis</strong></span> <span class='ocrx_word' id='word_1_744' title='bbox 1519 5321 1917 5376; x_wconf 79' lang='lat' dir='ltr'><strong>definitionibus</strong></span> <span class='ocrx_word' id='word_1_745' title='bbox 1936 5338 2064 5376; x_wconf 85' lang='lat' dir='ltr'><strong>con-</strong></span> 
     </span>
    </p>
   </div>
   <div class='ocr_carea' id='block_1_101' title="bbox 475 5406 2063 5483">
    <p class='ocr_par' dir='ltr' id='par_1_101' title="bbox 475 5406 2063 5483">
     <span class='ocr_line' id='line_1_101' title="bbox 475 5406 2063 5483; baseline 0.006 -24"><span class='ocrx_word' id='word_1_746' title='bbox 475 5407 678 5463; x_wconf 81' lang='lat' dir='ltr'><strong>titetur.</strong></span> <span class='ocrx_word' id='word_1_747' title='bbox 732 5406 983 5467; x_wconf 86' lang='lat' dir='ltr'><strong>Pervides</strong></span> <span class='ocrx_word' id='word_1_748' title='bbox 1038 5412 1234 5480; x_wconf 78' lang='lat' dir='ltr'><strong>igitur,</strong></span> <span class='ocrx_word' id='word_1_749' title='bbox 1286 5413 1703 5469; x_wconf 84' lang='lat' dir='ltr'><strong>clementissime</strong></span> <span class='ocrx_word' id='word_1_750' title='bbox 1752 5414 2063 5483; x_wconf 87' lang='lat' dir='ltr'><strong>imperator,</strong></span> 
     </span>
    </p>
   </div>
   <div class='ocr_carea' id='block_1_102' title="bbox 552 5660 1345 5731">
    <p class='ocr_par' dir='ltr' id='par_1_102' title="bbox 552 5660 1345 5731">
     <span class='ocr_line' id='line_1_102' title="bbox 552 5660 1345 5731; baseline -0.003 -16"><span class='ocrx_word' id='word_1_751' title='bbox 552 5664 565 5691; x_wconf 82' lang='grc'>¹</span> <span class='ocrx_word' id='word_1_752' title='bbox 591 5661 732 5731; x_wconf 65' lang='grc' dir='ltr'><strong>βοά.</strong></span> <span class='ocrx_word' id='word_1_753' title='bbox 763 5661 987 5723; x_wconf 70' lang='lat' dir='ltr'><strong>Verum,</strong></span> <span class='ocrx_word' id='word_1_754' title='bbox 1015 5660 1345 5731; x_wconf 76' lang='lat' dir='ltr'><strong>gloriamque.</strong></span> 
     </span>
    </p>
   </div>
   <div class='ocr_carea' id='block_1_103' title="bbox 544 5729 2041 5799">
    <p class='ocr_par' dir='ltr' id='par_1_103' title="bbox 544 5729 2041 5799">
     <span class='ocr_line' id='line_1_103' title="bbox 544 5729 2041 5799; baseline -0.002 -15"><span class='ocrx_word' id='word_1_755' title='bbox 544 5732 569 5765; x_wconf 77' lang='lat'><strong>’</strong></span> <span class='ocrx_word' id='word_1_756' title='bbox 590 5729 738 5786; x_wconf 88' lang='lat' dir='ltr'><strong>Idem</strong></span> <span class='ocrx_word' id='word_1_757' title='bbox 766 5733 911 5795; x_wconf 89' lang='lat' dir='ltr'><strong>cod.,</strong></span> <span class='ocrx_word' id='word_1_758' title='bbox 936 5732 1209 5799; x_wconf 71' lang='lat' dir='ltr'><strong>prwt&#39;oniis</strong></span> <span class='ocrx_word' id='word_1_759' title='bbox 1232 5729 1503 5783; x_wconf 60' lang='lat' dir='ltr'><strong>catoliant.</strong></span> <span class='ocrx_word' id='word_1_760' title='bbox 2034 5764 2041 5770; x_wconf 83' lang='lat'><strong>-</strong></span> 
     </span>
    </p>
   </div>
   <div class='ocr_carea' id='block_1_104' title="bbox 551 5800 2069 5872">
    <p class='ocr_par' dir='ltr' id='par_1_104' title="bbox 551 5800 2069 5872">
     <span class='ocr_line' id='line_1_104' title="bbox 551 5800 2069 5872; baseline -0.004 -13"><span class='ocrx_word' id='word_1_761' title='bbox 551 5800 575 5834; x_wconf 81' lang='grc'>⁸</span> <span class='ocrx_word' id='word_1_762' title='bbox 593 5801 739 5860; x_wconf 76' lang='lat' dir='ltr'><strong>Idem</strong></span> <span class='ocrx_word' id='word_1_763' title='bbox 769 5802 918 5869; x_wconf 85' lang='lat' dir='ltr'><strong>cod.,</strong></span> <span class='ocrx_word' id='word_1_764' title='bbox 941 5801 1243 5872; x_wconf 70' lang='lat' dir='ltr'><strong>prmdt’ctam</strong></span> <span class='ocrx_word' id='word_1_765' title='bbox 1271 5802 1526 5870; x_wconf 77' lang='lat' dir='ltr'><strong>synodum</strong></span> <span class='ocrx_word' id='word_1_766' title='bbox 1551 5819 1579 5855; x_wconf 90' lang='lat' dir='ltr'><strong>a</strong></span> <span class='ocrx_word' id='word_1_767' title='bbox 1612 5800 1757 5857; x_wconf 82' lang='lat' dir='ltr'><strong>nobis</strong></span> <span class='ocrx_word' id='word_1_768' title='bbox 1791 5817 1890 5855; x_wconf 78' lang='lat' dir='ltr'><strong>non</strong></span> <span class='ocrx_word' id='word_1_769' title='bbox 1920 5817 2069 5871; x_wconf 69' lang='lat' dir='ltr'><strong>posse</strong></span> 
     </span>
    </p>
   </div>
   <div class='ocr_carea' id='block_1_105' title="bbox 2170 4589 3778 4651">
    <p class='ocr_par' dir='ltr' id='par_1_105' title="bbox 2170 4589 3778 4651">
     <span class='ocr_line' id='line_1_105' title="bbox 2170 4589 3778 4651; baseline -0.007 -1"><span class='ocrx_word' id='word_1_770' title='bbox 2170 4596 2363 4651; x_wconf 90' lang='lat' dir='ltr'><strong>nolunt</strong></span> <span class='ocrx_word' id='word_1_771' title='bbox 2409 4612 2570 4650; x_wconf 89' lang='lat' dir='ltr'><strong>unum</strong></span> <span class='ocrx_word' id='word_1_772' title='bbox 2610 4595 2678 4650; x_wconf 87' lang='lat' dir='ltr'><strong>de</strong></span> <span class='ocrx_word' id='word_1_773' title='bbox 2727 4593 2988 4649; x_wconf 86' lang='lat' dir='ltr'><strong>Trinitate</strong></span> <span class='ocrx_word' id='word_1_774' title='bbox 3030 4592 3211 4648; x_wconf 90' lang='lat' dir='ltr'><strong>dicere</strong></span> <span class='ocrx_word' id='word_1_775' title='bbox 3256 4594 3563 4648; x_wconf 89' lang='lat' dir='ltr'><strong>Dominum</strong></span> <span class='ocrx_word' id='word_1_776' title='bbox 3610 4589 3778 4645; x_wconf 82' lang='lat' dir='ltr'><strong>Jesum</strong></span> 
     </span>
    </p>
   </div>
   <div class='ocr_carea' id='block_1_106' title="bbox 2171 4683 3776 4744">
    <p class='ocr_par' dir='ltr' id='par_1_106' title="bbox 2171 4683 3776 4744">
     <span class='ocr_line' id='line_1_106' title="bbox 2171 4683 3776 4744; baseline -0.009 -1"><span class='ocrx_word' id='word_1_777' title='bbox 2171 4687 2439 4744; x_wconf 89' lang='lat' dir='ltr'><strong>Christum</strong></span> <span class='ocrx_word' id='word_1_778' title='bbox 2467 4705 2478 4741; x_wconf 91' lang='lat'>:</span> <span class='ocrx_word' id='word_1_779' title='bbox 2508 4688 2577 4740; x_wconf 87' lang='lat' dir='ltr'><strong>ita</strong></span> <span class='ocrx_word' id='word_1_780' title='bbox 2608 4694 2664 4740; x_wconf 92' lang='lat' dir='ltr'><strong>et</strong></span> <span class='ocrx_word' id='word_1_781' title='bbox 2694 4686 2767 4740; x_wconf 92' lang='lat' dir='ltr'><strong>illi</strong></span> <span class='ocrx_word' id='word_1_782' title='bbox 2796 4700 2982 4740; x_wconf 89' lang='lat' dir='ltr'><strong>earum</strong></span> <span class='ocrx_word' id='word_1_783' title='bbox 3012 4684 3336 4739; x_wconf 90' lang='lat' dir='ltr'><strong>testimonio</strong></span> <span class='ocrx_word' id='word_1_784' title='bbox 3369 4683 3776 4740; x_wconf 89' lang='lat' dir='ltr'><strong>convincentur,</strong></span> 
     </span>
    </p>
   </div>
   <div class='ocr_carea' id='block_1_107' title="bbox 2171 4768 3781 4847">
    <p class='ocr_par' dir='ltr' id='par_1_107' title="bbox 2171 4768 3781 4847">
     <span class='ocr_line' id='line_1_107' title="bbox 2171 4768 3781 4847; baseline -0.009 -12"><span class='ocrx_word' id='word_1_785' title='bbox 2171 4778 2259 4847; x_wconf 88' lang='lat' dir='ltr'><strong>qui</strong></span> <span class='ocrx_word' id='word_1_786' title='bbox 2300 4779 2460 4834; x_wconf 91' lang='lat' dir='ltr'><strong>simili</strong></span> <span class='ocrx_word' id='word_1_787' title='bbox 2490 4777 2593 4832; x_wconf 88' lang='lat' dir='ltr'><strong>fide</strong></span> <span class='ocrx_word' id='word_1_788' title='bbox 2633 4777 2923 4845; x_wconf 89' lang='lat' dir='ltr'><strong>probantes</strong></span> <span class='ocrx_word' id='word_1_789' title='bbox 2969 4773 3207 4843; x_wconf 88' lang='lat' dir='ltr'><strong>ejusdem</strong></span> <span class='ocrx_word' id='word_1_790' title='bbox 3264 4773 3507 4829; x_wconf 85' lang='lat' dir='ltr'><strong>decreta</strong></span> <span class='ocrx_word' id='word_1_791' title='bbox 3557 4768 3781 4833; x_wconf 89' lang='lat' dir='ltr'><strong>concilii,</strong></span> 
     </span>
    </p>
   </div>
   <div class='ocr_carea' id='block_1_108' title="bbox 2173 4859 3779 4939">
    <p class='ocr_par' dir='ltr' id='par_1_108' title="bbox 2173 4859 3779 4939">
     <span class='ocr_line' id='line_1_108' title="bbox 2173 4859 3779 4939; baseline -0.005 -14"><span class='ocrx_word' id='word_1_792' title='bbox 2173 4870 2453 4939; x_wconf 87' lang='lat' dir='ltr'><strong>epistolam</strong></span> <span class='ocrx_word' id='word_1_793' title='bbox 2479 4868 2800 4923; x_wconf 87' lang='lat' dir='ltr'><strong>venerabilis</strong></span> <span class='ocrx_word' id='word_1_794' title='bbox 2825 4866 2930 4921; x_wconf 69' lang='lat' dir='ltr'><strong>Ihm</strong></span> <span class='ocrx_word' id='word_1_795' title='bbox 2958 4880 3076 4936; x_wconf 75' lang='lat' dir='ltr'><strong>quae</strong></span> <span class='ocrx_word' id='word_1_796' title='bbox 3115 4864 3485 4919; x_wconf 88' lang='lat' dir='ltr'><strong>Theodorum</strong></span> <span class='ocrx_word' id='word_1_797' title='bbox 3529 4859 3779 4917; x_wconf 74' lang='lat' dir='ltr'><strong>laudavit.</strong></span> 
     </span>
    </p>
   </div>
   <div class='ocr_carea' id='block_1_109' title="bbox 2176 4952 3784 5031">
    <p class='ocr_par' dir='ltr' id='par_1_109' title="bbox 2176 4952 3784 5031">
     <span class='ocr_line' id='line_1_109' title="bbox 2176 4952 3784 5031; baseline -0.006 -17"><span class='ocrx_word' id='word_1_798' title='bbox 2176 4971 2428 5029; x_wconf 87' lang='lat' dir='ltr'><strong>tanquam</strong></span> <span class='ocrx_word' id='word_1_799' title='bbox 2454 4958 2826 5027; x_wconf 85' lang='lat' dir='ltr'><strong>Nestorianam</strong></span> <span class='ocrx_word' id='word_1_800' title='bbox 2853 4956 3119 5011; x_wconf 88' lang='lat' dir='ltr'><strong>voluerint</strong></span> <span class='ocrx_word' id='word_1_801' title='bbox 3147 4954 3423 5010; x_wconf 85' lang='lat' dir='ltr'><strong>abdicari.</strong></span> <span class='ocrx_word' id='word_1_802' title='bbox 3458 4952 3528 5010; x_wconf 86' lang='lat' dir='ltr'><strong>Et</strong></span> <span class='ocrx_word' id='word_1_803' title='bbox 3558 4954 3669 5008; x_wconf 74' lang='lat' dir='ltr'><strong>haec</strong></span> <span class='ocrx_word' id='word_1_804' title='bbox 3709 4964 3784 5031; x_wconf 47' lang='lat' dir='ltr'><strong>as:</strong></span> 
     </span>
    </p>
   </div>
   <div class='ocr_carea' id='block_1_110' title="bbox 2168 5039 3785 5116">
    <p class='ocr_par' dir='ltr' id='par_1_110' title="bbox 2168 5039 3785 5116">
     <span class='ocr_line' id='line_1_110' title="bbox 2168 5039 3785 5116; baseline -0.008 -11"><span class='ocrx_word' id='word_1_805' title='bbox 2168 5058 2314 5106; x_wconf 89' lang='lat' dir='ltr'><strong>serta</strong></span> <span class='ocrx_word' id='word_1_806' title='bbox 2339 5058 2481 5115; x_wconf 91' lang='lat' dir='ltr'><strong>sunt,</strong></span> <span class='ocrx_word' id='word_1_807' title='bbox 2513 5049 2599 5104; x_wconf 89' lang='lat' dir='ltr'><strong>vel</strong></span> <span class='ocrx_word' id='word_1_808' title='bbox 2625 5049 2689 5113; x_wconf 91' lang='lat' dir='ltr'><strong>si,</strong></span> <span class='ocrx_word' id='word_1_809' title='bbox 2723 5056 2783 5103; x_wconf 92' lang='lat' dir='ltr'><strong>ut</strong></span> <span class='ocrx_word' id='word_1_810' title='bbox 2807 5047 2917 5116; x_wconf 87' lang='lat' dir='ltr'><strong>jam</strong></span> <span class='ocrx_word' id='word_1_811' title='bbox 2947 5045 3200 5109; x_wconf 78' lang='lat' dir='ltr'><strong>diximus,</strong></span> <span class='ocrx_word' id='word_1_812' title='bbox 3238 5060 3358 5098; x_wconf 92' lang='lat' dir='ltr'><strong>non</strong></span> <span class='ocrx_word' id='word_1_813' title='bbox 3394 5060 3522 5099; x_wconf 89' lang='lat' dir='ltr'><strong>eam</strong></span> <span class='ocrx_word' id='word_1_814' title='bbox 3563 5039 3785 5113; x_wconf 83' lang='lat' dir='ltr'><strong>synodus</strong></span> 
     </span>
    </p>
   </div>
   <div class='ocr_carea' id='block_1_111' title="bbox 2169 5133 3783 5215">
    <p class='ocr_par' dir='ltr' id='par_1_111' title="bbox 2169 5133 3783 5215">
     <span class='ocr_line' id='line_1_111' title="bbox 2169 5133 3783 5215; baseline -0.009 -18"><span class='ocrx_word' id='word_1_815' title='bbox 2169 5143 2543 5215; x_wconf 87' lang='lat' dir='ltr'><strong>pronuntiaret</strong></span> <span class='ocrx_word' id='word_1_816' title='bbox 2594 5139 2973 5203; x_wconf 78' lang='lat' dir='ltr'><strong>orthodoxam,</strong></span> <span class='ocrx_word' id='word_1_817' title='bbox 3024 5152 3123 5192; x_wconf 87' lang='lat' dir='ltr'><strong>nec</strong></span> <span class='ocrx_word' id='word_1_818' title='bbox 3187 5136 3342 5207; x_wconf 83' lang='lat' dir='ltr'><strong>apud</strong></span> <span class='ocrx_word' id='word_1_819' title='bbox 3396 5152 3524 5191; x_wconf 87' lang='lat' dir='ltr'><strong>eam</strong></span> <span class='ocrx_word' id='word_1_820' title='bbox 3577 5133 3783 5189; x_wconf 86' lang='lat' dir='ltr'><strong>recitata</strong></span> 
     </span>
    </p>
   </div>
   <div class='ocr_carea' id='block_1_112' title="bbox 2172 5224 3785 5307">
    <p class='ocr_par' dir='ltr' id='par_1_112' title="bbox 2172 5224 3785 5307">
     <span class='ocr_line' id='line_1_112' title="bbox 2172 5224 3785 5307; baseline -0.014 -16"><span class='ocrx_word' id='word_1_821' title='bbox 2172 5244 2355 5307; x_wconf 89' lang='lat' dir='ltr'><strong>posset</strong></span> <span class='ocrx_word' id='word_1_822' title='bbox 2384 5234 2615 5289; x_wconf 90' lang='lat' dir='ltr'><strong>ostendi.</strong></span> <span class='ocrx_word' id='word_1_823' title='bbox 2647 5231 2783 5299; x_wconf 88' lang='lat' dir='ltr'><strong>Quia</strong></span> <span class='ocrx_word' id='word_1_824' title='bbox 2811 5247 2944 5287; x_wconf 88' lang='lat' dir='ltr'><strong>vero</strong></span> <span class='ocrx_word' id='word_1_825' title='bbox 2974 5231 3204 5283; x_wconf 88' lang='lat' dir='ltr'><strong>fatentur</strong></span> <span class='ocrx_word' id='word_1_826' title='bbox 3236 5228 3398 5297; x_wconf 78' lang='lat' dir='ltr'><strong>quod</strong></span> <span class='ocrx_word' id='word_1_827' title='bbox 3455 5228 3528 5281; x_wconf 87' lang='lat' dir='ltr'><strong>ibi</strong></span> <span class='ocrx_word' id='word_1_828' title='bbox 3575 5224 3785 5279; x_wconf 77' lang='lat' dir='ltr'><strong>recitata</strong></span> 
     </span>
    </p>
   </div>
   <div class='ocr_carea' id='block_1_113' title="bbox 2170 5314 3760 5393">
    <p class='ocr_par' dir='ltr' id='par_1_113' title="bbox 2170 5314 3760 5393">
     <span class='ocr_line' id='line_1_113' title="bbox 2170 5314 3760 5393; baseline -0.009 -11"><span class='ocrx_word' id='word_1_829' title='bbox 2170 5328 2349 5388; x_wconf 90' lang='lat' dir='ltr'><strong>fuerit,</strong></span> <span class='ocrx_word' id='word_1_830' title='bbox 2382 5325 2556 5381; x_wconf 87' lang='lat' dir='ltr'><strong>adhuc</strong></span> <span class='ocrx_word' id='word_1_831' title='bbox 2584 5327 2662 5379; x_wconf 57' lang='grc' dir='ltr'><strong>θὴς</strong></span> <span class='ocrx_word' id='word_1_832' title='bbox 2683 5323 2913 5393; x_wconf 88' lang='lat' dir='ltr'><strong>amplius</strong></span> <span class='ocrx_word' id='word_1_833' title='bbox 2942 5321 3336 5389; x_wconf 84' lang='lat' dir='ltr'><strong>concedamus,</strong></span> <span class='ocrx_word' id='word_1_834' title='bbox 3385 5330 3448 5376; x_wconf 87' lang='lat' dir='ltr'><strong>et</strong></span> <span class='ocrx_word' id='word_1_835' title='bbox 3489 5314 3760 5375; x_wconf 56' lang='lat' dir='ltr'><strong>dissimulo</strong></span> 
     </span>
    </p>
   </div>
   <div class='ocr_carea' id='block_1_114' title="bbox 2172 5406 3781 5483">
    <p class='ocr_par' dir='ltr' id='par_1_114' title="bbox 2172 5406 3781 5483">
     <span class='ocr_line' id='line_1_114' title="bbox 2172 5406 3781 5483; baseline -0.009 -12"><span class='ocrx_word' id='word_1_836' title='bbox 2172 5433 2288 5471; x_wconf 89' lang='lat' dir='ltr'><strong>mus</strong></span> <span class='ocrx_word' id='word_1_837' title='bbox 2318 5416 2383 5470; x_wconf 87' lang='lat' dir='ltr'><strong>ab</strong></span> <span class='ocrx_word' id='word_1_838' title='bbox 2414 5416 2513 5469; x_wconf 86' lang='lat' dir='ltr'><strong>hac</strong></span> <span class='ocrx_word' id='word_1_839' title='bbox 2544 5429 2758 5483; x_wconf 85' lang='lat' dir='ltr'><strong>quoque</strong></span> <span class='ocrx_word' id='word_1_840' title='bbox 2786 5414 3052 5468; x_wconf 87' lang='lat' dir='ltr'><strong>sententia</strong></span> <span class='ocrx_word' id='word_1_841' title='bbox 3079 5410 3301 5482; x_wconf 82' lang='lat' dir='ltr'><strong>synodi,</strong></span> <span class='ocrx_word' id='word_1_842' title='bbox 3330 5426 3444 5479; x_wconf 86' lang='lat' dir='ltr'><strong>qua</strong></span> <span class='ocrx_word' id='word_1_843' title='bbox 3478 5406 3781 5481; x_wconf 77' lang='lat' dir='ltr'><strong>prontmtia-</strong></span> 
     </span>
    </p>
   </div>
   <div class='ocr_carea' id='block_1_115' title="bbox 2178 5658 2406 5726">
    <p class='ocr_par' dir='ltr' id='par_1_115' title="bbox 2178 5658 2406 5726">
     <span class='ocr_line' id='line_1_115' title="bbox 2178 5658 2406 5726; baseline 0.009 -18"><span class='ocrx_word' id='word_1_844' title='bbox 2178 5658 2406 5726; x_wconf 71' lang='lat' dir='ltr'><strong>defendi.</strong></span> 
     </span>
    </p>
   </div>
   <div class='ocr_carea' id='block_1_116' title="bbox 2254 5728 2889 5793">
    <p class='ocr_par' dir='ltr' id='par_1_116' title="bbox 2254 5728 2889 5793">
     <span class='ocr_line' id='line_1_116' title="bbox 2254 5728 2889 5793; baseline -0.003 -13"><span class='ocrx_word' id='word_1_845' title='bbox 2254 5739 2268 5756; x_wconf 79' lang='lat'><strong>‘</strong></span> <span class='ocrx_word' id='word_1_846' title='bbox 2303 5729 2441 5781; x_wconf 84' lang='lat' dir='ltr'><strong>Idem</strong></span> <span class='ocrx_word' id='word_1_847' title='bbox 2483 5729 2628 5793; x_wconf 75' lang='lat' dir='ltr'><strong>cod.,</strong></span> <span class='ocrx_word' id='word_1_848' title='bbox 2655 5728 2889 5781; x_wconf 77' lang='lat' dir='ltr'><strong>laudant.</strong></span> 
     </span>
    </p>
   </div>
   <div class='ocr_carea' id='block_1_117' title="bbox 2252 5798 2971 5865">
    <p class='ocr_par' dir='ltr' id='par_1_117' title="bbox 2252 5798 2971 5865">
     <span class='ocr_line' id='line_1_117' title="bbox 2252 5798 2971 5865; baseline -0.001 -13"><span class='ocrx_word' id='word_1_849' title='bbox 2252 5799 2270 5829; x_wconf 81' lang='grc'><strong><em>⁵</em></strong></span> <span class='ocrx_word' id='word_1_850' title='bbox 2297 5798 2443 5855; x_wconf 80' lang='lat' dir='ltr'><strong>Idem</strong></span> <span class='ocrx_word' id='word_1_851' title='bbox 2475 5799 2618 5865; x_wconf 82' lang='lat' dir='ltr'><strong>cod.,</strong></span> <span class='ocrx_word' id='word_1_852' title='bbox 2647 5799 2820 5852; x_wconf 80' lang='lat' dir='ltr'><strong>omnia</strong></span> <span class='ocrx_word' id='word_1_853' title='bbox 2850 5798 2971 5851; x_wconf 78' lang='lat' dir='ltr'><strong>ista.</strong></span> 
     </span>
    </p>
   </div>
  </div>
