3878 6194
156 273 244 329 565

1025 281 1161 336 PRO
1199 279 1620 336 DEFENSIONE
1659 279 1871 334 TRIUM
1915 269 2230 350 CAI’ITUL.
2268 279 2393 335 LIB.
2428 283 2489 336 ιι.

3316 277 3420 334 566

152 405 209 445 ut
231 406 373 459 quon
405 392 768 446 sanctissimus
792 394 806 422 ¹
833 393 1065 448 Joannes
1088 393 1475 460 Antiochcnus,
1508 392 1720 446 hmreti-
1752 396 1797 451 Α
1829 391 1949 445 fidei
1980 408 2084 446 non
2115 390 2287 446 solum
2317 408 2458 448 nunc
2486 395 2726 449 viventes
2752 396 3080 464 insequitur,
3111 401 3202 453 sed
3234 411 3289 457 ct
3321 404 3412 460 ιιυε

149 500 314 538 uirum
359 483 640 538 maledicta
692 483 964 554 rejiciens,
1012 493 1068 538 et
1113 485 1422 554 apostolica:
1465 483 1724 538 doctrina:

150 577 323 645 dogma
352 575 655 640 declarans,
683 577 848 632 totius
875 575 1108 634 Orientis
1128 576 1544 642 confessionem,
1576 578 1726 632 velut

149 683 205 719 ex
224 683 325 720 uno
355 682 471 732 ore,
513 666 854 723 sanctissimo
897 669 1086 724 Proclo
1129 676 1184 724 et
1221 670 1270 724 ei
1300 669 1392 740 qui
1440 684 1536 739 per
1578 668 1722 726 idem

151 769 344 826 tempus
387 757 573 813 mundi
618 759 842 830 regebat
880 760 1242 830 gubernacula
1283 761 1576 818 destinavit
1610 781 1622 815 :
1667 773 1725 818 ut

149 851 268 904 sicut
315 859 544 917 negatur
568 850 759 907 eadem
804 853 1043 923 synodus
1071 852 1358 922 epistolam
1401 855 1726 909 venerabilis

149 942 230 994 ιικε
258 941 618 997 orthodoxam
643 944 1040 1013 pronuntiasse,
1069 944 1140 998 ita
1163 945 1325 1000 etiam
1355 954 1580 1013 negetur
1607 931 1730 1000 ille--

149 1039 367 1086 moratas
396 1033 776 1103 sapientissimi
797 1032 1020 1089 Joannis
1039 1042 1094 1088 et
1122 1035 1290 1090 totius
1311 1035 1524 1090 concilii
1547 1035 1725 1089 orien-

150 1122 246 1177 talis
295 1124 578 1192 epistolas,
616 1124 670 1179 itt
707 1125 904 1194 quibus
953 1124 1362 1196 Mopsuestenus
1408 1125 1725 1183 Theodorus

145 1214 298 1267 multo
342 1214 575 1284 amplius
605 1215 850 1272 laudatus
903 1225 1003 1286 est,
1047 1218 1395 1287 approbasse,
1445 1229 1500 1272 et
1539 1234 1724 1273 earum

147 1311 354 1363 fortnam
381 1311 435 1364 in
457 1325 552 1364 sua
583 1309 917 1374 deﬁnitione,
944 1309 1395 1380 quemadmodum
1425 1309 1720 1376 docuimus,

147 1400 441 1456 attendisse.
473 1399 720 1470 Nunquid
744 1401 905 1456 etiam
934 1401 1010 1456 sic
1031 1416 1138 1456 non
1167 1401 1219 1454 in
1250 1401 1723 1471 reprehensionem

145 1493 292 1560 ipsius
323 1491 513 1562 synodi
542 1507 642 1561 pro
669 1506 990 1562 quacunque
1029 1507 1189 1546 causa
1221 1491 1475 1562 praedicta
1499 1493 1724 1562 epistola

146 1583 435 1637 videbitur?
460 1582 591 1636 Nam
621 1583 667 1637 si
695 1583 1022 1639 credendum
1051 1583 1221 1638 estad
1249 1585 1424 1638 zelum
1445 1585 1726 1639 catholica:

147 1674 246 1729 tidei
277 1675 575 1745 pertinere,
608 1675 753 1745 quod
783 1683 906 1746 post
927 1686 1143 1731 centum
1185 1675 1356 1730 ferme
1393 1691 1565 1732 annos
1608 1684 1725 1730 tan-

1828 487 1915 555 qui
1939 485 2066 539 olim
2106 484 2172 537 ad
2220 484 2386 539 Deam
2427 497 2830 556 praaccsserunt.
2866 489 3103 556 Quorum
3155 511 3291 550 unus
3335 508 3446 552 es“

1827 577 2016 631 beatus
2048 577 2378 644 Theodorus,
2415 595 2590 649 praeco
2629 579 2870 635 veritatis
2908 590 2962 636 et
3007 585 3199 640 doctor
3237 585 3408 642 Eccle-

1826 669 1918 722 siae
1947 687 1958 721 :
1990 671 2080 738 qui
2107 687 2210 725 non
2240 672 2413 725 solum
2445 672 2497 726 in
2538 685 2635 725 sua
2663 672 2772 727 vita
2807 672 3164 744 colaphizavit
3197 677 3410 735 lucreti-

1827 777 1919 817 cos
1947 777 2042 832 per
2070 764 2349 818 veritatem
2381 781 2489 819 sua:
2520 764 2658 830 ﬁdei,
2695 766 2786 820 sed
2817 776 2872 821 et
2905 775 3026 836 post
3054 778 3283 824 mortem
3303 773 3413 841 spi-

1825 855 2002 909 ritalia
2029 872 2179 910 arma
2219 857 2268 910 in
2312 857 2461 911 libris
2492 848 2722 928 propriis
2759 857 3007 914 Ecclesia:
3059 859 3182 916 ﬁliis
3222 863 3416 920 dereli-

1825 949 1963 1016 quit,
1985 949 2122 1003 sicut
2143 957 2198 1004 et
2222 958 2310 1004 tua
2334 951 2633 1004 reverentia
2659 951 2829 1006 eidem
2852 952 3117 1008 collocuta
3139 957 3412 1025 cognovit,

1825 1045 1879 1090 ct
1901 1053 1964 1093 ex
1995 1038 2076 1092 his
2104 1055 2221 1108 quae
2242 1040 2453 1109 scripsit
2483 1039 2736 1096 instructa
2765 1051 2868 1096 est.
2898 1040 3053 1098 Hunc
3073 1048 3418 1117 prmsumpsit

1825 1130 1916 1198 qui
1938 1135 2116 1184 omnia
2157 1133 2429 1200 praesumit
2471 1134 2522 1186 in
2565 1132 2803 1187 Ecclesia
2837 1133 3012 1203 palam
3059 1136 3416 1193 anathemati-

1825 1239 1978 1288 zare;
2011 1225 2100 1294 qui
2131 1235 2351 1296 propter
2393 1227 2564 1282 zelum
2608 1226 2724 1289 Dei,
2767 1243 2873 1281 non
2919 1229 3093 1282 solum
3139 1231 3413 1299 propriam

1825 1319 2095 1374 civitatem
2133 1320 2201 1374 ab
2231 1336 2412 1375 errore
2448 1321 2514 1374 ad
2558 1322 2837 1376 veritatem
2883 1323 3169 1388 convertit,
3219 1324 3312 1379 sed
3358 1331 3415 1380 ct

1826 1410 1983 1480 longe
2010 1412 2215 1482 positas
2246 1427 2339 1466 sua
2362 1412 2605 1467 doctrina
2635 1413 2886 1467 instruxit
2911 1412 3194 1470 Ecclesias.
3225 1436 3244 1468 ι
3278 1416 3412 1471 Cum

1827 1517 1955 1572 ergo
1983 1505 2049 1558 ad
2079 1507 2236 1559 istum
2265 1505 2458 1569 loemn,
2486 1506 2624 1560 sicut
2653 1505 2785 1573 dixi,
2814 1507 3080 1571 venirent,
3109 1509 3210 1562 ubi
3228 1524 3416 1577 quem-

1825 1595 1948 1650 dam
1978 1595 2201 1651 denotat
2225 1595 2367 1650 idem
2399 1596 2718 1650 venerabilis
2738 1595 2856 1650 lbas
2885 1597 2951 1650 ad
2981 1596 3166 1652 Marini
3197 1597 3437 1654 Persam--

1826 1687 2085 1752 scribens,
2117 1687 2258 1755 quod
2289 1685 2632 1742 Theodorum
2663 1688 3119 1744 anathetnatizare
3159 1705 3417 1760 prorsum-

145 1783 280 1837 quam
313 1767 634 1822 Nestoriana
675 1768 928 1823 damnata
972 1775 1056 1824 est
1083 1786 1092 1820 :
1130 1776 1316 1824 sancta
1355 1767 1446 1822 illa
1491 1769 1726 1840 synodus
1758 1774 1800 1831 Β
1829 1777 1997 1846 pserit
2023 1795 2034 1829 :
2063 1779 2306 1846 quamvis
2335 1777 2500 1847 ipsius
2529 1777 2770 1847 epistolae
2792 1779 2953 1833 verba
2983 1795 3091 1834 non
3123 1783 3193 1833 ita
3225 1781 3276 1832 in
3315 1797 3418 1836 suo

143 1860 314 1914 haeresi
344 1860 680 1915 Nestorium:
706 1860 967 1927 cohibuit,
992 1875 1112 1930 quae
1148 1860 1288 1930 apud
1334 1876 1393 1915 se
1439 1861 1720 1916 recitatam

143 1951 366 2006 eamdem
396 1951 682 2021 epistolam
713 1966 821 2006 non
850 1951 1162 2006 damnavit:
1194 1951 1238 2007 si
1269 1960 1444 2006 tamen
1489 1951 1604 2007 sola
1634 1951 1722 2005 illa

142 2045 378 2116 synodus,
411 2053 470 2100 et
521 2060 630 2100 non
672 2053 788 2100 tota
830 2044 1030 2100 Christi
1060 2043 1300 2100 Ecclesia
1341 2060 1724 2116 usquequaque

140 2137 334 2202 dill'usa,
362 2153 486 2208 qua:
511 2137 728 2192 decreta
757 2136 924 2205 ipsius
947 2137 1136 2208 synodi
1178 2137 1232 2190 in
1273 2150 1464 2206 magna
1512 2151 1724 2207 semper

140 2229 448 2283 auctoritate
477 2229 732 2298 suscepit.
763 2227 1128 2284 lndnbitatum
1159 2241 1242 2285 est
1261 2229 1438 2298 igitur,
1463 2230 1606 2298 quod
1629 2243 1720 2301 sy-

141 2319 322 2374 nodum
349 2317 850 2374 Chalcedonensem
875 2334 983 2374 non
1011 2318 1142 2373 falsa
1180 2318 1416 2386 negatio,
1447 2318 1515 2373 ad
1539 2319 1721 2374 dece-

141 2412 364 2480 ptionem
410 2409 646 2466 facilium
688 2411 757 2465 ab
803 2409 1070 2466 haereticis
1123 2409 1429 2474 adinventa,
1466 2409 1561 2463 sed
1605 2408 1722 2464 sola

139 2502 282 2568 possit
313 2498 612 2556 defendere
638 2499 776 2555 ratio
805 2500 1081 2555 veritatis:
1113 2512 1276 2568 quam
1317 2513 1432 2562 nos,
1470 2492 1728 2552 discussis

140 2590 354 2658 ipsorum
387 2589 772 2644 hacreticorum
797 2585 1072 2643 fraudibus
1094 2594 1254 2659 atque
1273 2584 1591 2655 mendaciis,
1615 2586 1725 2644 Deo

138 2680 429 2752 adjuvante,
461 2678 772 2736 reddemus.

756 2814 987 2872 CAPUT
1023 2815 1110 2871 lll.

140 2911 271 2974 Quod
325 2910 604 2981 epistolam
660 2909 770 2963 Iba:
811 2909 931 2963 ideo
979 2911 1298 2977 damnarint,
1325 2911 1446 2981 quia
1487 2912 1615 2964 duas
1664 2912 1718 2964 in

195 2979 394 3035 Chrieso
447 2993 664 3035 naturas
714 2982 1009 3047 conﬁtetur.
1043 2981 1158 3046 Quo
1204 2979 1420 3034 consilio
1444 2985 1719 3048 episcopo-

195 3070 300 3104 ιιιηι
363 3051 773 3116 subscriptiones
823 3051 1061 3118 exigant,
1129 3062 1176 3107 et
1221 3067 1314 3104 cur
1360 3052 1718 3106 damnantium

196 3124 605 3175 communionem
631 3121 726 3189 ipsi
755 3122 1037 3191 refugiant.

197 3229 257 3286 Ut
277 3241 465 3287 autem
493 3231 793 3287 clementia:
823 3240 926 3288 tua:
952 3235 1123 3302 magis
1145 3241 1427 3303 appareat,
1451 3232 1591 3304 quod
1613 3248 1720 3288 non

139 3322 340 3377 forsitan
371 3323 558 3377 minus
585 3331 906 3379 occurrente
934 3324 1166 3389 ratione,
1199 3339 1306 3393 qua
1337 3324 1425 3378 illa
1463 3323 1720 3380 defende-

140 3416 268 3464 retur
286 3410 550 3481 epistola,
573 3419 824 3480 negatum
847 3411 916 3465 sit
937 3426 969 3466 a
989 3411 1197 3482 synodo
1214 3413 1376 3467 fuisse
1394 3421 1719 3482 susceptam,

140 3502 219 3555 sed
255 3503 444 3573 potius
487 3501 542 3555 in
572 3500 939 3572 prmjudicium
977 3501 1143 3574 ipsius
1189 3503 1382 3574 synodi
1425 3503 1567 3559 facta
1616 3504 1726 3558 sint

141 3594 298 3646 omnia
328 3606 456 3662 qua:
495 3592 550 3646 in
597 3590 714 3662 ejus
743 3593 1060 3663 purgatione
1108 3594 1384 3648 elaborata
1424 3595 1674 3651 dicuntur
1706 3611 1720 3647 :

139 3682 434 3748 considera,
463 3696 670 3750 quasso,
693 3691 786 3738 aut
807 3697 901 3737 eos
928 3682 1089 3737 etiam
1119 3684 1210 3752 qui
1237 3683 1364 3738 talia
1391 3683 1726 3754 conscripse-

142 3782 247 3825 runt
270 3774 574 3844 interroga,
607 3788 705 3828 cur
748 3783 899 3828 tanta
944 3774 999 3829 in
1048 3775 1216 3846 ipsius
1257 3775 1501 3846 epistola:
1540 3791 1725 3847 repre-

141 3863 444 3918 hensionem
489 3865 724 3935 scripta;
758 3881 859 3920 cur
901 3873 1012 3920 tam
1061 3867 1228 3921 multa
1274 3867 1404 3922 vitia
1450 3869 1724 3940 ascripta’

139 3963 264 4020 sunt,
294 3972 402 4012 nec
431 3956 502 4012 ab
542 3957 672 4028 ipsis
718 3955 824 4011 Iba:
870 3959 1272 4014 accusatoribus
1301 3960 1598 4030 imputata;
1628 3974 1725 4014 cur

136 4057 403 4114 postremo
431 4047 580 4102 velut
602 4047 764 4118 impia
786 4056 843 4104 et
864 4047 1180 4104 Nestoriana
1203 4050 1457 4105 damnata
1469 4058 1580 4104 .est.
1607 4049 1723 4104 Non

138 4143 188 4189 et
233 4136 370 4190 istud
431 4135 781 4191 defendenda:
827 4137 1018 4209 synodi
1066 4139 1358 4194 necessitas
1411 4137 1724 4208 ﬂagitabat,

135 4239 244 4280 cum
267 4227 444 4296 magis
465 4229 710 4282 excusari
733 4227 998 4294 debuerit,
1022 4237 1080 4283 ut
1103 4230 1263 4283 etiam
1288 4229 1332 4282 si
1355 4230 1724 4284 metuendum"

136 4320 438 4386 putabatur,
467 4329 698 4388 utroque
721 4318 1050 4374 defensionis
1076 4313 1244 4374 latere
1270 4320 1464 4374 muniri
1491 4321 1727 4390 synodus

134 4409 426 4478 videretur,
451 4427 576 4466 cum
599 4411 842 4468 dicerent
868 4422 922 4467 et
943 4414 1086 4467 illam
1116 4412 1397 4482 epistolam
1424 4429 1532 4466 non
1564 4413 1726 4468 fuisse

1827 1867 1964 1921 libro
1990 1869 2271 1937 posuerint
2315 1869 2453 1924 sicut
2491 1867 2776 1931 habentur,
2829 1869 2922 1922 sed
2966 1884 3086 1938 quae
3130 1869 3417 1924 voluerunt

1825 1971 1924 2025 pro
1953 1970 2048 2010 sua
2077 1955 2353 2011 voluntate
2385 1957 2788 2026 decerpserint:
2823 1965 3003 2012 tamen
3045 1973 3155 2013 non
3201 1957 3415 2013 dubita-

1825 2052 2019 2100 verunt
2056 2055 2112 2101 et
2151 2046 2256 2101 hoc
2293 2045 2491 2100 addere
2540 2047 2781 2103 dicentes
2820 2065 2832 2100 :
2885 2066 2905 2099 ‹
2950 2046 3178 2118 Oportet
3229 2061 3417 2119 aperto

1826 2138 2092 2208 inspicere
2133 2138 2201 2192 ad
2240 2137 2426 2192 Marim
2463 2138 2767 2208 epistolam,
2809 2140 2990 2194 omnia
3033 2139 3250 2208 quidem
3300 2141 3416 2196 sine

1826 2229 1938 2284 Deo
1964 2237 2020 2283 et
2046 2229 2208 2300 impie
2228 2229 2494 2284 dicentem
2518 2247 2531 2282 :
2565 2229 2693 2283 illud
2719 2229 3093 2284 tantummodo
3123 2231 3414 2285 ostenden-

1826 2327 1934 2372 tem
1978 2318 2137 2384 bene,
2178 2317 2303 2385 Quia
2341 2332 2406 2371 ex
2453 2317 2544 2372 illo
2573 2316 2887 2372 Theodorus
2914 2333 3012 2387 per
3039 2316 3312 2373 Orientem
3362 2320 3422 2373 in-

1823 2405 2064 2463 Ecclesia
2111 2406 2592 2462 onatbematizatus
2618 2415 2720 2462 est.
2757 2424 2780 2460 ι
2813 2407 3018 2462 Vellem
3059 2405 3241 2476 itaque
3283 2409 3419 2461 mihi
3474 2467 3477 2470 _

1823 2496 2214 2567 responderent
2241 2505 2402 2564 atque
2433 2502 2815 2558 monstrarent,
2847 2511 2954 2549 non
3000 2495 3123 2550 dico
3158 2495 3248 2563 qui
3287 2495 3414 2553 talia

1822 2587 2171 2658 scripserunt,
2202 2585 2302 2655 ipsi
2339 2587 2482 2640 enim
2520 2586 2701 2641 sciunt
2727 2586 2871 2656 quod
2903 2586 3132 2655 egerint,
3182 2587 3276 2641 sed
3326 2587 3414 2645 isti

1821 2679 1912 2748 qui
1939 2676 2614 2747 talibussubscripserunt,
2641 2677 2912 2746 quomodo
2931 2677 3251 2732 conﬁrment
3269 2676 3414 2748 quod

1824 2771 1912 2827 illa
1945 2770 2174 2840 epistola
2203 2769 2270 2822 ad
2298 2768 2488 2822 Marini
2514 2768 2711 2838 scripta
2741 2769 2923 2824 omnia
2951 2768 3068 2823 sine
3097 2767 3210 2823 Deo
3233 2776 3291 2823 et
3315 2769 3414 2824 im~
3455 2814 3466 2822 .

1821 2863 1910 2935 pie
1937 2861 2098 2916 dicat.
2131 2859 2267 2914 Nunt
2293 2860 2456 2914 etiam
2484 2858 2879 2914 confessionem
2917 2859 3144 2914 duarum
3197 2867 3410 2914 natura~

1820 2969 1939 3010 tum
1969 2951 2168 3008 Christi
2198 2949 2570 3006 damnaverit?
2611 2949 2691 3003 An
2723 2965 2830 3003 non
2868 2950 2921 3003 itt
2957 2949 3147 3005 eadem
3187 2950 3415 3020 epistola

1821 3043 2169 3099 continentur
2213 3041 2330 3096 haec
2364 3040 2578 3096 verba:
2632 3057 2651 3090 ί
2687 3038 2927 3094 Ecclesia
2973 3040 3116 3094 enim
3160 3041 3240 3096 sic
3289 3041 3443 3097 dicit.

1743 3140 1792 3209 c
1820 3137 1959 3192 sicut
1983 3142 2040 3191 et
2065 3144 2154 3191 tua
2183 3133 2444 3190 sanctitas
2473 3131 2645 3195 novit,
2675 3140 2730 3186 et
2756 3115 2894 3187 sicut
2931 3148 2961 3185 a
2991 3133 3254 3202 principio
3275 3133 3415 3187 didi-

1823 3229 1918 3291 cit,
1950 3235 2007 3283 et
2024 3225 2343 3283 conﬁrmata
2371 3232 2456 3280 est
2475 3223 2653 3278 divina
2679 3223 2923 3278 doctrina
2952 3238 3020 3277 ex
3048 3222 3199 3278 libris
3227 3223 3416 3278 beato-

1823 3334 1942 3374 rum
1971 3317 2222 3385 Patrum,
2244 3315 2366 3370 duo:
2392 3323 2629 3378 naturaz,
2658 3329 2762 3367 una
2790 3313 2983 3377 virtus,
3023 3329 3126 3367 una
3164 3327 3413 3382 persona,

1821 3408 1967 3476 quod
1987 3415 2070 3463 est
2089 3421 2229 3462 unus
2254 3405 2423 3460 Filius
2440 3403 2695 3460 Dominus
2715 3401 2871 3458 Jesns
2885 3403 3148 3459 Christus.
3179 3422 3198 3455 ι
3228 3403 3416 3473 Liquet

1824 3495 1986 3564 igitur
2008 3495 2230 3566 jamque
2249 3493 2291 3560 ⁸,
2322 3504 2583 3565 quantum
2617 3493 2897 3555 existimo,
2922 3492 3086 3548 etiam
3117 3493 3198 3547 his
3224 3493 3418 3562 quibus

1823 3584 1964 3641 forte
1990 3585 2134 3640 aliud
2157 3584 2457 3652 videbatur,
2497 3583 2640 3653 quod
2673 3591 2852 3639 astute
2899 3583 2969 3638 ad
3008 3582 3446 3655 denegationem-

1823 3679 2048 3734 duarum
2069 3677 2269 3734 Christi
2299 3685 2628 3742 naturarum,
2668 3677 2770 3732 sub
2798 3674 3022 3731 obtentu
3055 3677 3236 3731 nescio
3265 3677 3418 3746 cujus

1824 3785 1978 3828 novat
2003 3771 2314 3841 diligentiae,
2342 3769 2568 3838 epistola
2598 3768 2687 3822 illa
2714 3766 2966 3823 damnata
2991 3767 3080 3824 sit.
3104 3765 3237 3820 Nam
3251 3781 3418 3834 quare

1825 3861 2068 3917 dicerent
2093 3858 2239 3928 quod
2269 3857 2450 3913 omnia
2478 3857 2595 3910 sine
2624 3854 2738 3911 Deo
2763 3863 2820 3910 et
2847 3854 3012 3923 impie
3037 3854 3204 3920 dicat,
3231 3853 3329 3906 nisi
3360 3863 3416 3907 ut

1826 3951 1955 4006 illud
2008 3963 2227 4020 quoque
2279 3947 2788 4017 complecterentur,
2843 3944 2990 4014 quod
3042 3942 3178 3998 duas
3216 3942 3417 3998 Christi

1825 4038 2146 4096 conﬁteatur
2172 4051 2293 4093 esse
2322 4035 2579 4090 naturas?
2620 4033 2696 4088 Ac
2734 4048 2805 4089 ne
2847 4032 3142 4088 secundum
3185 4031 3416 4100 aliquant.

1829 4132 2080 4203 loquendi
2119 4127 2560 4186 consuetudinem
2598 4126 2952 4196 acciperetur,
2980 4123 3125 4195 quod
3169 4123 3448 4179 dixerunt»

1827 4228 2026 4290 omnia,
2078 4242 2183 4282 non
2223 4224 2434 4292 leviter,
2463 4222 2558 4277 sed
2587 4229 2744 4275 caute
2789 4227 2954 4289 atque
2999 4218 3233 4273 sollicite
3267 4232 3328 4271 se
3364 4217 3420 4273 id

1828 4318 2070 4388 posuisse
2089 4315 2410 4384 exceptione
2430 4311 2605 4366 addita
2631 4315 3089 4374 monstraveram,
3111 4305 3420 4374 adjicieutes
3451 4353 3456 4357 .

1829 4419 1992 4476 atque
2035 4406 2321 4460 dicentes:
2373 4421 2392 4454 ι
2443 4401 2578 4456 illud
2635 4397 3008 4455 tantummodo
3049 4396 3453 4452 ostendentcm,

135 4514 452 4576 susceptam,
483 4514 540 4560 et
567 4506 652 4561 vel
690 4507 734 4559 si
781 4513 1030 4574 suscepta
1079 4504 1284 4571 fuisset,
1313 4506 1574 4578 synodum
1617 4522 1725 4561 non
1755 4519 1807 4578 Ι)
1831 4500 1988 4566 bene,
2015 4496 2140 4566 quia
2169 4511 2238 4550 ex
2268 4495 2361 4550 illo
2389 4491 2705 4549 Theodorus
2733 4507 2830 4562 per
2851 4490 3128 4546 Orientem
3159 4488 3213 4542 in
3237 4486 3423 4543 Eccle-

133 4611 244 4650 csse
289 4596 640 4666 culpandam.
684 4595 833 4650 Nunc
879 4606 1056 4650 autem
1107 4604 1404 4664 congerunt
1449 4598 1500 4652 in
1553 4598 1724 4668 ipsam

132 4685 413 4752 epistolam
444 4685 614 4739 multa
649 4685 893 4751 crimina,
917 4684 1178 4755 alﬁugunt
1201 4687 1346 4741 velut
1367 4687 1728 4758 acceptabiles

132 4775 497 4832 damnationis
517 4776 634 4846 ejus
654 4793 867 4844 causas,
888 4777 1032 4847 quod
1061 4779 1128 4832 ab
1152 4778 1418 4833 haereticis
1448 4787 1728 4848 exspecta-

133 4878 236 4923 tum
257 4879 376 4935 est;
401 4878 458 4925 et
472 4868 685 4939 jactant
714 4885 820 4924 non
844 4868 1006 4925 fuisse
1027 4878 1349 4939 susceptam,
1371 4869 1512 4938 quod
1543 4879 1726 4924 osten-

132 4959 255 5016 dere
283 4975 450 5016 nemo
479 4968 682 5030 potest.
723 4959 966 5028 Namque
995 4976 1116 5012 cum
1151 4960 1396 5013 venirent
1443 4958 1508 5012 ad
1553 4959 1728 5013 locum

133 5051 293 5116 ipsius
319 5050 569 5120 epistola:
599 5050 688 5105 ubi
717 5051 881 5104 refert
915 5050 1053 5114 lbas,
1080 5058 1139 5104 et
1178 5048 1344 5103 dicit:
1396 5067 1411 5098 ι
1450 5048 1597 5104 Multi
1636 5064 1727 5101 au.

134 5149 254 5202 tem,
287 5149 418 5196 ante
447 5141 640 5196 oculos
679 5156 785 5196 non
832 5140 1090 5195 habentes
1133 5139 1225 5194 Dei
1263 5140 1530 5204 timorem,
1574 5154 1732 5193 occa-

127 5233 277 5287 sione
307 5233 666 5289 ecclesiastici
697 5232 821 5299 zeli,
860 5231 1166 5286 inimicitias
1209 5245 1344 5299 quas
1389 5231 1629 5285 occultas
1676 5231 1727 5284 in

127 5321 388 5378 cordibus
414 5323 529 5378 suis
551 5322 841 5388 habebant,
873 5321 938 5376 ad
969 5319 1219 5376 elfectum
1237 5321 1538 5398 perducere
1580 5320 1730 5374 festi-

127 5422 417 5468 naverunt.
481 5412 562 5468 Ex
618 5414 814 5482 quibus
857 5429 996 5473 unus
1041 5412 1222 5468 existit
1265 5421 1462 5468 nostra:
1506 5413 1736 5469 civitatis

126 5508 418 5574 tyraitnns,
453 5521 616 5575 quem
644 5521 743 5562 nec
791 5515 849 5561 tu
889 5507 1003 5577 ipse
1031 5506 1276 5575 ignoras,
1309 5505 1398 5575 qui
1447 5508 1733 5563 occasione

199 5718 216 5746 ί
248 5714 398 5765 le.
435 5715 651 5775 Veron.,
683 5715 1110 5780 sapientissimus.

197 5791 218 5817 ί
254 5786 414 5839 ldettt
446 5787 590 5847 ωδ..
620 5789 752 5855 [also
784 5785 1030 5850 ascripta.

1831 4589 1910 4643 sia
1940 4585 2424 4641 anathematizatus
2450 4591 2551 4637 est.
2589 4602 2608 4634 ι
2635 4580 2694 4636 Si
2731 4582 2894 4649 igitur
2921 4581 3014 4635 illo
3060 4578 3427 4633 tantummodo

1834 4687 2083 4747 excepto,
2111 4676 2292 4731 omnia
2318 4675 2433 4729 sine
2460 4675 2575 4729 Deo
2597 4681 2654 4728 et
2675 4672 2840 4742 impie
2871 4671 3021 4735 dicit,
3055 4669 3107 4723 in
3147 4667 3276 4736 ipsis
3311 4682 3428 4721 om-

1836 4774 1994 4828 nibus
2037 4769 2225 4841 procul
2265 4768 2429 4824 dubio
2467 4767 2631 4822 etiam
2676 4764 2806 4820 illud
2850 4764 3139 4817 voluerunt
3184 4757 3426 4824 intelligi,

1834 4863 1978 4936 quod
2007 4864 2141 4918 duas
2169 4860 2411 4933 professa
2438 4867 2523 4914 est
2550 4856 2748 4913 Christi
2777 4870 2899 4910 esse
2928 4862 3164 4908 naturas.
3189 4848 3306 4903 Non
3334 4863 3428 4902 au-

1836 4967 1967 5022 tem,
1993 4958 2131 5012 sicut
2156 4956 2386 5024 jactant,
2439 4953 2542 5007 hoc
2582 4950 2670 5005 illa
2720 4950 2857 5002 bene
2903 4944 3140 4999 ostendit
3178 4939 3429 5009 epistola,

1835 5050 1961 5118 quia
1993 5063 2059 5104 ex
2089 5047 2181 5102 illo
2199 5044 2516 5100 Theodorus
2545 5058 2642 5112 per
2662 5039 2934 5095 Orientem
2965 5036 3018 5089 in
3044 5032 3277 5088 Ecclesia
3300 5046 3429 5108 ana-

1838 5141 2218 5196 thematizatus
2246 5148 2348 5202 est,
2380 5152 2500 5192 cum
2526 5137 2629 5189 hoc
2649 5134 2717 5186 ab
2739 5147 2845 5185 uno
2864 5128 3062 5182 factum
3088 5123 3316 5189 referat;
3338 5122 3433 5177 sed
3455 5159 3457 5162 ‹

1843 5234 1946 5289 hoc
1975 5232 2152 5303 potius
2173 5231 2312 5285 bene
2334 5224 2586 5289 ostendit,
2609 5221 2754 5291 quod
2770 5213 3304 5272 anathematizandus
3323 5229 3430 5268 non

1839 5325 1930 5392 sit,
1959 5337 2120 5392 quem
2151 5335 2290 5375 unus
2311 5312 2682 5371 tantummodo
2701 5307 3163 5363 attatbematizare
3175 5318 3423 5375 presum-

1843 5415 1967 5486 psit.
1997 5412 2164 5481 Cujus
2190 5405 2662 5481 praesumptionem
2709 5399 2754 5454 si
2790 5399 2912 5469 quis
2948 5397 3242 5468 approbat,
3271 5403 3432 5450 catta-

1836 5524 1927 5564 ros
1956 5504 2189 5560 Orientis
2219 5502 2505 5571 episcopos
2531 5497 2624 5570 qui
2655 5495 2760 5551 hoc
2784 5493 3006 5565 impium
3023 5489 3453 5563 iudicaverunt,

1923 5707 1942 5736 ³
1967 5704 2110 5757 Ιιιοιιι
2143 5701 2288 5758 cod..
2321 5699 2692 5754 memiendnm.

1927 5791 1942 5804 ‘
1976 5773 2118 5828 idem
2152 5773 2301 5837 t'etl.,
2326 5775 2456 5839 μνη.
