3878 6194
413 353 515 410 567

1481 336 1775 392 FACUNDI
1818 335 2024 389 El‘lSC.
2071 330 2570 387 llEllMlANENSlS

3591 323 3691 382 568

411 474 528 527 sine
565 467 898 525 dubitatione
934 463 1275 521 condemnat.
1307 460 1376 516 Ut
1411 468 1591 515 autem
1640 458 1747 512 alio
1781 473 1997 529 quoque
2026 461 2076 518 Α
2103 454 2279 508 chiaui
2305 453 2556 524 quoniam
2585 451 2794 520 privata
2823 447 3186 518 cujuscunque
3207 444 3462 502 voluntas
3485 446 3692 503 enix-er.

412 562 760 619 ostendamus
784 557 1010 623 indicio,
1039 555 1184 625 quod
1224 555 1292 610 ad
1326 553 1737 623 denegatiouem
1777 550 2002 606 duarum

411 652 610 706 Christi
638 658 970 714 naturarum,
1001 662 1136 717 quas
1157 646 1210 701 in
1233 654 1529 702 memorata
1547 644 1774 715 epistola
1797 642 2006 698 confes-

411 759 504 797 sus
533 751 615 796 est
643 741 783 796 idem
808 739 949 808 lbas,
975 738 1292 808 adjecerunt
1318 745 1377 791 ut
1408 736 1650 791 dicerent
1677 751 1794 789 eam
1825 736 2004 789 omnia

411 836 529 890 sine
549 832 662 888 Deo
693 841 750 887 et
777 821 943 902 impie
965 831 1233 885 dicentem
1265 847 1279 882 :
1324 825 1633 893 recordare,
1673 840 1875 894 qumso,
1905 826 2006 878 im-

411 935 650 999 perator,
683 941 802 996 quae
839 925 1066 981 formula
1095 924 1246 994 prius
1273 923 1400 978 data
1444 920 1607 976 fuerit
1649 920 2010 975 damnationis

413 1021 582 1091 ipsius
628 1020 890 1091 epistolrc,
941 1027 997 1074 et
1038 1033 1156 1088 qua:
1204 1017 1274 1072 sit
1319 1014 1481 1070 modo
1510 1015 1829 1086 composita.
1875 1011 2008 1065 Nam

413 1113 561 1183 prius
589 1111 790 1167 dictum
820 1112 993 1165 fuerat
1022 1129 1033 1161 :
1075 1129 1097 1160 ι
1128 1109 1184 1164 Si
1213 1107 1332 1178 quis
1359 1107 1492 1163 dicit
1533 1116 1736 1162 rectam
1784 1119 1902 1160 esse
1945 1104 2010 1157 ad

417 1204 605 1260 Marini
646 1206 862 1274 impiam
903 1203 1184 1272 epistolam
1232 1217 1352 1272 quae
1397 1201 1591 1255 dicitur
1638 1199 1705 1252 ab
1751 1197 1842 1252 lba
1889 1211 2010 1252 esse

416 1295 578 1362 facta,
609 1305 702 1350 aut
730 1293 846 1363 ejus
865 1301 1103 1349 assertor
1131 1301 1234 1357 est,
1264 1301 1318 1346 et
1344 1306 1452 1345 non
1482 1292 1650 1358 magis
1677 1287 2011 1344 anathemati

417 1390 653 1458 subjicit,
691 1398 749 1443 ut
778 1398 904 1458 pote
935 1387 1074 1442 male
1106 1394 1420 1442 tractantem
1456 1391 1699 1439 sanctum
1729 1380 2007 1452 Cyrillum,

418 1483 510 1552 qui
539 1482 668 1536 dicit
693 1481 819 1550 quia
843 1481 982 1535 Deus
1009 1479 1244 1535 Verbum
1267 1478 1438 1532 factus
1461 1485 1544 1532 est
1573 1475 1759 1539 homo,
1788 1481 1843 1528 et
1867 1473 2010 1542 ejus-

417 1573 540 1626 dem
575 1571 744 1625 sancti
777 1569 961 1640 Cyrilii
1000 1567 1283 1623 duodecim
1325 1565 1572 1636 capitulis
1617 1563 2008 1624 detrahentem,

419 1673 474 1716 ct
501 1663 727 1733 primam
758 1661 1079 1732 Ephesinam
1103 1659 1365 1730 synodum
1394 1659 1740 1727 impetentem
1764 1657 1802 1716 ί,
1821 1653 2012 1708 Nesto-

420 1756 559 1810 rium
590 1771 718 1810 vero
747 1754 1158 1819 defendentem,
1191 1752 1498 1806 laudantem
1541 1758 1721 1804 autem
1764 1747 2010 1803 Theodo-

2104 546 2200 602 sali
2242 543 2448 616 synodo
2484 541 2852 613 praejudicium
2894 539 3040 610 quod
3087 554 3302 609 semper
3347 540 3693 608 quarsierunt,

2105 637 2304 692 inferre
2350 653 2456 692 non
2495 642 2696 705 posset,
2726 632 2781 688 id
2825 639 3052 701 egerunt
3098 647 3196 702 per
3243 647 3372 685 suos
3419 632 3696 701 satellites,

2106 738 2221 784 arte
2260 745 2365 798 qua
2413 727 2552 782 solet
2599 723 2977 780 bteretieorum
3026 723 3318 777 exercitata
3368 723 3596 788 malitia,
3645 737 3700 779 ut

2105 821 2260 889 quasi
2291 819 2456 874 totius
2483 817 2737 873 Ecclesiae
2760 815 3001 886 judicato
3037 815 3412 870 Nestorianam
3443 831 3565 872 esse
3593 820 3703 887 cpi-

2107 910 2299 966 stolam
2325 909 2758 980 comprobarent,
2785 906 2853 961 de
2893 906 3049 974 cujus
3084 905 3399 974 receptione
3430 905 3707 961 universa-

2109 1000 2214 1055 lem
2244 999 2505 1072 synodum
2531 998 2899 1053 criminantur.
2929 995 3063 1050 Nam
3103 995 3207 1049 alia
3238 1011 3402 1050 causa
3437 1011 3537 1050 nec
3562 998 3707 1050 vide-

2113 1099 2218 1154 tur,
2251 1105 2351 1146 nec
2380 1089 2596 1153 dicitur,
2632 1103 2733 1157 pro
2764 1103 2870 1157 qua
2912 1085 3358 1142 subscribendum
3409 1088 3461 1140 iu
3513 1088 3708 1142 multas

2112 1181 2413 1252 provincias
2437 1181 2761 1234 mitteretur.
2786 1177 2939 1245 Quod
2970 1177 3016 1232 si
3047 1185 3102 1232 et
3131 1178 3244 1232 haec
3274 1177 3578 1248 intelligere
3600 1194 3707 1232 non

2112 1286 2416 1341 possemus,
2445 1285 2608 1342 quem
2637 1285 2827 1324 sanum
2851 1269 3070 1324 tandem
3095 1284 3203 1323 non
3227 1269 3566 1335 sollicitaret,
3597 1271 3642 1324 si
3666 1270 3712 1324 ei

2114 1381 2215 1420 nec
2244 1365 2470 1435 petenti,
2502 1379 2602 1418 nec
2632 1362 2830 1431 agenti,
2859 1362 3196 1429 ingereretur
3223 1360 3547 1428 antidotum,
3567 1362 3712 1431 quod

2114 1459 2298 1526 utique
2319 1465 2509 1513 contra
2534 1456 2733 1526 aliquid
2777 1455 2914 1521 dari,
2957 1455 3128 1525 ipsum
3161 1469 3361 1510 nomen
3410 1455 3527 1523 ejus
3577 1454 3712 1508 indi-

2115 1552 2257 1605 cium
2287 1551 2406 1606 est?
2435 1548 2503 1602 Et
2541 1555 2849 1618 propterea,
2898 1547 2942 1600 si
2988 1547 3208 1603 morbus
3254 1562 3364 1601 non
3405 1547 3477 1600 sit
3525 1554 3712 1601 contra

2115 1657 2273 1710 quem
2337 1641 2515 1707 detur,
2563 1655 2671 1693 non
2732 1638 2848 1692 sine
2896 1637 3204 1706 suspicione
3233 1635 3536 1690 auferendae
3573 1636 3714 1689 salu-

2114 1733 2184 1788 tis
2248 1731 2526 1800 ingeritur.
2603 1727 2757 1796 Quod
2829 1727 2968 1792 tibi,
3040 1726 3294 1795 religiose
3369 1726 3714 1794 imperator,

422 1866 540 1905 rum
565 1849 926 1920 Mopsuestia},
957 1848 1243 1902 anathema
1273 1847 1361 1900 sit.
1402 1864 1422 1896 ι
1452 1844 1604 1898 Nunc
1647 1849 1848 1907 autem,
1885 1841 2011 1896 sub-

2126 1841 2224 1880 non
2285 1824 2458 1878 aliena
2507 1822 2718 1877 ratione
2773 1820 3110 1876 suademus:
3162 1824 3529 1873 nam.vestra
3595 1826 3716 1872 sunt

425 1941 585 1996 motis
630 1941 718 1995 his
743 1941 989 1995 omnibus
1015 1940 1210 2001 causis,
1245 1937 1370 1992 nolo
1417 1936 1595 1990 dicere
1645 1943 1825 1990 utrum
1873 1932 2014 1988 veris

421 2039 515 2086 aut
541 2031 811 2101 qualibus,
841 2046 909 2086 ne
931 2039 1152 2100 propter
1177 2029 1319 2098 ipsas
1353 2034 1561 2080 tantum
1587 2025 1861 2080 videretur
1897 2039 2016 2080 esse

421 2124 697 2190 damnata,
726 2137 789 2177 ac
818 2139 923 2177 non
947 2123 1107 2177 etiam
1141 2136 1238 2190 pro
1286 2117 1622 2176 confessione
1661 2118 1886 2172 duarum
1917 2133 2015 2172 na-

424 2223 663 2269 turarum
695 2213 890 2268 Christi
921 2229 1081 2282 quam
1111 2213 1382 2276 continet,
1412 2219 1604 2280 postea
1636 2209 1756 2264 talis
1776 2209 1899 2263 data
1934 2218 2020 2264 est

423 2305 650 2360 formula
673 2303 1060 2370 subscribendi,
1093 2312 1148 2358 et
1171 2303 1247 2359 sic
1273 2302 1519 2359 absolute
1549 2300 1664 2356 fieri
1692 2309 2018 2370 praeceptum

425 2405 542 2451 est:
583 2416 601 2449 ι
637 2396 694 2453 Si
722 2397 842 2466 quis
861 2396 1001 2452 .dicit
1045 2404 1246 2449 rectam
1292 2408 1412 2448 esse
1455 2392 1521 2446 ad
1563 2391 1752 2446 Marim
1801 2391 2020 2461 impiam

426 2489 728 2559 epistolam,
756 2497 850 2543 aut
887 2504 1006 2543 eam
1036 2487 1293 2552 defendit,
1340 2495 1394 2542 et
1441 2501 1548 2539 non
1597 2483 2020 2538 anathematizat

427 2595 566 2646 eam,
598 2581 884 2636 anathema
912 2581 1000 2635 sit.
1031 2600 1049 2632 ι
1075 2579 1214 2634 Cum
1241 2592 1369 2647 ergo
1399 2587 1454 2633 et
1483 2579 1534 2632 in
1557 2577 1722 2646 ipsius
1749 2583 2021 2632 contesta-

428 2671 577 2728 tione
606 2672 726 2726 libri
769 2671 1256 2742 pronuntiaverint,
1285 2669 1427 2739 quod
1457 2669 1636 2724 omnia
1663 2667 1780 2722 sine
1809 2667 1920 2730 Deo
1969 2675 2026 2722 et

430 2762 595 2832 impie
621 2763 786 2832 dicat,
809 2764 936 2818 etin
965 2761 1373 2832 subscriptionis
1394 2759 1623 2814 formula
1645 2774 1806 2828 quam
1836 2767 2023 2828 postea

430 2863 794 2921 mutaverunt,
825 2854 1143 2909 abstulerint
1182 2852 1314 2907 alias
1357 2851 1756 2922 qualescunque
1802 2850 2028 2904 damna-

431 2941 596 2997 tionis
633 2941 749 3012 ejus
793 2956 1003 3010 causas,
1035 2951 1094 2996 ut
1142 2957 1248 2997 non
1286 2955 1385 3011 pro
1438 2940 1707 3010 aliquibus
1749 2939 2020 3001 damnata,

431 3031 522 3087 sed
551 3049 650 3102 pro
672 3035 918 3088 omnibus
948 3035 1218 3090 videretur
1243 3051 1254 3086 :
1287 3032 1416 3102 quid
1446 3031 1591 3085 aliud
1622 3029 2024 3098 intelligendum

432 3133 532 3187 est,
564 3125 665 3179 nisi
693 3125 815 3194 quia
847 3125 946 3179 sub
975 3113 1234 3194 praitcxtu
1258 3123 1403 3176 falsae
1425 3122 1714 3190 diligentize
1731 3119 2025 3176 confessio-

434 3230 556 3270 nem
587 3216 813 3271 duarum
844 3226 1152 3272 naturarum
1173 3215 1371 3270 Christi
1400 3214 1676 3270 destruere
1703 3212 2024 3268 voluerunt?
2053 3203 2097 3265 C

435 3305 867 3361 Emendavcrunt
896 3316 950 3362 et
972 3307 1097 3372 alia,
1126 3315 1181 3361 et
1208 3307 1383 3361 adhuc
1411 3304 1720 3369 emendant,
1752 3305 1806 3358 in
1834 3303 2024 3359 eodem

434 3399 619 3454 nescio
646 3399 792 3469 quali
824 3415 928 3455 suo
952 3400 1088 3456 libro
1123 3417 1136 3453 :
1184 3400 1228 3453 si
1279 3408 1456 3453 tamen
1495 3396 1806 3453 emendatio
1830 3395 1919 3450 illa
1948 3395 2029 3449 di-

435 3491 605 3545 cenda
633 3499 736 3554 est,
761 3506 860 3559 per
901 3506 1061 3559 quam
1108 3507 1213 3546 non
1257 3489 1497 3544 aufertur
1543 3489 1902 3553 mendacium,
1934 3489 2030 3543 sed

437 3591 681 3653 augetur.
735 3582 884 3638 Umle
927 3584 970 3637 si
1013 3592 1134 3652 post
1176 3584 1314 3637 hanc
1354 3597 1568 3652 quoque
1621 3583 2029 3652 responsionem

438 3685 677 3730 nostram
709 3675 1033 3730 mutaverint
1055 3675 1180 3736 alia,
1207 3675 1361 3729 nobis
1383 3675 1648 3743 imputare
1669 3689 1777 3728 non
1809 3672 2026 3735 debent,

437 3766 590 3836 quasi
629 3765 761 3822 false
792 3766 1296 3836 rcprchemlerintus
1323 3780 1443 3834 qute
1475 3767 1542 3820 ab
1589 3767 1666 3821 eis
1694 3765 1850 3820 aliter
1889 3764 2031 3820 dicta

438 3865 581 3910 sunt.
615 3857 672 3911 Si
693 3857 835 3910 enim
865 3856 1152 3926 aliquando
1179 3856 1556 3921 consisterent,
1581 3863 1629 3910 et
1657 3854 1850 3909 mutari
1872 3863 2034 3923 atque

438 3959 651 4001 mutare
681 3947 1013 4013 desinerent,
1047 3961 1283 4015 congrua
1313 3945 1470 4001 dictis
1499 3945 1733 4015 ipsorum
1764 3945 2034 3999 invenire-

439 4048 526 4092 tur
552 4038 715 4093 etiam
740 4048 938 4094 nostra.
962 4037 1260 4107 responsio.
1292 4036 1448 4103 Quod
1479 4036 1522 4092 si
1554 4034 1835 4105 quisquam
1881 4033 2035 4089 dolos

440 4139 626 4184 eorum
667 4145 732 4184 ex
777 4129 858 4183 his
905 4143 1023 4197 qua:
1083 4128 1501 4182 memoravimus
1556 4127 1878 4193 investigare
1927 4142 2034 4180 non

440 4220 630 4289 possit,
659 4219 922 4288 quoniam
943 4234 1048 4272 non
1072 4232 1261 4272 omnes
1285 4217 1484 4270 habent
1503 4217 1740 4271 studium
1763 4216 2032 4284 lectionis,

441 4309 527 4363 cui
564 4309 679 4364 sola
705 4309 871 4378 ipsius
912 4309 1037 4375 facti
1088 4307 1449 4362 consideratio
1494 4323 1603 4361 non
1650 4307 1922 4362 sufficeret
1967 4311 2035 4362 ad

443 4401 814 4471 cognoscenda
840 4399 1088 4455 factionis
1119 4400 1380 4455 htercticte
1409 4415 1514 4454 non
1537 4408 1759 4469 experta
1781 4400 2038 4455 consilia?

442 4490 680 4546 Primum
733 4492 877 4560 quod
923 4492 1122 4556 subito,
1179 4501 1233 4546 et
1281 4492 1424 4546 nulla
1470 4491 1660 4546 saltem
1707 4499 2036 4560 provocante

2115 1919 2220 1974 ista
2270 1932 2389 1986 quae
2439 1915 2683 1971 dicimus.
2742 1913 2877 1967 Tum
2932 1912 3075 1967 enim
3126 1925 3250 1966 cum
3298 1925 3397 1980 pro
3453 1907 3718 1962 firmanda

2117 2011 2203 2065 vel
2260 2008 2489 2078 amplius
2543 2003 2860 2077 publicanda
2927 2001 3378 2058 condcmnatione
3441 1997 3717 2053 Theodori

2120 2097 2517 2153 Alexandrinib
2549 2095 2884 2162 aliorumque
2935 2091 3211 2155 similium,
3260 2088 3577 2144 beatissimo
3613 2087 3721 2142 Ro-

2121 2207 2282 2245 mano
2323 2189 2578 2258 episcopo
2635 2183 2942 2255 scripsistis,
2971 2181 3077 2236 hoc
3117 2181 3281 2235 etiam
3326 2179 3470 2249 quod
3517 2179 3720 2234 asseri-

2122 2299 2241 2338 tnus
2269 2278 2562 2343 addidistis,
2609 2277 2681 2331 ita
2711 2275 2951 2330 dicentes
2983 2291 2994 2325 :
3036 2291 3053 2324 ι
3087 2270 3352 2326 Caeterum
3378 2267 3526 2338 quod
3557 2282 3723 2338 gene-

2122 2374 2237 2428 rale
2282 2371 2456 2426 dicitis
2506 2368 2621 2422 fieri
2663 2366 2861 2422 debere
2908 2362 3231 2426 concilium,
3280 2375 3398 2430 qua:
3438 2358 3603 2428 hujus
3648 2358 3722 2412 rei

2125 2480 2288 2520 causa
2315 2463 2385 2518 sit
2413 2456 2741 2531 ignoramus.
2781 2457 2970 2511 Nullus
3001 2455 3214 2525 ignotus
3249 2453 3518 2524 processit
3546 2451 3726 2506 haere-

2125 2556 2281 2620 ticus,
2313 2552 2458 2609 nulla
2490 2552 2688 2606 nostris
2712 2556 2795 2603 est
2836 2547 3170 2616 temporibus
3194 2554 3319 2600 nata
3347 2541 3600 2614 perﬁdia,
3627 2556 3728 2596 nec

2126 2646 2326 2714 aliquid
2357 2645 2411 2699 in
2441 2643 2543 2697 fide
2583 2639 2728 2712 quod
2756 2636 3041 2693 retractari
3085 2635 3300 2698 debeat,
3333 2633 3643 2698 invenitur;
3676 2640 3728 2688 et

2083 2757 2092 2768 ·
2128 2739 2382 2794 intulistis
2428 2735 2571 2805 quod
2611 2740 2667 2787 et
2714 2745 2813 2785 nos
2862 2729 2916 2782 in
2958 2729 3062 2782 hac
3107 2740 3266 2780 causa
3311 2722 3543 2777 dicimus
3575 2739 3601 2775 ε-
3624 2720 3730 2787 Qui

2128 2831 2269 2886 enim
2293 2829 2438 2884 sanis
2481 2842 2544 2881 ea
2575 2823 2795 2877 adhibet
2831 2834 2950 2889 qua:
2995 2817 3174 2872 solent
3218 2812 3462 2868 adhiberi
3485 2810 3732 2866 vulneri-

2128 2923 2250 2986 bus,
2282 2935 2389 2974 non
2419 2918 2679 2972 reducere
2708 2913 2874 2982 cupit,
2924 2909 3018 2964 sed
3048 2907 3321 2976 expellere
3347 2904 3667 2960 sanitatem.
3706 2921 3726 2954 ι

2129 3010 2255 3064 llaec
2286 3016 2374 3061 tua
2406 3015 2489 3062 est
2521 3005 2681 3070 ratio,
2728 3000 3072 3057 serenissime
3117 2998 3450 3066 imperator:
3485 3008 3517 3047 a
3550 3007 3661 3062 qua
3686 2992 3734 3047 si

2130 3118 2239 3156 non
2272 3108 2579 3153 avertamus
2627 3099 2924 3162 aspectum,
2976 3103 3086 3142 non
3117 3084 3262 3140 aliud
3303 3084 3372 3139 de
3406 3098 3574 3138 causa
3603 3096 3740 3152 prae-

2127 3194 2268 3252 senti
2294 3203 2578 3263 possumus
2601 3186 2864 3256 judicare,
2895 3181 2994 3235 nisi
3018 3178 3162 3249 quod
3185 3178 3240 3232 in
3268 3174 3735 3231 condcmnatioue

2129 3290 2291 3358 hujus
2328 3283 2569 3354 epistola:
2610 3281 2844 3333 fautores
2889 3273 3270 3328 haereticorum
3306 3286 3412 3324 non
3459 3268 3737 3324 reducere

2131 3382 2448 3451 cupierunt,
2503 3373 2599 3428 sed
2638 3369 2910 3439 expellere
2957 3364 3267 3418 sanitatem.
3313 3359 3394 3415 Ob
3442 3359 3552 3415 hoc
3601 3371 3737 3427 ergo

2133 3448 2240 3528 non
2271 3467 2586 3524 abducimur
2615 3462 2748 3516 falso
2781 3457 2934 3512 titulo
2964 3453 3200 3510 nominis
3233 3451 3331 3516 tui,
3365 3458 3424 3505 ut
3454 3463 3579 3519 qum
3607 3448 3739 3502 huic

2133 3579 2265 3619 sane
2305 3559 2502 3614 rationi
2549 3552 2819 3608 contraria
2848 3546 3155 3609 cernimus,
3204 3551 3310 3596 tua:
3352 3540 3577 3612 pietatis
3617 3551 3740 3592 esse

2133 3656 2410 3716 dicamus;
2457 3655 2551 3702 aut
2596 3644 2791 3699 talibus
2821 3645 3102 3712 purgatam
3151 3633 3439 3689 credamus
3487 3638 3739 3686 sanctam

2135 3759 2191 3803 et
2235 3740 2592 3801 universalem
2635 3733 2920 3808 synodum,
2972 3726 3126 3799 quasi
3165 3725 3429 3780 hactenus
3477 3719 3740 3791 impura'

2136 3837 2504 3897 remansisset,
2552 3838 2608 3885 et
2636 3824 2905 3884 mendacii
2951 3829 3116 3890 atque
3154 3824 3357 3872 coacta:
3403 3811 3741 3868 defensionis

2137 3930 2400 3998 indigeret
2425 3938 2591 3979 verax
2617 3928 2672 3974 et
2713 3915 2953 3973 omnium
3001 3909 3396 3976 catholicorum
3445 3904 3742 3958 devotione

2140 3995 2402 4078 honorata
2426 4028 2639 4083 semper
2683 4009 2799 4078 ejus
2839 4003 3154 4062 auctoritas.
3188 3997 3436 4065 Quando,
3464 3995 3510 4052 si
3543 3996 3616 4048 ita
3638 4008 3741 4062 pro

2138 4130 2202 4169 ea
2225 4104 2654 4179 respondendum
2679 4095 2948 4153 haereticis
2976 4091 3255 4147 videretur
3280 4089 3318 4153 ’,
3352 4094 3414 4140 ut
3446 4090 3743 4153 negaretur

2139 4205 2284 4280 quod
2313 4176 2599 4274 epistolam
2627 4190 2950 4250 venerabilis
2997 4187 3102 4242 lbze
3137 4179 3517 4254 pronuntiavit
3555 4176 3743 4280 ortho-

2139 4268 2362 4360 doxam,
2389 4310 2495 4349 non
2524 4293 2735 4347 illorum
2766 4287 2870 4340 hoc
2897 4281 3069 4354 possit
3089 4277 3472 4349 episcoporum
3504 4268 3746 4360 subscrif

2142 4394 2323 4460 ptione
2348 4358 2470 4444 Vsive
2498 4379 2810 4440 testimonio
2836 4370 3169 4433 confirmari,
3193 4367 3389 4438 quibus
3416 4358 3745 4434 Eutychiani

2142 4456 2186 4543 si
2218 4483 2530 4540 crederent,
2562 4489 2671 4529 non
2701 4486 2761 4526 se
2807 4485 2838 4522 a
2887 4462 3268 4522 communione
3298 4456 3557 4512 Ecclesia:
3585 4466 3748 4543 sepa-

737 4539 877 4560 πη
923 4539 1122 4556 -.-ψη
1182 4539 1232 4546 ν-
1470 4539 1660 4546 πηνη
1709 4539 2023 4560 r--.--_----

443 4597 604 4638 causa
621 4591 667 4648 ει,
696 4592 823 4637 ante
851 4593 1066 4638 ccutmn
1099 4583 1267 4637 ferme
1295 4598 1464 4638 annos
1482 4583 1551 4638 ab
1581 4581 1869 4637 universali
1895 4580 2023 4650 judi-

2143 4539 2345 4632 rarcnt.
2377 4569 2608 4638 PrOpter
2656 4559 2800 4632 quod
2835 4571 2936 4612 nec
2978 4552 3172 4623 aliquis
3213 4561 3452 4616 unquam
3504 4539 3746 4614 propriis

444 4683 563 4728 cata
594 4674 824 4729 concilio
855 4675 1162 4729 ventilatur.
1207 4674 1408 4729 Deinde
1453 4673 1596 4743 quod
1635 4673 1760 4727 data
1808 4671 2036 4726 formula

443 4767 817 4821 subscribendi
855 4781 1015 4835 quam
1056 4782 1165 4821 non
1207 4768 1392 4822 liceret
1437 4767 1720 4830 excedere,
1754 4765 1952 4834 passim
1983 4777 2039 4819 et

442 4858 753 4926 ubicunque
800 4858 1021 4926 reperti,
1063 4859 1128 4910 ad
1171 4857 1472 4924 augendum
1523 4871 1826 4918 numerum,
1859 4855 2038 4909 alieno

443 4950 666 5006 decreto
694 4950 1030 5006 subscribere
1057 4951 1451 5020 compelluntur
1483 4949 1745 5018 episcopi,
1774 4948 1918 5017 quod
1945 4962 2040 5016 per

443 5042 679 5098 diversas
708 5043 1078 5098 circumlatum
1102 5042 1403 5112 provincias
1429 5041 1667 5095 omnium
1699 5039 2037 5095 sacerdotum

442 5134 714 5189 videre-tur
741 5133 1136 5204 subscriptione
1175 5132 1393 5186 firmari.
1424 5131 1557 5184 Nam
1603 5131 1837 5186 scientes
1875 5129 2039 5199 Euty-

518 5324 545 5350 α
569 5311 750 5375 Forte,
781 5314 922 5366 mtth
950 5315 1133 5367 saltent
1153 5318 1479 5378 provocante,
1505 5323 1660 5378 causa
1685 5312 1956 5378 augete.

516 5383 544 5420 ι)
573 5380 840 5445 Mouachi,
870 5384 1081 5450 opinor.
1116 5376 1256 5434 illius
1295 5395 1325 5433 e
1371 5387 1518 5450 secta
1548 5377 1732 5432 Severi
1783 5376 2029 5450 Theopa-

447 5455 652 5512 St'ltilze,
684 5450 777 5519 qui
824 5443 1011 5504 contra
1048 5449 1399 5519 Thetnistium
1437 5443 2031 5519 Aguoetarumhprinci-

445 5537 574 5588 pem
601 5515 767 5575 libros
795 5522 1007 5588 scripsit
1033 5520 1101 5574 de
1137 5519 1332 5588 quibus
1362 5517 1585 5572 Photius
1609 5518 1661 5571 in
1703 5515 2033 5588 Bibliotheca

448 5586 676 5646 innuero
713 5591 815 5643 708
851 5607 866 5645 :
906 5586 1171 5663 Θεοδώροῦ
1206 5593 1502 5660 μονάζοντος
1533 5587 1883 5665 ’Λ).εξανδρέω;
1914 5586 2038 5640 κατά

524 5769 537 5794 ³
573 5760 702 5812 Cod.
736 5754 962 5814 ναΐου.ν
994 5747 1199 5816 injuriis
1228 5748 1568 5814 impetentem.

526 5827 545 5858 ²
569 5831 714 5885 idem
741 5823 862 5879 cod.
873 5862 895 5892 ,
914 5822 1226 5889 impttrguta.

2145 4665 2372 4721 testibus
2400 4637 2529 4714 usus
2558 4663 2639 4712 est
2667 4653 2923 4708 adversus
2954 4644 3264 4706 haereticos;
3289 4639 3384 4694 sed
3431 4637 3610 4692 divina
3640 4649 3749 4702 po.

2147 4756 2251 4808 tius
2293 4748 2618 4806 auctoritate
2665 4751 2826 4811 atque
2865 4733 3171 4793 necessaria
3217 4730 3452 4795 ratione,
3500 4735 3555 4782 et
3595 4723 3747 4779 anti-

2144 4862 2372 4922 quorum
2421 4843 2636 4897 Patrum
2675 4830 3020 4894 testimoniis,
3071 4838 3298 4922 quorum
3349 4818 3747 4922 se.nob‘i'sc‘.tlm

2145 4907 2448 4995 doctrinam
2517 4929 2764 4998 accipere
2821 4920 3177 4976 mentiuntur.
3235 4913 3304 4967 At
3352 4912 3494 4967 enim
3541 4907 3748 4962 dicitur

2145 5028 2289 5099 quod
2318 5019 2637 5093 Eutycbiani
2683 5014 2920 5085 graviter
2946 5009 3093 5065 beati
3121 5005 3305 5078 Cyrilli
3347 5003 3562 5058 doleant
3591 4997 3748 5099 ipj-n-

2147 5088 2253 5177 tias
2295 5088 2441 5186 quas
2474 5108 2700 5182 epistola
2724 5105 2742 5135 δ
2770 5103 3034 5168 continet,
3064 5107 3120 5156 et
3143 5104 3433 5168 propterea
3463 5088 3745 5146 scandali-

2137 5297 2432 5362 θεμιστίου-
2477 5289 2656 5362 ’Ἄμφω
2706 5285 2758 5340 δέ
2788 5284 3054 5362 «ipsi-13:01,
3105 5284 3192 5334 καὶ
3229 5286 3336 5361 τῶν.
3372 5274 3752 5362 Θεοπαιξχξτῶἓ

2141 5352 2337 5437 μερίδος
2361 5341 2688 5435 ὑπάρέοῦσι,
2715 5341 2915 5437 Σεϐήρῳ
2939 5351 2992 5437 ξέ
3014 5350 3496 5437 Ξροσαινακείμὶνςῆ
3525 5341 3749 5437 Cipius:

2137 5411 2687 5492 i‘il'éﬁii’dé'aéb’éiiihi
2720 5445 2732 5478 :
2766 5411 2994 5494 quia'_de
3014 5411 3308 5494 TbQ‘W‘OW
3342 5411 3501 5494 silc?"
3528 5411 3637 5494 am!
3661 5413 3750 5494 :1

2137 5487 2421 5563 ius—tiniaui
2462 5509 2556 5554 aut
2601 5487 2873 5568 pontificis
2906 5490 3131 5546 Romani
3163 5491 3227 5544 de
3271 5503 3339 5542 eo
3375 5487 3558 5539 littene
3610 5489 3741 5531 non

2139 5584 2374 5634 exstant.

2218 5730 2237 5758 ³
2270 5725 2413 5779 Idem
2446 5739 2592 5786 cou.,
2615 5720 2896 5776 videbatur.

2217 5798 2237 5828 ⁸
2271 5795 2414 5852 Idem
2446 5795 2589 5850 cod..
2629 5794 2844 5862 epistola
2879 5789 2992 5842 illa.
