  <div class='ocr_page' id='page_1' title='image "/cluster/home/n/w/nwhite01/storage/ocr_20150623/67/hvd.32044073505273/292.png"; bbox 0 0 3962 6196; ppageno 0'>
   <div class='ocr_carea' id='block_1_1' title="bbox 260 316 371 377">
    <p class='ocr_par' dir='ltr' id='par_1_1' title="bbox 260 316 371 377">
     <span class='ocr_line' id='line_1_1' title="bbox 260 316 371 377; baseline 0.009 -3"><span class='ocrx_word' id='word_1_1' title='bbox 260 316 371 377; x_wconf 66' lang='lat'><strong>8539</strong></span> 
     </span>
    </p>
   </div>
   <div class='ocr_carea' id='block_1_2' title="bbox 1163 306 2619 369">
    <p class='ocr_par' dir='ltr' id='par_1_2' title="bbox 1163 306 2619 369">
     <span class='ocr_line' id='line_1_2' title="bbox 1163 306 2619 369; baseline -0.004 -2"><span class='ocrx_word' id='word_1_2' title='bbox 1163 311 1297 369; x_wconf 76' lang='lat' dir='ltr'><strong>PRO</strong></span> <span class='ocrx_word' id='word_1_3' title='bbox 1335 310 1751 368; x_wconf 63' lang='lat' dir='ltr'><strong>DEFENSIONE</strong></span> <span class='ocrx_word' id='word_1_4' title='bbox 1792 307 2005 363; x_wconf 72' lang='lat' dir='ltr'><strong>TRIUM</strong></span> <span class='ocrx_word' id='word_1_5' title='bbox 2038 308 2352 365; x_wconf 82' lang='lat' dir='ltr'><strong>CAI’ITllL.</strong></span> <span class='ocrx_word' id='word_1_6' title='bbox 2386 306 2508 362; x_wconf 84' lang='lat' dir='ltr'><strong>LIB.</strong></span> <span class='ocrx_word' id='word_1_7' title='bbox 2555 307 2619 365; x_wconf 85' lang='lat' dir='ltr'><strong>Il.</strong></span> 
     </span>
    </p>
   </div>
   <div class='ocr_carea' id='block_1_3' title="bbox 3448 339 3550 394">
    <p class='ocr_par' dir='ltr' id='par_1_3' title="bbox 3448 339 3550 394">
     <span class='ocr_line' id='line_1_3' title="bbox 3448 339 3550 394; baseline 0.01 -2"><span class='ocrx_word' id='word_1_8' title='bbox 3448 339 3550 394; x_wconf 77' lang='lat'><strong>570</strong></span> 
     </span>
    </p>
   </div>
   <div class='ocr_carea' id='block_1_4' title="bbox 261 430 3553 503">
    <p class='ocr_par' dir='ltr' id='par_1_4' title="bbox 261 430 3553 503">
     <span class='ocr_line' id='line_1_4' title="bbox 261 430 3553 503; baseline -0.001 -13"><span class='ocrx_word' id='word_1_9' title='bbox 261 441 455 490; x_wconf 70' lang='lat' dir='ltr'><strong>tantur</strong></span> <span class='ocrx_word' id='word_1_10' title='bbox 486 433 539 487; x_wconf 91' lang='lat' dir='ltr'><strong>in</strong></span> <span class='ocrx_word' id='word_1_11' title='bbox 569 430 793 501; x_wconf 79' lang='lat' dir='ltr'><strong>synodo,</strong></span> <span class='ocrx_word' id='word_1_12' title='bbox 828 445 856 485; x_wconf 91' lang='lat' dir='ltr'><strong>a</strong></span> <span class='ocrx_word' id='word_1_13' title='bbox 881 446 983 501; x_wconf 90' lang='lat' dir='ltr'><strong>qua</strong></span> <span class='ocrx_word' id='word_1_14' title='bbox 1008 431 1196 487; x_wconf 91' lang='lat' dir='ltr'><strong>dicunt</strong></span> <span class='ocrx_word' id='word_1_15' title='bbox 1218 448 1336 488; x_wconf 89' lang='lat' dir='ltr'><strong>esse</strong></span> <span class='ocrx_word' id='word_1_16' title='bbox 1364 442 1690 503; x_wconf 89' lang='lat' dir='ltr'><strong>susceptam.</strong></span> <span class='ocrx_word' id='word_1_17' title='bbox 1720 432 1855 499; x_wconf 61' lang='lat' dir='ltr'><strong>Qui]</strong></span> <span class='ocrx_word' id='word_1_18' title='bbox 1889 436 1929 487; x_wconf 80' lang='grc' dir='ltr'><strong>Α</strong></span> <span class='ocrx_word' id='word_1_19' title='bbox 1962 441 2243 495; x_wconf 81' lang='lat' dir='ltr'><strong>venerant,</strong></span> <span class='ocrx_word' id='word_1_20' title='bbox 2276 441 2534 502; x_wconf 87' lang='lat' dir='ltr'><strong>tanquam</strong></span> <span class='ocrx_word' id='word_1_21' title='bbox 2564 432 2824 497; x_wconf 78' lang='lat' dir='ltr'><strong>viventes,</strong></span> <span class='ocrx_word' id='word_1_22' title='bbox 2850 447 2956 486; x_wconf 90' lang='lat' dir='ltr'><strong>non</strong></span> <span class='ocrx_word' id='word_1_23' title='bbox 2985 433 3158 488; x_wconf 90' lang='lat' dir='ltr'><strong>solum</strong></span> <span class='ocrx_word' id='word_1_24' title='bbox 3191 449 3296 489; x_wconf 90' lang='lat' dir='ltr'><strong>non</strong></span> <span class='ocrx_word' id='word_1_25' title='bbox 3328 440 3553 489; x_wconf 73' lang='lat' dir='ltr'><strong>anathe-</strong></span> 
     </span>
    </p>
   </div>
   <div class='ocr_carea' id='block_1_5' title="bbox 260 522 1861 594">
    <p class='ocr_par' dir='ltr' id='par_1_5' title="bbox 260 522 1861 594">
     <span class='ocr_line' id='line_1_5' title="bbox 260 522 1861 594; baseline -0.002 -12"><span class='ocrx_word' id='word_1_26' title='bbox 260 538 414 593; x_wconf 82' lang='lat' dir='ltr'><strong>ergo,</strong></span> <span class='ocrx_word' id='word_1_27' title='bbox 445 525 491 577; x_wconf 88' lang='lat' dir='ltr'><strong>si</strong></span> <span class='ocrx_word' id='word_1_28' title='bbox 516 522 892 592; x_wconf 79' lang='lat' dir='ltr'><strong>negaverimus</strong></span> <span class='ocrx_word' id='word_1_29' title='bbox 918 538 1039 578; x_wconf 87' lang='lat' dir='ltr'><strong>esse</strong></span> <span class='ocrx_word' id='word_1_30' title='bbox 1057 534 1387 594; x_wconf 89' lang='lat' dir='ltr'><strong>susceptam,</strong></span> <span class='ocrx_word' id='word_1_31' title='bbox 1413 526 1634 580; x_wconf 79' lang='lat' dir='ltr'><strong>credent</strong></span> <span class='ocrx_word' id='word_1_32' title='bbox 1663 526 1815 578; x_wconf 85' lang='lat' dir='ltr'><strong>nobis</strong></span> <span class='ocrx_word' id='word_1_33' title='bbox 1838 526 1861 579; x_wconf 93' lang='lat'><strong>?</strong></span> 
     </span>
    </p>
   </div>
   <div class='ocr_carea' id='block_1_6' title="bbox 261 614 1859 686">
    <p class='ocr_par' dir='ltr' id='par_1_6' title="bbox 261 614 1859 686">
     <span class='ocr_line' id='line_1_6' title="bbox 261 614 1859 686; baseline -0.001 -13"><span class='ocrx_word' id='word_1_34' title='bbox 261 627 358 673; x_wconf 72' lang='lat' dir='ltr'><strong>aut</strong></span> <span class='ocrx_word' id='word_1_35' title='bbox 387 616 569 681; x_wconf 83' lang='lat' dir='ltr'><strong>nobis,</strong></span> <span class='ocrx_word' id='word_1_36' title='bbox 605 614 659 670; x_wconf 88' lang='lat' dir='ltr'>id</span> <span class='ocrx_word' id='word_1_37' title='bbox 688 625 770 671; x_wconf 91' lang='lat' dir='ltr'><strong>est</strong></span> <span class='ocrx_word' id='word_1_38' title='bbox 794 616 1078 672; x_wconf 83' lang='lat' dir='ltr'><strong>catholicis</strong></span> <span class='ocrx_word' id='word_1_39' title='bbox 1120 616 1490 683; x_wconf 88' lang='lat' dir='ltr'><strong>crediderunt,</strong></span> <span class='ocrx_word' id='word_1_40' title='bbox 1523 625 1578 672; x_wconf 90' lang='lat' dir='ltr'><strong>et</strong></span> <span class='ocrx_word' id='word_1_41' title='bbox 1623 634 1730 672; x_wconf 91' lang='lat' dir='ltr'><strong>non</strong></span> <span class='ocrx_word' id='word_1_42' title='bbox 1760 618 1859 686; x_wconf 91' lang='lat' dir='ltr'><strong>ipsi</strong></span> 
     </span>
    </p>
   </div>
   <div class='ocr_carea' id='block_1_7' title="bbox 262 705 1860 779">
    <p class='ocr_par' dir='ltr' id='par_1_7' title="bbox 262 705 1860 779">
     <span class='ocr_line' id='line_1_7' title="bbox 262 705 1860 779; baseline 0.001 -20"><span class='ocrx_word' id='word_1_43' title='bbox 262 710 443 779; x_wconf 80' lang='lat' dir='ltr'><strong>potius</strong></span> <span class='ocrx_word' id='word_1_44' title='bbox 465 705 716 761; x_wconf 88' lang='lat' dir='ltr'><strong>viderunt</strong></span> <span class='ocrx_word' id='word_1_45' title='bbox 744 721 866 763; x_wconf 90' lang='lat' dir='ltr'><strong>esse</strong></span> <span class='ocrx_word' id='word_1_46' title='bbox 886 713 1211 777; x_wconf 88' lang='lat' dir='ltr'><strong>susceptam,</strong></span> <span class='ocrx_word' id='word_1_47' title='bbox 1243 716 1301 761; x_wconf 91' lang='lat' dir='ltr'><strong>ut</strong></span> <span class='ocrx_word' id='word_1_48' title='bbox 1324 708 1451 763; x_wconf 89' lang='lat' dir='ltr'><strong>hinc</strong></span> <span class='ocrx_word' id='word_1_49' title='bbox 1476 708 1860 778; x_wconf 68' lang='lat' dir='ltr'><strong>erpostulent?</strong></span> 
     </span>
    </p>
   </div>
   <div class='ocr_carea' id='block_1_8' title="bbox 263 797 1860 868">
    <p class='ocr_par' dir='ltr' id='par_1_8' title="bbox 263 797 1860 868">
     <span class='ocr_line' id='line_1_8' title="bbox 263 797 1860 868; baseline -0.001 -14"><span class='ocrx_word' id='word_1_50' title='bbox 263 798 417 868; x_wconf 85' lang='lat' dir='ltr'><strong>Quod</strong></span> <span class='ocrx_word' id='word_1_51' title='bbox 447 799 493 855; x_wconf 77' lang='lat' dir='ltr'><strong>si</strong></span> <span class='ocrx_word' id='word_1_52' title='bbox 517 800 680 855; x_wconf 89' lang='lat' dir='ltr'><strong>etiam</strong></span> <span class='ocrx_word' id='word_1_53' title='bbox 707 798 953 854; x_wconf 83' lang='lat' dir='ltr'><strong>dicantur</strong></span> <span class='ocrx_word' id='word_1_54' title='bbox 967 797 1122 852; x_wconf 87' lang='lat' dir='ltr'><strong>nobis</strong></span> <span class='ocrx_word' id='word_1_55' title='bbox 1150 797 1446 855; x_wconf 83' lang='lat' dir='ltr'><strong>credidisse</strong></span> <span class='ocrx_word' id='word_1_56' title='bbox 1467 799 1591 867; x_wconf 85' lang='lat' dir='ltr'><strong>quia</strong></span> <span class='ocrx_word' id='word_1_57' title='bbox 1610 807 1860 868; x_wconf 86' lang='lat' dir='ltr'><strong>suscepta</strong></span> 
     </span>
    </p>
   </div>
   <div class='ocr_carea' id='block_1_9' title="bbox 260 892 1859 963">
    <p class='ocr_par' dir='ltr' id='par_1_9' title="bbox 260 892 1859 963">
     <span class='ocr_line' id='line_1_9' title="bbox 260 892 1859 963; baseline -0.005 -12"><span class='ocrx_word' id='word_1_58' title='bbox 260 903 365 960; x_wconf 88' lang='lat' dir='ltr'><strong>est,</strong></span> <span class='ocrx_word' id='word_1_59' title='bbox 397 893 669 963; x_wconf 89' lang='lat' dir='ltr'><strong>quomodo</strong></span> <span class='ocrx_word' id='word_1_60' title='bbox 698 892 855 947; x_wconf 91' lang='lat' dir='ltr'><strong>nobis</strong></span> <span class='ocrx_word' id='word_1_61' title='bbox 884 892 1077 946; x_wconf 85' lang='lat' dir='ltr'><strong>iterum</strong></span> <span class='ocrx_word' id='word_1_62' title='bbox 1108 892 1361 957; x_wconf 85' lang='lat' dir='ltr'><strong>credent,</strong></span> <span class='ocrx_word' id='word_1_63' title='bbox 1390 892 1435 947; x_wconf 89' lang='lat' dir='ltr'><strong>si</strong></span> <span class='ocrx_word' id='word_1_64' title='bbox 1468 892 1708 947; x_wconf 83' lang='lat' dir='ltr'><strong>dicamus</strong></span> <span class='ocrx_word' id='word_1_65' title='bbox 1734 892 1859 959; x_wconf 89' lang='lat' dir='ltr'><strong>quia</strong></span> 
     </span>
    </p>
   </div>
   <div class='ocr_carea' id='block_1_10' title="bbox 260 981 1863 1054">
    <p class='ocr_par' dir='ltr' id='par_1_10' title="bbox 260 981 1863 1054">
     <span class='ocr_line' id='line_1_10' title="bbox 260 981 1863 1054; baseline -0.004 -13"><span class='ocrx_word' id='word_1_66' title='bbox 260 995 513 1054; x_wconf 88' lang='lat' dir='ltr'><strong>suscepta</strong></span> <span class='ocrx_word' id='word_1_67' title='bbox 544 1000 651 1039; x_wconf 93' lang='lat' dir='ltr'><strong>non</strong></span> <span class='ocrx_word' id='word_1_68' title='bbox 691 983 813 1038; x_wconf 89' lang='lat' dir='ltr'><strong>est?</strong></span> <span class='ocrx_word' id='word_1_69' title='bbox 858 981 915 1037; x_wconf 91' lang='lat' dir='ltr'><strong>Si</strong></span> <span class='ocrx_word' id='word_1_70' title='bbox 964 992 1144 1037; x_wconf 89' lang='lat' dir='ltr'><strong>autem</strong></span> <span class='ocrx_word' id='word_1_71' title='bbox 1186 999 1293 1039; x_wconf 93' lang='lat' dir='ltr'><strong>non</strong></span> <span class='ocrx_word' id='word_1_72' title='bbox 1324 984 1667 1039; x_wconf 87' lang='lat' dir='ltr'><strong>crediderunt</strong></span> <span class='ocrx_word' id='word_1_73' title='bbox 1713 982 1863 1037; x_wconf 87' lang='lat' dir='ltr'><strong>testi-</strong></span> 
     </span>
    </p>
   </div>
   <div class='ocr_carea' id='block_1_11' title="bbox 261 1060 1864 1142">
    <p class='ocr_par' dir='ltr' id='par_1_11' title="bbox 261 1060 1864 1142">
     <span class='ocr_line' id='line_1_11' title="bbox 261 1060 1864 1142; baseline -0.002 -13"><span class='ocrx_word' id='word_1_74' title='bbox 261 1076 450 1129; x_wconf 91' lang='lat' dir='ltr'><strong>monio</strong></span> <span class='ocrx_word' id='word_1_75' title='bbox 479 1060 689 1139; x_wconf 68' lang='lat' dir='ltr'><strong>nostro,</strong></span> <span class='ocrx_word' id='word_1_76' title='bbox 718 1072 813 1128; x_wconf 86' lang='lat' dir='ltr'><strong>sed</strong></span> <span class='ocrx_word' id='word_1_77' title='bbox 842 1073 942 1142; x_wconf 89' lang='lat' dir='ltr'><strong>ipsi</strong></span> <span class='ocrx_word' id='word_1_78' title='bbox 969 1072 1114 1142; x_wconf 90' lang='lat' dir='ltr'><strong>quod</strong></span> <span class='ocrx_word' id='word_1_79' title='bbox 1159 1075 1502 1129; x_wconf 89' lang='lat' dir='ltr'><strong>manifestum</strong></span> <span class='ocrx_word' id='word_1_80' title='bbox 1532 1082 1615 1128; x_wconf 82' lang='lat' dir='ltr'><strong>est</strong></span> <span class='ocrx_word' id='word_1_81' title='bbox 1661 1087 1864 1141; x_wconf 86' lang='lat' dir='ltr'><strong>cogno-</strong></span> 
     </span>
    </p>
   </div>
   <div class='ocr_carea' id='block_1_12' title="bbox 261 1164 1863 1235">
    <p class='ocr_par' dir='ltr' id='par_1_12' title="bbox 261 1164 1863 1235">
     <span class='ocr_line' id='line_1_12' title="bbox 261 1164 1863 1235; baseline -0.001 -16"><span class='ocrx_word' id='word_1_82' title='bbox 261 1174 478 1229; x_wconf 85' lang='lat' dir='ltr'><strong>verunt,</strong></span> <span class='ocrx_word' id='word_1_83' title='bbox 510 1165 750 1232; x_wconf 85' lang='lat' dir='ltr'><strong>nunquid</strong></span> <span class='ocrx_word' id='word_1_84' title='bbox 781 1164 897 1233; x_wconf 84' lang='lat' dir='ltr'><strong>plus</strong></span> <span class='ocrx_word' id='word_1_85' title='bbox 922 1164 1121 1220; x_wconf 88' lang='lat' dir='ltr'><strong>nostris</strong></span> <span class='ocrx_word' id='word_1_86' title='bbox 1163 1166 1650 1235; x_wconf 90' lang='lat' dir='ltr'><strong>subseriptionihus</strong></span> <span class='ocrx_word' id='word_1_87' title='bbox 1686 1165 1863 1220; x_wconf 91' lang='lat' dir='ltr'><strong>credi-</strong></span> 
     </span>
    </p>
   </div>
   <div class='ocr_carea' id='block_1_13' title="bbox 262 1257 1864 1327">
    <p class='ocr_par' dir='ltr' id='par_1_13' title="bbox 262 1257 1864 1327">
     <span class='ocr_line' id='line_1_13' title="bbox 262 1257 1864 1327; baseline -0.001 -16"><span class='ocrx_word' id='word_1_88' title='bbox 262 1259 368 1313; x_wconf 88' lang='lat' dir='ltr'><strong>turi</strong></span> <span class='ocrx_word' id='word_1_89' title='bbox 398 1268 524 1312; x_wconf 86' lang='lat' dir='ltr'><strong>suut</strong></span> <span class='ocrx_word' id='word_1_90' title='bbox 546 1273 707 1327; x_wconf 89' lang='lat' dir='ltr'><strong>quatn</strong></span> <span class='ocrx_word' id='word_1_91' title='bbox 735 1272 845 1311; x_wconf 71' lang='lat' dir='ltr'><strong>sum</strong></span> <span class='ocrx_word' id='word_1_92' title='bbox 870 1257 1104 1311; x_wconf 84' lang='lat' dir='ltr'><strong>rationi?</strong></span> <span class='ocrx_word' id='word_1_93' title='bbox 1134 1258 1251 1312; x_wconf 88' lang='lat' dir='ltr'><strong>Non</strong></span> <span class='ocrx_word' id='word_1_94' title='bbox 1299 1258 1458 1325; x_wconf 79' lang='lat' dir='ltr'><strong>igitur</strong></span> <span class='ocrx_word' id='word_1_95' title='bbox 1486 1257 1864 1311; x_wconf 80' lang='lat' dir='ltr'><strong>haereticorum</strong></span> 
     </span>
    </p>
   </div>
   <div class='ocr_carea' id='block_1_14' title="bbox 260 1348 1863 1419">
    <p class='ocr_par' dir='ltr' id='par_1_14' title="bbox 260 1348 1863 1419">
     <span class='ocr_line' id='line_1_14' title="bbox 260 1348 1863 1419; baseline -0.002 -15"><span class='ocrx_word' id='word_1_96' title='bbox 260 1352 440 1405; x_wconf 84' lang='lat' dir='ltr'><strong>dolosi</strong></span> <span class='ocrx_word' id='word_1_97' title='bbox 469 1350 705 1405; x_wconf 88' lang='lat' dir='ltr'><strong>fautores</strong></span> <span class='ocrx_word' id='word_1_98' title='bbox 736 1350 837 1403; x_wconf 90' lang='lat' dir='ltr'><strong>hoc</strong></span> <span class='ocrx_word' id='word_1_99' title='bbox 864 1349 1077 1402; x_wconf 88' lang='lat' dir='ltr'><strong>illorum</strong></span> <span class='ocrx_word' id='word_1_100' title='bbox 1106 1350 1482 1419; x_wconf 87' lang='lat' dir='ltr'><strong>episc0porum</strong></span> <span class='ocrx_word' id='word_1_101' title='bbox 1513 1348 1863 1416; x_wconf 85' lang='lat' dir='ltr'><strong>subscriptio-</strong></span> 
     </span>
    </p>
   </div>
   <div class='ocr_carea' id='block_1_15' title="bbox 260 1439 1865 1511">
    <p class='ocr_par' dir='ltr' id='par_1_15' title="bbox 260 1439 1865 1511">
     <span class='ocr_line' id='line_1_15' title="bbox 260 1439 1865 1511; baseline -0.002 -14"><span class='ocrx_word' id='word_1_102' title='bbox 260 1444 424 1498; x_wconf 88' lang='lat' dir='ltr'><strong>nibus</strong></span> <span class='ocrx_word' id='word_1_103' title='bbox 470 1441 755 1496; x_wconf 91' lang='lat' dir='ltr'><strong>voluerunt</strong></span> <span class='ocrx_word' id='word_1_104' title='bbox 801 1440 1052 1504; x_wconf 90' lang='lat' dir='ltr'><strong>eflicere,</strong></span> <span class='ocrx_word' id='word_1_105' title='bbox 1104 1448 1161 1495; x_wconf 91' lang='lat' dir='ltr'><strong>ut</strong></span> <span class='ocrx_word' id='word_1_106' title='bbox 1208 1441 1660 1495; x_wconf 80' lang='lat' dir='ltr'><strong>convincerentur</strong></span> <span class='ocrx_word' id='word_1_107' title='bbox 1700 1439 1865 1511; x_wconf 84' lang='lat' dir='ltr'><strong>Euty-</strong></span> 
     </span>
    </p>
   </div>
   <div class='ocr_carea' id='block_1_16' title="bbox 260 1532 1865 1604">
    <p class='ocr_par' dir='ltr' id='par_1_16' title="bbox 260 1532 1865 1604">
     <span class='ocr_line' id='line_1_16' title="bbox 260 1532 1865 1604; baseline -0.002 -15"><span class='ocrx_word' id='word_1_108' title='bbox 260 1534 443 1590; x_wconf 87' lang='lat' dir='ltr'><strong>chiani</strong></span> <span class='ocrx_word' id='word_1_109' title='bbox 473 1533 613 1603; x_wconf 86' lang='lat' dir='ltr'><strong>quod</strong></span> <span class='ocrx_word' id='word_1_110' title='bbox 644 1550 748 1588; x_wconf 92' lang='lat' dir='ltr'><strong>non</strong></span> <span class='ocrx_word' id='word_1_111' title='bbox 798 1532 959 1587; x_wconf 82' lang='lat' dir='ltr'><strong>fuerit</strong></span> <span class='ocrx_word' id='word_1_112' title='bbox 987 1549 1016 1587; x_wconf 90' lang='lat' dir='ltr'><strong>a</strong></span> <span class='ocrx_word' id='word_1_113' title='bbox 1046 1532 1254 1604; x_wconf 88' lang='lat' dir='ltr'><strong>synodo</strong></span> <span class='ocrx_word' id='word_1_114' title='bbox 1285 1532 1512 1601; x_wconf 78' lang='lat' dir='ltr'><strong>epistola</strong></span> <span class='ocrx_word' id='word_1_115' title='bbox 1545 1532 1865 1586; x_wconf 81' lang='lat' dir='ltr'><strong>venerabilis</strong></span> 
     </span>
    </p>
   </div>
   <div class='ocr_carea' id='block_1_17' title="bbox 260 1622 1865 1693">
    <p class='ocr_par' dir='ltr' id='par_1_17' title="bbox 260 1622 1865 1693">
     <span class='ocr_line' id='line_1_17' title="bbox 260 1622 1865 1693; baseline -0.002 -14"><span class='ocrx_word' id='word_1_116' title='bbox 260 1623 369 1679; x_wconf 72' lang='lat' dir='ltr'><strong>Iba:</strong></span> <span class='ocrx_word' id='word_1_117' title='bbox 399 1632 667 1693; x_wconf 84' lang='lat' dir='ltr'><strong>suscepta,</strong></span> <span class='ocrx_word' id='word_1_118' title='bbox 696 1623 791 1680; x_wconf 88' lang='lat' dir='ltr'><strong>sed</strong></span> <span class='ocrx_word' id='word_1_119' title='bbox 819 1634 876 1677; x_wconf 87' lang='lat' dir='ltr'><strong>ut</strong></span> <span class='ocrx_word' id='word_1_120' title='bbox 905 1623 1018 1692; x_wconf 90' lang='lat' dir='ltr'><strong>ipsa</strong></span> <span class='ocrx_word' id='word_1_121' title='bbox 1049 1625 1226 1692; x_wconf 90' lang='lat' dir='ltr'><strong>potius</strong></span> <span class='ocrx_word' id='word_1_122' title='bbox 1256 1638 1442 1676; x_wconf 89' lang='lat' dir='ltr'><strong>eorum</strong></span> <span class='ocrx_word' id='word_1_123' title='bbox 1471 1623 1755 1691; x_wconf 85' lang='lat' dir='ltr'><strong>negatione</strong></span> <span class='ocrx_word' id='word_1_124' title='bbox 1783 1622 1865 1675; x_wconf 88' lang='lat' dir='ltr'><strong>vi-</strong></span> 
     </span>
    </p>
   </div>
   <div class='ocr_carea' id='block_1_18' title="bbox 259 1714 1864 1784">
    <p class='ocr_par' dir='ltr' id='par_1_18' title="bbox 259 1714 1864 1784">
     <span class='ocr_line' id='line_1_18' title="bbox 259 1714 1864 1784; baseline -0.001 -13"><span class='ocrx_word' id='word_1_125' title='bbox 259 1716 491 1771; x_wconf 88' lang='lat' dir='ltr'><strong>deretur</strong></span> <span class='ocrx_word' id='word_1_126' title='bbox 526 1730 634 1770; x_wconf 88' lang='lat' dir='ltr'><strong>non</strong></span> <span class='ocrx_word' id='word_1_127' title='bbox 676 1714 837 1769; x_wconf 87' lang='lat' dir='ltr'><strong>fuisse</strong></span> <span class='ocrx_word' id='word_1_128' title='bbox 884 1714 1247 1784; x_wconf 89' lang='lat' dir='ltr'><strong>suscipienda.</strong></span> <span class='ocrx_word' id='word_1_129' title='bbox 1281 1714 1477 1769; x_wconf 85' lang='lat' dir='ltr'><strong>Verum</strong></span> <span class='ocrx_word' id='word_1_130' title='bbox 1510 1715 1610 1768; x_wconf 89' lang='lat' dir='ltr'><strong>ista</strong></span> <span class='ocrx_word' id='word_1_131' title='bbox 1640 1722 1864 1783; x_wconf 89' lang='lat' dir='ltr'><strong>putave-</strong></span> 
     </span>
    </p>
   </div>
   <div class='ocr_carea' id='block_1_19' title="bbox 1962 525 3526 590">
    <p class='ocr_par' dir='ltr' id='par_1_19' title="bbox 1962 525 3526 590">
     <span class='ocr_line' id='line_1_19' title="bbox 1962 525 3526 590; baseline 0.003 -13"><span class='ocrx_word' id='word_1_132' title='bbox 1962 526 2373 590; x_wconf 75' lang='lat' dir='ltr'><strong>matizaveruut,</strong></span> <span class='ocrx_word' id='word_1_133' title='bbox 2408 541 2592 579; x_wconf 85' lang='lat' dir='ltr'><strong>verum</strong></span> <span class='ocrx_word' id='word_1_134' title='bbox 2630 526 2791 579; x_wconf 86' lang='lat' dir='ltr'><strong>etiam</strong></span> <span class='ocrx_word' id='word_1_135' title='bbox 2826 525 3000 580; x_wconf 87' lang='lat' dir='ltr'><strong>adhuc</strong></span> <span class='ocrx_word' id='word_1_136' title='bbox 3049 542 3152 579; x_wconf 90' lang='lat' dir='ltr'><strong>non</strong></span> <span class='ocrx_word' id='word_1_137' title='bbox 3200 527 3526 581; x_wconf 77' lang='lat' dir='ltr'><strong>anathemati</strong></span> 
     </span>
    </p>
   </div>
   <div class='ocr_carea' id='block_1_20' title="bbox 1960 617 3554 686">
    <p class='ocr_par' dir='ltr' id='par_1_20' title="bbox 1960 617 3554 686">
     <span class='ocr_line' id='line_1_20' title="bbox 1960 617 3554 686; baseline 0.003 -17"><span class='ocrx_word' id='word_1_138' title='bbox 1960 627 2105 682; x_wconf 86' lang='lat' dir='ltr'><strong>zant,</strong></span> <span class='ocrx_word' id='word_1_139' title='bbox 2137 633 2236 671; x_wconf 91' lang='lat' dir='ltr'><strong>nec</strong></span> <span class='ocrx_word' id='word_1_140' title='bbox 2265 624 2500 686; x_wconf 88' lang='lat' dir='ltr'><strong>unquam</strong></span> <span class='ocrx_word' id='word_1_141' title='bbox 2529 617 3059 671; x_wconf 85' lang='lat' dir='ltr'><strong>anathematizabunt</strong></span> <span class='ocrx_word' id='word_1_142' title='bbox 3085 618 3369 685; x_wconf 80' lang='lat' dir='ltr'><strong>epistolam</strong></span> <span class='ocrx_word' id='word_1_143' title='bbox 3389 634 3554 674; x_wconf 84' lang='lat' dir='ltr'><strong>vene—</strong></span> 
     </span>
    </p>
   </div>
   <div class='ocr_carea' id='block_1_21' title="bbox 1960 707 3555 776">
    <p class='ocr_par' dir='ltr' id='par_1_21' title="bbox 1960 707 3555 776">
     <span class='ocr_line' id='line_1_21' title="bbox 1960 707 3555 776; baseline 0.002 -15"><span class='ocrx_word' id='word_1_144' title='bbox 1960 709 2144 761; x_wconf 78' lang='lat' dir='ltr'><strong>rabilis</strong></span> <span class='ocrx_word' id='word_1_145' title='bbox 2172 709 2295 763; x_wconf 64' lang='lat' dir='ltr'><strong>Ibit).</strong></span> <span class='ocrx_word' id='word_1_146' title='bbox 2323 707 2453 774; x_wconf 75' lang='lat' dir='ltr'><strong>Qum</strong></span> <span class='ocrx_word' id='word_1_147' title='bbox 2481 725 2600 763; x_wconf 92' lang='lat' dir='ltr'><strong>cum</strong></span> <span class='ocrx_word' id='word_1_148' title='bbox 2644 710 2717 762; x_wconf 87' lang='lat' dir='ltr'><strong>ita</strong></span> <span class='ocrx_word' id='word_1_149' title='bbox 2766 708 2891 772; x_wconf 89' lang='lat' dir='ltr'><strong>sint,</strong></span> <span class='ocrx_word' id='word_1_150' title='bbox 2934 718 3138 763; x_wconf 84' lang='lat' dir='ltr'><strong>certum</strong></span> <span class='ocrx_word' id='word_1_151' title='bbox 3171 720 3254 763; x_wconf 84' lang='lat' dir='ltr'><strong>cst</strong></span> <span class='ocrx_word' id='word_1_152' title='bbox 3298 710 3439 776; x_wconf 88' lang='lat' dir='ltr'><strong>quod</strong></span> <span class='ocrx_word' id='word_1_153' title='bbox 3486 709 3555 764; x_wconf 83' lang='lat' dir='ltr'><strong>ad</strong></span> 
     </span>
    </p>
   </div>
   <div class='ocr_carea' id='block_1_22' title="bbox 1961 799 3556 868">
    <p class='ocr_par' dir='ltr' id='par_1_22' title="bbox 1961 799 3556 868">
     <span class='ocr_line' id='line_1_22' title="bbox 1961 799 3556 868; baseline -0.001 -14"><span class='ocrx_word' id='word_1_154' title='bbox 1961 799 2178 854; x_wconf 87' lang='lat' dir='ltr'><strong>eosdem</strong></span> <span class='ocrx_word' id='word_1_155' title='bbox 2220 799 2407 853; x_wconf 85' lang='lat' dir='ltr'><strong>Patres</strong></span> <span class='ocrx_word' id='word_1_156' title='bbox 2433 800 2718 853; x_wconf 87' lang='lat' dir='ltr'><strong>voluerunt</strong></span> <span class='ocrx_word' id='word_1_157' title='bbox 2765 800 2871 853; x_wconf 87' lang='lat' dir='ltr'><strong>hoe</strong></span> <span class='ocrx_word' id='word_1_158' title='bbox 2923 800 3210 853; x_wconf 79' lang='lat' dir='ltr'><strong>anathema</strong></span> <span class='ocrx_word' id='word_1_159' title='bbox 3254 801 3556 868; x_wconf 82' lang='lat' dir='ltr'><strong>pervenire.</strong></span> 
     </span>
    </p>
   </div>
   <div class='ocr_carea' id='block_1_23' title="bbox 1962 888 3549 956">
    <p class='ocr_par' dir='ltr' id='par_1_23' title="bbox 1962 888 3549 956">
     <span class='ocr_line' id='line_1_23' title="bbox 1962 888 3549 956; baseline 0 -15"><span class='ocrx_word' id='word_1_160' title='bbox 1962 888 2134 942; x_wconf 89' lang='lat' dir='ltr'><strong>Porro</strong></span> <span class='ocrx_word' id='word_1_161' title='bbox 2166 897 2221 942; x_wconf 90' lang='lat' dir='ltr'><strong>et</strong></span> <span class='ocrx_word' id='word_1_162' title='bbox 2242 889 2343 943; x_wconf 91' lang='lat' dir='ltr'><strong>hac</strong></span> <span class='ocrx_word' id='word_1_163' title='bbox 2372 889 2584 942; x_wconf 85' lang='lat' dir='ltr'><strong>ratione</strong></span> <span class='ocrx_word' id='word_1_164' title='bbox 2633 890 2902 953; x_wconf 87' lang='lat' dir='ltr'><strong>submota,</strong></span> <span class='ocrx_word' id='word_1_165' title='bbox 2946 904 3050 941; x_wconf 91' lang='lat' dir='ltr'><strong>non</strong></span> <span class='ocrx_word' id='word_1_166' title='bbox 3099 895 3279 956; x_wconf 82' lang='lat' dir='ltr'><strong>potest</strong></span> <span class='ocrx_word' id='word_1_167' title='bbox 3309 899 3549 956; x_wconf 88' lang='lat' dir='ltr'><strong>accepta-</strong></span> 
     </span>
    </p>
   </div>
   <div class='ocr_carea' id='block_1_24' title="bbox 1961 979 3557 1051">
    <p class='ocr_par' dir='ltr' id='par_1_24' title="bbox 1961 979 3557 1051">
     <span class='ocr_line' id='line_1_24' title="bbox 1961 979 3557 1051; baseline -0.001 -16"><span class='ocrx_word' id='word_1_168' title='bbox 1961 980 2143 1038; x_wconf 81' lang='lat' dir='ltr'><strong>biliter</strong></span> <span class='ocrx_word' id='word_1_169' title='bbox 2186 982 2291 1035; x_wconf 85' lang='lat' dir='ltr'><strong>dici</strong></span> <span class='ocrx_word' id='word_1_170' title='bbox 2345 982 2490 1051; x_wconf 89' lang='lat' dir='ltr'><strong>quod</strong></span> <span class='ocrx_word' id='word_1_171' title='bbox 2553 997 2659 1035; x_wconf 93' lang='lat' dir='ltr'><strong>non</strong></span> <span class='ocrx_word' id='word_1_172' title='bbox 2717 997 2813 1045; x_wconf 87' lang='lat' dir='ltr'><strong>pro</strong></span> <span class='ocrx_word' id='word_1_173' title='bbox 2860 981 3313 1035; x_wconf 77' lang='lat' dir='ltr'><strong>contlemnatione</strong></span> <span class='ocrx_word' id='word_1_174' title='bbox 3366 979 3557 1051; x_wconf 69' lang='lat' dir='ltr'><strong>synodi</strong></span> 
     </span>
    </p>
   </div>
   <div class='ocr_carea' id='block_1_25' title="bbox 1962 1073 3557 1141">
    <p class='ocr_par' dir='ltr' id='par_1_25' title="bbox 1962 1073 3557 1141">
     <span class='ocr_line' id='line_1_25' title="bbox 1962 1073 3557 1141; baseline -0.001 -14"><span class='ocrx_word' id='word_1_175' title='bbox 1962 1074 2424 1129; x_wconf 81' lang='lat' dir='ltr'><strong>Chalcedonensis</strong></span> <span class='ocrx_word' id='word_1_176' title='bbox 2448 1075 2515 1127; x_wconf 89' lang='lat' dir='ltr'><strong>ita</strong></span> <span class='ocrx_word' id='word_1_177' title='bbox 2549 1074 2852 1128; x_wconf 87' lang='lat' dir='ltr'><strong>institutum</strong></span> <span class='ocrx_word' id='word_1_178' title='bbox 2884 1082 2986 1141; x_wconf 85' lang='lat' dir='ltr'><strong>est,</strong></span> <span class='ocrx_word' id='word_1_179' title='bbox 3018 1074 3110 1128; x_wconf 86' lang='lat' dir='ltr'><strong>sed</strong></span> <span class='ocrx_word' id='word_1_180' title='bbox 3139 1082 3197 1126; x_wconf 93' lang='lat' dir='ltr'><strong>ut</strong></span> <span class='ocrx_word' id='word_1_181' title='bbox 3226 1074 3297 1127; x_wconf 89' lang='lat' dir='ltr'><strong>illi</strong></span> <span class='ocrx_word' id='word_1_182' title='bbox 3328 1073 3416 1141; x_wconf 85' lang='lat' dir='ltr'><strong>qui</strong></span> <span class='ocrx_word' id='word_1_183' title='bbox 3437 1081 3557 1126; x_wconf 76' lang='lat' dir='ltr'><strong>sunt</strong></span> 
     </span>
    </p>
   </div>
   <div class='ocr_carea' id='block_1_26' title="bbox 1966 1146 3561 1236">
    <p class='ocr_par' dir='ltr' id='par_1_26' title="bbox 1966 1146 3561 1236">
     <span class='ocr_line' id='line_1_26' title="bbox 1966 1146 3561 1236; baseline -0.002 -17"><span class='ocrx_word' id='word_1_184' title='bbox 1966 1174 2257 1236; x_wconf 66' lang='lat' dir='ltr'><strong>praesentes</strong></span> <span class='ocrx_word' id='word_1_185' title='bbox 2288 1167 2338 1219; x_wconf 93' lang='lat' dir='ltr'><strong>iu</strong></span> <span class='ocrx_word' id='word_1_186' title='bbox 2390 1146 2635 1234; x_wconf 39' lang='lat' dir='ltr'><strong>corpore.</strong></span> <span class='ocrx_word' id='word_1_187' title='bbox 2660 1164 3033 1218; x_wconf 83' lang='lat' dir='ltr'><strong>tantummodo</strong></span> <span class='ocrx_word' id='word_1_188' title='bbox 3080 1164 3487 1227; x_wconf 81' lang='lat' dir='ltr'><strong>damnarentur,</strong></span> <span class='ocrx_word' id='word_1_189' title='bbox 3517 1163 3561 1216; x_wconf 86' lang='lat' dir='ltr'><strong>si</strong></span> 
     </span>
    </p>
   </div>
   <div class='ocr_carea' id='block_1_27' title="bbox 1968 1258 3559 1327">
    <p class='ocr_par' dir='ltr' id='par_1_27' title="bbox 1968 1258 3559 1327">
     <span class='ocr_line' id='line_1_27' title="bbox 1968 1258 3559 1327; baseline -0.001 -15"><span class='ocrx_word' id='word_1_190' title='bbox 1968 1259 2252 1312; x_wconf 85' lang='lat' dir='ltr'><strong>anathema</strong></span> <span class='ocrx_word' id='word_1_191' title='bbox 2283 1258 2524 1327; x_wconf 70' lang='lat' dir='ltr'><strong>epistola:</strong></span> <span class='ocrx_word' id='word_1_192' title='bbox 2555 1258 2658 1312; x_wconf 78' lang='lat' dir='ltr'><strong>Iba:</strong></span> <span class='ocrx_word' id='word_1_193' title='bbox 2688 1275 2793 1312; x_wconf 90' lang='lat' dir='ltr'><strong>non</strong></span> <span class='ocrx_word' id='word_1_194' title='bbox 2821 1258 3085 1312; x_wconf 86' lang='lat' dir='ltr'><strong>dicerent.</strong></span> <span class='ocrx_word' id='word_1_195' title='bbox 3120 1258 3251 1311; x_wconf 82' lang='lat' dir='ltr'><strong>Nam</strong></span> <span class='ocrx_word' id='word_1_196' title='bbox 3285 1259 3559 1327; x_wconf 66' lang='lat' dir='ltr'><strong>quomodo</strong></span> 
     </span>
    </p>
   </div>
   <div class='ocr_carea' id='block_1_28' title="bbox 1967 1347 3560 1418">
    <p class='ocr_par' dir='ltr' id='par_1_28' title="bbox 1967 1347 3560 1418">
     <span class='ocr_line' id='line_1_28' title="bbox 1967 1347 3560 1418; baseline -0.004 -15"><span class='ocrx_word' id='word_1_197' title='bbox 1967 1365 2065 1403; x_wconf 91' lang='lat' dir='ltr'><strong>nos</strong></span> <span class='ocrx_word' id='word_1_198' title='bbox 2095 1349 2453 1402; x_wconf 88' lang='lat' dir='ltr'><strong>condemnare</strong></span> <span class='ocrx_word' id='word_1_199' title='bbox 2486 1364 2787 1418; x_wconf 85' lang='lat' dir='ltr'><strong>possumus,</strong></span> <span class='ocrx_word' id='word_1_200' title='bbox 2821 1349 2910 1417; x_wconf 93' lang='lat' dir='ltr'><strong>qui</strong></span> <span class='ocrx_word' id='word_1_201' title='bbox 2932 1347 3140 1416; x_wconf 78' lang='lat' dir='ltr'><strong>judices</strong></span> <span class='ocrx_word' id='word_1_202' title='bbox 3182 1348 3232 1401; x_wconf 91' lang='lat' dir='ltr'><strong>in</strong></span> <span class='ocrx_word' id='word_1_203' title='bbox 3264 1362 3421 1401; x_wconf 86' lang='lat' dir='ltr'><strong>causa</strong></span> <span class='ocrx_word' id='word_1_204' title='bbox 3452 1362 3560 1399; x_wconf 91' lang='lat' dir='ltr'><strong>non</strong></span> 
     </span>
    </p>
   </div>
   <div class='ocr_carea' id='block_1_29' title="bbox 1968 1437 3563 1507">
    <p class='ocr_par' dir='ltr' id='par_1_29' title="bbox 1968 1437 3563 1507">
     <span class='ocr_line' id='line_1_29' title="bbox 1968 1437 3563 1507; baseline -0.003 -13"><span class='ocrx_word' id='word_1_205' title='bbox 1968 1441 2195 1505; x_wconf 83' lang='lat' dir='ltr'><strong>fuimus,</strong></span> <span class='ocrx_word' id='word_1_206' title='bbox 2228 1440 2331 1493; x_wconf 89' lang='lat' dir='ltr'><strong>illis</strong></span> <span class='ocrx_word' id='word_1_207' title='bbox 2360 1438 2609 1493; x_wconf 88' lang='lat' dir='ltr'><strong>Patribus</strong></span> <span class='ocrx_word' id='word_1_208' title='bbox 2657 1456 2765 1494; x_wconf 90' lang='lat' dir='ltr'><strong>nou</strong></span> <span class='ocrx_word' id='word_1_209' title='bbox 2812 1439 3183 1494; x_wconf 88' lang='lat' dir='ltr'><strong>condemnatis</strong></span> <span class='ocrx_word' id='word_1_210' title='bbox 3212 1438 3301 1506; x_wconf 89' lang='lat' dir='ltr'><strong>qui</strong></span> <span class='ocrx_word' id='word_1_211' title='bbox 3333 1438 3480 1507; x_wconf 86' lang='lat' dir='ltr'><strong>prius</strong></span> <span class='ocrx_word' id='word_1_212' title='bbox 3510 1437 3563 1489; x_wconf 89' lang='lat' dir='ltr'><strong>in</strong></span> 
     </span>
    </p>
   </div>
   <div class='ocr_carea' id='block_1_30' title="bbox 1967 1532 3567 1601">
    <p class='ocr_par' dir='ltr' id='par_1_30' title="bbox 1967 1532 3567 1601">
     <span class='ocr_line' id='line_1_30' title="bbox 1967 1532 3567 1601; baseline -0.004 -12"><span class='ocrx_word' id='word_1_213' title='bbox 1967 1534 2291 1601; x_wconf 86' lang='lat' dir='ltr'><strong>suojudicio</strong></span> <span class='ocrx_word' id='word_1_214' title='bbox 2316 1534 2600 1587; x_wconf 89' lang='lat' dir='ltr'><strong>recitatam</strong></span> <span class='ocrx_word' id='word_1_215' title='bbox 2632 1532 2873 1587; x_wconf 89' lang='lat' dir='ltr'><strong>eamdem</strong></span> <span class='ocrx_word' id='word_1_216' title='bbox 2917 1549 3021 1585; x_wconf 91' lang='lat' dir='ltr'><strong>non</strong></span> <span class='ocrx_word' id='word_1_217' title='bbox 3070 1532 3567 1585; x_wconf 76' lang='lat' dir='ltr'><strong>condemuavermtt</strong></span> 
     </span>
    </p>
   </div>
   <div class='ocr_carea' id='block_1_31' title="bbox 1970 1621 3564 1697">
    <p class='ocr_par' dir='ltr' id='par_1_31' title="bbox 1970 1621 3564 1697">
     <span class='ocr_line' id='line_1_31' title="bbox 1970 1621 3564 1697; baseline -0.004 -16"><span class='ocrx_word' id='word_1_218' title='bbox 1970 1626 2277 1697; x_wconf 90' lang='lat' dir='ltr'><strong>epistolam,</strong></span> <span class='ocrx_word' id='word_1_219' title='bbox 2310 1634 2364 1680; x_wconf 91' lang='lat' dir='ltr'><strong>et</strong></span> <span class='ocrx_word' id='word_1_220' title='bbox 2386 1640 2616 1694; x_wconf 89' lang='lat' dir='ltr'><strong>quorum</strong></span> <span class='ocrx_word' id='word_1_221' title='bbox 2649 1625 2897 1694; x_wconf 78' lang='lat' dir='ltr'><strong>exemplo</strong></span> <span class='ocrx_word' id='word_1_222' title='bbox 2940 1639 3129 1679; x_wconf 85' lang='lat' dir='ltr'><strong>smnus</strong></span> <span class='ocrx_word' id='word_1_223' title='bbox 3175 1621 3397 1686; x_wconf 90' lang='lat' dir='ltr'><strong>inducti,</strong></span> <span class='ocrx_word' id='word_1_224' title='bbox 3432 1629 3490 1675; x_wconf 91' lang='lat' dir='ltr'><strong>ut</strong></span> <span class='ocrx_word' id='word_1_225' title='bbox 3516 1621 3564 1675; x_wconf 90' lang='lat' dir='ltr'><strong>ei</strong></span> 
     </span>
    </p>
   </div>
   <div class='ocr_carea' id='block_1_32' title="bbox 1971 1712 3567 1787">
    <p class='ocr_par' dir='ltr' id='par_1_32' title="bbox 1971 1712 3567 1787">
     <span class='ocr_line' id='line_1_32' title="bbox 1971 1712 3567 1787; baseline -0.004 -16"><span class='ocrx_word' id='word_1_226' title='bbox 1971 1734 2071 1772; x_wconf 92' lang='lat' dir='ltr'><strong>nos</strong></span> <span class='ocrx_word' id='word_1_227' title='bbox 2099 1732 2314 1787; x_wconf 90' lang='lat' dir='ltr'><strong>quoque</strong></span> <span class='ocrx_word' id='word_1_228' title='bbox 2356 1733 2464 1771; x_wconf 91' lang='lat' dir='ltr'><strong>non</strong></span> <span class='ocrx_word' id='word_1_229' title='bbox 2519 1715 2822 1770; x_wconf 87' lang='lat' dir='ltr'><strong>diceremus</strong></span> <span class='ocrx_word' id='word_1_230' title='bbox 2870 1715 3195 1768; x_wconf 86' lang='lat' dir='ltr'><strong>anathema?</strong></span> <span class='ocrx_word' id='word_1_231' title='bbox 3244 1712 3325 1767; x_wconf 86' lang='lat' dir='ltr'><strong>Ab</strong></span> <span class='ocrx_word' id='word_1_232' title='bbox 3355 1713 3567 1767; x_wconf 89' lang='lat' dir='ltr'><strong>illorum</strong></span> 
     </span>
    </p>
   </div>
   <div class='ocr_carea' id='block_1_33' title="bbox 259 1800 3565 1889">
    <p class='ocr_par' dir='ltr' id='par_1_33' title="bbox 259 1800 3565 1889">
     <span class='ocr_line' id='line_1_33' title="bbox 259 1800 3565 1889; baseline -0.002 -27"><span class='ocrx_word' id='word_1_233' title='bbox 259 1808 377 1862; x_wconf 87' lang='lat' dir='ltr'><strong>rint</strong></span> <span class='ocrx_word' id='word_1_234' title='bbox 405 1802 769 1889; x_wconf 43' lang='lat' dir='ltr'><strong>Eutychi&#39;anos</strong></span> <span class='ocrx_word' id='word_1_235' title='bbox 791 1805 925 1859; x_wconf 86' lang='lat' dir='ltr'><strong>falso</strong></span> <span class='ocrx_word' id='word_1_236' title='bbox 954 1814 1140 1860; x_wconf 86' lang='lat' dir='ltr'><strong>nostro</strong></span> <span class='ocrx_word' id='word_1_237' title='bbox 1182 1805 1490 1859; x_wconf 89' lang='lat' dir='ltr'><strong>testimonio</strong></span> <span class='ocrx_word' id='word_1_238' title='bbox 1536 1803 1860 1871; x_wconf 75' lang='lat' dir='ltr'><strong>credituros,</strong></span> <span class='ocrx_word' id='word_1_239' title='bbox 1897 1800 1941 1857; x_wconf 86' lang='grc' dir='ltr'><strong>Β</strong></span> <span class='ocrx_word' id='word_1_240' title='bbox 1967 1810 2109 1864; x_wconf 79' lang='lat' dir='ltr'><strong>enim</strong></span> <span class='ocrx_word' id='word_1_241' title='bbox 2143 1809 2490 1863; x_wconf 77' lang='lat' dir='ltr'><strong>damnatione</strong></span> <span class='ocrx_word' id='word_1_242' title='bbox 2528 1808 2827 1878; x_wconf 75' lang='lat' dir='ltr'><strong>procedere</strong></span> <span class='ocrx_word' id='word_1_243' title='bbox 2875 1808 3033 1862; x_wconf 83' lang='lat' dir='ltr'><strong>debet</strong></span> <span class='ocrx_word' id='word_1_244' title='bbox 3079 1806 3250 1860; x_wconf 84' lang='lat' dir='ltr'><strong>forma</strong></span> <span class='ocrx_word' id='word_1_245' title='bbox 3294 1805 3501 1874; x_wconf 86' lang='lat' dir='ltr'><strong>judicii,</strong></span> <span class='ocrx_word' id='word_1_246' title='bbox 3536 1820 3565 1859; x_wconf 83' lang='lat' dir='ltr'><strong>a</strong></span> 
     </span>
    </p>
   </div>
   <div class='ocr_carea' id='block_1_34' title="bbox 260 1897 1862 1967">
    <p class='ocr_par' dir='ltr' id='par_1_34' title="bbox 260 1897 1862 1967">
     <span class='ocr_line' id='line_1_34' title="bbox 260 1897 1862 1967; baseline -0.005 -10"><span class='ocrx_word' id='word_1_247' title='bbox 260 1917 363 1957; x_wconf 87' lang='lat' dir='ltr'><strong>cur</strong></span> <span class='ocrx_word' id='word_1_248' title='bbox 398 1901 560 1967; x_wconf 85' lang='lat' dir='ltr'><strong>igitur</strong></span> <span class='ocrx_word' id='word_1_249' title='bbox 586 1915 692 1954; x_wconf 93' lang='lat' dir='ltr'><strong>non</strong></span> <span class='ocrx_word' id='word_1_250' title='bbox 725 1899 795 1952; x_wconf 91' lang='lat' dir='ltr'><strong>ita</strong></span> <span class='ocrx_word' id='word_1_251' title='bbox 824 1899 1016 1956; x_wconf 87' lang='lat' dir='ltr'><strong>saltem</strong></span> <span class='ocrx_word' id='word_1_252' title='bbox 1047 1908 1351 1955; x_wconf 89' lang='lat' dir='ltr'><strong>statuerunt</strong></span> <span class='ocrx_word' id='word_1_253' title='bbox 1398 1908 1456 1952; x_wconf 89' lang='lat' dir='ltr'><strong>ut</strong></span> <span class='ocrx_word' id='word_1_254' title='bbox 1485 1899 1727 1954; x_wconf 90' lang='lat' dir='ltr'><strong>dicerent</strong></span> <span class='ocrx_word' id='word_1_255' title='bbox 1760 1917 1771 1949; x_wconf 92' lang='lat'><strong>:</strong></span> <span class='ocrx_word' id='word_1_256' title='bbox 1804 1897 1862 1950; x_wconf 89' lang='lat' dir='ltr'><strong>Si</strong></span> 
     </span>
    </p>
   </div>
   <div class='ocr_carea' id='block_1_35' title="bbox 260 1987 1866 2061">
    <p class='ocr_par' dir='ltr' id='par_1_35' title="bbox 260 1987 1866 2061">
     <span class='ocr_line' id='line_1_35' title="bbox 260 1987 1866 2061; baseline -0.003 -17"><span class='ocrx_word' id='word_1_257' title='bbox 260 1992 385 2061; x_wconf 89' lang='lat' dir='ltr'><strong>quis</strong></span> <span class='ocrx_word' id='word_1_258' title='bbox 408 1991 537 2046; x_wconf 88' lang='lat' dir='ltr'><strong>dicit</strong></span> <span class='ocrx_word' id='word_1_259' title='bbox 571 1998 875 2060; x_wconf 89' lang='lat' dir='ltr'><strong>susceptam</strong></span> <span class='ocrx_word' id='word_1_260' title='bbox 907 2005 1028 2045; x_wconf 90' lang='lat' dir='ltr'><strong>esse</strong></span> <span class='ocrx_word' id='word_1_261' title='bbox 1054 2005 1083 2042; x_wconf 92' lang='lat' dir='ltr'><strong>a</strong></span> <span class='ocrx_word' id='word_1_262' title='bbox 1113 1990 1317 2061; x_wconf 84' lang='lat' dir='ltr'><strong>synodo</strong></span> <span class='ocrx_word' id='word_1_263' title='bbox 1348 1988 1769 2044; x_wconf 86' lang='lat' dir='ltr'><strong>Chalcedonensi</strong></span> <span class='ocrx_word' id='word_1_264' title='bbox 1798 1987 1866 2041; x_wconf 92' lang='lat' dir='ltr'><strong>ad</strong></span> 
     </span>
    </p>
   </div>
   <div class='ocr_carea' id='block_1_36' title="bbox 261 2079 1864 2151">
    <p class='ocr_par' dir='ltr' id='par_1_36' title="bbox 261 2079 1864 2151">
     <span class='ocr_line' id='line_1_36' title="bbox 261 2079 1864 2151; baseline -0.003 -15"><span class='ocrx_word' id='word_1_265' title='bbox 261 2083 460 2137; x_wconf 73' lang='lat' dir='ltr'><strong>Marini</strong></span> <span class='ocrx_word' id='word_1_266' title='bbox 508 2081 814 2151; x_wconf 88' lang='lat' dir='ltr'><strong>epistolam,</strong></span> <span class='ocrx_word' id='word_1_267' title='bbox 847 2082 1131 2135; x_wconf 86' lang='lat' dir='ltr'><strong>anathema</strong></span> <span class='ocrx_word' id='word_1_268' title='bbox 1179 2080 1278 2145; x_wconf 87' lang='lat' dir='ltr'><strong>sit;</strong></span> <span class='ocrx_word' id='word_1_269' title='bbox 1318 2080 1411 2135; x_wconf 85' lang='lat' dir='ltr'><strong>sed</strong></span> <span class='ocrx_word' id='word_1_270' title='bbox 1464 2080 1631 2147; x_wconf 84' lang='lat' dir='ltr'><strong>magis</strong></span> <span class='ocrx_word' id='word_1_271' title='bbox 1677 2079 1864 2132; x_wconf 87' lang='lat' dir='ltr'><strong>dicen-</strong></span> 
     </span>
    </p>
   </div>
   <div class='ocr_carea' id='block_1_37' title="bbox 260 2170 1860 2241">
    <p class='ocr_par' dir='ltr' id='par_1_37' title="bbox 260 2170 1860 2241">
     <span class='ocr_line' id='line_1_37' title="bbox 260 2170 1860 2241; baseline -0.004 -14"><span class='ocrx_word' id='word_1_272' title='bbox 260 2174 396 2229; x_wconf 88' lang='lat' dir='ltr'><strong>dum</strong></span> <span class='ocrx_word' id='word_1_273' title='bbox 429 2174 466 2237; x_wconf 82' lang='lat'><strong>’,</strong></span> <span class='ocrx_word' id='word_1_274' title='bbox 494 2172 549 2225; x_wconf 87' lang='lat' dir='ltr'><strong>Si</strong></span> <span class='ocrx_word' id='word_1_275' title='bbox 576 2172 695 2241; x_wconf 85' lang='lat' dir='ltr'><strong>quis</strong></span> <span class='ocrx_word' id='word_1_276' title='bbox 723 2172 853 2225; x_wconf 86' lang='lat' dir='ltr'><strong>dicit</strong></span> <span class='ocrx_word' id='word_1_277' title='bbox 878 2179 1081 2225; x_wconf 89' lang='lat' dir='ltr'><strong>rectam</strong></span> <span class='ocrx_word' id='word_1_278' title='bbox 1107 2186 1226 2226; x_wconf 90' lang='lat' dir='ltr'><strong>esse</strong></span> <span class='ocrx_word' id='word_1_279' title='bbox 1248 2171 1315 2225; x_wconf 89' lang='lat' dir='ltr'><strong>ad</strong></span> <span class='ocrx_word' id='word_1_280' title='bbox 1347 2170 1534 2223; x_wconf 79' lang='lat' dir='ltr'><strong>Marim</strong></span> <span class='ocrx_word' id='word_1_281' title='bbox 1558 2170 1860 2240; x_wconf 89' lang='lat' dir='ltr'><strong>epistolam,</strong></span> 
     </span>
    </p>
   </div>
   <div class='ocr_carea' id='block_1_38' title="bbox 262 2261 1867 2333">
    <p class='ocr_par' dir='ltr' id='par_1_38' title="bbox 262 2261 1867 2333">
     <span class='ocr_line' id='line_1_38' title="bbox 262 2261 1867 2333; baseline -0.002 -15"><span class='ocrx_word' id='word_1_282' title='bbox 262 2274 363 2318; x_wconf 90' lang='lat' dir='ltr'><strong>aut</strong></span> <span class='ocrx_word' id='word_1_283' title='bbox 411 2265 631 2333; x_wconf 89' lang='lat' dir='ltr'><strong>impiam</strong></span> <span class='ocrx_word' id='word_1_284' title='bbox 686 2262 1017 2329; x_wconf 80' lang='lat' dir='ltr'><strong>defendit’,</strong></span> <span class='ocrx_word' id='word_1_285' title='bbox 1058 2272 1114 2318; x_wconf 93' lang='lat' dir='ltr'><strong>et</strong></span> <span class='ocrx_word' id='word_1_286' title='bbox 1165 2278 1274 2316; x_wconf 92' lang='lat' dir='ltr'><strong>non</strong></span> <span class='ocrx_word' id='word_1_287' title='bbox 1330 2261 1867 2316; x_wconf 83' lang='lat' dir='ltr'><strong>anathematizaverit</strong></span> 
     </span>
    </p>
   </div>
   <div class='ocr_carea' id='block_1_39' title="bbox 260 2355 1866 2425">
    <p class='ocr_par' dir='ltr' id='par_1_39' title="bbox 260 2355 1866 2425">
     <span class='ocr_line' id='line_1_39' title="bbox 260 2355 1866 2425; baseline 0 -16"><span class='ocrx_word' id='word_1_288' title='bbox 260 2371 410 2421; x_wconf 88' lang='lat' dir='ltr'><strong>eam,</strong></span> <span class='ocrx_word' id='word_1_289' title='bbox 440 2356 727 2411; x_wconf 85' lang='lat' dir='ltr'><strong>anathema</strong></span> <span class='ocrx_word' id='word_1_290' title='bbox 758 2357 849 2423; x_wconf 79' lang='lat' dir='ltr'><strong>sit,</strong></span> <span class='ocrx_word' id='word_1_291' title='bbox 879 2355 979 2411; x_wconf 91' lang='lat' dir='ltr'><strong>nisi</strong></span> <span class='ocrx_word' id='word_1_292' title='bbox 1008 2362 1067 2410; x_wconf 87' lang='lat' dir='ltr'><strong>ut</strong></span> <span class='ocrx_word' id='word_1_293' title='bbox 1082 2365 1297 2411; x_wconf 85' lang='lat' dir='ltr'><strong>sanctos</strong></span> <span class='ocrx_word' id='word_1_294' title='bbox 1326 2356 1419 2425; x_wconf 90' lang='lat' dir='ltr'><strong>qui</strong></span> <span class='ocrx_word' id='word_1_295' title='bbox 1442 2370 1561 2409; x_wconf 90' lang='lat' dir='ltr'><strong>eam</strong></span> <span class='ocrx_word' id='word_1_296' title='bbox 1602 2356 1654 2409; x_wconf 91' lang='lat' dir='ltr'><strong>in</strong></span> <span class='ocrx_word' id='word_1_297' title='bbox 1683 2356 1866 2409; x_wconf 83' lang='lat' dir='ltr'><strong>conci-</strong></span> 
     </span>
    </p>
   </div>
   <div class='ocr_carea' id='block_1_40' title="bbox 262 2447 1863 2518">
    <p class='ocr_par' dir='ltr' id='par_1_40' title="bbox 262 2447 1863 2518">
     <span class='ocr_line' id='line_1_40' title="bbox 262 2447 1863 2518; baseline -0.001 -16"><span class='ocrx_word' id='word_1_298' title='bbox 262 2448 398 2503; x_wconf 88' lang='lat' dir='ltr'><strong>lium</strong></span> <span class='ocrx_word' id='word_1_299' title='bbox 426 2450 738 2518; x_wconf 81' lang='lat' dir='ltr'><strong>congregati</strong></span> <span class='ocrx_word' id='word_1_300' title='bbox 769 2464 875 2504; x_wconf 92' lang='lat' dir='ltr'><strong>non</strong></span> <span class='ocrx_word' id='word_1_301' title='bbox 905 2450 1521 2512; x_wconf 83' lang='lat' dir='ltr'><strong>anathematizaverunt,</strong></span> <span class='ocrx_word' id='word_1_302' title='bbox 1556 2447 1663 2501; x_wconf 91' lang='lat' dir='ltr'><strong>imo</strong></span> <span class='ocrx_word' id='word_1_303' title='bbox 1691 2455 1748 2501; x_wconf 88' lang='lat' dir='ltr'><strong>et</strong></span> <span class='ocrx_word' id='word_1_304' title='bbox 1772 2462 1863 2501; x_wconf 88' lang='lat' dir='ltr'><strong>or-</strong></span> 
     </span>
    </p>
   </div>
   <div class='ocr_carea' id='block_1_41' title="bbox 264 2538 1866 2609">
    <p class='ocr_par' dir='ltr' id='par_1_41' title="bbox 264 2538 1866 2609">
     <span class='ocr_line' id='line_1_41' title="bbox 264 2538 1866 2609; baseline -0.001 -15"><span class='ocrx_word' id='word_1_305' title='bbox 264 2541 564 2595; x_wconf 80' lang='lat' dir='ltr'><strong>thodoxam</strong></span> <span class='ocrx_word' id='word_1_306' title='bbox 607 2541 998 2609; x_wconf 87' lang='lat' dir='ltr'><strong>judicaveruut,</strong></span> <span class='ocrx_word' id='word_1_307' title='bbox 1042 2554 1141 2609; x_wconf 90' lang='lat' dir='ltr'><strong>pro</strong></span> <span class='ocrx_word' id='word_1_308' title='bbox 1187 2540 1561 2593; x_wconf 68' lang='lat' dir='ltr'><strong>hmreticornm</strong></span> <span class='ocrx_word' id='word_1_309' title='bbox 1591 2538 1866 2593; x_wconf 89' lang='lat' dir='ltr'><strong>voluntate</strong></span> 
     </span>
    </p>
   </div>
   <div class='ocr_carea' id='block_1_42' title="bbox 263 2629 1867 2698">
    <p class='ocr_par' dir='ltr' id='par_1_42' title="bbox 263 2629 1867 2698">
     <span class='ocr_line' id='line_1_42' title="bbox 263 2629 1867 2698; baseline -0.001 -12"><span class='ocrx_word' id='word_1_310' title='bbox 263 2631 628 2686; x_wconf 82' lang='lat' dir='ltr'><strong>damnarent?</strong></span> <span class='ocrx_word' id='word_1_311' title='bbox 659 2632 724 2685; x_wconf 87' lang='lat' dir='ltr'><strong>Et</strong></span> <span class='ocrx_word' id='word_1_312' title='bbox 751 2633 899 2698; x_wconf 90' lang='lat' dir='ltr'><strong>licet,</strong></span> <span class='ocrx_word' id='word_1_313' title='bbox 923 2639 983 2685; x_wconf 92' lang='lat' dir='ltr'><strong>ut</strong></span> <span class='ocrx_word' id='word_1_314' title='bbox 1008 2647 1107 2685; x_wconf 89' lang='lat' dir='ltr'><strong>nos</strong></span> <span class='ocrx_word' id='word_1_315' title='bbox 1123 2630 1189 2684; x_wconf 89' lang='lat' dir='ltr'><strong>ad</strong></span> <span class='ocrx_word' id='word_1_316' title='bbox 1217 2630 1725 2686; x_wconf 85' lang='lat' dir='ltr'><strong>condemnationem</strong></span> <span class='ocrx_word' id='word_1_317' title='bbox 1747 2629 1867 2698; x_wconf 88' lang='lat' dir='ltr'><strong>ejus</strong></span> 
     </span>
    </p>
   </div>
   <div class='ocr_carea' id='block_1_43' title="bbox 262 2721 1882 2791">
    <p class='ocr_par' dir='ltr' id='par_1_43' title="bbox 262 2721 1882 2791">
     <span class='ocr_line' id='line_1_43' title="bbox 262 2721 1882 2791; baseline -0.001 -14"><span class='ocrx_word' id='word_1_318' title='bbox 262 2723 605 2785; x_wconf 87' lang='lat' dir='ltr'><strong>inducerent,</strong></span> <span class='ocrx_word' id='word_1_319' title='bbox 639 2724 910 2777; x_wconf 84' lang='lat' dir='ltr'><strong>tinxerunt</strong></span> <span class='ocrx_word' id='word_1_320' title='bbox 937 2722 1085 2791; x_wconf 89' lang='lat' dir='ltr'><strong>quod</strong></span> <span class='ocrx_word' id='word_1_321' title='bbox 1112 2722 1269 2777; x_wconf 91' lang='lat' dir='ltr'><strong>iidem</strong></span> <span class='ocrx_word' id='word_1_322' title='bbox 1308 2722 1493 2777; x_wconf 87' lang='lat' dir='ltr'><strong>Patres</strong></span> <span class='ocrx_word' id='word_1_323' title='bbox 1521 2723 1612 2791; x_wconf 89' lang='lat' dir='ltr'><strong>qui</strong></span> <span class='ocrx_word' id='word_1_324' title='bbox 1641 2721 1882 2776; x_wconf 59' lang='lat' dir='ltr'><strong>Chaleec.</strong></span> 
     </span>
    </p>
   </div>
   <div class='ocr_carea' id='block_1_44' title="bbox 263 2812 1865 2883">
    <p class='ocr_par' dir='ltr' id='par_1_44' title="bbox 263 2812 1865 2883">
     <span class='ocr_line' id='line_1_44' title="bbox 263 2812 1865 2883; baseline -0.002 -15"><span class='ocrx_word' id='word_1_325' title='bbox 263 2813 414 2868; x_wconf 86' lang='lat' dir='ltr'><strong>dona</strong></span> <span class='ocrx_word' id='word_1_326' title='bbox 444 2821 812 2868; x_wconf 88' lang='lat' dir='ltr'><strong>convenerunt</strong></span> <span class='ocrx_word' id='word_1_327' title='bbox 860 2829 967 2867; x_wconf 92' lang='lat' dir='ltr'><strong>non</strong></span> <span class='ocrx_word' id='word_1_328' title='bbox 995 2828 1114 2869; x_wconf 85' lang='lat' dir='ltr'><strong>eam</strong></span> <span class='ocrx_word' id='word_1_329' title='bbox 1156 2813 1640 2883; x_wconf 87' lang='lat' dir='ltr'><strong>pronuntiaverunt</strong></span> <span class='ocrx_word' id='word_1_330' title='bbox 1675 2812 1865 2866; x_wconf 89' lang='lat' dir='ltr'><strong>ortho-</strong></span> 
     </span>
    </p>
   </div>
   <div class='ocr_carea' id='block_1_45' title="bbox 264 2903 1865 2973">
    <p class='ocr_par' dir='ltr' id='par_1_45' title="bbox 264 2903 1865 2973">
     <span class='ocr_line' id='line_1_45' title="bbox 264 2903 1865 2973; baseline -0.001 -14"><span class='ocrx_word' id='word_1_331' title='bbox 264 2903 493 2967; x_wconf 80' lang='lat' dir='ltr'><strong>doxam,</strong></span> <span class='ocrx_word' id='word_1_332' title='bbox 520 2904 587 2958; x_wconf 87' lang='lat' dir='ltr'><strong>de</strong></span> <span class='ocrx_word' id='word_1_333' title='bbox 629 2920 737 2973; x_wconf 90' lang='lat' dir='ltr'><strong>quo</strong></span> <span class='ocrx_word' id='word_1_334' title='bbox 782 2911 968 2973; x_wconf 87' lang='lat' dir='ltr'><strong>postea</strong></span> <span class='ocrx_word' id='word_1_335' title='bbox 1016 2904 1375 2973; x_wconf 91' lang='lat' dir='ltr'><strong>disquiremus</strong></span> <span class='ocrx_word' id='word_1_336' title='bbox 1407 2921 1419 2955; x_wconf 92' lang='lat'><strong>:</strong></span> <span class='ocrx_word' id='word_1_337' title='bbox 1454 2903 1657 2957; x_wconf 89' lang='lat' dir='ltr'><strong>interea</strong></span> <span class='ocrx_word' id='word_1_338' title='bbox 1686 2911 1865 2957; x_wconf 88' lang='lat' dir='ltr'><strong>tamen</strong></span> 
     </span>
    </p>
   </div>
   <div class='ocr_carea' id='block_1_46' title="bbox 264 2995 1866 3065">
    <p class='ocr_par' dir='ltr' id='par_1_46' title="bbox 264 2995 1866 3065">
     <span class='ocr_line' id='line_1_46' title="bbox 264 2995 1866 3065; baseline -0.002 -14"><span class='ocrx_word' id='word_1_339' title='bbox 264 3005 484 3051; x_wconf 85' lang='lat' dir='ltr'><strong>certum</strong></span> <span class='ocrx_word' id='word_1_340' title='bbox 514 3003 594 3049; x_wconf 88' lang='lat' dir='ltr'><strong>est</strong></span> <span class='ocrx_word' id='word_1_341' title='bbox 622 2995 766 3063; x_wconf 91' lang='lat' dir='ltr'><strong>quod</strong></span> <span class='ocrx_word' id='word_1_342' title='bbox 796 3011 917 3049; x_wconf 91' lang='lat' dir='ltr'><strong>cum</strong></span> <span class='ocrx_word' id='word_1_343' title='bbox 948 2995 1087 3065; x_wconf 90' lang='lat' dir='ltr'><strong>apud</strong></span> <span class='ocrx_word' id='word_1_344' title='bbox 1116 3010 1213 3050; x_wconf 87' lang='lat' dir='ltr'><strong>eos</strong></span> <span class='ocrx_word' id='word_1_345' title='bbox 1241 2995 1582 3060; x_wconf 88' lang='lat' dir='ltr'><strong>recitaretur,</strong></span> <span class='ocrx_word' id='word_1_346' title='bbox 1606 3010 1714 3048; x_wconf 92' lang='lat' dir='ltr'><strong>non</strong></span> <span class='ocrx_word' id='word_1_347' title='bbox 1746 3010 1866 3049; x_wconf 90' lang='lat' dir='ltr'><strong>eam</strong></span> 
     </span>
    </p>
   </div>
   <div class='ocr_carea' id='block_1_47' title="bbox 265 3086 1865 3155">
    <p class='ocr_par' dir='ltr' id='par_1_47' title="bbox 265 3086 1865 3155">
     <span class='ocr_line' id='line_1_47' title="bbox 265 3086 1865 3155; baseline -0.002 -13"><span class='ocrx_word' id='word_1_348' title='bbox 265 3087 716 3142; x_wconf 85' lang='lat' dir='ltr'><strong>anathematizari</strong></span> <span class='ocrx_word' id='word_1_349' title='bbox 744 3087 764 3118; x_wconf 79' lang='grc'>⁸</span> <span class='ocrx_word' id='word_1_350' title='bbox 793 3086 1163 3141; x_wconf 87' lang='lat' dir='ltr'><strong>subdiderunt.</strong></span> <span class='ocrx_word' id='word_1_351' title='bbox 1194 3087 1274 3140; x_wconf 87' lang='lat' dir='ltr'><strong>An</strong></span> <span class='ocrx_word' id='word_1_352' title='bbox 1303 3086 1429 3155; x_wconf 86' lang='lat' dir='ltr'><strong>quia</strong></span> <span class='ocrx_word' id='word_1_353' title='bbox 1465 3102 1575 3141; x_wconf 92' lang='lat' dir='ltr'><strong>non</strong></span> <span class='ocrx_word' id='word_1_354' title='bbox 1612 3086 1865 3155; x_wconf 69' lang='lat' dir='ltr'><strong>prmteriti</strong></span> 
     </span>
    </p>
   </div>
   <div class='ocr_carea' id='block_1_48' title="bbox 1971 1897 3569 1970">
    <p class='ocr_par' dir='ltr' id='par_1_48' title="bbox 1971 1897 3569 1970">
     <span class='ocr_line' id='line_1_48' title="bbox 1971 1897 3569 1970; baseline -0.001 -18"><span class='ocrx_word' id='word_1_355' title='bbox 1971 1916 2199 1970; x_wconf 88' lang='lat' dir='ltr'><strong>quorum</strong></span> <span class='ocrx_word' id='word_1_356' title='bbox 2224 1915 2407 1953; x_wconf 90' lang='lat' dir='ltr'><strong>errore</strong></span> <span class='ocrx_word' id='word_1_357' title='bbox 2454 1900 2717 1968; x_wconf 85' lang='lat' dir='ltr'><strong>processit</strong></span> <span class='ocrx_word' id='word_1_358' title='bbox 2749 1900 2917 1953; x_wconf 87' lang='lat' dir='ltr'><strong>forma</strong></span> <span class='ocrx_word' id='word_1_359' title='bbox 2957 1898 3195 1967; x_wconf 89' lang='lat' dir='ltr'><strong>peccati;</strong></span> <span class='ocrx_word' id='word_1_360' title='bbox 3229 1906 3281 1949; x_wconf 90' lang='lat' dir='ltr'><strong>et</strong></span> <span class='ocrx_word' id='word_1_361' title='bbox 3310 1897 3569 1966; x_wconf 71' lang='lat' dir='ltr'><strong>ampliora</strong></span> 
     </span>
    </p>
   </div>
   <div class='ocr_carea' id='block_1_49' title="bbox 1970 1990 3568 2061">
    <p class='ocr_par' dir='ltr' id='par_1_49' title="bbox 1970 1990 3568 2061">
     <span class='ocr_line' id='line_1_49' title="bbox 1970 1990 3568 2061; baseline -0.003 -14"><span class='ocrx_word' id='word_1_362' title='bbox 1970 1992 2238 2061; x_wconf 84' lang='lat' dir='ltr'><strong>supplicio</strong></span> <span class='ocrx_word' id='word_1_363' title='bbox 2260 1992 2404 2061; x_wconf 81' lang='lat' dir='ltr'><strong>digni</strong></span> <span class='ocrx_word' id='word_1_364' title='bbox 2431 2004 2556 2047; x_wconf 89' lang='lat' dir='ltr'><strong>sunt</strong></span> <span class='ocrx_word' id='word_1_365' title='bbox 2585 1993 2675 2060; x_wconf 87' lang='lat' dir='ltr'><strong>qui</strong></span> <span class='ocrx_word' id='word_1_366' title='bbox 2708 2001 2962 2046; x_wconf 83' lang='lat' dir='ltr'><strong>auctores</strong></span> <span class='ocrx_word' id='word_1_367' title='bbox 2998 2006 3155 2059; x_wconf 86' lang='lat' dir='ltr'><strong>quant</strong></span> <span class='ocrx_word' id='word_1_368' title='bbox 3190 1990 3279 2059; x_wconf 87' lang='lat' dir='ltr'><strong>qui</strong></span> <span class='ocrx_word' id='word_1_369' title='bbox 3310 2004 3568 2057; x_wconf 77' lang='lat' dir='ltr'><strong>sequaces</strong></span> 
     </span>
    </p>
   </div>
   <div class='ocr_carea' id='block_1_50' title="bbox 1970 2079 3566 2152">
    <p class='ocr_par' dir='ltr' id='par_1_50' title="bbox 1970 2079 3566 2152">
     <span class='ocr_line' id='line_1_50' title="bbox 1970 2079 3566 2152; baseline -0.003 -17"><span class='ocrx_word' id='word_1_370' title='bbox 1970 2081 2453 2152; x_wconf 88' lang='lat' dir='ltr'><strong>deprehenduntur</strong></span> <span class='ocrx_word' id='word_1_371' title='bbox 2482 2081 2700 2135; x_wconf 82' lang='lat' dir='ltr'><strong>erroris.</strong></span> <span class='ocrx_word' id='word_1_372' title='bbox 2726 2080 2858 2134; x_wconf 91' lang='lat' dir='ltr'><strong>Cum</strong></span> <span class='ocrx_word' id='word_1_373' title='bbox 2890 2098 3018 2136; x_wconf 83' lang='lat' dir='ltr'><strong>vero</strong></span> <span class='ocrx_word' id='word_1_374' title='bbox 3060 2081 3175 2133; x_wconf 57' lang='lat' dir='ltr'><strong>hate</strong></span> <span class='ocrx_word' id='word_1_375' title='bbox 3224 2081 3275 2133; x_wconf 92' lang='lat' dir='ltr'><strong>in</strong></span> <span class='ocrx_word' id='word_1_376' title='bbox 3309 2079 3566 2133; x_wconf 80' lang='lat' dir='ltr'><strong>condent-</strong></span> 
     </span>
    </p>
   </div>
   <div class='ocr_carea' id='block_1_51' title="bbox 1973 2170 3570 2241">
    <p class='ocr_par' dir='ltr' id='par_1_51' title="bbox 1973 2170 3570 2241">
     <span class='ocr_line' id='line_1_51' title="bbox 1973 2170 3570 2241; baseline -0.002 -16"><span class='ocrx_word' id='word_1_377' title='bbox 1973 2174 2191 2227; x_wconf 89' lang='lat' dir='ltr'><strong>natione</strong></span> <span class='ocrx_word' id='word_1_378' title='bbox 2233 2182 2434 2228; x_wconf 63' lang='lat' dir='ltr'><strong>sancta:</strong></span> <span class='ocrx_word' id='word_1_379' title='bbox 2477 2171 2688 2241; x_wconf 84' lang='lat' dir='ltr'><strong>synodi,</strong></span> <span class='ocrx_word' id='word_1_380' title='bbox 2742 2186 2839 2239; x_wconf 89' lang='lat' dir='ltr'><strong>pro</strong></span> <span class='ocrx_word' id='word_1_381' title='bbox 2888 2170 3263 2223; x_wconf 69' lang='lat' dir='ltr'><strong>hmreticorum</strong></span> <span class='ocrx_word' id='word_1_382' title='bbox 3291 2170 3570 2222; x_wconf 83' lang='lat' dir='ltr'><strong>voluntate</strong></span> 
     </span>
    </p>
   </div>
   <div class='ocr_carea' id='block_1_52' title="bbox 1971 2260 3565 2329">
    <p class='ocr_par' dir='ltr' id='par_1_52' title="bbox 1971 2260 3565 2329">
     <span class='ocr_line' id='line_1_52' title="bbox 1971 2260 3565 2329; baseline -0.006 -11"><span class='ocrx_word' id='word_1_383' title='bbox 1971 2264 2280 2318; x_wconf 89' lang='lat' dir='ltr'><strong>censuerint</strong></span> <span class='ocrx_word' id='word_1_384' title='bbox 2306 2271 2360 2317; x_wconf 93' lang='lat' dir='ltr'><strong>et</strong></span> <span class='ocrx_word' id='word_1_385' title='bbox 2388 2262 2785 2326; x_wconf 79' lang='lat' dir='ltr'><strong>constituerint,</strong></span> <span class='ocrx_word' id='word_1_386' title='bbox 2815 2270 2876 2315; x_wconf 92' lang='lat' dir='ltr'><strong>ut</strong></span> <span class='ocrx_word' id='word_1_387' title='bbox 2900 2262 2941 2314; x_wconf 90' lang='lat' dir='ltr'><strong>si</strong></span> <span class='ocrx_word' id='word_1_388' title='bbox 2968 2260 3087 2329; x_wconf 87' lang='lat' dir='ltr'><strong>quis</strong></span> <span class='ocrx_word' id='word_1_389' title='bbox 3116 2276 3222 2313; x_wconf 90' lang='lat' dir='ltr'><strong>non</strong></span> <span class='ocrx_word' id='word_1_390' title='bbox 3246 2260 3565 2312; x_wconf 86' lang='lat' dir='ltr'><strong>anathema-</strong></span> 
     </span>
    </p>
   </div>
   <div class='ocr_carea' id='block_1_53' title="bbox 1970 2350 3567 2422">
    <p class='ocr_par' dir='ltr' id='par_1_53' title="bbox 1970 2350 3567 2422">
     <span class='ocr_line' id='line_1_53' title="bbox 1970 2350 3567 2422; baseline -0.004 -13"><span class='ocrx_word' id='word_1_391' title='bbox 1970 2357 2097 2410; x_wconf 87' lang='lat' dir='ltr'><strong>tizat</strong></span> <span class='ocrx_word' id='word_1_392' title='bbox 2121 2364 2474 2410; x_wconf 87' lang='lat' dir='ltr'><strong>memoratam</strong></span> <span class='ocrx_word' id='word_1_393' title='bbox 2498 2354 2820 2408; x_wconf 84' lang='lat' dir='ltr'><strong>venerabilis</strong></span> <span class='ocrx_word' id='word_1_394' title='bbox 2844 2352 2945 2407; x_wconf 67' lang='lat' dir='ltr'><strong>Ihm</strong></span> <span class='ocrx_word' id='word_1_395' title='bbox 2969 2352 3249 2422; x_wconf 85' lang='lat' dir='ltr'><strong>epistolam</strong></span> <span class='ocrx_word' id='word_1_396' title='bbox 3279 2350 3567 2405; x_wconf 88' lang='lat' dir='ltr'><strong>anathema</strong></span> 
     </span>
    </p>
   </div>
   <div class='ocr_carea' id='block_1_54' title="bbox 1969 2443 3559 2518">
    <p class='ocr_par' dir='ltr' id='par_1_54' title="bbox 1969 2443 3559 2518">
     <span class='ocr_line' id='line_1_54' title="bbox 1969 2443 3559 2518; baseline -0.007 -13"><span class='ocrx_word' id='word_1_397' title='bbox 1969 2452 2041 2506; x_wconf 92' lang='lat' dir='ltr'><strong>sit</strong></span> <span class='ocrx_word' id='word_1_398' title='bbox 2070 2469 2082 2504; x_wconf 88' lang='lat'><strong>:</strong></span> <span class='ocrx_word' id='word_1_399' title='bbox 2116 2450 2421 2514; x_wconf 87' lang='lat' dir='ltr'><strong>considera,</strong></span> <span class='ocrx_word' id='word_1_400' title='bbox 2460 2464 2665 2518; x_wconf 79' lang='lat' dir='ltr'><strong>quaeso,</strong></span> <span class='ocrx_word' id='word_1_401' title='bbox 2690 2445 2843 2516; x_wconf 86' lang='lat' dir='ltr'><strong>cujus</strong></span> <span class='ocrx_word' id='word_1_402' title='bbox 2873 2446 3133 2509; x_wconf 88' lang='lat' dir='ltr'><strong>levitatis,</strong></span> <span class='ocrx_word' id='word_1_403' title='bbox 3169 2444 3320 2512; x_wconf 88' lang='lat' dir='ltr'><strong>cujus</strong></span> <span class='ocrx_word' id='word_1_404' title='bbox 3368 2443 3559 2496; x_wconf 82' lang='lat' dir='ltr'><strong>confu-</strong></span> 
     </span>
    </p>
   </div>
   <div class='ocr_carea' id='block_1_55' title="bbox 1967 2535 3569 2610">
    <p class='ocr_par' dir='ltr' id='par_1_55' title="bbox 1967 2535 3569 2610">
     <span class='ocr_line' id='line_1_55' title="bbox 1967 2535 3569 2610; baseline -0.009 -12"><span class='ocrx_word' id='word_1_405' title='bbox 1967 2542 2137 2598; x_wconf 90' lang='lat' dir='ltr'><strong>sionis</strong></span> <span class='ocrx_word' id='word_1_406' title='bbox 2178 2549 2259 2595; x_wconf 89' lang='lat' dir='ltr'><strong>est</strong></span> <span class='ocrx_word' id='word_1_407' title='bbox 2290 2550 2453 2610; x_wconf 89' lang='lat' dir='ltr'><strong>atque</strong></span> <span class='ocrx_word' id='word_1_408' title='bbox 2482 2538 2787 2602; x_wconf 86' lang='lat' dir='ltr'><strong>dedecoris,</strong></span> <span class='ocrx_word' id='word_1_409' title='bbox 2820 2545 2879 2591; x_wconf 91' lang='lat' dir='ltr'><strong>ut</strong></span> <span class='ocrx_word' id='word_1_410' title='bbox 2918 2552 3018 2591; x_wconf 88' lang='lat' dir='ltr'><strong>nos</strong></span> <span class='ocrx_word' id='word_1_411' title='bbox 3042 2537 3141 2590; x_wconf 90' lang='lat' dir='ltr'><strong>sibi</strong></span> <span class='ocrx_word' id='word_1_412' title='bbox 3171 2535 3569 2589; x_wconf 88' lang='lat' dir='ltr'><strong>communicare</strong></span> 
     </span>
    </p>
   </div>
   <div class='ocr_carea' id='block_1_56' title="bbox 1969 2627 3569 2702">
    <p class='ocr_par' dir='ltr' id='par_1_56' title="bbox 1969 2627 3569 2702">
     <span class='ocr_line' id='line_1_56' title="bbox 1969 2627 3569 2702; baseline -0.009 -13"><span class='ocrx_word' id='word_1_413' title='bbox 1969 2630 2319 2702; x_wconf 88' lang='lat' dir='ltr'><strong>compellant,</strong></span> <span class='ocrx_word' id='word_1_414' title='bbox 2347 2638 2726 2698; x_wconf 89' lang='lat' dir='ltr'><strong>permanentes</strong></span> <span class='ocrx_word' id='word_1_415' title='bbox 2751 2629 2802 2681; x_wconf 93' lang='lat' dir='ltr'><strong>in</strong></span> <span class='ocrx_word' id='word_1_416' title='bbox 2826 2644 2888 2681; x_wconf 74' lang='lat' dir='ltr'><strong>ea</strong></span> <span class='ocrx_word' id='word_1_417' title='bbox 2915 2627 3181 2682; x_wconf 88' lang='lat' dir='ltr'><strong>sententia</strong></span> <span class='ocrx_word' id='word_1_418' title='bbox 3212 2641 3313 2694; x_wconf 91' lang='lat' dir='ltr'><strong>qua</strong></span> <span class='ocrx_word' id='word_1_419' title='bbox 3346 2639 3451 2676; x_wconf 93' lang='lat' dir='ltr'><strong>nou</strong></span> <span class='ocrx_word' id='word_1_420' title='bbox 3476 2637 3569 2675; x_wconf 89' lang='lat' dir='ltr'><strong>so-</strong></span> 
     </span>
    </p>
   </div>
   <div class='ocr_carea' id='block_1_57' title="bbox 1970 2718 3571 2785">
    <p class='ocr_par' dir='ltr' id='par_1_57' title="bbox 1970 2718 3571 2785">
     <span class='ocr_line' id='line_1_57' title="bbox 1970 2718 3571 2785; baseline -0.007 -7"><span class='ocrx_word' id='word_1_421' title='bbox 1970 2726 2081 2779; x_wconf 91' lang='lat' dir='ltr'><strong>lum</strong></span> <span class='ocrx_word' id='word_1_422' title='bbox 2112 2724 2397 2777; x_wconf 86' lang='lat' dir='ltr'><strong>anathema</strong></span> <span class='ocrx_word' id='word_1_423' title='bbox 2440 2725 2488 2775; x_wconf 90' lang='lat' dir='ltr'><strong>ei</strong></span> <span class='ocrx_word' id='word_1_424' title='bbox 2521 2737 2628 2776; x_wconf 92' lang='lat' dir='ltr'><strong>non</strong></span> <span class='ocrx_word' id='word_1_425' title='bbox 2679 2721 2927 2783; x_wconf 89' lang='lat' dir='ltr'><strong>dicimus,</strong></span> <span class='ocrx_word' id='word_1_426' title='bbox 2977 2718 3072 2773; x_wconf 90' lang='lat' dir='ltr'><strong>sed</strong></span> <span class='ocrx_word' id='word_1_427' title='bbox 3104 2719 3265 2772; x_wconf 88' lang='lat' dir='ltr'><strong>etiam</strong></span> <span class='ocrx_word' id='word_1_428' title='bbox 3312 2730 3571 2785; x_wconf 84' lang='lat' dir='ltr'><strong>negamus</strong></span> 
     </span>
    </p>
   </div>
   <div class='ocr_carea' id='block_1_58' title="bbox 1967 2808 3569 2878">
    <p class='ocr_par' dir='ltr' id='par_1_58' title="bbox 1967 2808 3569 2878">
     <span class='ocr_line' id='line_1_58' title="bbox 1967 2808 3569 2878; baseline -0.008 -6"><span class='ocrx_word' id='word_1_429' title='bbox 1967 2832 2087 2872; x_wconf 86' lang='lat' dir='ltr'><strong>esse</strong></span> <span class='ocrx_word' id='word_1_430' title='bbox 2115 2815 2421 2871; x_wconf 89' lang='lat' dir='ltr'><strong>dicendum.</strong></span> <span class='ocrx_word' id='word_1_431' title='bbox 2468 2812 2565 2870; x_wconf 91' lang='lat' dir='ltr'><strong>Ubi</strong></span> <span class='ocrx_word' id='word_1_432' title='bbox 2617 2814 2915 2868; x_wconf 89' lang='lat' dir='ltr'><strong>omittimus</strong></span> <span class='ocrx_word' id='word_1_433' title='bbox 2944 2811 3131 2867; x_wconf 90' lang='lat' dir='ltr'><strong>dicere</strong></span> <span class='ocrx_word' id='word_1_434' title='bbox 3161 2852 3175 2875; x_wconf 96' lang='lat'><strong>,</strong></span> <span class='ocrx_word' id='word_1_435' title='bbox 3226 2809 3480 2878; x_wconf 91' lang='lat' dir='ltr'><strong>quoniam</strong></span> <span class='ocrx_word' id='word_1_436' title='bbox 3526 2808 3569 2862; x_wconf 91' lang='lat' dir='ltr'><strong>si</strong></span> 
     </span>
    </p>
   </div>
   <div class='ocr_carea' id='block_1_59' title="bbox 1970 2896 3572 2971">
    <p class='ocr_par' dir='ltr' id='par_1_59' title="bbox 1970 2896 3572 2971">
     <span class='ocr_line' id='line_1_59' title="bbox 1970 2896 3572 2971; baseline -0.009 -6"><span class='ocrx_word' id='word_1_437' title='bbox 1970 2907 2433 2965; x_wconf 88' lang='lat' dir='ltr'><strong>eommuuicemus</strong></span> <span class='ocrx_word' id='word_1_438' title='bbox 2460 2904 2542 2959; x_wconf 92' lang='lat' dir='ltr'><strong>eis</strong></span> <span class='ocrx_word' id='word_1_439' title='bbox 2583 2904 2674 2971; x_wconf 88' lang='lat' dir='ltr'><strong>qui</strong></span> <span class='ocrx_word' id='word_1_440' title='bbox 2706 2904 2866 2958; x_wconf 89' lang='lat' dir='ltr'><strong>nobis</strong></span> <span class='ocrx_word' id='word_1_441' title='bbox 2892 2903 3003 2971; x_wconf 92' lang='lat' dir='ltr'><strong>jam</strong></span> <span class='ocrx_word' id='word_1_442' title='bbox 3051 2901 3304 2954; x_wconf 80' lang='lat' dir='ltr'><strong>dixerunt</strong></span> <span class='ocrx_word' id='word_1_443' title='bbox 3348 2896 3572 2951; x_wconf 60' lang='lat' dir='ltr'><strong>anatheo</strong></span> 
     </span>
    </p>
   </div>
   <div class='ocr_carea' id='block_1_60' title="bbox 1968 2988 3573 3065">
    <p class='ocr_par' dir='ltr' id='par_1_60' title="bbox 1968 2988 3573 3065">
     <span class='ocr_line' id='line_1_60' title="bbox 1968 2988 3573 3065; baseline -0.005 -14"><span class='ocrx_word' id='word_1_444' title='bbox 1968 3013 2079 3065; x_wconf 90' lang='lat' dir='ltr'><strong>ma,</strong></span> <span class='ocrx_word' id='word_1_445' title='bbox 2112 3012 2218 3051; x_wconf 92' lang='lat' dir='ltr'><strong>non</strong></span> <span class='ocrx_word' id='word_1_446' title='bbox 2246 2995 2422 3050; x_wconf 88' lang='lat' dir='ltr'><strong>solum</strong></span> <span class='ocrx_word' id='word_1_447' title='bbox 2441 2993 2882 3049; x_wconf 89' lang='lat' dir='ltr'><strong>condemnationi</strong></span> <span class='ocrx_word' id='word_1_448' title='bbox 2904 2992 3093 3063; x_wconf 85' lang='lat' dir='ltr'><strong>synodi</strong></span> <span class='ocrx_word' id='word_1_449' title='bbox 3114 2988 3573 3044; x_wconf 85' lang='lat' dir='ltr'><strong>Chalcedonensis</strong></span> 
     </span>
    </p>
   </div>
   <div class='ocr_carea' id='block_1_61' title="bbox 1971 3082 3544 3151">
    <p class='ocr_par' dir='ltr' id='par_1_61' title="bbox 1971 3082 3544 3151">
     <span class='ocr_line' id='line_1_61' title="bbox 1971 3082 3544 3151; baseline -0.008 -8"><span class='ocrx_word' id='word_1_450' title='bbox 1971 3087 2508 3151; x_wconf 88' lang='lat' dir='ltr'><strong>communicabimus,</strong></span> <span class='ocrx_word' id='word_1_451' title='bbox 2528 3099 2711 3138; x_wconf 89' lang='lat' dir='ltr'><strong>verum</strong></span> <span class='ocrx_word' id='word_1_452' title='bbox 2744 3092 2798 3138; x_wconf 91' lang='lat' dir='ltr'><strong>et</strong></span> <span class='ocrx_word' id='word_1_453' title='bbox 2828 3083 3124 3136; x_wconf 87' lang='lat' dir='ltr'><strong>sententias</strong></span> <span class='ocrx_word' id='word_1_454' title='bbox 3146 3082 3197 3134; x_wconf 92' lang='lat' dir='ltr'><strong>in</strong></span> <span class='ocrx_word' id='word_1_455' title='bbox 3229 3095 3329 3134; x_wconf 88' lang='lat' dir='ltr'><strong>nos</strong></span> <span class='ocrx_word' id='word_1_456' title='bbox 3358 3094 3544 3133; x_wconf 77' lang='lat' dir='ltr'><strong>eorum</strong></span> 
     </span>
    </p>
   </div>
   <div class='ocr_carea' id='block_1_62' title="bbox 267 3172 1864 3251">
    <p class='ocr_par' dir='ltr' id='par_1_62' title="bbox 267 3176 1864 3247">
     <span class='ocr_line' id='line_1_62' title="bbox 267 3176 1864 3247; baseline -0.002 -14"><span class='ocrx_word' id='word_1_457' title='bbox 267 3178 536 3247; x_wconf 87' lang='lat' dir='ltr'><strong>temporis</strong></span> <span class='ocrx_word' id='word_1_458' title='bbox 564 3178 731 3232; x_wconf 88' lang='lat' dir='ltr'><strong>verbo</strong></span> <span class='ocrx_word' id='word_1_459' title='bbox 756 3176 1025 3240; x_wconf 80' lang='lat' dir='ltr'><strong>dixerunt,</strong></span> <span class='ocrx_word' id='word_1_460' title='bbox 1044 3177 1088 3231; x_wconf 88' lang='lat' dir='ltr'><strong>si</strong></span> <span class='ocrx_word' id='word_1_461' title='bbox 1116 3178 1237 3247; x_wconf 89' lang='lat' dir='ltr'><strong>quis</strong></span> <span class='ocrx_word' id='word_1_462' title='bbox 1258 3192 1366 3231; x_wconf 90' lang='lat' dir='ltr'><strong>non</strong></span> <span class='ocrx_word' id='word_1_463' title='bbox 1396 3176 1864 3231; x_wconf 85' lang='lat' dir='ltr'><strong>anathematizavit</strong></span> 
     </span>
    </p>
   </div>
   <div class='ocr_carea' id='block_1_63' title="bbox 1969 3172 3569 3251">
    <p class='ocr_par' dir='ltr' id='par_1_63' title="bbox 1976 3172 3569 3251">
     <span class='ocr_line' id='line_1_63' title="bbox 1976 3172 3569 3251; baseline -0.009 -15"><span class='ocrx_word' id='word_1_464' title='bbox 1976 3183 2090 3251; x_wconf 88' lang='lat' dir='ltr'><strong>ipsa</strong></span> <span class='ocrx_word' id='word_1_465' title='bbox 2147 3196 2335 3235; x_wconf 86' lang='lat' dir='ltr'><strong>eorum</strong></span> <span class='ocrx_word' id='word_1_466' title='bbox 2393 3177 2878 3235; x_wconf 89' lang='lat' dir='ltr'><strong>communicatione</strong></span> <span class='ocrx_word' id='word_1_467' title='bbox 2923 3174 3272 3228; x_wconf 90' lang='lat' dir='ltr'><strong>lirmabimus.</strong></span> <span class='ocrx_word' id='word_1_468' title='bbox 3323 3172 3380 3225; x_wconf 91' lang='lat' dir='ltr'><strong>Id</strong></span> <span class='ocrx_word' id='word_1_469' title='bbox 3428 3172 3569 3224; x_wconf 89' lang='lat' dir='ltr'><strong>enin.</strong></span> 
     </span>
    </p>
   </div>
   <div class='ocr_carea' id='block_1_64' title="bbox 265 3268 1865 3338">
    <p class='ocr_par' dir='ltr' id='par_1_64' title="bbox 265 3268 1865 3338">
     <span class='ocr_line' id='line_1_64' title="bbox 265 3268 1865 3338; baseline -0.002 -15"><span class='ocrx_word' id='word_1_470' title='bbox 265 3270 336 3323; x_wconf 86' lang='lat' dir='ltr'><strong>ad</strong></span> <span class='ocrx_word' id='word_1_471' title='bbox 370 3268 558 3322; x_wconf 80' lang='lat' dir='ltr'><strong>Marim</strong></span> <span class='ocrx_word' id='word_1_472' title='bbox 589 3268 807 3336; x_wconf 89' lang='lat' dir='ltr'><strong>impiam</strong></span> <span class='ocrx_word' id='word_1_473' title='bbox 831 3268 1135 3338; x_wconf 87' lang='lat' dir='ltr'><strong>epistolam,</strong></span> <span class='ocrx_word' id='word_1_474' title='bbox 1167 3268 1261 3322; x_wconf 90' lang='lat' dir='ltr'><strong>sed</strong></span> <span class='ocrx_word' id='word_1_475' title='bbox 1290 3269 1334 3321; x_wconf 90' lang='lat' dir='ltr'><strong>si</strong></span> <span class='ocrx_word' id='word_1_476' title='bbox 1364 3268 1484 3338; x_wconf 90' lang='lat' dir='ltr'><strong>quis</strong></span> <span class='ocrx_word' id='word_1_477' title='bbox 1506 3284 1612 3322; x_wconf 93' lang='lat' dir='ltr'><strong>non</strong></span> <span class='ocrx_word' id='word_1_478' title='bbox 1642 3269 1865 3321; x_wconf 86' lang='lat' dir='ltr'><strong>anathe-</strong></span> 
     </span>
    </p>
   </div>
   <div class='ocr_carea' id='block_1_65' title="bbox 266 3356 1871 3428">
    <p class='ocr_par' dir='ltr' id='par_1_65' title="bbox 266 3356 1871 3428">
     <span class='ocr_line' id='line_1_65' title="bbox 266 3356 1871 3428; baseline -0.002 -15"><span class='ocrx_word' id='word_1_479' title='bbox 266 3358 495 3413; x_wconf 82' lang='lat' dir='ltr'><strong>tnatizat</strong></span> <span class='ocrx_word' id='word_1_480' title='bbox 527 3376 539 3410; x_wconf 92' lang='lat'><strong>:</strong></span> <span class='ocrx_word' id='word_1_481' title='bbox 574 3358 693 3412; x_wconf 90' lang='lat' dir='ltr'><strong>ideo</strong></span> <span class='ocrx_word' id='word_1_482' title='bbox 725 3374 831 3412; x_wconf 92' lang='lat' dir='ltr'><strong>non</strong></span> <span class='ocrx_word' id='word_1_483' title='bbox 881 3372 980 3427; x_wconf 89' lang='lat' dir='ltr'><strong>pro</strong></span> <span class='ocrx_word' id='word_1_484' title='bbox 1007 3356 1459 3413; x_wconf 88' lang='lat' dir='ltr'><strong>condetnnatione</strong></span> <span class='ocrx_word' id='word_1_485' title='bbox 1490 3358 1677 3428; x_wconf 89' lang='lat' dir='ltr'><strong>synodi</strong></span> <span class='ocrx_word' id='word_1_486' title='bbox 1710 3358 1871 3413; x_wconf 91' lang='lat' dir='ltr'><strong>Chal-</strong></span> 
     </span>
    </p>
   </div>
   <div class='ocr_carea' id='block_1_66' title="bbox 265 3447 1869 3521">
    <p class='ocr_par' dir='ltr' id='par_1_66' title="bbox 265 3447 1869 3521">
     <span class='ocr_line' id='line_1_66' title="bbox 265 3447 1869 3521; baseline -0.002 -13"><span class='ocrx_word' id='word_1_487' title='bbox 265 3451 593 3509; x_wconf 85' lang='lat' dir='ltr'><strong>cedonensis</strong></span> <span class='ocrx_word' id='word_1_488' title='bbox 619 3452 722 3506; x_wconf 89' lang='lat' dir='ltr'><strong>hoc</strong></span> <span class='ocrx_word' id='word_1_489' title='bbox 748 3451 1083 3505; x_wconf 85' lang='lat' dir='ltr'><strong>adinvenisse</strong></span> <span class='ocrx_word' id='word_1_490' title='bbox 1107 3447 1327 3521; x_wconf 88' lang='lat' dir='ltr'><strong>putandi</strong></span> <span class='ocrx_word' id='word_1_491' title='bbox 1356 3451 1515 3504; x_wconf 87' lang='lat' dir='ltr'><strong>sunt?</strong></span> <span class='ocrx_word' id='word_1_492' title='bbox 1538 3449 1794 3519; x_wconf 86' lang='lat' dir='ltr'><strong>Equidem</strong></span> <span class='ocrx_word' id='word_1_493' title='bbox 1824 3451 1869 3504; x_wconf 93' lang='lat' dir='ltr'><strong>si</strong></span> 
     </span>
    </p>
   </div>
   <div class='ocr_carea' id='block_1_67' title="bbox 267 3542 1871 3611">
    <p class='ocr_par' dir='ltr' id='par_1_67' title="bbox 267 3542 1871 3611">
     <span class='ocr_line' id='line_1_67' title="bbox 267 3542 1871 3611; baseline -0.001 -12"><span class='ocrx_word' id='word_1_494' title='bbox 267 3546 379 3600; x_wconf 91' lang='lat' dir='ltr'><strong>hoc</strong></span> <span class='ocrx_word' id='word_1_495' title='bbox 424 3560 457 3597; x_wconf 89' lang='lat' dir='ltr'><strong>a</strong></span> <span class='ocrx_word' id='word_1_496' title='bbox 504 3542 964 3599; x_wconf 89' lang='lat' dir='ltr'><strong>subscribentibus</strong></span> <span class='ocrx_word' id='word_1_497' title='bbox 994 3543 1297 3611; x_wconf 80' lang='lat' dir='ltr'><strong>exigeretur</strong></span> <span class='ocrx_word' id='word_1_498' title='bbox 1341 3542 1456 3595; x_wconf 75' lang='lat' dir='ltr'><strong>fieri</strong></span> <span class='ocrx_word' id='word_1_499' title='bbox 1480 3542 1523 3610; x_wconf 71' lang='grc'><strong>⁸,</strong></span> <span class='ocrx_word' id='word_1_500' title='bbox 1569 3550 1737 3596; x_wconf 81' lang='lat' dir='ltr'><strong>acta&#39;I</strong></span> <span class='ocrx_word' id='word_1_501' title='bbox 1782 3558 1871 3597; x_wconf 88' lang='lat' dir='ltr'><strong>res</strong></span> 
     </span>
    </p>
   </div>
   <div class='ocr_carea' id='block_1_68' title="bbox 265 3632 1869 3703">
    <p class='ocr_par' dir='ltr' id='par_1_68' title="bbox 265 3632 1869 3703">
     <span class='ocr_line' id='line_1_68' title="bbox 265 3632 1869 3703; baseline -0.002 -13"><span class='ocrx_word' id='word_1_502' title='bbox 265 3642 435 3698; x_wconf 82' lang='lat' dir='ltr'><strong>esset,</strong></span> <span class='ocrx_word' id='word_1_503' title='bbox 467 3648 567 3688; x_wconf 92' lang='lat' dir='ltr'><strong>nec</strong></span> <span class='ocrx_word' id='word_1_504' title='bbox 589 3632 700 3701; x_wconf 88' lang='lat' dir='ltr'><strong>jam</strong></span> <span class='ocrx_word' id='word_1_505' title='bbox 728 3634 960 3703; x_wconf 90' lang='lat' dir='ltr'><strong>suspicio</strong></span> <span class='ocrx_word' id='word_1_506' title='bbox 982 3633 1028 3701; x_wconf 83' lang='lat'><strong>&#39;,</strong></span> <span class='ocrx_word' id='word_1_507' title='bbox 1052 3633 1145 3689; x_wconf 93' lang='lat' dir='ltr'><strong>sed</strong></span> <span class='ocrx_word' id='word_1_508' title='bbox 1186 3633 1469 3687; x_wconf 89' lang='lat' dir='ltr'><strong>manifesta</strong></span> <span class='ocrx_word' id='word_1_509' title='bbox 1510 3632 1869 3687; x_wconf 89' lang='lat' dir='ltr'><strong>contradictio</strong></span> 
     </span>
    </p>
   </div>
   <div class='ocr_carea' id='block_1_69' title="bbox 265 3725 1869 3781">
    <p class='ocr_par' dir='ltr' id='par_1_69' title="bbox 265 3725 1869 3781">
     <span class='ocr_line' id='line_1_69' title="bbox 265 3725 1869 3781; baseline -0.001 0"><span class='ocrx_word' id='word_1_510' title='bbox 265 3727 563 3781; x_wconf 82' lang='lat' dir='ltr'><strong>videretur.</strong></span> <span class='ocrx_word' id='word_1_511' title='bbox 598 3725 666 3778; x_wconf 87' lang='lat' dir='ltr'><strong>At</strong></span> <span class='ocrx_word' id='word_1_512' title='bbox 698 3726 804 3781; x_wconf 90' lang='lat' dir='ltr'><strong>hoc</strong></span> <span class='ocrx_word' id='word_1_513' title='bbox 832 3726 931 3781; x_wconf 89' lang='lat' dir='ltr'><strong>sibi</strong></span> <span class='ocrx_word' id='word_1_514' title='bbox 980 3726 1341 3780; x_wconf 89' lang='lat' dir='ltr'><strong>necessarium</strong></span> <span class='ocrx_word' id='word_1_515' title='bbox 1393 3740 1502 3780; x_wconf 90' lang='lat' dir='ltr'><strong>non</strong></span> <span class='ocrx_word' id='word_1_516' title='bbox 1551 3740 1672 3781; x_wconf 89' lang='lat' dir='ltr'><strong>esse</strong></span> <span class='ocrx_word' id='word_1_517' title='bbox 1700 3726 1869 3780; x_wconf 82' lang='lat' dir='ltr'><strong>duxe-</strong></span> 
     </span>
    </p>
   </div>
   <div class='ocr_carea' id='block_1_70' title="bbox 265 3816 1869 3886">
    <p class='ocr_par' dir='ltr' id='par_1_70' title="bbox 265 3816 1869 3886">
     <span class='ocr_line' id='line_1_70' title="bbox 265 3816 1869 3886; baseline -0.002 -13"><span class='ocrx_word' id='word_1_518' title='bbox 265 3826 417 3880; x_wconf 89' lang='lat' dir='ltr'><strong>runt,</strong></span> <span class='ocrx_word' id='word_1_519' title='bbox 446 3832 566 3870; x_wconf 85' lang='lat' dir='ltr'><strong>eum</strong></span> <span class='ocrx_word' id='word_1_520' title='bbox 592 3832 805 3885; x_wconf 88' lang='lat' dir='ltr'><strong>semper</strong></span> <span class='ocrx_word' id='word_1_521' title='bbox 824 3817 1081 3882; x_wconf 87' lang='lat' dir='ltr'><strong>dicamus,</strong></span> <span class='ocrx_word' id='word_1_522' title='bbox 1102 3816 1374 3886; x_wconf 89' lang='lat' dir='ltr'><strong>Propheta</strong></span> <span class='ocrx_word' id='word_1_523' title='bbox 1399 3817 1549 3882; x_wconf 90' lang='lat' dir='ltr'><strong>dicit,</strong></span> <span class='ocrx_word' id='word_1_524' title='bbox 1577 3816 1869 3885; x_wconf 85' lang='lat' dir='ltr'><strong>Apostolus</strong></span> 
     </span>
    </p>
   </div>
   <div class='ocr_carea' id='block_1_71' title="bbox 265 3906 1870 3979">
    <p class='ocr_par' dir='ltr' id='par_1_71' title="bbox 265 3906 1870 3979">
     <span class='ocr_line' id='line_1_71' title="bbox 265 3906 1870 3979; baseline 0 -17"><span class='ocrx_word' id='word_1_525' title='bbox 265 3908 420 3973; x_wconf 82' lang='lat' dir='ltr'><strong>dicit,</strong></span> <span class='ocrx_word' id='word_1_526' title='bbox 457 3906 791 3975; x_wconf 79' lang='lat' dir='ltr'><strong>Evangelista</strong></span> <span class='ocrx_word' id='word_1_527' title='bbox 840 3907 991 3970; x_wconf 87' lang='lat' dir='ltr'><strong>dicit,</strong></span> <span class='ocrx_word' id='word_1_528' title='bbox 1025 3918 1079 3962; x_wconf 93' lang='lat' dir='ltr'><strong>et</strong></span> <span class='ocrx_word' id='word_1_529' title='bbox 1111 3910 1444 3964; x_wconf 89' lang='lat' dir='ltr'><strong>tantumdem</strong></span> <span class='ocrx_word' id='word_1_530' title='bbox 1473 3911 1652 3964; x_wconf 88' lang='lat' dir='ltr'><strong>valeat</strong></span> <span class='ocrx_word' id='word_1_531' title='bbox 1699 3924 1870 3979; x_wconf 89' lang='lat' dir='ltr'><strong>quan-</strong></span> 
     </span>
    </p>
   </div>
   <div class='ocr_carea' id='block_1_72' title="bbox 267 4001 1866 4073">
    <p class='ocr_par' dir='ltr' id='par_1_72' title="bbox 267 4001 1866 4073">
     <span class='ocr_line' id='line_1_72' title="bbox 267 4001 1866 4073; baseline 0.002 -19"><span class='ocrx_word' id='word_1_532' title='bbox 267 4009 386 4055; x_wconf 91' lang='lat' dir='ltr'><strong>tum</strong></span> <span class='ocrx_word' id='word_1_533' title='bbox 413 4003 458 4055; x_wconf 90' lang='lat' dir='ltr'><strong>si</strong></span> <span class='ocrx_word' id='word_1_534' title='bbox 486 4002 744 4066; x_wconf 90' lang='lat' dir='ltr'><strong>dicamus,</strong></span> <span class='ocrx_word' id='word_1_535' title='bbox 793 4001 884 4055; x_wconf 91' lang='lat' dir='ltr'><strong>ille</strong></span> <span class='ocrx_word' id='word_1_536' title='bbox 912 4002 994 4056; x_wconf 90' lang='lat' dir='ltr'><strong>vel</strong></span> <span class='ocrx_word' id='word_1_537' title='bbox 1042 4002 1130 4056; x_wconf 91' lang='lat' dir='ltr'><strong>ille</strong></span> <span class='ocrx_word' id='word_1_538' title='bbox 1160 4003 1314 4057; x_wconf 84' lang='lat' dir='ltr'><strong>dixit.</strong></span> <span class='ocrx_word' id='word_1_539' title='bbox 1366 4004 1566 4058; x_wconf 88' lang='lat' dir='ltr'><strong>Deinde</strong></span> <span class='ocrx_word' id='word_1_540' title='bbox 1606 4003 1750 4073; x_wconf 90' lang='lat' dir='ltr'><strong>ipsos</strong></span> <span class='ocrx_word' id='word_1_541' title='bbox 1777 4003 1866 4072; x_wconf 89' lang='lat' dir='ltr'><strong>qui</strong></span> 
     </span>
    </p>
   </div>
   <div class='ocr_carea' id='block_1_73' title="bbox 267 4090 1869 4163">
    <p class='ocr_par' dir='ltr' id='par_1_73' title="bbox 267 4090 1869 4163">
     <span class='ocr_line' id='line_1_73' title="bbox 267 4090 1869 4163; baseline 0.002 -19"><span class='ocrx_word' id='word_1_542' title='bbox 267 4090 619 4145; x_wconf 86' lang='lat' dir='ltr'><strong>Chalcedona</strong></span> <span class='ocrx_word' id='word_1_543' title='bbox 648 4101 1019 4146; x_wconf 90' lang='lat' dir='ltr'><strong>convenerunt</strong></span> <span class='ocrx_word' id='word_1_544' title='bbox 1051 4092 1257 4157; x_wconf 85' lang='lat' dir='ltr'><strong>Patres,</strong></span> <span class='ocrx_word' id='word_1_545' title='bbox 1308 4102 1363 4148; x_wconf 90' lang='lat' dir='ltr'><strong>et</strong></span> <span class='ocrx_word' id='word_1_546' title='bbox 1392 4094 1532 4163; x_wconf 89' lang='lat' dir='ltr'><strong>apud</strong></span> <span class='ocrx_word' id='word_1_547' title='bbox 1558 4094 1724 4148; x_wconf 86' lang='lat' dir='ltr'><strong>Deum</strong></span> <span class='ocrx_word' id='word_1_548' title='bbox 1750 4135 1764 4160; x_wconf 94' lang='lat'><strong>,</strong></span> <span class='ocrx_word' id='word_1_549' title='bbox 1814 4103 1869 4149; x_wconf 90' lang='lat' dir='ltr'><strong>ct</strong></span> 
     </span>
    </p>
   </div>
   <div class='ocr_carea' id='block_1_74' title="bbox 268 4185 1861 4253">
    <p class='ocr_par' dir='ltr' id='par_1_74' title="bbox 268 4185 1861 4253">
     <span class='ocr_line' id='line_1_74' title="bbox 268 4185 1861 4253; baseline 0.003 -16"><span class='ocrx_word' id='word_1_550' title='bbox 268 4185 417 4253; x_wconf 81' lang='lat' dir='ltr'><strong>apud</strong></span> <span class='ocrx_word' id='word_1_551' title='bbox 444 4201 562 4249; x_wconf 89' lang='lat' dir='ltr'><strong>nos,</strong></span> <span class='ocrx_word' id='word_1_552' title='bbox 613 4186 665 4238; x_wconf 91' lang='lat' dir='ltr'><strong>in</strong></span> <span class='ocrx_word' id='word_1_553' title='bbox 698 4186 806 4239; x_wconf 89' lang='lat' dir='ltr'><strong>suis</strong></span> <span class='ocrx_word' id='word_1_554' title='bbox 856 4185 1083 4240; x_wconf 90' lang='lat' dir='ltr'><strong>dicimus</strong></span> <span class='ocrx_word' id='word_1_555' title='bbox 1119 4187 1590 4241; x_wconf 89' lang='lat' dir='ltr'><strong>constitutionibus</strong></span> <span class='ocrx_word' id='word_1_556' title='bbox 1621 4188 1801 4241; x_wconf 88' lang='lat' dir='ltr'><strong>vivere</strong></span> <span class='ocrx_word' id='word_1_557' title='bbox 1849 4206 1861 4241; x_wconf 91' lang='lat'>:</span> 
     </span>
    </p>
   </div>
   <div class='ocr_carea' id='block_1_75' title="bbox 267 4275 1865 4347">
    <p class='ocr_par' dir='ltr' id='par_1_75' title="bbox 267 4275 1865 4347">
     <span class='ocr_line' id='line_1_75' title="bbox 267 4275 1865 4347; baseline 0.002 -17"><span class='ocrx_word' id='word_1_558' title='bbox 267 4277 419 4345; x_wconf 89' lang='lat' dir='ltr'><strong>quia,</strong></span> <span class='ocrx_word' id='word_1_559' title='bbox 452 4278 590 4331; x_wconf 87' lang='lat' dir='ltr'><strong>sicut</strong></span> <span class='ocrx_word' id='word_1_560' title='bbox 616 4275 873 4331; x_wconf 87' lang='lat' dir='ltr'><strong>Dominus</strong></span> <span class='ocrx_word' id='word_1_561' title='bbox 923 4277 975 4331; x_wconf 92' lang='lat' dir='ltr'><strong>in</strong></span> <span class='ocrx_word' id='word_1_562' title='bbox 1006 4277 1291 4347; x_wconf 82' lang='lat' dir='ltr'><strong>Evangelio</strong></span> <span class='ocrx_word' id='word_1_563' title='bbox 1320 4279 1449 4333; x_wconf 90' lang='lat' dir='ltr'><strong>dicit</strong></span> <span class='ocrx_word' id='word_1_564' title='bbox 1481 4297 1493 4331; x_wconf 90' lang='lat'><strong>:</strong></span> <span class='ocrx_word' id='word_1_565' title='bbox 1528 4279 1665 4333; x_wconf 77' lang='lat' dir='ltr'><strong>Deus</strong></span> <span class='ocrx_word' id='word_1_566' title='bbox 1691 4297 1865 4333; x_wconf 83' lang='lat' dir='ltr'><strong>eorum</strong></span> 
     </span>
    </p>
   </div>
   <div class='ocr_carea' id='block_1_76' title="bbox 268 4366 1864 4439">
    <p class='ocr_par' dir='ltr' id='par_1_76' title="bbox 268 4366 1864 4439">
     <span class='ocr_line' id='line_1_76' title="bbox 268 4366 1864 4439; baseline 0.003 -19"><span class='ocrx_word' id='word_1_567' title='bbox 268 4384 379 4423; x_wconf 73' lang='lat' dir='ltr'><strong>non</strong></span> <span class='ocrx_word' id='word_1_568' title='bbox 414 4377 488 4421; x_wconf 84' lang='lat' dir='ltr'><strong>est</strong></span> <span class='ocrx_word' id='word_1_569' title='bbox 518 4366 655 4421; x_wconf 75' lang='lat' dir='ltr'><strong>Deus</strong></span> <span class='ocrx_word' id='word_1_570' title='bbox 684 4378 1035 4430; x_wconf 84' lang='lat' dir='ltr'><strong>mortuorum,</strong></span> <span class='ocrx_word' id='word_1_571' title='bbox 1074 4369 1165 4422; x_wconf 77' lang='lat' dir='ltr'><strong>sed</strong></span> <span class='ocrx_word' id='word_1_572' title='bbox 1194 4368 1335 4423; x_wconf 84' lang='lat' dir='ltr'><strong>Deus</strong></span> <span class='ocrx_word' id='word_1_573' title='bbox 1362 4371 1587 4423; x_wconf 82' lang='lat' dir='ltr'><strong>vivorum</strong></span> <span class='ocrx_word' id='word_1_574' title='bbox 1623 4370 1639 4439; x_wconf 96' lang='lat'>(</span> <span class='ocrx_word' id='word_1_575' title='bbox 1673 4369 1864 4424; x_wconf 68' lang='lat' dir='ltr'><strong>Matt/1.</strong></span> 
     </span>
    </p>
   </div>
   <div class='ocr_carea' id='block_1_77' title="bbox 268 4457 1869 4529">
    <p class='ocr_par' dir='ltr' id='par_1_77' title="bbox 268 4457 1869 4529">
     <span class='ocr_line' id='line_1_77' title="bbox 268 4457 1869 4529; baseline 0.001 -16"><span class='ocrx_word' id='word_1_576' title='bbox 268 4474 405 4523; x_wconf 66' lang='grc' dir='ltr'><strong>χχιι,</strong></span> <span class='ocrx_word' id='word_1_577' title='bbox 438 4458 549 4528; x_wconf 71' lang='grc'><strong>52).</strong></span> <span class='ocrx_word' id='word_1_578' title='bbox 583 4457 736 4525; x_wconf 84' lang='lat' dir='ltr'><strong>Quod</strong></span> <span class='ocrx_word' id='word_1_579' title='bbox 786 4460 946 4515; x_wconf 91' lang='lat' dir='ltr'><strong>etiam</strong></span> <span class='ocrx_word' id='word_1_580' title='bbox 987 4460 1175 4513; x_wconf 89' lang='lat' dir='ltr'><strong>beatus</strong></span> <span class='ocrx_word' id='word_1_581' title='bbox 1210 4457 1343 4523; x_wconf 90' lang='lat' dir='ltr'><strong>Leo,</strong></span> <span class='ocrx_word' id='word_1_582' title='bbox 1376 4458 1632 4513; x_wconf 70' lang='lat' dir='ltr'><strong>Romana:</strong></span> <span class='ocrx_word' id='word_1_583' title='bbox 1672 4462 1869 4529; x_wconf 83' lang='lat' dir='ltr'><strong>praesul</strong></span> 
     </span>
    </p>
   </div>
   <div class='ocr_carea' id='block_1_78' title="bbox 1974 3263 3572 3344">
    <p class='ocr_par' dir='ltr' id='par_1_78' title="bbox 1974 3263 3572 3344">
     <span class='ocr_line' id='line_1_78' title="bbox 1974 3263 3572 3344; baseline -0.007 -16"><span class='ocrx_word' id='word_1_584' title='bbox 1974 3276 2137 3328; x_wconf 90' lang='lat' dir='ltr'><strong>etiam</strong></span> <span class='ocrx_word' id='word_1_585' title='bbox 2184 3274 2328 3344; x_wconf 90' lang='lat' dir='ltr'><strong>ipsos</strong></span> <span class='ocrx_word' id='word_1_586' title='bbox 2380 3270 2626 3326; x_wconf 83' lang='lat' dir='ltr'><strong>fortassis</strong></span> <span class='ocrx_word' id='word_1_587' title='bbox 2656 3268 2793 3323; x_wconf 92' lang='lat' dir='ltr'><strong>velle</strong></span> <span class='ocrx_word' id='word_1_588' title='bbox 2820 3268 3037 3322; x_wconf 88' lang='lat' dir='ltr'><strong>dicitur.</strong></span> <span class='ocrx_word' id='word_1_589' title='bbox 3089 3265 3195 3319; x_wconf 89' lang='lat' dir='ltr'><strong>Sed</strong></span> <span class='ocrx_word' id='word_1_590' title='bbox 3240 3266 3344 3318; x_wconf 91' lang='lat' dir='ltr'><strong>hoc</strong></span> <span class='ocrx_word' id='word_1_591' title='bbox 3388 3263 3572 3333; x_wconf 88' lang='lat' dir='ltr'><strong>potius</strong></span> 
     </span>
    </p>
   </div>
   <div class='ocr_carea' id='block_1_79' title="bbox 1973 3358 3573 3435">
    <p class='ocr_par' dir='ltr' id='par_1_79' title="bbox 1973 3358 3573 3435">
     <span class='ocr_line' id='line_1_79' title="bbox 1973 3358 3573 3435; baseline -0.006 -15"><span class='ocrx_word' id='word_1_592' title='bbox 1973 3367 2221 3431; x_wconf 89' lang='lat' dir='ltr'><strong>dicimus,</strong></span> <span class='ocrx_word' id='word_1_593' title='bbox 2255 3365 2510 3435; x_wconf 86' lang='lat' dir='ltr'><strong>quoniam</strong></span> <span class='ocrx_word' id='word_1_594' title='bbox 2543 3364 2586 3419; x_wconf 87' lang='lat' dir='ltr'><strong>si</strong></span> <span class='ocrx_word' id='word_1_595' title='bbox 2619 3363 2755 3417; x_wconf 91' lang='lat' dir='ltr'><strong>ullus</strong></span> <span class='ocrx_word' id='word_1_596' title='bbox 2780 3361 2921 3432; x_wconf 91' lang='lat' dir='ltr'><strong>apud</strong></span> <span class='ocrx_word' id='word_1_597' title='bbox 2952 3376 3047 3415; x_wconf 81' lang='lat' dir='ltr'><strong>eos</strong></span> <span class='ocrx_word' id='word_1_598' title='bbox 3077 3367 3222 3415; x_wconf 91' lang='lat' dir='ltr'><strong>esset</strong></span> <span class='ocrx_word' id='word_1_599' title='bbox 3268 3358 3460 3412; x_wconf 69' lang='lat' dir='ltr'><strong>divina:</strong></span> <span class='ocrx_word' id='word_1_600' title='bbox 3487 3372 3573 3411; x_wconf 86' lang='lat' dir='ltr'><strong>re-</strong></span> 
     </span>
    </p>
   </div>
   <div class='ocr_carea' id='block_1_80' title="bbox 1972 3452 3567 3529">
    <p class='ocr_par' dir='ltr' id='par_1_80' title="bbox 1972 3452 3567 3529">
     <span class='ocr_line' id='line_1_80' title="bbox 1972 3452 3567 3529; baseline -0.006 -15"><span class='ocrx_word' id='word_1_601' title='bbox 1972 3460 2185 3529; x_wconf 83' lang='lat' dir='ltr'><strong>ligionis</strong></span> <span class='ocrx_word' id='word_1_602' title='bbox 2214 3459 2299 3515; x_wconf 91' lang='lat' dir='ltr'><strong>vel</strong></span> <span class='ocrx_word' id='word_1_603' title='bbox 2330 3458 2555 3513; x_wconf 86' lang='lat' dir='ltr'><strong>rationis</strong></span> <span class='ocrx_word' id='word_1_604' title='bbox 2584 3457 2830 3510; x_wconf 77' lang='lat' dir='ltr'><strong>humana:</strong></span> <span class='ocrx_word' id='word_1_605' title='bbox 2861 3462 3158 3525; x_wconf 90' lang='lat' dir='ltr'><strong>respectus,</strong></span> <span class='ocrx_word' id='word_1_606' title='bbox 3192 3452 3319 3522; x_wconf 91' lang='lat' dir='ltr'><strong>ipsis</strong></span> <span class='ocrx_word' id='word_1_607' title='bbox 3349 3465 3567 3520; x_wconf 82' lang='lat' dir='ltr'><strong>quoque</strong></span> 
     </span>
    </p>
   </div>
   <div class='ocr_carea' id='block_1_81' title="bbox 1973 3542 3573 3622">
    <p class='ocr_par' dir='ltr' id='par_1_81' title="bbox 1973 3542 3573 3622">
     <span class='ocr_line' id='line_1_81' title="bbox 1973 3542 3573 3622; baseline -0.008 -17"><span class='ocrx_word' id='word_1_608' title='bbox 1973 3551 2255 3622; x_wconf 90' lang='lat' dir='ltr'><strong>profanum</strong></span> <span class='ocrx_word' id='word_1_609' title='bbox 2297 3560 2356 3606; x_wconf 89' lang='lat' dir='ltr'><strong>et</strong></span> <span class='ocrx_word' id='word_1_610' title='bbox 2400 3550 2562 3605; x_wconf 90' lang='lat' dir='ltr'><strong>nimis</strong></span> <span class='ocrx_word' id='word_1_611' title='bbox 2601 3559 2757 3618; x_wconf 86' lang='lat' dir='ltr'><strong>turpe</strong></span> <span class='ocrx_word' id='word_1_612' title='bbox 2786 3548 2956 3602; x_wconf 90' lang='lat' dir='ltr'><strong>videri</strong></span> <span class='ocrx_word' id='word_1_613' title='bbox 2997 3546 3223 3609; x_wconf 87' lang='lat' dir='ltr'><strong>debuit,</strong></span> <span class='ocrx_word' id='word_1_614' title='bbox 3275 3542 3573 3600; x_wconf 65' lang='lat' dir='ltr'><strong>communio</strong></span> 
     </span>
    </p>
   </div>
   <div class='ocr_carea' id='block_1_82' title="bbox 1972 3634 3566 3709">
    <p class='ocr_par' dir='ltr' id='par_1_82' title="bbox 1972 3634 3566 3709">
     <span class='ocr_line' id='line_1_82' title="bbox 1972 3634 3566 3709; baseline -0.006 -12"><span class='ocrx_word' id='word_1_615' title='bbox 1972 3642 2145 3697; x_wconf 90' lang='lat' dir='ltr'><strong>cando</strong></span> <span class='ocrx_word' id='word_1_616' title='bbox 2175 3642 2330 3696; x_wconf 91' lang='lat' dir='ltr'><strong>nobis</strong></span> <span class='ocrx_word' id='word_1_617' title='bbox 2379 3641 2667 3696; x_wconf 87' lang='lat' dir='ltr'><strong>anathema</strong></span> <span class='ocrx_word' id='word_1_618' title='bbox 2696 3639 2839 3709; x_wconf 89' lang='lat' dir='ltr'><strong>quod</strong></span> <span class='ocrx_word' id='word_1_619' title='bbox 2872 3639 2923 3692; x_wconf 92' lang='lat' dir='ltr'><strong>in</strong></span> <span class='ocrx_word' id='word_1_620' title='bbox 2964 3654 3063 3693; x_wconf 91' lang='lat' dir='ltr'><strong>nos</strong></span> <span class='ocrx_word' id='word_1_621' title='bbox 3111 3638 3487 3699; x_wconf 87' lang='lat' dir='ltr'><strong>decreverunt,</strong></span> <span class='ocrx_word' id='word_1_622' title='bbox 3523 3634 3566 3687; x_wconf 76' lang='lat' dir='ltr'><strong>ir</strong></span> 
     </span>
    </p>
   </div>
   <div class='ocr_carea' id='block_1_83' title="bbox 1973 3729 3562 3805">
    <p class='ocr_par' dir='ltr' id='par_1_83' title="bbox 1973 3729 3562 3805">
     <span class='ocr_line' id='line_1_83' title="bbox 1973 3729 3562 3805; baseline -0.008 -15"><span class='ocrx_word' id='word_1_623' title='bbox 1973 3736 2293 3805; x_wconf 87' lang='lat' dir='ltr'><strong>semetipsos</strong></span> <span class='ocrx_word' id='word_1_624' title='bbox 2342 3735 2485 3789; x_wconf 91' lang='lat' dir='ltr'><strong>ultro</strong></span> <span class='ocrx_word' id='word_1_625' title='bbox 2547 3741 2890 3788; x_wconf 88' lang='lat' dir='ltr'><strong>convertere.</strong></span> <span class='ocrx_word' id='word_1_626' title='bbox 2941 3729 3093 3785; x_wconf 89' lang='lat' dir='ltr'><strong>Unde</strong></span> <span class='ocrx_word' id='word_1_627' title='bbox 3159 3729 3288 3782; x_wconf 89' lang='lat' dir='ltr'><strong>satis</strong></span> <span class='ocrx_word' id='word_1_628' title='bbox 3336 3734 3562 3796; x_wconf 86' lang='lat' dir='ltr'><strong>apparet</strong></span> 
     </span>
    </p>
   </div>
   <div class='ocr_carea' id='block_1_84' title="bbox 1977 3819 3578 3893">
    <p class='ocr_par' dir='ltr' id='par_1_84' title="bbox 1977 3819 3578 3893">
     <span class='ocr_line' id='line_1_84' title="bbox 1977 3819 3578 3893; baseline -0.005 -15"><span class='ocrx_word' id='word_1_629' title='bbox 1977 3834 2181 3893; x_wconf 90' lang='lat' dir='ltr'><strong>quanta</strong></span> <span class='ocrx_word' id='word_1_630' title='bbox 2234 3826 2565 3893; x_wconf 85' lang='lat' dir='ltr'><strong>sitgravitas</strong></span> <span class='ocrx_word' id='word_1_631' title='bbox 2595 3833 2647 3879; x_wconf 88' lang='lat' dir='ltr'><strong>et</strong></span> <span class='ocrx_word' id='word_1_632' title='bbox 2690 3830 2891 3892; x_wconf 87' lang='lat' dir='ltr'><strong>quanta</strong></span> <span class='ocrx_word' id='word_1_633' title='bbox 2936 3822 3214 3892; x_wconf 83' lang='lat' dir='ltr'><strong>integritas</strong></span> <span class='ocrx_word' id='word_1_634' title='bbox 3255 3834 3442 3874; x_wconf 89' lang='lat' dir='ltr'><strong>eorum</strong></span> <span class='ocrx_word' id='word_1_635' title='bbox 3488 3819 3578 3887; x_wconf 85' lang='lat' dir='ltr'><strong>qui</strong></span> 
     </span>
    </p>
   </div>
   <div class='ocr_carea' id='block_1_85' title="bbox 1977 3912 3571 3977">
    <p class='ocr_par' dir='ltr' id='par_1_85' title="bbox 1977 3912 3571 3977">
     <span class='ocr_line' id='line_1_85' title="bbox 1977 3912 3571 3977; baseline -0.005 -9"><span class='ocrx_word' id='word_1_636' title='bbox 1977 3914 2436 3970; x_wconf 84' lang='lat' dir='ltr'><strong>Chalcedonensis</strong></span> <span class='ocrx_word' id='word_1_637' title='bbox 2491 3914 2706 3969; x_wconf 89' lang='lat' dir='ltr'><strong>decreta</strong></span> <span class='ocrx_word' id='word_1_638' title='bbox 2758 3912 2972 3967; x_wconf 92' lang='lat' dir='ltr'><strong>concilii</strong></span> <span class='ocrx_word' id='word_1_639' title='bbox 3023 3920 3322 3965; x_wconf 71' lang='lat' dir='ltr'><strong>retrattate</strong></span> <span class='ocrx_word' id='word_1_640' title='bbox 3365 3922 3571 3977; x_wconf 74' lang='lat' dir='ltr'><strong>prtesu-</strong></span> 
     </span>
    </p>
   </div>
   <div class='ocr_carea' id='block_1_86' title="bbox 1974 4001 3574 4073">
    <p class='ocr_par' dir='ltr' id='par_1_86' title="bbox 1974 4001 3574 4073">
     <span class='ocr_line' id='line_1_86' title="bbox 1974 4001 3574 4073; baseline -0.007 -10"><span class='ocrx_word' id='word_1_641' title='bbox 1974 4016 2147 4063; x_wconf 88' lang='lat' dir='ltr'><strong>munt.</strong></span> <span class='ocrx_word' id='word_1_642' title='bbox 2183 4007 2416 4062; x_wconf 83' lang='lat' dir='ltr'><strong>Proinde</strong></span> <span class='ocrx_word' id='word_1_643' title='bbox 2461 4006 2727 4061; x_wconf 86' lang='lat' dir='ltr'><strong>bcuclicio</strong></span> <span class='ocrx_word' id='word_1_644' title='bbox 2762 4005 2932 4073; x_wconf 84' lang='lat' dir='ltr'><strong>magis</strong></span> <span class='ocrx_word' id='word_1_645' title='bbox 2980 4019 3138 4073; x_wconf 88' lang='lat' dir='ltr'><strong>quam</strong></span> <span class='ocrx_word' id='word_1_646' title='bbox 3170 4002 3377 4070; x_wconf 72' lang='lat' dir='ltr'><strong>injurite</strong></span> <span class='ocrx_word' id='word_1_647' title='bbox 3406 4001 3574 4069; x_wconf 84' lang='lat' dir='ltr'><strong>depu-</strong></span> 
     </span>
    </p>
   </div>
   <div class='ocr_carea' id='block_1_87' title="bbox 1976 4090 3567 4169">
    <p class='ocr_par' dir='ltr' id='par_1_87' title="bbox 1976 4090 3567 4169">
     <span class='ocr_line' id='line_1_87' title="bbox 1976 4090 3567 4169; baseline -0.007 -17"><span class='ocrx_word' id='word_1_648' title='bbox 1976 4108 2111 4164; x_wconf 90' lang='lat' dir='ltr'><strong>tent,</strong></span> <span class='ocrx_word' id='word_1_649' title='bbox 2140 4099 2281 4169; x_wconf 87' lang='lat' dir='ltr'><strong>quod</strong></span> <span class='ocrx_word' id='word_1_650' title='bbox 2308 4100 2384 4153; x_wconf 90' lang='lat' dir='ltr'><strong>eis</strong></span> <span class='ocrx_word' id='word_1_651' title='bbox 2414 4115 2521 4153; x_wconf 91' lang='lat' dir='ltr'><strong>non</strong></span> <span class='ocrx_word' id='word_1_652' title='bbox 2552 4098 3035 4159; x_wconf 89' lang='lat' dir='ltr'><strong>communicamus,</strong></span> <span class='ocrx_word' id='word_1_653' title='bbox 3068 4093 3244 4148; x_wconf 91' lang='lat' dir='ltr'><strong>donec</strong></span> <span class='ocrx_word' id='word_1_654' title='bbox 3292 4091 3360 4145; x_wconf 89' lang='lat' dir='ltr'><strong>de</strong></span> <span class='ocrx_word' id='word_1_655' title='bbox 3389 4090 3567 4144; x_wconf 90' lang='lat' dir='ltr'><strong>medio</strong></span> 
     </span>
    </p>
   </div>
   <div class='ocr_carea' id='block_1_88' title="bbox 1976 4183 3573 4259">
    <p class='ocr_par' dir='ltr' id='par_1_88' title="bbox 1976 4183 3573 4259">
     <span class='ocr_line' id='line_1_88' title="bbox 1976 4183 3573 4259; baseline -0.008 -10"><span class='ocrx_word' id='word_1_656' title='bbox 1976 4195 2166 4251; x_wconf 87' lang='lat' dir='ltr'><strong>tollant</strong></span> <span class='ocrx_word' id='word_1_657' title='bbox 2190 4194 2211 4225; x_wconf 80' lang='grc'><strong>⁸</strong></span> <span class='ocrx_word' id='word_1_658' title='bbox 2241 4192 2380 4248; x_wconf 84' lang='lat' dir='ltr'><strong>istud</strong></span> <span class='ocrx_word' id='word_1_659' title='bbox 2412 4192 2723 4257; x_wconf 91' lang='lat' dir='ltr'><strong>anathema,</strong></span> <span class='ocrx_word' id='word_1_660' title='bbox 2759 4188 2904 4259; x_wconf 89' lang='lat' dir='ltr'><strong>quod</strong></span> <span class='ocrx_word' id='word_1_661' title='bbox 2932 4188 3078 4242; x_wconf 80' lang='lat' dir='ltr'><strong>velut</strong></span> <span class='ocrx_word' id='word_1_662' title='bbox 3124 4199 3377 4253; x_wconf 87' lang='lat' dir='ltr'><strong>magnum</strong></span> <span class='ocrx_word' id='word_1_663' title='bbox 3406 4183 3573 4237; x_wconf 84' lang='lat' dir='ltr'><strong>chaos</strong></span> 
     </span>
    </p>
   </div>
   <div class='ocr_carea' id='block_1_89' title="bbox 1974 4274 3569 4355">
    <p class='ocr_par' dir='ltr' id='par_1_89' title="bbox 1974 4274 3569 4355">
     <span class='ocr_line' id='line_1_89' title="bbox 1974 4274 3569 4355; baseline -0.009 -15"><span class='ocrx_word' id='word_1_664' title='bbox 1974 4286 2318 4355; x_wconf 88' lang='lat' dir='ltr'><strong>interjacens,</strong></span> <span class='ocrx_word' id='word_1_665' title='bbox 2342 4282 2531 4337; x_wconf 89' lang='lat' dir='ltr'><strong>dividit</strong></span> <span class='ocrx_word' id='word_1_666' title='bbox 2553 4297 2581 4335; x_wconf 94' lang='lat' dir='ltr'><strong>a</strong></span> <span class='ocrx_word' id='word_1_667' title='bbox 2613 4280 2813 4351; x_wconf 89' lang='lat' dir='ltr'><strong>populo</strong></span> <span class='ocrx_word' id='word_1_668' title='bbox 2836 4278 3029 4347; x_wconf 90' lang='lat' dir='ltr'><strong>spiritu</strong></span> <span class='ocrx_word' id='word_1_669' title='bbox 3058 4289 3314 4346; x_wconf 89' lang='lat' dir='ltr'><strong>paupere,</strong></span> <span class='ocrx_word' id='word_1_670' title='bbox 3337 4274 3391 4327; x_wconf 92' lang='lat' dir='ltr'><strong>in</strong></span> <span class='ocrx_word' id='word_1_671' title='bbox 3407 4288 3569 4327; x_wconf 88' lang='lat' dir='ltr'><strong>sensu</strong></span> 
     </span>
    </p>
   </div>
   <div class='ocr_carea' id='block_1_90' title="bbox 1973 4368 3566 4450">
    <p class='ocr_par' dir='ltr' id='par_1_90' title="bbox 1973 4368 3566 4450">
     <span class='ocr_line' id='line_1_90' title="bbox 1973 4368 3566 4450; baseline -0.009 -17"><span class='ocrx_word' id='word_1_672' title='bbox 1973 4388 2212 4450; x_wconf 79' lang='lat' dir='ltr'><strong>paterna:</strong></span> <span class='ocrx_word' id='word_1_673' title='bbox 2242 4376 2360 4430; x_wconf 87' lang='lat' dir='ltr'><strong>tidei</strong></span> <span class='ocrx_word' id='word_1_674' title='bbox 2389 4384 2445 4431; x_wconf 90' lang='lat' dir='ltr'><strong>et</strong></span> <span class='ocrx_word' id='word_1_675' title='bbox 2474 4374 2757 4429; x_wconf 69' lang='lat' dir='ltr'><strong>sententia:</strong></span> <span class='ocrx_word' id='word_1_676' title='bbox 2784 4373 3093 4440; x_wconf 90' lang='lat' dir='ltr'><strong>quiescente</strong></span> <span class='ocrx_word' id='word_1_677' title='bbox 3117 4411 3133 4434; x_wconf 95' lang='lat'><strong>,</strong></span> <span class='ocrx_word' id='word_1_678' title='bbox 3190 4368 3463 4438; x_wconf 87' lang='lat' dir='ltr'><strong>inquietos</strong></span> <span class='ocrx_word' id='word_1_679' title='bbox 3499 4380 3566 4419; x_wconf 90' lang='lat' dir='ltr'><strong>ac</strong></span> 
     </span>
    </p>
   </div>
   <div class='ocr_carea' id='block_1_91' title="bbox 1974 4456 3573 4538">
    <p class='ocr_par' dir='ltr' id='par_1_91' title="bbox 1974 4456 3573 4538">
     <span class='ocr_line' id='line_1_91' title="bbox 1974 4456 3573 4538; baseline -0.009 -15"><span class='ocrx_word' id='word_1_680' title='bbox 1974 4467 2389 4538; x_wconf 90' lang='lat' dir='ltr'><strong>superbissimos</strong></span> <span class='ocrx_word' id='word_1_681' title='bbox 2422 4471 2856 4534; x_wconf 75' lang='lat' dir='ltr'><strong>pnesumptores,</strong></span> <span class='ocrx_word' id='word_1_682' title='bbox 2888 4461 2981 4529; x_wconf 92' lang='lat' dir='ltr'><strong>qui</strong></span> <span class='ocrx_word' id='word_1_683' title='bbox 3010 4460 3110 4516; x_wconf 91' lang='lat' dir='ltr'><strong>sibi</strong></span> <span class='ocrx_word' id='word_1_684' title='bbox 3142 4467 3352 4514; x_wconf 90' lang='lat' dir='ltr'><strong>tantum</strong></span> <span class='ocrx_word' id='word_1_685' title='bbox 3381 4456 3573 4512; x_wconf 88' lang='lat' dir='ltr'><strong>viden-</strong></span> 
     </span>
    </p>
   </div>
   <div class='ocr_carea' id='block_1_92' title="bbox 267 4548 3573 4625">
    <p class='ocr_par' dir='ltr' id='par_1_92' title="bbox 267 4548 3573 4625">
     <span class='ocr_line' id='line_1_92' title="bbox 267 4548 3573 4625; baseline 0.001 -22"><span class='ocrx_word' id='word_1_686' title='bbox 267 4548 545 4614; x_wconf 70' lang='lat' dir='ltr'><strong>Ecelesite,</strong></span> <span class='ocrx_word' id='word_1_687' title='bbox 577 4550 817 4606; x_wconf 83' lang='lat' dir='ltr'><strong>scribens</strong></span> <span class='ocrx_word' id='word_1_688' title='bbox 844 4550 1138 4604; x_wconf 90' lang='lat' dir='ltr'><strong>venerabili</strong></span> <span class='ocrx_word' id='word_1_689' title='bbox 1186 4550 1467 4611; x_wconf 67' lang='lat' dir='ltr'><strong>Anatolio,</strong></span> <span class='ocrx_word' id='word_1_690' title='bbox 1500 4549 1658 4617; x_wconf 89' lang='lat' dir='ltr'><strong>hujus</strong></span> <span class='ocrx_word' id='word_1_691' title='bbox 1705 4552 1865 4620; x_wconf 54' lang='lat' dir='ltr'><strong>regie</strong></span> <span class='ocrx_word' id='word_1_692' title='bbox 1898 4566 1944 4624; x_wconf 73' lang='grc' dir='ltr'><strong>ι)</strong></span> <span class='ocrx_word' id='word_1_693' title='bbox 1972 4569 2059 4613; x_wconf 61' lang='lat' dir='ltr'><strong>tur</strong></span> <span class='ocrx_word' id='word_1_694' title='bbox 2088 4557 2360 4613; x_wconf 78' lang='lat' dir='ltr'><strong>abundare</strong></span> <span class='ocrx_word' id='word_1_695' title='bbox 2405 4556 2670 4625; x_wconf 86' lang='lat' dir='ltr'><strong>sapientia</strong></span> <span class='ocrx_word' id='word_1_696' title='bbox 2695 4593 2709 4619; x_wconf 90' lang='lat'><strong>,</strong></span> <span class='ocrx_word' id='word_1_697' title='bbox 2745 4561 2805 4607; x_wconf 92' lang='lat' dir='ltr'><strong>ut</strong></span> <span class='ocrx_word' id='word_1_698' title='bbox 2854 4552 3111 4607; x_wconf 87' lang='lat' dir='ltr'><strong>ablactati</strong></span> <span class='ocrx_word' id='word_1_699' title='bbox 3154 4566 3316 4620; x_wconf 89' lang='lat' dir='ltr'><strong>super</strong></span> <span class='ocrx_word' id='word_1_700' title='bbox 3345 4558 3573 4604; x_wconf 86' lang='lat' dir='ltr'><strong>matrem</strong></span> 
     </span>
    </p>
   </div>
   <div class='ocr_carea' id='block_1_93' title="bbox 266 4639 1865 4710">
    <p class='ocr_par' dir='ltr' id='par_1_93' title="bbox 266 4639 1865 4710">
     <span class='ocr_line' id='line_1_93' title="bbox 266 4639 1865 4710; baseline 0.001 -17"><span class='ocrx_word' id='word_1_701' title='bbox 266 4639 509 4693; x_wconf 82' lang='lat' dir='ltr'><strong>civitatis</strong></span> <span class='ocrx_word' id='word_1_702' title='bbox 537 4639 823 4708; x_wconf 88' lang='lat' dir='ltr'><strong>episcopo,</strong></span> <span class='ocrx_word' id='word_1_703' title='bbox 851 4640 929 4695; x_wconf 88' lang='lat' dir='ltr'><strong>sic</strong></span> <span class='ocrx_word' id='word_1_704' title='bbox 958 4640 1327 4710; x_wconf 90' lang='lat' dir='ltr'><strong>accipiendum</strong></span> <span class='ocrx_word' id='word_1_705' title='bbox 1356 4640 1588 4694; x_wconf 90' lang='lat' dir='ltr'><strong>insinuat</strong></span> <span class='ocrx_word' id='word_1_706' title='bbox 1622 4658 1635 4693; x_wconf 87' lang='lat'><strong>:</strong></span> <span class='ocrx_word' id='word_1_707' title='bbox 1676 4660 1693 4691; x_wconf 87' lang='grc'><strong>‹</strong></span> <span class='ocrx_word' id='word_1_708' title='bbox 1730 4640 1865 4695; x_wconf 88' lang='lat' dir='ltr'><strong>San-</strong></span> 
     </span>
    </p>
   </div>
   <div class='ocr_carea' id='block_1_94' title="bbox 266 4731 1864 4801">
    <p class='ocr_par' dir='ltr' id='par_1_94' title="bbox 266 4731 1864 4801">
     <span class='ocr_line' id='line_1_94' title="bbox 266 4731 1864 4801; baseline 0.001 -16"><span class='ocrx_word' id='word_1_709' title='bbox 266 4731 364 4795; x_wconf 90' lang='lat' dir='ltr'><strong>cti,</strong></span> <span class='ocrx_word' id='word_1_710' title='bbox 395 4732 590 4799; x_wconf 84' lang='lat' dir='ltr'><strong>inquit,</strong></span> <span class='ocrx_word' id='word_1_711' title='bbox 624 4731 698 4784; x_wconf 91' lang='lat' dir='ltr'><strong>illi</strong></span> <span class='ocrx_word' id='word_1_712' title='bbox 727 4740 782 4786; x_wconf 90' lang='lat' dir='ltr'><strong>et</strong></span> <span class='ocrx_word' id='word_1_713' title='bbox 804 4733 1138 4787; x_wconf 88' lang='lat' dir='ltr'><strong>venerabiles</strong></span> <span class='ocrx_word' id='word_1_714' title='bbox 1168 4732 1357 4787; x_wconf 89' lang='lat' dir='ltr'><strong>Patres</strong></span> <span class='ocrx_word' id='word_1_715' title='bbox 1397 4733 1486 4801; x_wconf 90' lang='lat' dir='ltr'><strong>qui</strong></span> <span class='ocrx_word' id='word_1_716' title='bbox 1520 4732 1571 4785; x_wconf 91' lang='lat' dir='ltr'><strong>in</strong></span> <span class='ocrx_word' id='word_1_717' title='bbox 1606 4732 1738 4787; x_wconf 91' lang='lat' dir='ltr'><strong>urbe</strong></span> <span class='ocrx_word' id='word_1_718' title='bbox 1771 4733 1864 4786; x_wconf 85' lang='lat' dir='ltr'><strong>Ni-</strong></span> 
     </span>
    </p>
   </div>
   <div class='ocr_carea' id='block_1_95' title="bbox 268 4822 1860 4893">
    <p class='ocr_par' dir='ltr' id='par_1_95' title="bbox 268 4822 1860 4893">
     <span class='ocr_line' id='line_1_95' title="bbox 268 4822 1860 4893; baseline -0.001 -16"><span class='ocrx_word' id='word_1_719' title='bbox 268 4839 443 4887; x_wconf 60' lang='lat' dir='ltr'><strong>casna,</strong></span> <span class='ocrx_word' id='word_1_720' title='bbox 485 4823 745 4891; x_wconf 87' lang='lat' dir='ltr'><strong>sacrilego</strong></span> <span class='ocrx_word' id='word_1_721' title='bbox 791 4823 920 4876; x_wconf 83' lang='lat' dir='ltr'><strong>Ario</strong></span> <span class='ocrx_word' id='word_1_722' title='bbox 967 4838 1089 4877; x_wconf 87' lang='lat' dir='ltr'><strong>cum</strong></span> <span class='ocrx_word' id='word_1_723' title='bbox 1117 4838 1212 4877; x_wconf 89' lang='lat' dir='ltr'><strong>sua</strong></span> <span class='ocrx_word' id='word_1_724' title='bbox 1255 4822 1536 4893; x_wconf 89' lang='lat' dir='ltr'><strong>impietate</strong></span> <span class='ocrx_word' id='word_1_725' title='bbox 1582 4822 1860 4887; x_wconf 89' lang='lat' dir='ltr'><strong>damnato,</strong></span> 
     </span>
    </p>
   </div>
   <div class='ocr_carea' id='block_1_96' title="bbox 271 4913 1865 4983">
    <p class='ocr_par' dir='ltr' id='par_1_96' title="bbox 271 4913 1865 4983">
     <span class='ocr_line' id='line_1_96' title="bbox 271 4913 1865 4983; baseline 0.001 -15"><span class='ocrx_word' id='word_1_726' title='bbox 271 4930 553 4969; x_wconf 84' lang='lat' dir='ltr'><strong>mansuras</strong></span> <span class='ocrx_word' id='word_1_727' title='bbox 592 4930 761 4983; x_wconf 87' lang='lat' dir='ltr'><strong>usque</strong></span> <span class='ocrx_word' id='word_1_728' title='bbox 810 4916 861 4968; x_wconf 93' lang='lat' dir='ltr'><strong>in</strong></span> <span class='ocrx_word' id='word_1_729' title='bbox 911 4913 1069 4968; x_wconf 81' lang='lat' dir='ltr'><strong>linem</strong></span> <span class='ocrx_word' id='word_1_730' title='bbox 1120 4914 1301 4967; x_wconf 91' lang='lat' dir='ltr'><strong>mundi</strong></span> <span class='ocrx_word' id='word_1_731' title='bbox 1349 4915 1497 4983; x_wconf 86' lang='lat' dir='ltr'><strong>leges</strong></span> <span class='ocrx_word' id='word_1_732' title='bbox 1540 4916 1865 4970; x_wconf 78' lang='lat' dir='ltr'><strong>ecclesiasti-</strong></span> 
     </span>
    </p>
   </div>
   <div class='ocr_carea' id='block_1_97' title="bbox 270 5003 1865 5072">
    <p class='ocr_par' dir='ltr' id='par_1_97' title="bbox 270 5003 1865 5072">
     <span class='ocr_line' id='line_1_97' title="bbox 270 5003 1865 5072; baseline 0.002 -14"><span class='ocrx_word' id='word_1_733' title='bbox 270 5020 461 5058; x_wconf 89' lang='lat' dir='ltr'><strong>corum</strong></span> <span class='ocrx_word' id='word_1_734' title='bbox 488 5019 752 5058; x_wconf 88' lang='lat' dir='ltr'><strong>canonum</strong></span> <span class='ocrx_word' id='word_1_735' title='bbox 782 5003 1156 5067; x_wconf 87' lang='lat' dir='ltr'><strong>condiderunt,</strong></span> <span class='ocrx_word' id='word_1_736' title='bbox 1180 5011 1235 5057; x_wconf 91' lang='lat' dir='ltr'><strong>et</strong></span> <span class='ocrx_word' id='word_1_737' title='bbox 1269 5005 1410 5072; x_wconf 84' lang='lat' dir='ltr'><strong>apud</strong></span> <span class='ocrx_word' id='word_1_738' title='bbox 1436 5019 1534 5058; x_wconf 90' lang='lat' dir='ltr'><strong>nos</strong></span> <span class='ocrx_word' id='word_1_739' title='bbox 1572 5013 1626 5059; x_wconf 92' lang='lat' dir='ltr'><strong>et</strong></span> <span class='ocrx_word' id='word_1_740' title='bbox 1670 5006 1722 5059; x_wconf 90' lang='lat' dir='ltr'><strong>in</strong></span> <span class='ocrx_word' id='word_1_741' title='bbox 1750 5014 1865 5061; x_wconf 89' lang='lat' dir='ltr'><strong>toto</strong></span> 
     </span>
    </p>
   </div>
   <div class='ocr_carea' id='block_1_98' title="bbox 269 5098 1863 5155">
    <p class='ocr_par' dir='ltr' id='par_1_98' title="bbox 269 5098 1863 5155">
     <span class='ocr_line' id='line_1_98' title="bbox 269 5098 1863 5155; baseline 0.002 -5"><span class='ocrx_word' id='word_1_742' title='bbox 269 5098 406 5151; x_wconf 87' lang='lat' dir='ltr'><strong>orbe</strong></span> <span class='ocrx_word' id='word_1_743' title='bbox 434 5105 695 5151; x_wconf 89' lang='lat' dir='ltr'><strong>terrarum</strong></span> <span class='ocrx_word' id='word_1_744' title='bbox 742 5099 795 5152; x_wconf 92' lang='lat' dir='ltr'><strong>in</strong></span> <span class='ocrx_word' id='word_1_745' title='bbox 843 5098 954 5153; x_wconf 90' lang='lat' dir='ltr'><strong>suis</strong></span> <span class='ocrx_word' id='word_1_746' title='bbox 997 5098 1469 5155; x_wconf 88' lang='lat' dir='ltr'><strong>constitutionibus</strong></span> <span class='ocrx_word' id='word_1_747' title='bbox 1497 5101 1701 5155; x_wconf 90' lang='lat' dir='ltr'><strong>vivunt.</strong></span> <span class='ocrx_word' id='word_1_748' title='bbox 1738 5122 1756 5152; x_wconf 75' lang='grc' dir='ltr'><strong><em>ι</em></strong></span> <span class='ocrx_word' id='word_1_749' title='bbox 1805 5100 1863 5155; x_wconf 82' lang='lat' dir='ltr'><strong>Si</strong></span> 
     </span>
    </p>
   </div>
   <div class='ocr_carea' id='block_1_99' title="bbox 270 5188 1865 5261">
    <p class='ocr_par' dir='ltr' id='par_1_99' title="bbox 270 5188 1865 5261">
     <span class='ocr_line' id='line_1_99' title="bbox 270 5188 1865 5261; baseline 0.002 -16"><span class='ocrx_word' id='word_1_750' title='bbox 270 5192 437 5261; x_wconf 67' lang='lat' dir='ltr'><strong>igitur</strong></span> <span class='ocrx_word' id='word_1_751' title='bbox 476 5198 666 5244; x_wconf 84' lang='lat' dir='ltr'><strong>omnes</strong></span> <span class='ocrx_word' id='word_1_752' title='bbox 687 5190 1023 5245; x_wconf 89' lang='lat' dir='ltr'><strong>venerabiles</strong></span> <span class='ocrx_word' id='word_1_753' title='bbox 1068 5188 1256 5245; x_wconf 86' lang='lat' dir='ltr'><strong>Patres</strong></span> <span class='ocrx_word' id='word_1_754' title='bbox 1288 5191 1339 5244; x_wconf 95' lang='lat' dir='ltr'><strong>in</strong></span> <span class='ocrx_word' id='word_1_755' title='bbox 1386 5192 1496 5246; x_wconf 89' lang='lat' dir='ltr'><strong>suis</strong></span> <span class='ocrx_word' id='word_1_756' title='bbox 1525 5194 1865 5248; x_wconf 88' lang='lat' dir='ltr'><strong>constitutio-</strong></span> 
     </span>
    </p>
   </div>
   <div class='ocr_carea' id='block_1_100' title="bbox 272 5280 1857 5351">
    <p class='ocr_par' dir='ltr' id='par_1_100' title="bbox 272 5280 1857 5351">
     <span class='ocr_line' id='line_1_100' title="bbox 272 5280 1857 5351; baseline 0.001 -17"><span class='ocrx_word' id='word_1_757' title='bbox 272 5284 431 5336; x_wconf 88' lang='lat' dir='ltr'><strong>nibus</strong></span> <span class='ocrx_word' id='word_1_758' title='bbox 462 5282 665 5350; x_wconf 66' lang='lat' dir='ltr'><strong>&quot;t&#39;ivunt,</strong></span> <span class='ocrx_word' id='word_1_759' title='bbox 693 5281 935 5351; x_wconf 85' lang='lat' dir='ltr'><strong>profecto</strong></span> <span class='ocrx_word' id='word_1_760' title='bbox 962 5282 1121 5336; x_wconf 90' lang='lat' dir='ltr'><strong>etiam</strong></span> <span class='ocrx_word' id='word_1_761' title='bbox 1152 5281 1243 5350; x_wconf 88' lang='lat' dir='ltr'><strong>qui</strong></span> <span class='ocrx_word' id='word_1_762' title='bbox 1275 5281 1326 5335; x_wconf 93' lang='lat' dir='ltr'><strong>in</strong></span> <span class='ocrx_word' id='word_1_763' title='bbox 1358 5280 1699 5338; x_wconf 85' lang='lat' dir='ltr'><strong>Chalcedona</strong></span> <span class='ocrx_word' id='word_1_764' title='bbox 1728 5299 1857 5339; x_wconf 81' lang='lat' dir='ltr'><strong>con-</strong></span> 
     </span>
    </p>
   </div>
   <div class='ocr_carea' id='block_1_101' title="bbox 340 5456 1369 5526">
    <p class='ocr_par' dir='ltr' id='par_1_101' title="bbox 340 5456 1369 5526">
     <span class='ocr_line' id='line_1_101' title="bbox 340 5456 1369 5526; baseline 0.001 -17"><span class='ocrx_word' id='word_1_765' title='bbox 340 5460 359 5523; x_wconf 59' lang='lat' dir='ltr'><strong>f</strong></span> <span class='ocrx_word' id='word_1_766' title='bbox 402 5456 580 5519; x_wconf 81' lang='lat' dir='ltr'><strong>Forte,</strong></span> <span class='ocrx_word' id='word_1_767' title='bbox 611 5457 869 5526; x_wconf 72' lang='lat' dir='ltr'><strong>exigerent</strong></span> <span class='ocrx_word' id='word_1_768' title='bbox 891 5456 1004 5524; x_wconf 84' lang='lat' dir='ltr'><strong>ﬁeri</strong></span> <span class='ocrx_word' id='word_1_769' title='bbox 1034 5467 1232 5524; x_wconf 84' lang='lat' dir='ltr'><strong>aperta,</strong></span> <span class='ocrx_word' id='word_1_770' title='bbox 1265 5463 1369 5510; x_wconf 88' lang='lat' dir='ltr'><strong>etc.</strong></span> 
     </span>
    </p>
   </div>
   <div class='ocr_carea' id='block_1_102' title="bbox 352 5613 1080 5679">
    <p class='ocr_par' dir='ltr' id='par_1_102' title="bbox 352 5613 1080 5679">
     <span class='ocr_line' id='line_1_102' title="bbox 352 5613 1080 5679; baseline 0.003 -14"><span class='ocrx_word' id='word_1_771' title='bbox 352 5614 365 5644; x_wconf 87' lang='grc'>¹</span> <span class='ocrx_word' id='word_1_772' title='bbox 398 5613 529 5668; x_wconf 87' lang='lat' dir='ltr'><strong>Cod.</strong></span> <span class='ocrx_word' id='word_1_773' title='bbox 558 5613 788 5679; x_wconf 75' lang='lat' dir='ltr'><strong>\’eron.,</strong></span> <span class='ocrx_word' id='word_1_774' title='bbox 819 5614 1080 5667; x_wconf 74' lang='lat' dir='ltr'><strong>dixerunt.</strong></span> 
     </span>
    </p>
   </div>
   <div class='ocr_carea' id='block_1_103' title="bbox 348 5683 1857 5755">
    <p class='ocr_par' dir='ltr' id='par_1_103' title="bbox 348 5683 1857 5755">
     <span class='ocr_line' id='line_1_103' title="bbox 348 5683 1857 5755; baseline 0.001 -20"><span class='ocrx_word' id='word_1_775' title='bbox 348 5683 530 5736; x_wconf 66' lang='lat' dir='ltr'><strong>‘Itlent</strong></span> <span class='ocrx_word' id='word_1_776' title='bbox 570 5685 714 5749; x_wconf 88' lang='lat' dir='ltr'><strong>cod.,</strong></span> <span class='ocrx_word' id='word_1_777' title='bbox 748 5685 827 5737; x_wconf 77' lang='lat' dir='ltr'><strong>Ad</strong></span> <span class='ocrx_word' id='word_1_778' title='bbox 856 5684 1043 5737; x_wconf 80' lang='lat' dir='ltr'><strong>Marim</strong></span> <span class='ocrx_word' id='word_1_779' title='bbox 1067 5685 1275 5755; x_wconf 81' lang='lat' dir='ltr'><strong>impiam</strong></span> <span class='ocrx_word' id='word_1_780' title='bbox 1325 5683 1593 5753; x_wconf 72' lang='lat' dir='ltr'><strong>epistolam</strong></span> <span class='ocrx_word' id='word_1_781' title='bbox 1634 5692 1719 5737; x_wconf 71' lang='lat' dir='ltr'><strong>out</strong></span> <span class='ocrx_word' id='word_1_782' title='bbox 1770 5683 1857 5737; x_wconf 76' lang='lat' dir='ltr'><strong>tle-</strong></span> 
     </span>
    </p>
   </div>
   <div class='ocr_carea' id='block_1_104' title="bbox 271 5753 595 5820">
    <p class='ocr_par' dir='ltr' id='par_1_104' title="bbox 271 5753 595 5820">
     <span class='ocr_line' id='line_1_104' title="bbox 271 5753 595 5820; baseline 0 -15"><span class='ocrx_word' id='word_1_783' title='bbox 271 5753 308 5820; x_wconf 75' lang='grc' dir='ltr'><strong>Ῑι</strong></span> <span class='ocrx_word' id='word_1_784' title='bbox 330 5756 458 5814; x_wconf 83' lang='lat' dir='ltr'><strong>mlit,</strong></span> <span class='ocrx_word' id='word_1_785' title='bbox 490 5764 595 5807; x_wconf 90' lang='lat' dir='ltr'><strong>etc.</strong></span> 
     </span>
    </p>
   </div>
   <div class='ocr_carea' id='block_1_105' title="bbox 348 5822 1083 5893">
    <p class='ocr_par' dir='ltr' id='par_1_105' title="bbox 348 5822 1083 5893">
     <span class='ocr_line' id='line_1_105' title="bbox 348 5822 1083 5893; baseline 0.001 -15"><span class='ocrx_word' id='word_1_786' title='bbox 348 5824 366 5851; x_wconf 79' lang='grc'>³</span> <span class='ocrx_word' id='word_1_787' title='bbox 398 5824 546 5879; x_wconf 76' lang='lat' dir='ltr'><strong>Idem</strong></span> <span class='ocrx_word' id='word_1_788' title='bbox 575 5822 720 5893; x_wconf 80' lang='lat' dir='ltr'><strong>cod.,</strong></span> <span class='ocrx_word' id='word_1_789' title='bbox 745 5826 1083 5879; x_wconf 73' lang='lat' dir='ltr'><strong>auat/tentati.</strong></span> 
     </span>
    </p>
   </div>
   <div class='ocr_carea' id='block_1_106' title="bbox 1973 4643 3574 4714">
    <p class='ocr_par' dir='ltr' id='par_1_106' title="bbox 1973 4643 3574 4714">
     <span class='ocr_line' id='line_1_106' title="bbox 1973 4643 3574 4714; baseline -0.007 -9"><span class='ocrx_word' id='word_1_790' title='bbox 1973 4667 2149 4706; x_wconf 83' lang='lat' dir='ltr'><strong>suam.</strong></span> <span class='ocrx_word' id='word_1_791' title='bbox 2177 4648 2429 4703; x_wconf 70' lang='lat' dir='ltr'><strong>Ecclesitn</strong></span> <span class='ocrx_word' id='word_1_792' title='bbox 2460 4647 2705 4700; x_wconf 90' lang='lat' dir='ltr'><strong>instituta</strong></span> <span class='ocrx_word' id='word_1_793' title='bbox 2758 4652 3129 4708; x_wconf 90' lang='lat' dir='ltr'><strong>contemnant,</strong></span> <span class='ocrx_word' id='word_1_794' title='bbox 3163 4660 3286 4698; x_wconf 92' lang='lat' dir='ltr'><strong>cum</strong></span> <span class='ocrx_word' id='word_1_795' title='bbox 3316 4643 3574 4714; x_wconf 90' lang='lat' dir='ltr'><strong>scriptum</strong></span> 
     </span>
    </p>
   </div>
   <div class='ocr_carea' id='block_1_107' title="bbox 1973 4722 3574 4811">
    <p class='ocr_par' dir='ltr' id='par_1_107' title="bbox 1973 4722 3574 4811">
     <span class='ocr_line' id='line_1_107' title="bbox 1973 4722 3574 4811; baseline -0.009 -12"><span class='ocrx_word' id='word_1_796' title='bbox 1973 4745 2039 4800; x_wconf 86' lang='lat' dir='ltr'><strong>sit</strong></span> <span class='ocrx_word' id='word_1_797' title='bbox 2068 4762 2080 4796; x_wconf 90' lang='lat'><strong>:</strong></span> <span class='ocrx_word' id='word_1_798' title='bbox 2108 4742 2237 4803; x_wconf 85' lang='lat' dir='ltr'><strong>Fili,</strong></span> <span class='ocrx_word' id='word_1_799' title='bbox 2271 4722 2473 4795; x_wconf 81' lang='lat' dir='ltr'><strong>custodi</strong></span> <span class='ocrx_word' id='word_1_800' title='bbox 2502 4740 2663 4811; x_wconf 83' lang='lat' dir='ltr'><strong>legem</strong></span> <span class='ocrx_word' id='word_1_801' title='bbox 2694 4737 2860 4808; x_wconf 77' lang='lat' dir='ltr'><strong>patris</strong></span> <span class='ocrx_word' id='word_1_802' title='bbox 2894 4737 2988 4801; x_wconf 85' lang='lat' dir='ltr'><strong>tui,</strong></span> <span class='ocrx_word' id='word_1_803' title='bbox 3023 4744 3072 4790; x_wconf 87' lang='lat' dir='ltr'><strong>et</strong></span> <span class='ocrx_word' id='word_1_804' title='bbox 3113 4752 3177 4788; x_wconf 87' lang='lat' dir='ltr'><strong>ne</strong></span> <span class='ocrx_word' id='word_1_805' title='bbox 3220 4733 3467 4803; x_wconf 81' lang='lat' dir='ltr'><strong>repuleris</strong></span> <span class='ocrx_word' id='word_1_806' title='bbox 3494 4734 3574 4785; x_wconf 83' lang='lat' dir='ltr'><strong>in-</strong></span> 
     </span>
    </p>
   </div>
   <div class='ocr_carea' id='block_1_108' title="bbox 1973 4824 3575 4907">
    <p class='ocr_par' dir='ltr' id='par_1_108' title="bbox 1973 4824 3575 4907">
     <span class='ocr_line' id='line_1_108' title="bbox 1973 4824 3575 4907; baseline -0.008 -20"><span class='ocrx_word' id='word_1_807' title='bbox 1973 4837 2151 4907; x_wconf 74' lang='lat' dir='ltr'><strong>stituta</strong></span> <span class='ocrx_word' id='word_1_808' title='bbox 2177 4835 2357 4887; x_wconf 81' lang='lat' dir='ltr'><strong>matris</strong></span> <span class='ocrx_word' id='word_1_809' title='bbox 2390 4841 2508 4886; x_wconf 62' lang='lat' dir='ltr'><strong>tuae.</strong></span> <span class='ocrx_word' id='word_1_810' title='bbox 2548 4832 2721 4901; x_wconf 81' lang='lat' dir='ltr'><strong>Alliga</strong></span> <span class='ocrx_word' id='word_1_811' title='bbox 2763 4838 2935 4882; x_wconf 79' lang='lat' dir='ltr'><strong>autem</strong></span> <span class='ocrx_word' id='word_1_812' title='bbox 2964 4828 3058 4881; x_wconf 81' lang='lat' dir='ltr'><strong>illa</strong></span> <span class='ocrx_word' id='word_1_813' title='bbox 3101 4827 3242 4879; x_wconf 89' lang='lat' dir='ltr'><strong>circa</strong></span> <span class='ocrx_word' id='word_1_814' title='bbox 3288 4835 3427 4877; x_wconf 86' lang='lat' dir='ltr'><strong>tuam</strong></span> <span class='ocrx_word' id='word_1_815' title='bbox 3456 4824 3575 4875; x_wconf 66' lang='grc' dir='ltr'><strong>(μεὶς</strong></span> 
     </span>
    </p>
   </div>
   <div class='ocr_carea' id='block_1_109' title="bbox 1973 4914 3568 4993">
    <p class='ocr_par' dir='ltr' id='par_1_109' title="bbox 1973 4914 3568 4993">
     <span class='ocr_line' id='line_1_109' title="bbox 1973 4914 3568 4993; baseline -0.009 -14"><span class='ocrx_word' id='word_1_816' title='bbox 1973 4944 2111 4979; x_wconf 81' lang='lat' dir='ltr'><strong>mam</strong></span> <span class='ocrx_word' id='word_1_817' title='bbox 2140 4942 2358 4993; x_wconf 84' lang='lat' dir='ltr'><strong>semper,</strong></span> <span class='ocrx_word' id='word_1_818' title='bbox 2389 4935 2436 4977; x_wconf 87' lang='lat' dir='ltr'><strong>et</strong></span> <span class='ocrx_word' id='word_1_819' title='bbox 2466 4923 2731 4976; x_wconf 85' lang='lat' dir='ltr'><strong>circumda</strong></span> <span class='ocrx_word' id='word_1_820' title='bbox 2775 4920 2906 4975; x_wconf 85' lang='lat' dir='ltr'><strong>collo</strong></span> <span class='ocrx_word' id='word_1_821' title='bbox 2948 4928 3035 4973; x_wconf 87' lang='lat' dir='ltr'><strong>tuo</strong></span> <span class='ocrx_word' id='word_1_822' title='bbox 3079 4918 3096 4983; x_wconf 91' lang='lat'>(</span> <span class='ocrx_word' id='word_1_823' title='bbox 3126 4916 3280 4969; x_wconf 82' lang='lat' dir='ltr'><strong>Prov.</strong></span> <span class='ocrx_word' id='word_1_824' title='bbox 3308 4931 3379 4976; x_wconf 89' lang='lat' dir='ltr'><strong>vt,</strong></span> <span class='ocrx_word' id='word_1_825' title='bbox 3421 4914 3489 4965; x_wconf 76' lang='grc'><strong>20</strong></span> <span class='ocrx_word' id='word_1_826' title='bbox 3524 4914 3568 4977; x_wconf 88' lang='grc'><strong>).</strong></span> 
     </span>
    </p>
   </div>
   <div class='ocr_carea' id='block_1_110' title="bbox 1978 5008 3572 5083">
    <p class='ocr_par' dir='ltr' id='par_1_110' title="bbox 1978 5008 3572 5083">
     <span class='ocr_line' id='line_1_110' title="bbox 1978 5008 3572 5083; baseline -0.007 -15"><span class='ocrx_word' id='word_1_827' title='bbox 1978 5016 2319 5083; x_wconf 74' lang='lat' dir='ltr'><strong>Iiursumque</strong></span> <span class='ocrx_word' id='word_1_828' title='bbox 2352 5032 2363 5067; x_wconf 90' lang='lat'><strong>:</strong></span> <span class='ocrx_word' id='word_1_829' title='bbox 2395 5014 2550 5080; x_wconf 82' lang='lat' dir='ltr'><strong>Audi,</strong></span> <span class='ocrx_word' id='word_1_830' title='bbox 2582 5016 2695 5083; x_wconf 87' lang='lat' dir='ltr'><strong>ﬁli,</strong></span> <span class='ocrx_word' id='word_1_831' title='bbox 2732 5014 3061 5083; x_wconf 80' lang='lat' dir='ltr'><strong>disciplinam</strong></span> <span class='ocrx_word' id='word_1_832' title='bbox 3099 5010 3263 5080; x_wconf 77' lang='lat' dir='ltr'><strong>patris</strong></span> <span class='ocrx_word' id='word_1_833' title='bbox 3295 5008 3390 5069; x_wconf 83' lang='lat' dir='ltr'><strong>tui,</strong></span> <span class='ocrx_word' id='word_1_834' title='bbox 3419 5015 3467 5059; x_wconf 85' lang='lat' dir='ltr'><strong>et</strong></span> <span class='ocrx_word' id='word_1_835' title='bbox 3510 5021 3572 5057; x_wconf 82' lang='lat' dir='ltr'><strong>ne</strong></span> 
     </span>
    </p>
   </div>
   <div class='ocr_carea' id='block_1_111' title="bbox 1972 5099 3569 5173">
    <p class='ocr_par' dir='ltr' id='par_1_111' title="bbox 1972 5099 3569 5173">
     <span class='ocr_line' id='line_1_111' title="bbox 1972 5099 3569 5173; baseline -0.01 -10"><span class='ocrx_word' id='word_1_836' title='bbox 1972 5109 2222 5173; x_wconf 72' lang='lat' dir='ltr'><strong>objeceris</strong></span> <span class='ocrx_word' id='word_1_837' title='bbox 2244 5110 2479 5162; x_wconf 84' lang='lat' dir='ltr'><strong>instituta</strong></span> <span class='ocrx_word' id='word_1_838' title='bbox 2518 5108 2700 5162; x_wconf 85' lang='lat' dir='ltr'><strong>matris</strong></span> <span class='ocrx_word' id='word_1_839' title='bbox 2739 5116 2842 5159; x_wconf 75' lang='lat' dir='ltr'><strong>tua:</strong></span> <span class='ocrx_word' id='word_1_840' title='bbox 2873 5121 2891 5158; x_wconf 92' lang='lat'><strong><em>:</em></strong></span> <span class='ocrx_word' id='word_1_841' title='bbox 2921 5118 3167 5158; x_wconf 82' lang='lat' dir='ltr'><strong>coronam</strong></span> <span class='ocrx_word' id='word_1_842' title='bbox 3194 5100 3334 5153; x_wconf 84' lang='lat' dir='ltr'><strong>enim</strong></span> <span class='ocrx_word' id='word_1_843' title='bbox 3372 5099 3569 5170; x_wconf 79' lang='lat' dir='ltr'><strong>gratio-</strong></span> 
     </span>
    </p>
   </div>
   <div class='ocr_carea' id='block_1_112' title="bbox 1967 5192 3558 5273">
    <p class='ocr_par' dir='ltr' id='par_1_112' title="bbox 1967 5192 3558 5273">
     <span class='ocr_line' id='line_1_112' title="bbox 1967 5192 3558 5273; baseline -0.009 -18"><span class='ocrx_word' id='word_1_844' title='bbox 1967 5219 2080 5255; x_wconf 80' lang='lat' dir='ltr'><strong>rum</strong></span> <span class='ocrx_word' id='word_1_845' title='bbox 2108 5202 2332 5273; x_wconf 83' lang='lat' dir='ltr'><strong>accipies</strong></span> <span class='ocrx_word' id='word_1_846' title='bbox 2364 5212 2447 5255; x_wconf 86' lang='lat' dir='ltr'><strong>luo</strong></span> <span class='ocrx_word' id='word_1_847' title='bbox 2480 5201 2672 5261; x_wconf 81' lang='lat' dir='ltr'><strong>vertici,</strong></span> <span class='ocrx_word' id='word_1_848' title='bbox 2697 5208 2746 5252; x_wconf 90' lang='lat' dir='ltr'><strong>et</strong></span> <span class='ocrx_word' id='word_1_849' title='bbox 2777 5207 3008 5267; x_wconf 87' lang='lat' dir='ltr'><strong>torquem</strong></span> <span class='ocrx_word' id='word_1_850' title='bbox 3026 5192 3395 5247; x_wconf 82' lang='lat' dir='ltr'><strong>anreumcirca</strong></span> <span class='ocrx_word' id='word_1_851' title='bbox 3417 5198 3558 5241; x_wconf 73' lang='lat' dir='ltr'><strong>luunt</strong></span> 
     </span>
    </p>
   </div>
   <div class='ocr_carea' id='block_1_113' title="bbox 1965 5284 3564 5363">
    <p class='ocr_par' dir='ltr' id='par_1_113' title="bbox 1965 5284 3564 5363">
     <span class='ocr_line' id='line_1_113' title="bbox 1965 5284 3564 5363; baseline -0.006 -20"><span class='ocrx_word' id='word_1_852' title='bbox 1965 5292 2151 5345; x_wconf 84' lang='lat' dir='ltr'><strong>collum</strong></span> <span class='ocrx_word' id='word_1_853' title='bbox 2202 5291 2396 5363; x_wconf 76' lang='lat' dir='ltr'><strong>(Prov.</strong></span> <span class='ocrx_word' id='word_1_854' title='bbox 2453 5307 2490 5355; x_wconf 84' lang='grc' dir='ltr'><strong>ι,</strong></span> <span class='ocrx_word' id='word_1_855' title='bbox 2540 5289 2636 5357; x_wconf 78' lang='lat'><strong>8).</strong></span> <span class='ocrx_word' id='word_1_856' title='bbox 2672 5287 2715 5341; x_wconf 93' lang='grc' dir='ltr'>Ο</span> <span class='ocrx_word' id='word_1_857' title='bbox 2762 5295 3025 5356; x_wconf 88' lang='lat' dir='ltr'><strong>quantum</strong></span> <span class='ocrx_word' id='word_1_858' title='bbox 3056 5284 3284 5353; x_wconf 88' lang='lat' dir='ltr'><strong>malum,</strong></span> <span class='ocrx_word' id='word_1_859' title='bbox 3316 5291 3564 5352; x_wconf 86' lang='lat' dir='ltr'><strong>torquent</strong></span> 
     </span>
    </p>
   </div>
   <div class='ocr_carea' id='block_1_114' title="bbox 2052 5614 3059 5688">
    <p class='ocr_par' dir='ltr' id='par_1_114' title="bbox 2052 5614 3059 5688">
     <span class='ocr_line' id='line_1_114' title="bbox 2052 5614 3059 5688; baseline 0.007 -20"><span class='ocrx_word' id='word_1_860' title='bbox 2052 5615 2067 5645; x_wconf 65' lang='lat'>‘</span> <span class='ocrx_word' id='word_1_861' title='bbox 2099 5614 2242 5688; x_wconf 84' lang='lat' dir='ltr'><strong>Idem</strong></span> <span class='ocrx_word' id='word_1_862' title='bbox 2268 5618 2415 5685; x_wconf 85' lang='lat' dir='ltr'><strong>cod.,</strong></span> <span class='ocrx_word' id='word_1_863' title='bbox 2445 5619 2821 5685; x_wconf 60' lang='lat' dir='ltr'><strong>exigerent“...</strong></span> <span class='ocrx_word' id='word_1_864' title='bbox 2860 5628 3059 5688; x_wconf 74' lang='lat' dir='ltr'><strong>aperta.</strong></span> 
     </span>
    </p>
   </div>
   <div class='ocr_carea' id='block_1_115' title="bbox 2049 5685 2727 5755">
    <p class='ocr_par' dir='ltr' id='par_1_115' title="bbox 2049 5685 2727 5755">
     <span class='ocr_line' id='line_1_115' title="bbox 2049 5685 2727 5755; baseline 0.009 -19"><span class='ocrx_word' id='word_1_865' title='bbox 2049 5688 2067 5755; x_wconf 63' lang='grc' dir='ltr'><strong>ζ’</strong></span> <span class='ocrx_word' id='word_1_866' title='bbox 2099 5685 2239 5741; x_wconf 88' lang='lat' dir='ltr'><strong>Idem</strong></span> <span class='ocrx_word' id='word_1_867' title='bbox 2273 5689 2420 5755; x_wconf 90' lang='lat' dir='ltr'><strong>cod.,</strong></span> <span class='ocrx_word' id='word_1_868' title='bbox 2448 5688 2727 5755; x_wconf 73' lang='lat' dir='ltr'><strong>subreptio.</strong></span> 
     </span>
    </p>
   </div>
   <div class='ocr_carea' id='block_1_116' title="bbox 2048 5750 2677 5825">
    <p class='ocr_par' dir='ltr' id='par_1_116' title="bbox 2048 5750 2677 5825">
     <span class='ocr_line' id='line_1_116' title="bbox 2048 5750 2677 5825; baseline 0.003 -15"><span class='ocrx_word' id='word_1_869' title='bbox 2048 5750 2065 5777; x_wconf 76' lang='lat'><em>&quot;</em></span> <span class='ocrx_word' id='word_1_870' title='bbox 2096 5756 2241 5813; x_wconf 86' lang='lat' dir='ltr'><strong>Idem</strong></span> <span class='ocrx_word' id='word_1_871' title='bbox 2266 5750 2416 5825; x_wconf 72' lang='lat' dir='ltr'><strong>cod.,</strong></span> <span class='ocrx_word' id='word_1_872' title='bbox 2445 5750 2677 5814; x_wconf 70' lang='lat' dir='ltr'><strong>tollatur.</strong></span> 
     </span>
    </p>
   </div>
  </div>
