3878 6194
406 294 434 323 r:

404 292 503 346 5,“
1085 355 1094 372 ο
1499 291 1792 347 menum
1834 290 2042 346 lil‘lSC.
2086 290 2588 349 lllilttllANENSlS
3536 310 3627 366 ιιι

407 419 628 459 aureum
678 407 816 461 mola
870 406 1104 460 asinaria
1134 405 1271 461 velle
1299 405 1661 458 commutare!
1692 411 1748 456 ut
1779 405 1868 473 qui
1899 404 1991 458 de-
2027 411 2069 466 Α
2100 407 2406 462 sacerdotes
2432 408 2742 477 plau-‘erunt
2771 409 3014 464 manibus
3041 411 3170 475 suis,
3199 421 3251 466 et
3271 417 3476 486 populus
3499 438 3624 480 meus

407 492 612 561 bemus,
644 495 737 550 Dei
766 497 934 565 patris
972 496 1251 564 disciplina
1287 504 1342 549 et
1387 496 1503 562 lege
1533 505 1767 558 servata,
1812 495 1878 548 de
1908 511 1991 549 re—

409 585 646 638 verentia
688 599 904 654 quoque
933 585 1120 638 matris
1159 592 1358 638 nostra:
1399 585 1806 651 institutorum,
1837 600 1993 638 coro-

409 690 532 729 nam
557 678 741 745 gratia:
766 677 780 706 ¹
809 677 1057 746 accipere
1085 686 1271 731 nostro
1297 677 1507 743 vertici,
1540 686 1596 732 et
1635 684 1877 746 torquem
1899 691 1997 730 au-

408 784 559 824 reum
589 771 732 826 circa
763 770 963 826 collum
1002 781 1279 837 nostrum;
1324 770 1630 839 abjiciendo
1673 785 1793 838 quae
1825 779 1997 824 mater

407 872 594 916 sancta
624 863 934 931 constituit,
963 861 1281 919 scandalum
1327 862 1445 932 ejus
1477 861 1600 916 liliis
1641 862 1995 932 pnebeamns,

408 967 464 1012 et
493 958 792 1014 incidamus
818 959 870 1013 in
895 959 1026 1014 illud
1049 957 1314 1029 judicium
1337 957 1406 1014 de
1430 973 1540 1027 quo
1568 957 1820 1012 Dominus
1837 957 1996 1012 dicit:

419 1047 521 1110 Qui
550 1058 722 1103 autent
767 1049 1201 1105 scandalizaverit
1227 1064 1388 1104 unum
1431 1046 1496 1101 de
1525 1046 1727 1118 pusillis
1759 1046 1876 1100 istis
1913 1047 2000 1115 qui

409 1138 462 1189 in
484 1154 562 1190 me
588 1139 820 1207 credunt,
851 1141 1060 1209 expedit
1086 1141 1132 1196 ei
1152 1149 1210 1194 ut
1238 1135 1583 1210 susp'endatur
1602 1137 1740 1191 mola
1768 1136 2004 1190 asinaria

409 1228 462 1279 in
493 1229 625 1282 collo
655 1230 786 1298 ejus,
829 1239 878 1283 et
907 1231 1240 1302 demergatur
1262 1230 1317 1284 in
1347 1227 1664 1299 profundum
1691 1227 1872 1280 maris.
1914 1225 2006 1281 Va:

411 1315 601 1369 mundo
633 1334 664 1370 a
693 1317 957 1372 scandulis
983 1320 1003 1372 !
1040 1335 1245 1372 necesse
1271 1326 1347 1371 est
1375 1319 1513 1372 enim
1535 1325 1592 1372 ut
1619 1317 1826 1371 ueniant
1848 1333 2004 1371 scan-

411 1400 567 1473 dala;
600 1419 943 1464 verumtamen
976 1428 1049 1464 va:
1069 1411 1264 1464 homini
1287 1411 1364 1463 illi
1392 1426 1486 1479 per
1512 1426 1660 1482 quem
1701 1408 2006 1464 scandalum

411 1497 543 1550 venit
592 1496 823 1567 (Matth.
853 1501 1057 1566 xvm,6,
1092 1501 1119 1552 '7
1147 1501 1164 1568 )
1197 1499 1210 1551 !
1265 1499 1321 1554 Si
1351 1499 1510 1568 igitur
1551 1515 1716 1554 unum
1747 1498 2004 1568 pusillum

411 1589 772 1643 scandalizare
801 1599 907 1644 tam
934 1603 1094 1658 grave
1114 1599 1217 1658 est,
1234 1599 1294 1645 ut
1315 1591 1483 1658 magis
1507 1589 1760 1660 expediat
1783 1589 2010 1644 scanda-

414 1678 612 1746 lizanti,
645 1679 784 1732 mola
813 1679 1043 1733 asinaria
1073 1679 1216 1734 collo
1237 1680 1352 1748 ejus
1379 1695 1669 1749 suspensa,
1700 1680 1754 1732 in
1783 1678 2004 1748 profun-

2097 500 2283 556 dilexit
2312 501 2382 555 ita
2413 500 2628 571 (T/ireu.
2663 519 2737 569 ιι,
2772 501 2857 568 Η,
2900 500 3011 571 15).
3041 502 3178 569 Quid
3197 507 3332 560 enim
3367 510 3626 579 minimum,

2099 607 2192 652 aut
2217 597 2344 666 quid
2373 598 2645 654 mediocre
2675 599 2728 652 in
2760 598 2901 652 illis?
2930 613 3146 653 onmem
3173 604 3628 669 supereminentiaui

2098 688 2442 759 blasphemiae
2483 689 2751 760 jaculatus
2799 699 2884 746 est
2910 690 3167 746 adversus
3211 706 3414 751 sanctos
3453 696 3632 769 Patres,

2099 779 2356 835 adversus
2383 796 2570 836 eorum
2600 782 2810 850 priores
2835 784 2855 814 ²
2890 783 3185 853 apostolos,
3215 784 3453 846 adversus
3485 791 3644 862 ipsum-

2101 867 2456 936 Salvatorem,
2477 871 2529 925 in
2561 873 3008 929 resurrectionem
3033 873 3311 929 meditatus
3328 886 3424 932 est.
3448 879 3639 937 Assum-

2100 969 2250 1031 ptam
2277 963 2491 1032 quidem
2530 963 2918 1020 humanitatem
2939 965 2961 997 ⁸
3007 980 3078 1020 es
3118 966 3270 1022 nobis
3309 978 3362 1023 et
3396 986 3484 1038 pro
3508 976 3641 1032 nobis

2103 1054 2339 1123 injuriat,
2371 1057 2606 1112 divinam
2635 1058 2787 1127 ejus‘
2813 1067 3059 1115 naturam
3080 1069 3137 1116 et
3161 1061 3519 1132 impassibilem
3538 1086 3641 1138 pas-

2103 1145 2344 1201 sionibus
2371 1147 2654 1216 subjacere
2681 1149 2978 1206 contendit.
3014 1168 3033 1203 ι
3068 1150 3209 1206 Ecce
3235 1164 3425 1222 quanta
3449 1165 3500 1211 et
3537 1175 3643 1227 qna-

2104 1234 2176 1290 lia
2203 1245 2420 1293 sanctus
2463 1236 2770 1296 Gennadius
2814 1240 2869 1294 in
2918 1240 3135 1297 beatum
3171 1242 3418 1315 Cyrillum
3450 1247 3643 1318 eﬂ'udit,

2108 1334 2164 1380 et
2184 1327 2328 1380 nulla
2357 1328 2482 1383 hinc
2509 1329 2568 1382 lit
2597 1330 2830 1385 nominis
2858 1331 2976 1400 ejus
3015 1332 3213 1388 invidia
3234 1376 3248 1397 ,
3295 1337 3529 1404 quoniam
3550 1340 3646 1409 ipse

2109 1433 2216 1471 non
2246 1417 2486 1488 interluit
2515 1418 2938 1477 Chalcedonensi
2965 1423 3215 1479 concilio.
3247 1424 3380 1492 Quin
3407 1429 3554 1484 etiam
3575 1447 3646 1486 re-

2107 1510 2376 1579 spondens
2405 1512 2579 1581 primo
2609 1513 2848 1583 ejusdem
2873 1517 3045 1572 sancti
3074 1517 3258 1588 Cyrilli
3293 1521 3530 1591 capitulo,
3556 1540 3646 1593 quo

2108 1599 2278 1656 dixit:
2311 1601 2365 1656 Si
2413 1603 2532 1670 quis
2572 1621 2678 1659 non
2708 1604 2994 1662 conﬁtetur
3038 1606 3206 1664 Deum
3251 1624 3368 1666 esse
3391 1615 3646 1668 secundum

2108 1692 2390 1747 veritatem
2431 1693 2764 1764 Emmanuel,
2806 1706 2864 1751 et
2903 1707 3190 1767 propterea
3235 1699 3328 1755 Dei
3373 1704 3650 1771 genitricem

413 1768 535 1822 dum
566 1771 727 1824 maris
759 1770 1019 1839 demergi,
1077 1779 1279 1840 quanto
1308 1771 1477 1839 magis
1515 1779 1680 1825 totam
1715 1771 2007 1826 Ecelcsiam
2041 1779 2082 1837 Β
2111 1793 2348 1838 sancta...
2378 1785 2648 1854 Virginem
2671 1828 2685 1853 ν
2736 1789 2920 1858 genui;
2964 1790 3108 1844 enim
3158 1768 3437 1848 carnaliter
3461 1809 3650 1850 carnem

413 1859 522 1912 sola
555 1859 922 1928 inquietudine
949 1861 1112 1916 animi
1137 1871 1194 1918 et
1231 1876 1342 1917 non
1371 1863 1585 1916 tacendi
1627 1860 1846 1917 libidine
1872 1877 2001 1918 con-

414 1952 657 2006 turbare!

1026 2065 1255 2121 CAPUT
1293 2065 1375 2122 ιν.

415 2156 566 2221 Quod
593 2157 724 2225 falso
748 2157 1046 2210 damnaqu
1073 2174 1104 2210 a
1128 2174 1182 2211 se
1201 2159 1402 2228 jactent
1425 2173 1470 2214 e;
1490 2155 1716 2219 istolam,
1739 2157 1862 2227 quia
1906 2156 2006 2226 Cy-

485 2228 660 2280 rillum
692 2230 826 2281 male
871 2230 1130 2292 (ructarit,
1169 2245 1287 2281 cum
1333 2229 1568 2282 acerbius
1601 2237 1853 2281 tractatus
1881 2231 1946 2281 sit
1975 2245 2007 2279 a

481 2296 748 2350 (icimadio
775 2307 821 2350 ct
855 2295 1080 2366 Isidoro,
1112 2315 1239 2365 quos
1262 2316 1362 2353 non
1385 2300 1787 2370 reme/Ludunt.

484 2431 652 2498 Quale
680 2448 808 2486 vero
840 2431 968 2486 illud
989 2441 1071 2487 est
1092 2431 1234 2500 quod
1255 2431 1481 2501 jactant,
1500 2430 1620 2486 ideo
1640 2446 1699 2486 se
1722 2430 2010 2486 damnasse

413 2525 553 2579 hanc
579 2523 882 2593 epistolam,
913 2522 1058 2593 quod
1088 2522 1204 2592 ejus
1232 2523 1571 2593 conscriptor
1590 2522 1834 2579 videatur
1861 2521 1916 2576 in
1944 2535 2009 2574 ea

410 2617 483 2670 de
509 2615 668 2669 beato
693 2615 894 2686 Cyrillo
922 2614 1068 2684 quod
1101 2615 1238 2670 male
1265 2615 1556 2682 sensisset,
1584 2630 1705 2670 cum
1733 2613 2014 2683 scripserit

412 2704 672 2760 adversus
699 2704 950 2758 eumdem
977 2713 1223 2759 sanctum
1251 2704 1510 2775 Cyrillum
1538 2713 1594 2759 et
1622 2690 1695 2756 19
1716 2702 1832 2772 ejus
1859 2702 2009 2773 capi-

416 2795 550 2858 tula,
587 2795 756 2849 beata:
777 2810 996 2865 quoque
1021 2795 1297 2850 memoriae
1323 2794 1633 2850 Gennadius
1661 2793 1820 2864 hujus
1851 2795 2013 2863 regiae

413 2885 648 2942 civitatis
669 2887 955 2956 episc0pus
977 2896 1027 2952 ι,
1058 2901 1160 2942 nec
1187 2887 1256 2942 ab
1282 2887 1397 2943 istis
1429 2885 1793 2956 reprehensus
1829 2885 1884 2940 in
1909 2885 2014 2941 hac

412 2977 868 3034 condemnatione
895 2977 1292 3044 denominetur,
1329 2979 1421 3050 qui
1452 2978 1621 3033 multo
1643 2978 2016 3033 vehementius

418 3076 477 3122 et
499 3069 940 3124 contumeliosius
965 3085 1088 3124 cuin
1144 3069 1195 3123 in
1226 3085 1319 3124 sua
1351 3069 1702 3140 responsione
1723 3068 2015 3131 tractavit?

422 3157 550 3212 Nam
600 3159 678 3214 sic
723 3159 979 3214 adversus
1026 3174 1150 3214 eum
1193 3159 1324 3214 dicit
1357 3177 1370 3212 :
1411 3177 1428 3210 ι
1455 3158 1543 3212 νω
1591 3159 1720 3212 mihi
1746 3174 1778 3212 a
1819 3157 2010 3211 malis:
2041 3159 2087 3221 (ζ

423 3258 546 3317 heu,
581 3252 712 3306 heu!
747 3253 888 3308 unde
913 3253 1056 3307 enim
1094 3252 1376 3322 quisquam
1423 3251 1475 3304 in
1505 3251 1756 3321 pnnsenti
1797 3249 2017 3306 aliunde

423 3353 597 3397 sumat
625 3343 944 3397 exordium?
987 3342 1184 3409 Quales
1211 3341 1395 3412 Cyrilli
1425 3341 1684 3413 IEgyptii,
1714 3351 1770 3396 et
1789 3347 2017 3411 quantas

425 3431 782 3502 blaspbemias
811 3433 1031 3498 incurri,
1064 3440 1122 3487 et
1147 3441 1376 3501 quantas
1404 3432 1766 3504 blasphemias
1789 3431 1965 3486 audivi
1993 3431 2006 3484 !

425 3522 552 3589 Quis
583 3538 766 3576 revera
795 3521 887 3577 det
927 3523 1091 3592 capiti
1139 3538 1261 3577 meo
1305 3539 1531 3594 aquam,
1582 3533 1638 3578 et
1666 3522 1839 3577 oculis
1883 3523 2018 3577 meis

426 3613 625 3670 (alitem
657 3615 1046 3686 laerymarum?
1083 3624 1141 3670 et
1164 3615 1389 3686 plorabo
1427 3616 1567 3673 istud
1596 3616 1682 3671 die
1726 3624 1781 3672 et
1809 3624 1966 3670 nocte
2001 3635 2013 3668 :

427 3707 677 3776 quoniam
708 3707 952 3761 extendit
979 3706 1160 3776 lingua
1189 3707 1307 3776 ejus
1335 3707 1694 3771 mendacium,
1738 3716 1796 3762 et
1821 3723 1926 3761 non
1956 3705 2016 3759 li-r

427 3797 580 3863 dein;
614 3797 948 3853 confortatus
973 3807 1057 3853 est
1103 3813 1268 3868 super
1293 3807 1492 3852 terram
1524 3797 1673 3868 (Jer.
1709 3813 1782 3862 Ix,
1811 3795 1968 3866 1-5)
1999 3815 2015 3863 ;

427 3905 493 3945 ex
541 3900 690 3944 certo
737 3906 843 3958 pax
887 3890 1259 3959 peccatoribus
1302 3888 1569 3959 deceptio.
1629 3887 1858 3958 Propter
1915 3888 2018 3941 hoc

429 3981 570 4035 enim
600 3981 832 4036 obtinuit
859 3997 972 4047 eos,
1007 3981 1198 4050 inquit,
1227 3980 1480 4050 superbia
1507 3994 1695 4034 eorum
1739 3978 1790 4033 in
1821 3979 2017 4044 linem;

429 4073 799 4138 cogitaverunt
819 4081 873 4126 et
894 4073 1057 4126 locuti
1084 4080 1208 4127 sunt
1229 4072 1282 4126 in
1309 4071 1663 4140 malignitate,
1683 4070 2021 4139 iniquitatem

430 4167 480 4220 in
508 4166 672 4219 altum
703 4165 866 4219 locuti
897 4175 1051 4230 sunt;
1076 4173 1370 4233 posuerunt
1397 4165 1447 4216 in
1478 4163 1618 4218 cmlo
1648 4180 1710 4217 os
1747 4178 1928 4223 suum,
1967 4171 2023 4214 et

432 4261 606 4328 lingua
637 4275 821 4313 eorum
855 4257 1102 4312 transivit
1129 4272 1294 4325 super
1323 4264 1518 4310 terram
1548 4257 1565 4324 (
1593 4254 1738 4308 Psal.
1772 4270 1934 4315 va“,
1967 4253 2020 4316 6,

432 4350 484 4413 Β,
518 4353 594 4419 υ).
630 4349 924 4403 Psalmista:
955 4348 1056 4402 ista
1087 4355 1242 4412 sunt;
1273 4344 1520 4401 Ieremia:
1543 4357 1720 4399 autem
1750 4345 2024 4414 propheta:

432 4442 520 4497 illa
553 4443 741 4510 prima.
775 4441 953 4511 Euge!
985 4461 1018 4497 ο
1040 4444 1200 4498 beate
1227 4442 1391 4496 Paule
1421 4460 1434 4493 :
1481 4441 1798 4512 Exsurgent,
1829 4440 2020 4509 inquit,

2108 1875 2302 1929 factum
2335 1876 2426 1931 Dei
2461 1877 2720 1946 Verbum,
2751 1881 3036 1936 anathema
3065 1882 3166 1947 sit;
3199 1883 3271 1936 ita
3302 1883 3353 1938 in
3381 1900 3497 1939 eum
3525 1887 3654 1940 inve-

2107 1976 2227 2023 ctus
2253 1979 2336 2024 est
2381 1988 2394 2023 :
2445 1989 2464 2022 ι
2511 1971 3072 2030 Anathematizaturus
3117 1984 3202 2030 est
3229 1985 3281 2030 te
3313 1977 3476 2044 Deus,
3505 1980 3655 2048 paries

2106 2059 2354 2114 dealbate
2385 2061 2540 2131 (Act.
2574 2078 2726 2130 χχιιι,
2750 2063 2822 2134 5)
2875 2082 2888 2116 :
2930 2065 3288 2132 justissimum
3331 2069 3468 2122 enim
3495 2079 3570 2123 est
3593 2079 3666 2137 te,

2108 2152 2353 2207 similiter
2377 2152 2598 2208 Anania:
2622 2153 2924 2210 Judasorum
2955 2157 3188 2226 principi
3215 2159 3543 2214 sacerdotum
3568 2161 3655 2215 lin-

2108 2258 2264 2312 guam
2293 2243 2552 2299 adversus
2571 2243 2862 2314 discipulos
2888 2247 3084 2302 Christi
3109 2258 3436 2315 moventem,
3459 2251 3662 2308 similem

2109 2335 2178 2391 ab
2205 2336 2286 2393 eis
2327 2336 2746 2406 indignationem
2794 2340 3048 2409 experiri,
3077 2360 3096 2393 ι
3151 2351 3211 2397 et
3245 2351 3455 2410 caetera,
3488 2361 3597 2414 qua:
3617 2347 3662 2399 in

2109 2427 2302 2484 eodem
2331 2443 2518 2498 opere,
2565 2428 2613 2484 si
2655 2430 2776 2500 quis
2801 2431 2970 2498 volet,
3000 2431 3264 2489 inveniet.
3309 2435 3413 2490 Cur
3450 2436 3596 2505 igitur
3619 2439 3666 2493 in

2111 2520 2216 2575 hac
2244 2520 2449 2576 ultione
2472 2562 2489 2588 ,
2517 2519 2658 2577 sicut
2701 2520 2916 2585 dicunt,
2948 2522 3268 2592 iniuriarum
3320 2526 3459 2581 beati
3486 2527 3664 2599 Cyrilli,

2113 2626 2220 2668 non
2249 2612 2420 2680 magis
2445 2612 2620 2667 sancti
2655 2610 2916 2668 Gennadii
2963 2628 3165 2670 nomen
3188 2654 3207 2680 ,
3249 2624 3306 2670 et
3332 2632 3430 2686 pro
3465 2619 3542 2673 sui
3576 2618 3670 2673 loci

2113 2703 2455 2766 auctoritate,
2503 2703 2656 2773 quasi
2705 2704 2865 2773 regia:
2910 2703 3144 2760 civitatis
3191 2707 3451 2775 episcopi,
3493 2718 3547 2763 et
3584 2725 3670 2778 pro

2113 2795 2552 2850 maledictionmn
2597 2803 2762 2865 atque
2812 2797 3264 2856 contumeliarum
3318 2799 3677 2867 magnitudine,

2113 2887 2435 2943 ventilatur?
2458 2886 2614 2954 Quod
2659 2888 2706 2942 si
2750 2887 2856 2943 hoc
2901 2888 3405 2953 consideraverunt,
3449 2889 3678 2959 quoniam

2118 2979 2240 3033 talia
2268 2979 2578 3035 Gennadius
2605 2979 2672 3035 de
2694 2979 2895 3050 Cyrillo
2924 2996 3032 3035 non
3051 2981 3453 3047 scriberet,nisi
3479 2981 3680 3036 dicentis

2117 3071 2474 3127 intentionem
2493 3071 2671 3126 minus
2699 3070 3051 3127 intellexisset
3082 3089 3095 3124 :
3125 3071 3271 3128 hanc
3304 3073 3606 3143 prudentem
3637 3081 3683 3128 et

2119 3160 2262 3230 piam
2292 3159 2782 3215 considerationem
2829 3173 2932 3228 ego
2977 3175 3200 3230 quoque
3247 3163 3499 3233 suscipio.
3528 3163 3682 3218 Potuit

2119 3249 2263 3305 enim
2292 3257 2348 3304 et
2376 3249 2491 3320 ipse
2511 3249 2580 3304 de
2603 3247 2904 3306 Christiana
2932 3250 3214 3320 religione.
3241 3267 3365 3321 qua:
3410 3259 3551 3308 recta
3582 3262 3687 3306 sunt

2119 3341 2364 3407 credens,
2397 3357 2507 3396 non
2537 3341 2868 3398 intellectum
2895 3343 3114 3398 beatum
3147 3343 3414 3415 Cyrillum
3443 3345 3572 3398 bona
3617 3343 3686 3396 in-

2118 3429 2362 3484 tentione
2399 3416 2656 3500 culpare,
2703 3437 2762 3485 et
2805 3430 3003 3486 bonam
3049 3431 3322 3488 damnare
3369 3433 3702 3489 intentionem

2119 3519 2428 3576 damnabile
2454 3520 2821 3576 crediderunt.
2851 3520 3007 3588 Quod
3051 3522 3238 3578 siﬂioc
3280 3524 3443 3578 etiam
3471 3521 3693 3578 conside-

2119 3619 2396 3677 raverunt,
2426 3613 2683 3682 quoniam
2711 3613 2757 3668 si
2795 3628 2862 3668 ea
2905 3626 3027 3681 qua
3049 3623 3185 3670 ante
3230 3622 3452 3669 centum
3489 3626 3646 3666 annos
3670 3626 3696 3664 a

2117 3707 2280 3764 beato
2308 3708 2592 3765 Gennadio
2616 3708 2814 3778 scripta
2837 3717 2987 3775 sunt,
3002 3708 3173 3764 modo
3204 3707 3700 3766 condemnarentur,

2121 3797 2174 3854 in
2213 3798 2676 3869 reprehensione'
2719 3799 2885 3853 totius
2930 3796 3194 3854 Ecclesiae
3245 3796 3424 3861 ﬁeret,
3463 3810 3578 3865 quae
3611 3793 3701 3848 hoc

2120 3899 2247 3944 ante
2270 3905 2378 3945 non
2401 3890 2530 3945 fecit
2561 3907 2577 3944 :
2606 3889 2713 3946 hoc
2736 3903 2954 3958 quoque
2979 3888 3268 3958 sapienter
3289 3896 3456 3957 atque
3483 3885 3701 3939 modeste

2121 3980 2518 4036 consideratam
2543 3995 2683 4046 esse,
2700 3980 2744 4036 si
2771 3979 2894 4049 quis
2912 3979 3134 4048 sapiens
3162 3985 3221 4033 et
3243 3977 3541 4039 modestus,
3555 3986 3702 4042 agno.

2123 4080 2236 4128 seet
2261 4073 2301 4126 ⁸.
2332 4071 2439 4128 Sed
2466 4086 2634 4141 quare
2662 4087 2770 4126 non
2799 4069 3030 4140 amplius
3056 4070 3172 4125 hoc
3193 4083 3365 4138 super
3385 4064 3603 4136 epistola
3623 4076 3706 4114 vc-

2126 4165 2378 4222 nerabilis
2398 4165 2501 4220 Iba:
2543 4164 2943 4220 consideratam
2974 4169 3059 4216 est
3079 4201 3096 4226 ,
3152 4176 3304 4230 quas,
3332 4169 3391 4214 ut
3420 4173 3527 4212 non
3551 4154 3706 4208 dicam

2125 4256 2193 4309 ab
2222 4255 2510 4310 universali
2549 4253 2755 4324 synodo
2803 4252 3098 4322 approbata
3152 4261 3243 4307 est
3269 4293 3285 4319 ,
3320 4259 3474 4305 certe
3504 4245 3706 4300 recitata

2127 4348 2234 4402 illic
2259 4345 2577 4410 ostenditur,
2632 4361 2733 4400 nec
2775 4345 3078 4399 ostenditur
3123 4343 3388 4397 abdicata
3413 4379 3429 4404 ,
3482 4337 3578 4392 nisi
3602 4333 3710 4402 quia

2127 4457 2226 4510 pro
2255 4439 2622 4495 destructione
2665 4437 2831 4508 ipsius
2877 4435 3112 4507 synodi,
3166 4445 3230 4490 et
3258 4450 3371 4488 non
3416 4447 3514 4502 pro
3540 4427 3712 4494 injuria

433 4539 483 4588 et
509 4551 575 4587 ea
622 4533 760 4588 vobis
793 4535 919 4604 ipsis
962 4536 1056 4589 uiri
1085 4533 1350 4605 loquentes
1377 4550 1615 4602 perversa
1642 4574 1656 4599 ,
1687 4542 1740 4585 ut
1770 4531 2031 4584 abducant
2064 4538 2113 4596 Ι)
2138 4532 2302 4600 ipsius
2330 4530 2532 4601 Cyrilli,
2575 4529 2728 4597 quasi
2759 4527 2982 4597 profana
3027 4527 3297 4581 damnata
3347 4525 3464 4578 θειῖ
3493 4521 3714 4584 Denique

433 4623 711 4694 discipulos
735 4635 846 4694 post
873 4642 926 4679 se
957 4625 1094 4693 (Act.
1129 4641 1220 4689 xx,
1247 4624 1359 4694 50).
1377 4622 1469 4676 Vae
1495 4623 1639 4676 man
1670 4621 2029 4682 Alexandrite,

433 4715 680 4769 lamiliari
711 4715 848 4784 ejus,
878 4726 931 4770 et
957 4717 1177 4786 proprio
1209 4715 1323 4786 jam
1366 4716 1450 4770 isti
1476 4713 1736 4780 secundo,
1767 4729 1885 4781 qua:
1907 4729 2030 4766 cor-

435 4817 590 4876 rupta
619 4807 915 4876 ploremus,
964 4823 1188 4877 qumque
1225 4807 1522 4876 corrumpit
1573 4824 1584 4856 :
1632 4822 1699 4858 ex
1749 4813 1864 4858 toto
1918 4803 2029 4871 jam

436 4899 749 4969 mysterium
796 4899 1122 4968 iniquitatis,
1176 4909 1232 4955 et
1271 4915 1459 4954 vereor
1486 4914 1551 4952 ne
1582 4897 1718 4951 forte
1757 4889 2026 4964 nunquani

435 4989 527 5057 qni
556 4999 704 5043 tenet
735 4989 802 5044 de
831 4992 1009 5044 medio
1059 4991 1151 5044 liat
1179 4993 1196 5057 (
1222 4989 1284 5044 ΙΙ
1312 4989 1490 5044 Thess.
1521 5005 1576 5050 ll,
1609 4988 1637 5039 7
1666 4988 1704 5055 ).
1745 4986 1888 5053 Euge
1936 4985 2021 5039 Je-

441 5081 620 5133 remiu:
646 5083 918 5151 propheta:
947 5083 958 5136 !
992 5082 1138 5138 Idem
1170 5084 1241 5136 illi
1272 5082 1390 5136 voci
1417 5081 1644 5134 ρχδιιιδὶδ
1673 5078 1923 5131 terribilis
1947 5078 2026 5130 l‘a-

440 5181 526 5225 cta
555 5181 638 5225 est
657 5189 819 5243 super
844 5183 1040 5228 terram
1083 5193 1096 5228 :
1145 5172 1426 5244 Propheta:
1456 5170 1779 5241 [u'opbctaut
1807 5168 1984 5236 iniqua
2011 5187 2025 5233 ;

517 5314 543 5342 ⁸
566 5305 860 5360 Successor
888 5306 1140 5365 Anatolii.
1172 5306 1239 5360 ad
1283 5321 1441 5374 quem
1486 5306 1683 5372 scripta
1713 5313 1795 5358 est
1833 5301 2027 5356 Leonis

410 5369 415 5374 ’
445 5375 668 5444 epistola
692 5377 1002 5430 centesima.
1039 5377 1205 5444 llujus
1234 5369 1408 5430 locum
1434 5369 1660 5429 alterum
1688 5390 1753 5428 ex
1784 5374 1875 5426 lib.
1908 5389 1942 5426 ιι
1963 5374 2027 5444 ad

448 5443 791 5501 Parthenium
822 5447 1023 5516 profert
1051 5443 1308 5502 Leontius
1328 5448 1379 5501 in
1411 5449 1542 5500 locis
1568 5444 1942 5500 communibus
1963 5443 2029 5496 de

522 5581 537 5613 ‘
569 5580 705 5636 Cod.
738 5580 963 5644 Veron.,
991 5581 1296 5648 gratiarum.

522 5654 540 5683 ‘
573 5650 712 5704 idem
737 5651 880 5713 cod.,
904 5652 1210 5720 superiores.

524 5723 544 5752 ³
574 5721 712 5774 item
741 5722 884 5784 eod.,
915 5718 1283 5774 humanitatem
1306 5718 1576 5790 unigeniti.

537 5796 551 5821 "
578 5791 721 5845 Idem
743 5793 894 5854 cod.,
926 5801 1095 5844 autem
1121 5791 1249 5848 eius.

2136 4625 2298 4678 etiam
2341 4623 2482 4676 dicta
2512 4621 2830 4676 venerabilis
2877 4617 3214 4674 Theodoreti
3256 4615 3505 4688 epise0pi
3542 4608 3712 4681 Cyrri.

2135 4715 2189 4769 in
2217 4713 2407 4784 quibus
2434 4713 2703 4768 contraria
2736 4711 2936 4765 dicitur
2959 4709 3253 4778 scripsisse
3281 4710 3448 4762 beato
3495 4699 3701 4774 Cyrillo.

2133 4805 2231 4860 sub
2261 4805 2415 4869 hujus
2438 4803 2653 4858 ultionis
2681 4803 2903 4856 obtentu
2932 4801 3189 4856 similiter
3221 4795 3685 4868 reprehenderunt
3710 4797 3726 4844 ἑ

2137 4905 2191 4948 et
2218 4895 2288 4948 ob
2337 4896 2439 4948 boe
2466 4909 2589 4947 eum
2616 4893 2859 4947 volentes
2890 4891 3059 4946 videri
3109 4889 3446 4950 notabilem,
3475 4883 3595 4955 quia
3622 4881 3719 4950 ipse

2138 4984 2275 5038 inter
2309 4983 2444 5037 alios
2493 4981 2679 5036 Patres
2726 4979 2897 5035 adfuit
2917 4977 3362 5034 Chalcedonensi
3405 4971 3649 5033 concilio,
3675 4977 3725 5019 et

2136 5078 2277 5132 beati
2315 5075 2506 5130 Leonis
2524 5073 2806 5142 epistolam
2834 5087 2994 5140 quam
3021 5068 3356 5140 Eutychiani
3381 5060 3720 5121 anathemati-

2137 5175 2278 5230 zant,
2333 5180 2455 5220 cum
2503 5164 2573 5220 ibi
2623 5163 2980 5232 relegeretur,
3032 5159 3429 5215 dubitantibus
3479 5149 3725 5234 episcopis

2133 5301 2347 5372 Origine
2377 5303 2675 5356 animarum
2701 5343 2718 5368 ,
2767 5299 3021 5356 Γενναδίου
3053 5293 3635 5356 Κωνσταντινονπῶιυς
3681 5284 3724 5335 έι

2134 5383 2222 5429 τοῦ
2249 5378 2375 5449 πρὸς
2404 5376 2656 5445 Παρθένιον
2684 5372 2923 5428 δευτέρου
2950 5372 3118 5440 λόγον.

2214 5575 2234 5604 ⁵
2258 5571 2399 5624 Idem
2429 5571 2550 5624 cod.
2567 5609 2582 5633 ,
2610 5567 3077 5638 reprehensionem.

2212 5645 2234 5674 °
2272 5643 2414 5694 Idem
2459 5630 2618 5707 cod.,
2645 5630 2770 5712 quis
2815 5639 3022 5708 sapiens
3065 5641 3121 5688 et
3176 5635 3452 5687 modestus
3499 5630 3714 5695 ignoret:

2142 5713 2265 5770 Sed.
2297 5723 2400 5767 etc.
