3878 6194
453 305 557 359 575

1557 301 1856 361 FACUND!
1897 304 2108 364 EPlSC.
2148 303 2656 362 llERM‘lANENSiS
3583 327 3668 386 5H

450 423 690 478 siderare
719 423 1032 492 dignemini,
1095 424 1187 476 illo
1219 420 1374 476 vobis
1427 422 1440 451 ¹
1497 422 1774 490 aperiente
1821 436 1917 476 cor
1954 436 2048 474 ve-
2078 431 2123 488 Α
2153 438 2260 476 non
2297 421 2469 477 solum
2501 424 2795 478 auctoritas
2821 422 2991 477 beata:
3020 425 3284 480 memoria:
3311 430 3535 504 principis
3559 438 3668 496 llat-

453 525 645 582 strum,
676 524 731 570 et
767 517 1054 571 claudente
1101 513 1541 584 subreptionibus
1593 515 1901 584 impiorum,
1931 515 2045 582 qui,

449 606 588 661 sicut
634 607 894 677 scriptum
940 616 1064 660 est:
1097 607 1324 661 Sanctus
1371 615 1420 662 et
1469 622 1616 661 verus
1665 605 1817 660 habet
1851 607 2046 660 clavem

450 695 654 764 David;
691 710 739 752 et
759 702 845 768 qui
874 704 1070 772 aperit,
1100 712 1150 757 et
1189 719 1343 758 nemo
1369 704 1602 768 claudit;
1633 712 1683 757 et
1709 704 1795 773 qui
1823 702 2041 765 claudit,

446 800 496 842 et
547 805 696 844 nemo
725 791 889 860 aperit
921 792 1103 864 (Apoc.
1137 808 1214 858 ιιι,
1249 792 1341 863 7):
1388 793 1503 864 ipsa
1551 807 1732 847 rerum
1771 801 2043 860 gestarum

446 883 713 938 evidentia
743 887 1081 954 cognoscetis
1109 886 1253 955 quod
1301 887 1354 941 in
1385 887 1796 942 evacuationem
1849 885 2042 939 decre-

449 983 622 1029 torum
671 977 862 1048 synodi
903 975 1358 1036 Chalcedonensis
1401 985 1563 1048 atque
1609 977 1852 1046 epistolas
1891 991 2044 1046 papae

449 1064 666 1131 Leonis,
717 1069 868 1138 cujus
898 1069 1273 1125 Tbeodoretus
1317 1069 1605 1144 episcopus
1634 1070 1688 1123 in
1735 1070 1924 1124 eadem
1954 1086 2044 1140 sy-

449 1156 589 1211 nodo
621 1156 716 1212 fuit
746 1168 1001 1224 assertor,
1053 1161 1169 1216 lucc
1197 1148 1378 1214 omnia
1422 1169 1479 1215 et
1518 1160 1586 1214 ab
1626 1160 1895 1214 luereticis
1923 1176 2044 1217 esse

446 1249 752 1316 adinventa,
785 1255 933 1308 etab
977 1269 1164 1308 eorum
1213 1255 1512 1309 fautoribus
1551 1255 1844 1310 constituta
1877 1273 1890 1309 :
1921 1270 2042 1324 quae

452 1340 551 1394 nisi
601 1342 840 1396 melioris
895 1344 1272 1399 emendatione
1314 1344 1498 1414 judicii
1547 1344 1775 1399 rescissa
1824 1343 2042 1412 fuerint,

445 1432 662 1496 frustra,
695 1434 779 1486 vel
827 1435 871 1487 si
901 1435 1045 1488 credi
1076 1447 1276 1505 posset,
1321 1447 1548 1505 negatur
1573 1437 1718 1507 quod
1758 1439 2043 1507 epistolam

446 1526 769 1579 venerabilis
792 1525 894 1579 Iba:
915 1535 1215 1581 memorata
1257 1529 1496 1598 synodus
1523 1528 1860 1597 approbavit.
1907 1528 2042 1584 Cum

443 1615 584 1668 enim
633 1624 843 1670 constet
869 1616 1012 1686 quod
1045 1617 1114 1670 ibi
1149 1617 1406 1686 praedicto
1437 1617 1692 1686 episcopo
1728 1618 1795 1670 ab
1821 1631 2042 1672 accusa-

445 1705 652 1759 toribus
700 1706 810 1760 suis
851 1706 1061 1779 objecta
1098 1710 1188 1770 sit,
1249 1707 1439 1776 procul
1474 1707 1656 1772 dubio,
1700 1707 1838 1761 sicut
1878 1721 2041 1776 supra

2152 513 2300 579 tiani,
2345 513 2440 568 sed
2468 528 2569 584 ego
2598 516 2761 570 etiam
2793 529 2909 568 mea
2954 515 3285 573 confessione
3314 520 3516 580 ﬁrmavi.
3541 529 3670 598 Quia,

2147 606 2289 660 sicut
2329 616 2517 663 sancte
2553 609 2929 677 veraciterque
2976 609 3204 678 dixistis,
3255 615 3492 681 perfectio
3532 623 3673 680 incre-

2147 707 2387 752 mentum
2411 709 2466 753 et
2491 699 2847 768 adiectionem
2877 700 3153 770 plenitudo
3183 718 3284 758 non
3305 707 3499 780 recipit.
3525 730 3542 764 ι
3574 711 3678 771 Per.

2145 791 2291 846 videt
2313 791 2472 861 igitur
2499 794 2765 848 serenitas
2794 804 2883 848 tua
2908 793 3072 863 quod,
3099 795 3235 850 sicut
3261 798 3381 854 nihil
3405 801 3452 855 in
3475 803 3675 872 ejusdem

2145 883 2336 954 synodi
2365 883 2594 939 decretis
2621 885 2920 954 emendari,
2953 885 3026 940 ita
3049 901 3151 941 nec
3180 887 3331 956 adjici
3359 893 3529 960 possit.
3553 893 3678 955 Unde

2146 991 2254 1030 non
2300 976 2473 1031 solum
2525 985 2713 1031 contra
2768 978 2939 1047 ipsam
3000 978 3278 1049 synodum,
3335 997 3503 1038 verum
3546 989 3677 1045 etiam

2145 1074 2332 1121 contra
2364 1067 2525 1137 hujus
2566 1069 2852 1138 apostolici
2885 1068 2982 1123 viri
3028 1070 3367 1139 sententiam,
3397 1077 3678 1132 convincun-

2145 1167 2234 1214 tur
2274 1160 2448 1228 egisse
2487 1159 2578 1229 qui
2608 1160 2931 1215 venerabilis
2969 1160 3075 1216 Iba:
3103 1161 3380 1232 epistolam
3409 1172 3585 1223 temere
3603 1169 3678 1223 da-

2119 1259 2488 1305 .mnaverunt.
2521 1249 2806 1317 Quoniam,
2833 1253 2920 1308 vel
2949 1253 2993 1308 si
3017 1253 3203 1308 dicunt
3228 1257 3366 1324 quod
3388 1258 3510 1313 nihil
3529 1259 3681 1330 ineius

2145 1341 2378 1396 decretis
2405 1342 2695 1398 emendare
2722 1351 3199 1413 przesumpserunt,
3245 1360 3432 1415 negare
3457 1364 3551 1404 non
3575 1365 3677 1419 pos-

2144 1440 2271 1487 sunt
2314 1432 2459 1502 quod
2514 1433 2715 1502 aliquid
2769 1448 2956 1488 eorum
3013 1433 3327 1504 plenitudini
3371 1436 3680 1506 judicaven'nt

2143 1526 2408 1582 defuisse:
2453 1526 2680 1596 utquod
2708 1526 2821 1596 ipsa
2851 1528 3031 1582 minus
3069 1526 3198 1582 fecit
3241 1529 3294 1583 in
3332 1545 3480 1585 causa
3503 1547 3602 1601 qua:
3623 1535 3682 1590 ibi

2146 1617 2330 1672 tandiu
2359 1627 2593 1672 tractata
2625 1625 2728 1683 est,
2754 1619 2839 1673 isti
2861 1620 3012 1688 quasi
3044 1619 3388 1689 prudentiore
3419 1637 3479 1677 ac
3501 1622 3684 1691 diligen-

2145 1709 2283 1764 tiore
2315 1709 2748 1766 consideratione
2782 1711 3115 1782 supplerent.
3157 1709 3430 1777 Quomodo
3457 1712 3597 1782 igitur
3621 1716 3686 1768 in-

440 1801 550 1870 jam
595 1801 842 1865 diximus,
890 1803 933 1854 si
963 1817 1104 1856 nlltlc
1129 1802 1274 1869 juste
1302 1801 1610 1866 damnatur,
1642 1809 1770 1856 tunc
1807 1802 2039 1856 maxime
2073 1810 2115 1870 Β
2143 1801 2462 1856 saltationes
2489 1802 2860 1857 luereticorum
2899 1803 3202 1857 valebimus
3241 1802 3498 1858 declinare
3533 1804 3684 1859 dicen-

439 1892 789 1946 condenmari
832 1892 1111 1946 debuerat.
1155 1891 1289 1958 Quia
1322 1907 1449 1946 vero
1478 1907 1584 1945 non
1612 1891 1912 1946 ostenditur
1963 1891 2038 1944 fa-

440 1995 608 2050 ctum,
638 1985 850 2038 videtur
870 1985 958 2037 illa
989 1984 1245 2054 synodus,
1273 1991 1330 2036 ιιι
1375 1998 1480 2036 non
1510 1983 1683 2036 dicam
1717 1982 1905 2036 haeresi
1941 1996 2037 2036 co-

443 2079 697 2141 lnbnisse,
741 2077 942 2147 aliquid
975 2087 1124 2132 certe
1165 2078 1342 2130 minus
1375 2075 1584 2142 fecisse,
1616 2075 1760 2145 quod
1801 2075 2040 2143 adjicere

442 2171 526 2224 isti
557 2171 817 2225 deberent
847 2181 1008 2238 atque
1049 2162 1323 2238 supplere.
1357 2167 1556 2222 Beatus
1585 2176 1762 2222 autem
1810 2167 1939 2232 Leo,
1975 2165 2046 2217 fi-

440 2261 576 2316 delis
618 2277 682 2315 ac
731 2260 902 2315 lidens
944 2266 1314 2330 propugnator
1342 2257 1618 2324 Ecclesiae,
1651 2266 1706 2312 et
1753 2258 2042 2313 lneretico-

441 2370 556 2408 rum
587 2370 694 2409 non
728 2353 883 2408 ﬁctus
911 2362 1003 2406 aut
1035 2353 1273 2422 trepidus
1318 2352 1674 2422 impugnator,
1709 2352 1785 2406 sic
1817 2351 1888 2404 ibi
1919 2365 2040 2405 esse

439 2447 567 2502 dicit
603 2447 784 2502 omnia
815 2445 1057 2509 deﬁnita,
1103 2455 1161 2498 ut
1206 2444 1341 2498 nihil
1370 2459 1555 2499 eorum
1586 2442 1905 2514 perfectioni
1937 2443 2039 2496 ad—

439 2537 527 2606 jici
570 2552 732 2607 posse
761 2537 1064 2591 conlirmet.
1097 2535 1341 2604 Namque
1377 2550 1498 2590 cum
1556 2534 1744 2589 multis
1789 2543 1844 2588 et
1872 2535 2038 2590 variis

440 2631 926 2685 machinationibus
955 2629 1195 2698 ejusdem
1226 2627 1417 2699 synodi
1461 2626 1862 2689 auctoritatem,
1894 2626 2038 2681 sicut

439 2731 493 2776 ct
515 2738 674 2788 nunc,
698 2721 1020 2791 Eutychiani
1062 2720 1354 2788 infringere
1370 2719 1453 2774 vel
1497 2719 1741 2774 minuere
1768 2734 2036 2792 conaren-

441 2825 546 2881 tur,
575 2821 630 2868 et
658 2829 777 2882 quae
807 2814 877 2867 ibi
907 2822 1031 2867 sunt
1075 2812 1311 2881 judicata
1359 2811 1549 2866 discuti
1597 2819 1922 2880 quaererent,
1977 2819 2039 2866 ut

439 2905 538 2959 sub
567 2911 830 2975 prmtextu
860 2903 1214 2972 diligentioris
1237 2908 1518 2968 tractatus,
1549 2910 1644 2955 aut
1683 2901 1954 2956 emendari
1982 2902 2036 2958 in

441 2998 517 3055 eis
547 2996 818 3052 videretur
844 2995 1044 3065 aliquid
1084 3003 1176 3050 aut
1207 2994 1445 3065 suppleri
1471 3011 1484 3048 :
1517 2993 1810 3064 prudenter
1836 3009 1901 3049 ac
1928 2994 2037 3049 for-

443 3089 568 3143 titer
595 3103 781 3143 eorum
812 3087 1014 3142 insidiis
1041 3085 1260 3152 restitit,
1311 3083 1478 3140 Leoni
1521 3084 1761 3152 Augusto
1791 3084 1866 3138 ita
1895 3083 2034 3139 scri-

441 3181 570 3234 bens
600 3177 794 3250 (Epist.
827 3176 918 3248 88)
949 3195 960 3231 :

442 3282 732 3340 ranterque
771 3269 1048 3323 vitandum
1081 3267 1224 3338 quod
1271 3267 1416 3321 fraus
1445 3267 1696 3321 haeretica
1725 3267 1914 3322 nititur
1940 3266 2040 3323 ob-

442 3365 633 3428 tinere,
664 3378 763 3417 nec
793 3362 846 3415 in
889 3361 1122 3429 aliquam
1150 3359 1598 3429 disceptationem
1647 3361 1736 3431 pie
1785 3369 1840 3416 et
1880 3361 2040 3431 plene

441 3456 656 3510 delinita
689 3453 988 3509 revocanda
1036 3460 1184 3520 sunt,
1231 3466 1300 3506 ne
1328 3451 1396 3504 ad
1437 3451 1717 3506 arbitrium
1756 3451 2039 3506 damnato-

443 3563 558 3602 rum
590 3547 687 3616 ipsi
717 3546 783 3600 de
810 3545 894 3598 bis
922 3543 1200 3598 videamur
1231 3541 1502 3610 ambigere
1531 3557 1651 3611 quae
1695 3541 2036 3596 manifestum

443 3647 527 3690 est
555 3653 652 3706 per
681 3637 882 3690 omnia'
908 3633 1242 3704 propheticis
1269 3641 1325 3687 et
1349 3623 1670 3699 evan‘gclicis
1699 3641 1862 3702 atque
1905 3648 2040 3702 apo-

443 3729 647 3783 stolicis
676 3727 1084 3781 auctoritatibus
1113 3740 1432 3780 consonare.
1451 3723 1603 3780 Unde
1627 3725 1669 3778 si
1689 3726 1921 3796 quisunt
1947 3729 2038 3794 qui

445 3823 514 3874 ab
543 3821 624 3874 bis
643 3834 761 3888 qua:
789 3819 1001 3874 cmlitus
1044 3826 1172 3872 sunt
1221 3818 1510 3872 constituta
1542 3817 1884 3882 dissentiunt,
1925 3818 2039 3872 suis

443 3913 787 3983 opinionibus
815 3911 1208 3980 relinquantur,
1240 3919 1295 3963 ct
1316 3909 1382 3962 ab
1405 3909 1610 3963 unitate
1643 3907 1894 3963 Ecclesia:
1916 3924 2037 3964 cum

443 4021 505 4056 ea
537 4017 697 4071 quam
720 4001 996 4069 elegerunt
1023 3999 1381 4068 perversitate
1403 3999 1701 4053 discedant.
1728 3997 1862 4052 Nam
1886 3999 2036 4054 nullo

443 4093 601 4149 modo
632 4093 745 4147 lleri
777 4099 951 4162 potest
979 4099 1036 4143 ιιι
1065 4090 1154 4158 (ιιιί
1201 4088 1394 4143 divinis
1439 4088 1640 4142 audent
1667 4089 2037 4143 contradicere

443 4184 813 4249 sacramentis,
873 4184 1047 4250 aliqua
1095 4181 1248 4234 nobis
1302 4181 1683 4236 conununione
1738 4179 2033 4235 socientur.

443 4278 651 4333 .‘actent
694 4291 752 4331 se
782 4278 836 4330 in
863 4275 943 4328 sui
975 4274 1172 4344 eloquii
1205 4274 1459 4334 vanitate,
1491 4281 1546 4325 ct
1588 4271 1654 4325 de
1695 4281 2037 4340 argumenta-

444 4376 648 4427 tinuum
676 4387 893 4424 suarum
924 4369 1156 4424 versutia
1198 4382 1317 4436 qua:
1364 4367 1575 4420 inimica
1607 4375 1689 4419 est
1733 4364 1874 4432 fidei,
1922 4366 2038 4434 glo-

444 4473 670 4518 rmntur.
712 4461 877 4515 Nobis
920 4461 1095 4529 placet
1125 4458 1436 4528 apostolicis
1481 4458 1700 4511 obedire
1733 4459 2033 4527 praeceptis,

2140 1895 2306 1948 tium:
2340 1892 2439 1948 Ubi
2480 1902 2605 1947 sunt
2647 1893 2737 1948 illa
2784 1895 3065 1964 magniliea
3115 1894 3282 1949 vestri
3313 1893 3497 1950 Leonis
3529 1898 3682 1961 verba,

2139 1985 2334 2054 quibus
2365 1985 2523 2040 nimis
2563 1999 2822 2053 arrogans
2847 1985 3082 2041 decretis
3107 1985 3301 2057 synodi
3324 1985 3686 2042 Chalcedonen-

2140 2076 2214 2130 sis
2249 2075 2447 2142 aiebat,
2505 2074 2768 2132 Perfectio
2795 2077 3222 2142 incrementum,
3271 2084 3326 2131 et
3375 2076 3692 2146 adjectionem

2141 2167 2425 2236 plenitudo
2465 2183 2572 2222 non
2617 2168 2841 2238 recipit?
2887 2168 3024 2223 Ecce
3063 2167 3374 2224 testimonio
3393 2177 3560 2222 vestro
3584 2184 3689 2222 con-

2141 2260 2374 2314 vinoitur
2393 2259 2536 2328 quod
2561 2260 2612 2313 in
2631 2273 2861 2326 vacuum
2888 2266 3110 2314 ventosa
3135 2257 3558 2326 verbajactabat.
3583 2256 3692 2310 Nam

2141 2365 2259 2418 qnte
2287 2351 2337 2404 in
2364 2351 2452 2405 illa
2483 2349 2688 2421 synodo
2710 2349 2948 2420 judicata
2977 2356 3121 2412 sunt,
3159 2348 3244 2402 vel
3265 2349 3310 2402 si
3345 2363 3448 2401 non
3475 2345 3691 2400 emenda-

2143 2444 2230 2501 tis.
2264 2449 2412 2496 certe
2457 2441 2720 2511 suppletis
2749 2450 2910 2510 atque
2945 2438 3228 2510 perﬁcitis,
3271 2447 3328 2495 et
3371 2439 3506 2508 quod
3543 2439 3590 2492 in
3632 2437 3696 2491 eis

2142 2550 2249 2588 non
2274 2533 2433 2588 fuerit
2461 2533 2550 2587 illa
2577 2547 2698 2602 qua:
2725 2531 3002 2586 dicebatur
3029 2532 3295 2600 perfectio
3330 2538 3385 2586 et
3431 2527 3695 2600 plenitudo,

2140 2628 2482 2693 monstratis;
2529 2641 2629 2681 nec
2684 2625 2911 2694 potestis
2947 2623 3178 2678 ulterius
3230 2623 3412 2680 dicere
3453 2621 3696 2692 quodnon

2140 2721 2335 2775 merito
2366 2735 2395 2774 a
2426 2727 2606 2774 vestra
2649 2716 3031 2772 communione
3067 2715 3437 2771 discessimus.
3465 2714 3540 2767 An
3571 2727 3698 2768 com-

2139 2811 2412 2866 municare
2435 2809 2719 2864 debuimus
2747 2807 2821 2861 illi
2871 2805 3100 2878 synodo,
3146 2806 3202 2860 in
3252 2820 3359 2876 qua
3400 2819 3516 2859 cum
3564 2799 3700 2855 lbaaa

2139 2903 2252 2958 suis
2305 2901 2713 2956 accusatoribus
2751 2899 3080 2969 objiceretur
3119 2897 3289 2969 impia
3340 2904 3396 2950 et
3423 2893 3701 2950 Nestoriana

2140 2992 2387 3063 epistola,
2431 2992 2570 3046 sicut
2600 3005 2697 3046 vos
2745 3003 2962 3061 quoque
3007 2990 3140 3045 estis
3178 2987 3432 3052 confessi,
3463 2995 3514 3041 et
3548 2997 3701 3040 coram

2140 3089 2389 3144 omnibus
2417 3088 2706 3156 legeretur,
2752 3095 2812 3141 ut
2855 3086 3098 3141 dicamus
3126 3089 3148 3118 ³
3177 3085 3325 3156 quod
3356 3086 3544 3140 frustra
3569 3093 3703 3148 nega~

1000 3196 1018 3228 ι
1059 3175 1440 3231 Detestandum
1471 3175 1626 3230 nobis
1651 3183 1735 3229 est
1780 3189 2036 3244 perseve-
2061 3187 2108 3252 ο
2139 3179 2255 3244 stis,
2285 3187 2340 3233 et
2369 3179 2672 3234 orthodoxa
2722 3180 3067 3250 pronuntiata
3113 3187 3222 3245 est,
3266 3193 3432 3248 quam
3455 3176 3506 3230 in
3529 3181 3704 3228 tantum

2141 3272 2411 3343 probastis
2454 3270 2618 3328 fuisse
2665 3271 3023 3326 damnandam
3051 3272 3092 3336 ³,
3128 3279 3194 3325 ιιι
3221 3285 3349 3327 sero
3390 3269 3456 3324 ad
3501 3273 3706 3321 nostram

2141 3363 2463 3418 sententiam
2494 3363 2781 3418 redeuntes
2831 3363 2992 3417 etiam
3032 3371 3161 3432 post
3189 3369 3410 3416 centum
3451 3358 3606 3413 ferme
3629 3368 3706 3406 an-

2141 3471 2260 3521 nos,
2291 3470 2400 3524 quo
2420 3470 2518 3509 vos
2551 3455 2618 3509 ah
2649 3455 2766 3523 ejus
2802 3455 3026 3509 crimine
3073 3453 3410 3523 purgaretis,
3443 3445 3708 3504 necessario

2141 3543 2705 3599 anathematizandum
2737 3559 2857 3599 esse
2899 3544 3148 3598 vidistis?
3187 3542 3260 3597 Et
3284 3558 3393 3596 non
3423 3537 3706 3593 Ιιιεεὶιιιιιιε⁸

2139 3637 2245 3690 rito
2273 3636 2472 3690 dicent.
2502 3635 2743 3705 Namque
2766 3651 2888 3690 cum
2912 3635 2997 3689 isti
3021 3634 3268 3690 fautores
3292 3648 3498 3692 eorum,
3526 3645 3616 3684 nos
3638 3625 3710 3694 qui

2134 3726 2344 3797 judices
2392 3727 2444 3781 in
2473 3742 2635 3781 causa
2677 3742 2786 3781 non
2836 3726 3052 3794 fuimus,
3085 3742 3190 3797 per
3238 3721 3708 3781 condemnationem

2141 3818 2300 3888 hujus
2338 3818 2583 3888 epistola:
2630 3834 2661 3873 a
2709 3818 3033 3873 Nestoriano
3079 3818 3320 3872 crimine
3371 3814 3710 3885 judicaverunt

2140 3927 2259 3966 esse
2300 3911 2632 3982 purgandos,
2675 3917 3072 3980 consequenter
3112 3910 3242 3964 illos
3283 3907 3492 3970 Patres,
3521 3905 3569 3957 in
3603 3913 3710 3968 quo-

2139 4020 2257 4060 rum
2291 4005 2529 4059 discussa
2545 4003 2774 4072 judicio,
2805 4019 2912 4057 non
2943 4001 3316 4057 condemnata
3341 4009 3446 4065 cst,
3471 3998 3534 4051 ab
3555 3993 3714 4050 eodem

2140 4097 2364 4152 crimine
2387 4097 2766 4165 judicaverunt
2793 4111 2900 4150 non
2927 4109 3047 4149 esse
3068 4093 3408 4164 purgandos.
3437 4083 3715 4154 Eccequalc

2142 4186 2503 4258 praejudicium
2554 4186 2708 4241 nobis
2752 4177 3077 4254 quzesiernnt
3109 4185 3413 4238 inducere:
3467 4195 3587 4234 ecce
3612 4189 3716 4242 quo-

2141 4277 2301 4332 modo
2325 4276 2614 4331 voluerunt
2640 4275 2896 4331 adversus
2917 4273 3224 4328 Ecclesiam
3258 4272 3625 4326 haereticorum
3645 4277 3716 4317 ca-

2141 4370 2369 4424 lumnias
2390 4371 2648 4426 roborare
2683 4370 2812 4439 :qui
2859 4385 2965 4423 non
2997 4369 3180 4422 solum
3223 4366 3374 4422 beati
3417 4363 3622 4426 Leonis,
3645 4371 3717 4409 ve-

2141 4478 2258 4516 rum
2287 4463 2449 4516 etiam
2476 4461 2579 4516 illis
2617 4461 2858 4516 conciliis
2880 4469 2904 4496 ι
2935 4468 3215 4514 tantorum
3248 4459 3621 4528 episcoporum
3652 4446 3718 4498 vel

445 4554 785 4608 dicentibus:
849 4552 1026 4605 Videte
1069 4569 1132 4604 ne
1159 4553 1271 4622 quis
1303 4567 1386 4603 ros
1417 4550 1638 4618 decipiat
1680 4565 1772 4616 per
1810 4547 2038 4618 philoso-
2073 4561 2116 4617 D
2142 4555 2386 4624 epistolis
2422 4554 2442 4586 ⁸
2483 4554 2836 4624 refragantur,
2867 4553 2919 4606 in
2968 4553 3170 4620 quibus
3203 4551 3276 4605 de
3327 4553 3620 4602 memorata
3648 4555 3719 4609 sy.

445 4649 624 4718 phiam
643 4657 691 4699 et
713 4646 919 4698 inanem
943 4645 1287 4697 seductioucm
1318 4643 1578 4694 hominum
1612 4639 1833 4708 (Co/oss.
1871 4655 1924 4699 ιι,
1962 4638 2038 4706 8).

446 4739 578 4793 Nam
607 4735 904 4793 secundum
935 4736 1181 4790 eumdem
1216 4735 1518 4804 apostolum
1575 4731 1716 4801 (Gal.
1750 4747 1807 4795 ιι,
1857 4729 1962 4799 l8),
1995 4731 2041 4784 si

447 4848 568 4899 quae
599 4828 858 4891 destruxi,
882 4829 996 4882 lucc
1024 4828 1254 4894 mdilico,
1284 4826 1751 4894 praevaricatorem
1785 4837 1874 4876 me
1905 4837 2039 4876 con—

450 4925 640 4989 stituo,
671 4931 726 4976 et
755 4922 834 4976 eis
858 4935 944 4974 me
971 4919 1236 4972 ultionum
1268 4916 1666 4972 conditionibus
1687 4915 1879 4980 subdo,
1908 4930 2044 4981 quas

522 5112 546 5138 ἰ
597 5097 850 5154 Omnium
893 5097 1143 5153 videlicet
1185 5094 1584 5166 provinciarum
1625 5092 1879 5166 Orientis,
1912 5105 2034 5166 quae

450 5172 522 5225 l.e
546 5171 644 5225 mis
689 5171 818 5240 imp.
848 5169 998 5238 jussu
1040 5169 1093 5222 in
1138 5161 1618 5240 synodoscoactm,
1645 5164 1712 5240 d_e
1750 5161 2036 5240 Timotlmo

449 5232 811 5295 Alexandrino
848 5232 906 5293 et
939 5241 1005 5294 de
1033 5232 1242 5310 synodo
1266 5233 1712 5310 Chalcedonensi,
1740 5248 1899 5310 quam
1947 5232 2038 5310 Ti—

451 5312 722 5363 motbeani
771 5303 1114 5377 respuebant,
1155 5307 1281 5376 quid
1320 5303 1803 5377 sentirent_Leoni
1841 5305 2035 5377 rescri-

452 5388 690 5449 pseruut.
723 5373 950 5434 Exstant
977 5373 1306 5446 singularum
1341 5376 1580 5449 epistola)
1603 5374 1656 5449 in
1689 5389 1851 5449 unum
1889 5373 2036 5449 codi:

451 5441 566 5503 i-em
597 5447 852 5516 redacttn,
884 5458 1009 5519 post
1038 5441 1158 5503 aea
1197 5441 1388 5518 synodi
1425 5442 1902 5506 Chalcedonensis,
1941 5441 2031 5511 qui

525 5627 536 5654 '
577 5623 716 5682 Cod.
744 5623 966 5686 Veron.,
999 5623 1164 5676 nobis.

522 5698 541 5726 ε
584 5693 724 5746 ΙιΙειιι
757 5693 905 5756 cod.,
935 5709 1037 5746 non
1061 5694 1312 5744 dicamus.

524 5765 543 5794 ³
585 5762 727 5816 Idem
757 5763 906 5826 cod.,
939 5774 986 5815 ct
1040 5762 1332 5824 orthodoxa
1381 5762 1732 5830 pronuntiata,
1773 5767 1871 5826 col,
1911 5767 2044 5810 certe

450 5833 769 5890 convincitur
797 5850 906 5888 esse
944 5834 1212 5886 damnata.

2145 4647 2287 4699 nodo
2340 4647 2672 4713 interrogati,
2721 4644 2885 4698 Leoni
2932 4643 3167 4713 principi
3228 4638 3623 4711 responderunt
3651 4630 3719 4686 di-

2142 4745 2328 4790 centes
2361 4753 2374 4788 :
2408 4755 2426 4787 r
2463 4735 2648 4804 Neque
2689 4749 2849 4788 unum
2874 4731 2982 4787 ieta
3011 4732 3099 4786 vel
3146 4724 3322 4786 unum
3371 4728 3578 4800 apicem
3617 4734 3722 4791 pos-

2143 4841 2327 4880 sumus
2367 4833 2462 4879 ant
2507 4839 2850 4880 commovere
2891 4830 2984 4876 aut
3012 4830 3365 4875 commutare
3405 4831 3587 4873 eorum
3620 4827 3722 4882 qua:

2147 4915 2290 4985 apud
2331 4915 2476 4969 illam
2506 4913 2733 4970 dilfmita
2755 4921 2880 4968 sunt
2912 4930 2924 4964 ε
2966 4930 2984 4963 ι
3041 4918 3097 4964 et
3130 4911 3338 4965 iterum
3367 4925 3382 4960 :
3413 4926 3432 4960 ι
3487 4903 3723 4970 Quoniam

2143 5095 2312 5148 codex
2337 5095 2608 5164 encyclius
2629 5095 2824 5148 dicitur
2850 5094 2987 5164 apud
3012 5093 3438 5155 Cassiodorum.
3457 5090 3618 5166 ‘cujus
3655 5100 3725 5166 r9-

2141 5173 2265 5231 gatu
2300 5166 2348 5218 in
2381 5163 2623 5220 Latinam
2657 5163 2894 5234 linguam
2923 5180 3227 5220 conversus
3249 5175 3337 5219 est
3359 5167 3428 5218 ab
3455 5163 3733 5234 Epiphanio

2142 5227 2487 5290 scholastico.
2532 5236 2662 5301 Qum
2688 5227 2818 5289 vero
2857 5251 2885 5288 a
2926 5235 3190 5288 Facundo
3246 5227 3725 5301 laudante-ﬂverth

2142 5316 2267 5359 sunt
2289 5306 2481 5375 partim
2515 5296 2812 5359 Provinciae
2840 5304 3066 5375 Europa:
3107 5321 3271 5359 num.
3311 5304 3404 5367 27,
3441 5301 3628 5375 partim
3657 5296 3735 5348 St-

2143 5371 2376 5430 bastiani
2401 5375 2641 5448 episcopi
2671 5375 2956 5431 Beroensis
2986 5371 3242 5430 Thracia:
3270 5375 3335 5432 ll.
3373 5371 3520 5428 num.
3549 5371 3634 5424 50.

2224 5613 2245 5644 ⁵
2287 5617 2427 5667 .dcm
2462 5615 2605 5678 cod.,
2649 5616 2753 5668 illis
2792 5617 3032 5684 eucyclits
3085 5621 3364 5667 lautorum
3399 5613 3722 5680 episcopatum

2151 5686 2402 5752 epistolis.
2447 5684 2770 5739 Memoratas
2797 5686 3048 5754 epistolas
3097 5684 3170 5738 ab
3211 5685 3367 5736 mnni
3421 5691 3562 5754 retro
3588 5687 3702 5754 ⁸ιιιιιι

2150 5749 2592 5826 quitatcvocatas
2631 5757 2790 5806 fuisse
2833 5749 3084 5826 encyclia.
3139 5755 3388 5808 ostendit
3426 5749 3658 5805 [iniurius
3684 5764 3722 5796 ιιι

2155 5824 2305 5880 Nora
2337 5824 2548 5878 Collrt'l.
2575 5827 2760 5879 condi.
