3962 6196
190 315 282 372 577
1066 310 1199 366 PRO
1229 307 1646 365 DEFENSIONE
1680 306 1894 363 TRIUM
1938 306 2254 363 CAPITUL.
2301 306 2426 362 LIB.
2470 308 2532 361 ll.
3361 308 3462 363 578

185 434 313 485 sicut
341 426 442 485 soli
492 426 623 481 nihil
652 427 828 482 minus
864 436 944 483 est
995 426 1064 481 ad
1093 427 1598 490 demonstrandmn,
1638 427 1761 494 quia
1799 430 1849 488 Λ.
1873 442 2004 489 rem,
2044 442 2148 479 non
2181 426 2331 495 quasi
2352 425 2528 479 dubiis
2554 426 2605 478 in
2628 427 3011 495 qumsttonibus
3047 438 3415 499 exspectamus
3441 432 3462 463 ⁷⁸

183 521 254 576 sel
284 526 364 576 est
390 536 404 572 :
430 518 509 573 sic
534 526 590 572 et
625 532 851 587 magnae,
895 528 951 573 et
1004 527 1223 582 sancite,
1270 526 1326 572 et
1367 518 1655 572 universali
1684 534 1771 589 sy-

186 611 314 664 nodo
344 606 793 673 Chalcedonensi,
848 609 1026 663 minus
1059 608 1275 676 quidem
1333 608 1597 661 bonorum
1640 594 1769 660 nihil

183 700 391 753 omnino
419 706 523 763 est,
548 713 724 767 neque
751 698 1123 753 additamento
1169 699 1351 767 aliquo
1380 708 1527 765 eget,
1589 714 1770 768 neque

183 788 531 853 detractione,
560 790 630 841 ab
673 787 881 857 Spiritu
912 798 1101 844 sancto
1136 790 1297 843 veluti
1322 788 1507 865 divino
1534 790 1767 857 quodam

185 882 283 934 sale
318 880 556 933 condita.
592 878 803 934 Etenim
831 880 921 949 qui
952 880 1007 933 in
1036 896 1101 935 ea
1133 890 1257 933 tunc
1286 882 1301 911 ¹
1344 880 1587 934 damnati
1624 889 1765 944 sunt,

183 971 375 1039 indigni
402 970 752 1027 sacerdotalis
781 972 983 1026 ordinis
1006 970 1249 1039 judicati,
1288 972 1508 1026 decreto
1536 987 1599 1026 ac
1625 971 1767 1038 judi-

183 1068 256 1118 rio
288 1066 467 1132 magni
497 1064 611 1127 Dei,
662 1066 808 1119 velut
866 1064 1011 1134 impii
1070 1064 1413 1120 condemnati
1460 1073 1603 1119 sunt.
1664 1064 1767 1129 Qui

184 1173 297 1209 vero
343 1157 395 1209 in
416 1172 479 1210 ea
527 1157 729 1225 recepti
757 1164 898 1219 sunt,
942 1155 1195 1224 injustam
1223 1164 1277 1209 et
1309 1155 1642 1225 tyrannicam
1674 1170 1769 1207 an-

187 1260 257 1301 tea
280 1249 607 1303 sustinentes
636 1248 1063 1318 inscriptionem,
1089 1247 1370 1304 confestim
1404 1247 1630 1301 decreto
1654 1247 1770 1316 Spi-

185 1344 308 1395 ritus
348 1341 682 1409 sanetijuste
734 1341 968 1410 suscepti
1021 1348 1192 1396 sunt:
1240 1340 1293 1393 in
1341 1340 1536 1408 quibus
1582 1348 1663 1392 est
1716 1346 1771 1392 et

185 1440 480 1485 nostrorum
522 1440 825 1501 temporum
866 1432 1131 1487 secundus
1165 1432 1317 1497 Abel,
1343 1433 1534 1485 beatus
1556 1430 1769 1484 Flavia-

184 1536 290 1574 nus.
344 1539 361 1571 ι
426 1521 616 1575 Dicunt
659 1530 713 1575 et
767 1522 869 1575 alia
919 1522 1106 1587 multa,
1160 1538 1280 1591 quae
1336 1536 1770 1577 commemorare

184 1611 489 1681 perlongum
511 1621 612 1667 est.
644 1614 927 1679 Quomodo
955 1616 1116 1681 igitur
1138 1614 1511 1669 hmreticorum
1540 1614 1769 1683 compli-

183 1719 262 1758 ces
300 1705 611 1773 recipimus,
666 1722 803 1760 nova
833 1714 888 1760 et
931 1710 1202 1790 contraria
1232 1709 1608 1774 decernentes,
1652 1716 1771 1760 tan-

1867 517 2125 585 jndicem,
2152 517 2245 570 sed
2270 516 2581 572 certissimae
2608 517 3052 585 transgressionis
3089 528 3466 588 exspectemus

1874 608 2104 662 ultorem
2130 610 2151 661 ?
2178 608 2270 662 Illa
2311 610 2509 677 quippe
2558 609 2843 678 multiplex
2871 619 2924 663 et
2965 618 3146 678 aperta
3177 610 3465 678 prohibitio

1870 697 2171 752 decessoris
2202 698 2336 765 ejus,
2369 698 2504 751 sicut
2534 698 3033 765 pnevaricatoribus
3063 698 3264 751 criuzen
3294 701 3462 763 auxit,

1873 791 1946 843 ita
1974 790 2107 844 nihil
2132 789 2442 858 cujusquam
2468 790 2670 857 judicio
2700 790 3007 858 dereliquit.
3039 791 3135 845 Cui
3166 792 3308 844 enim
3352 808 3467 844 ma-

1871 882 1952 950 gis
1982 882 2169 946 alteri,
2213 896 2372 950 quam
2400 880 2599 947 Leoni,
2633 881 2822 935 liceret
2851 897 2949 950 pro
2980 882 3140 935 tantis
3170 882 3463 945 laboribus,

1870 988 2005 1041 quos
2031 981 2252 1042 propter
2282 982 2632 1026 memoratam
2656 973 2916 1042 synodum
2937 974 3464 1041 perseverantissima

1874 1064 2069 1117 virtute
2097 1063 2376 1127 sustinuit,
2422 1062 2621 1131 aliquid
2670 1063 2720 1114 in
2769 1062 2852 1114 his
2894 1077 3012 1131 qum
3061 1062 3127 1116 ab
3158 1078 3220 1115 ea
3248 1062 3464 1116 decreta

1870 1161 1996 1205 sunt
2023 1153 2351 1205 retractare?
2388 1150 2494 1204 Sed
2524 1151 2663 1204 absit
2697 1160 2752 1204 ut
2783 1151 2871 1204 ille
2895 1152 2977 1203 vir
3015 1160 3233 1206 sanctus
3260 1152 3463 1205 licitum

1870 1242 1971 1295 sibi
2014 1249 2227 1310 putaret
2260 1240 2402 1308 quod
2430 1254 2537 1294 non
2578 1239 2833 1307 expedire
2873 1239 3147 1302 cernebat,
3195 1248 3249 1293 et
3290 1240 3466 1308 magni

1870 1332 1953 1387 sui
1998 1331 2305 1386 certaminis
2336 1330 2588 1399 palmam,
2640 1338 2923 1398 postquam
2975 1330 3123 1393 vicit,
3175 1330 3463 1383 amitteret.

1872 1422 2008 1489 Quid
2046 1424 2186 1477 enim
2234 1423 2345 1490 jam
2390 1422 2677 1489 integrum,
2721 1421 2804 1475 vel
2848 1420 2977 1489 quid
3022 1429 3269 1475 constare
3302 1423 3465 1489 possit

1872 1516 2178 1577 immobile,
2238 1514 2280 1568 si
2312 1514 2445 1567 tanti
2494 1514 2705 1567 concilii
2744 1513 3043 1579 sententia,
3088 1512 3169 1565 vel
3198 1512 3334 1565 sicut
3366 1513 3465 1564 im-

1873 1605 2104 1674 perl‘ecta
2159 1605 2424 1674 suppleri,
2481 1604 2566 1659 vel
2616 1604 2753 1658 sicut
2805 1603 2965 1657 dubia
3014 1619 3226 1657 rursum
3276 1603 3465 1656 discuti

1872 1697 2193 1752 videretur?
2251 1697 2366 1751 Non
2434 1706 2615 1751 autem
2689 1697 2741 1749 in
2818 1697 2932 1751 sola
3002 1696 3124 1749 ﬁdei
3179 1696 3467 1749 dubitatio-

183 1808 337 1860 quam
369 1794 546 1849 minus
594 1796 841 1863 religioni
869 1788 1173 1851 consultum
1217 1797 1377 1851 fuerit
1418 1799 1468 1851 in
1522 1799 1604 1851 his
1652 1814 1770 1866 qua:

1876 1805 1962 1853 ne,
2015 1789 2100 1843 vel
2140 1790 2161 1821 ³
2198 1788 2509 1842 delinitione
2565 1789 2917 1843 conciliorum
2962 1788 3107 1843 valet
3152 1789 3466 1851 auctoritas,

184 1884 398 1938 definita
428 1893 552 1939 sunt
601 1886 668 1940 ab
724 1887 811 1941 illa
864 1889 1092 1958 synodo,
1151 1905 1273 1943 cum
1330 1889 1536 1957 antiqui
1582 1887 1769 1953 Patres

184 1990 342 2029 unum
371 1974 482 2029 iota
534 1976 617 2030 vel
644 1993 806 2031 unum
856 1979 1064 2048 apicem
1095 1994 1153 2033 sc
1184 1980 1237 2033 in
1278 1980 1355 2035 eis
1396 1994 1614 2033 movere
1662 1994 1768 2032 non

184 2080 337 2133 posse
365 2067 748 2135 pronuntient?
796 2077 891 2122 aut
926 2069 1054 2136 quid
1104 2078 1353 2138 putamus
1382 2067 1629 2138 profecto
1667 2067 1768 2122 soli

184 2165 230 2210 et
249 2164 367 2212 toto
393 2157 591 2211 mundo
621 2159 852 2213 radianti
882 2160 1089 2223 deesse,
1138 2160 1282 2228 quod
1330 2160 1527 2214 debeat
1548 2159 1770 2213 istorum

185 2245 483 2315 adjectione
521 2250 793 2319 suppleri;
838 2251 930 2319 qui
960 2252 1098 2305 sicut
1142 2250 1557 2319 insuperabilem
1589 2250 1774 2319 splen-

184 2334 362 2389 dorem
386 2336 501 2404 ejus
530 2336 723 2391 lrustra
754 2340 1046 2394 obscurare
1071 2349 1357 2406 conantur,
1389 2340 1462 2394 ita
1485 2340 1618 2394 nihil
1646 2356 1770 2409 pos-

184 2433 297 2479 sunt
325 2426 645 2495 plenitudiui
687 2428 805 2497 ejus
831 2429 1101 2497 adjicere?

780 2540 1010 2595 CAPUT
1064 2539 1126 2593 Vl

187 2626 331 2692 Quod
378 2632 577 2696 frustra
627 2630 804 2700 Vigilii
862 2647 1012 2699 papa:
1051 2647 1349 2700 responsant
1398 2644 1690 2695 exspectare
1720 2650 1773 2686 se

245 2702 441 2763 dicunt,
470 2706 553 2769 qui
585 2717 622 2780 ιι
669 2701 849 2755 Leonis
880 2702 1156 2755 decessoris
1184 2706 1264 2756 sui
1302 2704 1525 2771 vestigiis
1558 2706 1769 2757 minime

254 2785 549 2822 recessurus
578 2781 664 2825 stt.

246 2876 310 2932 Et
347 2879 519 2933 adhuc
544 2880 732 2934 dicunt
761 2881 903 2949 quod
933 2881 1000 2935 de
1052 2889 1198 2935 tanta
1231 2896 1327 2936 sua
1356 2884 1774 2952 pnesumptione

187 2966 470 3024 Ecclesiam
557 2985 775 3038 quoque
840 2970 1137 3024 Romanam
1223 2973 1632 3038 consuluerint,
1716 2982 1774 3027 et

188 3075 323 3115 nunc
356 3060 677 3115 sententiam
717 3062 861 3115 beati
904 3061 1075 3129 Vigilii
1119 3064 1355 3131 praesulis
1412 3063 1528 3131 ejus
1575 3080 1771 3134 exspe-

1872 1893 2059 1931 verum
2098 1878 2259 1932 etiam
2304 1879 2354 1931 in
2395 1879 2643 1933 omnibus
2686 1894 2805 1948 qua:
2835 1894 2931 1947 pro
2977 1880 3125 1947 pacis
3167 1889 3223 1932 et
3251 1880 3468 1933 unitatis

1872 1966 2233 2029 observantia,
2278 1967 2429 2034 cujus
2459 1968 2692 2021 maxima
2717 1969 3051 2037 sapientibus
3072 1984 3198 2023 cura
3226 1979 3324 2033 est,
3354 1986 3468 2023 tno~

1872 2053 2023 2109 deste
2047 2055 2117 2108 ibi
2136 2053 2334 2109 fuerint
2354 2072 2419 2108 ac
2443 2057 2579 2110 bene
2598 2060 2919 2125 composita.
2938 2057 3073 2113 llinc
3093 2073 3222 2127 ergo
3247 2076 3430 2114 rursus
3447 2060 3467 2091 ⁸

1873 2160 2122 2213 agnosce,
2150 2146 2386 2214 Auguste
2414 2163 2477 2202 ac
2506 2148 2828 2202 venerabilis
2851 2150 3167 2217 imperator,
3213 2153 3264 2203 in
3290 2167 3465 2219 quan-

1875 2246 1985 2290 tum
2016 2237 2180 2291 totius
2208 2236 2391 2291 mundi
2434 2238 2738 2306 pratsidium
2787 2237 2964 2291 divina
3012 2239 3084 2293 sis
3126 2238 3467 2297 Providentia

1873 2337 2232 2397 praeparatus;
2264 2336 2319 2381 et
2365 2328 2493 2396 quid
2523 2329 2708 2382 auxilii
2758 2330 2915 2382 matri
2949 2338 3051 2383 tua:
3080 2329 3333 2386 Ecclesia:
3378 2335 3467 2385 de-

1872 2420 2028 2483 beas,
2058 2436 2176 2488 quae
2208 2430 2259 2474 te
2297 2420 2406 2474 lilio
2446 2421 2680 2475 maxime
2720 2421 3000 2488 gloriatur,
3044 2422 3299 2497 intellige.
3352 2423 3468 2478 Non

1873 2512 2138 2572 sinantur,
2169 2521 2357 2565 contra
2397 2510 2632 2565 dextera:
2672 2514 3057 2580 omnipotentis
3105 2514 3466 2583 triumplnnn,

1873 2603 2125 2655 redivivis
2145 2615 2431 2670 assurgere
2459 2602 2696 2657 motibus
2717 2604 2979 2657 exstincta
3008 2606 3321 2670 certamina,
3342 2622 3469 2675 prac-

1871 2694 2059 2747 sertim
2087 2708 2205 2747 cum
2238 2693 2289 2746 id
2317 2693 2585 2748 damnatis
2609 2692 2721 2764 jam
2744 2695 2941 2748 dudum
2974 2696 3347 2751 haereticorum
3376 2714 3470 2750 au-

1872 2785 2021 2838 sibus
2048 2788 2268 2839 omnino
2298 2800 2404 2841 non
2438 2788 2614 2851 liceat,
2649 2795 2703 2841 et
2726 2788 2812 2842 hic
2839 2788 3043 2843 fructus
3066 2791 3169 2858 piis
3198 2791 3469 2844 laboribus

1873 2877 2153 2941 debeatur,
2190 2888 2246 2931 ut
2268 2878 2443 2933 omnis
2467 2879 2716 2933 Ecclesiae
2738 2880 3015 2948 plenitudo
3038 2881 3090 2934 in
3117 2896 3226 2935 sua:
3250 2882 3470 2935 unitatis

1872 2968 2142 3022 soliditate
2164 2983 2350 3022 secura
2376 2979 2709 3038 permaneat,
2740 2970 2977 3039 nihilque
2998 2987 3220 3041 prorsus
3240 2973 3309 3026 de
3331 2973 3469 3026 bene
3547 2962 3550 2965 λ

1873 3059 2186 3127 compositis
2215 3068 2559 3123 retractetur,
2605 3061 2729 3128 quia
2759 3061 2906 3130 prius
2937 3062 3202 3131 legitimas
3229 3065 3270 3128 ⁸,
3299 3073 3353 3117 et
3382 3064 3469 3117 di—

188 3159 344 3205 ctent.
398 3150 473 3205 De
524 3166 632 3220 quo
689 3152 817 3220 quid
871 3153 1107 3207 sentiant
1155 3153 1313 3222 hujus
1361 3156 1621 3224 temporis
1667 3155 1839 3240 ho-C
1873 3148 2070 3202 vinitus
2098 3149 2385 3217 inspiratas
2422 3150 2838 3205 constitutiones
2867 3152 3005 3205 velle
3027 3152 3336 3221 conﬂigere,
3363 3171 3467 3209 non

187 3244 371 3307 mines,
408 3252 466 3297 nt
503 3259 627 3298 eum
659 3253 865 3299 tantum
914 3244 1065 3300 nefas
1094 3246 1317 3302 delinire
1362 3256 1768 3317 prtesumerent,

188 3335 323 3400 quod
355 3334 421 3388 ab
450 3336 753 3391 intentione
786 3338 927 3391 beati
962 3336 1176 3403 Leonis,
1212 3340 1312 3393 sub
1348 3341 1511 3394 tantis
1536 3340 1652 3409 ejus
1680 3341 1773 3395 de-

190 3426 499 3487 cessoribus,
542 3443 647 3480 non
687 3426 754 3480 ad
793 3428 845 3482 id
886 3437 1097 3499 tempus
1141 3438 1403 3485 tentatum
1442 3441 1545 3497 est,
1584 3434 1774 3501 procul

190 3518 343 3571 dubio
365 3520 607 3583 intelligit
632 3528 687 3573 et
709 3520 823 3590 ipse
847 3522 928 3574 vir
956 3522 1208 3590 prudens.
1239 3524 1372 3577 Nam
1394 3524 1512 3592 quis
1537 3524 1639 3579 hoc
1667 3541 1773 3579 non

192 3606 440 3676 intelligat
484 3610 567 3663 vel
602 3610 954 3678 imprudens?
983 3610 1058 3665 Sio
1086 3614 1252 3679 enim,
1289 3621 1347 3666 ut
1376 3614 1581 3677 dicunt,
1610 3616 1774 3668 etiam

192 3700 463 3753 consulere
496 3699 619 3753 hinc
655 3700 801 3753 illum
834 3701 950 3754 ausi
974 3710 1118 3769 sunt,
1149 3711 1204 3757 et
1232 3703 1346 3771 ejus
1375 3712 1695 3771 exspectant
1722 3704 1774 3759 in

194 3788 288 3842 hac
315 3805 470 3843 causa
488 3789 787 3859 judicium,
829 3807 934 3844 non
978 3793 1136 3847 video
1182 3794 1637 3862 quemadmodum
1661 3794 1774 3863 jam

193 3881 256 3932 ab
281 3880 355 3934 eis
382 3881 447 3936 de
473 3881 591 3950 ipso
621 3899 726 3937 non
752 3883 912 3936 fuerit
927 3882 1241 3951 judicatum.
1274 3884 1468 3939 Verum
1492 3886 1775 3955 experien—

193 3978 275 4024 tur
302 3982 555 4042 quantum
585 3974 706 4030 illos
758 3976 993 4045 suspicio
1022 3992 1116 4029 sua
1148 3976 1414 4032 fefellerit.
1457 3977 1595 4044 Quia
1650 3979 1772 4044 ille,

198 4081 301 4119 non
330 4066 380 4121 in
410 4068 829 4123 destructionem
873 4077 1112 4139 paternae
1140 4070 1448 4137 sementim,
1476 4070 1568 4125 sed
1594 4070 1774 4139 potius

194 4154 247 4208 in
292 4156 653 4213 defensionem
706 4167 867 4227 atque
904 4160 1195 4224 ultionem,
1229 4160 1455 4230 primam
1486 4162 1695 4230 accepit
1723 4169 1778 4215 et

196 4247 470 4302 maximam
496 4258 816 4318 potestatem
836 4258 894 4315 ος
920 4265 1017 4304 nec
1039 4250 1236 4319 aliquid
1260 4260 1447 4306 contra
1468 4252 1773 4313 veritatem,

196 4338 282 4391 sed
324 4355 420 4409 pro
460 4341 686 4395 veritate
734 4342 853 4410 plus
901 4342 1111 4396 caeteris
1153 4342 1263 4396 suis
1304 4342 1777 4397 consacerdotibus

198 4437 380 4496 potest.
412 4429 610 4485 Paulus
638 4431 781 4485 enim
831 4432 959 4487 dicit
989 4433 1268 4502 apostolus
1295 4450 1307 4485 :
1341 4432 1464 4486 Non
1495 4435 1629 4485 enim
1659 4450 1779 4503 pos-

201 4539 357 4578 tumus
383 4526 577 4597 aliquid
604 4526 851 4579 aduersus
893 4527 1177 4589 veritatem,
1208 4526 1299 4579 sed
1328 4543 1420 4595 pro
1453 4527 1664 4579 veritate
1688 4524 1739 4593 (1
1748 4523 1777 4577 I

202 4612 308 4668 Cor.
342 4633 448 4678 xm,
482 4616 559 4683 8).
592 4617 726 4682 Quid
771 4625 951 4671 autem
997 4618 1243 4671 relictum
1297 4627 1381 4671 est
1417 4617 1559 4687 quod
1590 4616 1656 4671 de
1687 4630 1777 4670 re-

202 4708 477 4774 sponsione
511 4707 739 4761 Romani
762 4708 999 4777 episcopi
1027 4719 1263 4777 sperent,
1290 4725 1409 4764 cum
1443 4709 1513 4762 ita
1537 4708 1649 4777 jam
1677 4707 1778 4760 du-

202 4795 313 4851 dum
344 4799 627 4868 przediclus
648 4799 972 4853 venerabilis
1005 4799 1136 4868 Leo,
1156 4801 1562 4867 vehementibus
1589 4808 1642 4854 et
1663 4814 1783 4854 cre-

203 4887 301 4945 bris
328 4894 544 4946 omnino
576 4892 859 4946 sententiis
890 4908 1152 4947 coercens
1195 4894 1409 4947 illicitos
1439 4908 1620 4955 ausus,
1649 4892 1777 4945 insi-

204 4978 353 5036 diosis
390 4983 683 5037 nrudenter
720 4983 1039 5047 occurrerit,
1074 4994 1130 5036 ut
1172 5000 1311 5037 nune
1353 4983 1469 5037 eius
1498 4999 1778 5037 successo-

250 5226 258 5235 .
289 5165 303 5182 '
323 5156 487 5235 Quam
514 5164 861 5235 principatum
882 5165 1137 5235 generalis
1162 5162 1408 5219 Ecclesia:
1429 5164 1563 5235 dixit
1592 5163 1777 5235 Avitus

206 5222 585 5304 Viennensisgjn
617 5222 845 5301 epistola
866 5222 933 5289 de
961 5234 1267 5304 Symmachi
1299 5250 1448 5302 papa:
1474 5234 1680 5304 judicio
1709 5233 1777 5285 ad

206 5310 467 5357 "senatores
499 5300 672 5358 Urbis.
700 5304 774 5359 De
794 5320 861 5360 eo
887 5300 1065 5359 autem
1087 5305 1233 5373 quod
1258 5300 1431 5374 Vigilii
1456 5300 1777 5359 sententiam

272 5475 285 5505 ⁸
310 5474 453 5547 _Cod.
485 5475 711 5542 Veron.,
738 5478 1016 5531 secundum
1042 5486 1260 5547 tempus.

268 5548 284 5617 ξ
310 5543 453 5617 idem
484 5548 628 5612 cod.,
660 5558 1027 5617 exspectemus.

269 5616 286 5643 ³
316 5616 369 5670 ln
392 5618 579 5670 eodem
624 5616 970 5673 cod.'ttesunt
998 5634 1060 5671 ea
1100 5619 1261 5672 verba
1302 5618 1645 5679 dubitatione,
1678 5617 1773 5670 vel.

269 5685 287 5713 ⁸
315 5686 455 5739 Idem
474 5687 622 5753 end.,
655 5690 770 5741 hinc
797 5686 984 5742 Leonis
1013 5706 1190 5742 rursus
1222 5689 1403 5757 (forte,
1430 5689 1623 5755 verba).
1650 5687 1779 5751 Qua:

209 5769 355 5827 porro
384 5758 544 5810 verba
574 5767 890 5827 Sequuntur,
925 5759 1131 5812 lineolis
1160 5768 1417 5812 notantur
1447 5760 1606 5821 veluti
1641 5757 1777 5810 Leo-

213 5824 283 5881 eis
310 5829 361 5882 in
389 5836 576 5884 nostro
599 5824 784 5885 codice
816 5846 828 5881 :
863 5829 1156 5899 eademque
1187 5829 1410 5884 totidem
1441 5829 1705 5883 habentur
1726 5828 1780 5881 in

1879 3240 2090 3309 pacifici
2121 3250 2205 3296 est
2244 3242 2445 3309 animi,
2494 3243 2588 3297 sed
2631 3244 2874 3311 rebellis,
2906 3246 3118 3300 dicente
3158 3246 3417 3314 Apostolo
3452 3266 3465 3301 :

1888 3328 2067 3383 Verbis
2098 3332 2232 3383 enim
2262 3332 2574 3385 contendere
2603 3333 2671 3385 ad
2700 3334 2830 3386 nihil
2856 3344 2932 3387 est
2958 3336 3106 3401 utile,
3138 3337 3237 3388 nisi
3266 3336 3335 3388 ad
3362 3335 3471 3389 sub-

1877 3423 2156 3475 rersionem
2184 3423 2502 3477 audientium
2523 3423 2740 3490 (llTim.
2774 3440 2809 3487 ι,
2849 3425 2957 3494 li).
2989 3426 3121 3480 Nam
3150 3428 3194 3482 si
3227 3429 3470 3482 humanis

1878 3515 2313 3581 persuasionibus
2342 3531 2557 3585 semper
2594 3518 2899 3587 disceptare
2929 3520 2998 3572 sit
3029 3520 3251 3574 liberum
3274 3562 3286 3585 ,
3331 3537 3471 3574 nun-

1878 3619 2037 3671 quam
2058 3605 2248 3659 deesse
2280 3615 2551 3674 potetunt,
2577 3608 2667 3676 qui
2698 3610 2907 3663 veritati
2933 3613 3163 3665 audeant
3188 3614 3469 3669 resultarc.

1878 3695 1945 3749 Et
1976 3712 2161 3751 revera
2191 3699 2313 3766 quis
2361 3698 2463 3751 erit
2491 3700 2783 3753 contentio;
2810 3717 2897 3753 um
2929 3709 3091 3769 atque
3121 3705 3471 3756 certaminum

1880 3789 2016 3854 linis,
2066 3790 2109 3843 si
2140 3790 2207 3843 de
2237 3791 2318 3844 his
2347 3805 2467 3858 qua:
2515 3792 2678 3845 totius
2709 3791 2959 3845 Ecclesia:
2990 3795 3347 3848 consensione
3380 3796 3470 3847 lir-

1878 3888 2022 3932 mata
2070 3888 2197 3933 sunt
2238 3882 2405 3935 semel
2436 3882 2646 3935 licuerit
2689 3883 2827 3935 ferre
2871 3882 3163 3949 judicium?
3193 3884 3300 3939 Cur
3328 3887 3470 3939 enim

1880 3986 1986 4025 non
2017 3987 2201 4025 rursus
2222 3979 2275 4024 et
2298 3970 2470 4039 ipsum
2495 3970 2754 4038 judicium
2781 3972 3085 4040 judicetur?
3114 3973 3181 4027 Et
3202 3975 3322 4029 ideo
3348 3991 3468 4043 prii.

1880 4059 2226 4114 dentissimus
2276 4060 2374 4126 vir,
2426 4060 2627 4113 nullam
2675 4062 2890 4132 penitus
2945 4062 3078 4116 dans
3129 4066 3469 4120 occasionem

1878 4152 2270 4219 quaerentibus,
2302 4150 2652 4204 denuntiabat
2685 4152 2869 4207 dicens
2914 4171 2926 4205 :
2973 4153 3111 4208 Nihil
3159 4172 3377 4224 prorsus
3407 4158 3471 4210 de

1878 4246 2019 4299 bene
2048 4243 2360 4312 compositis
2388 4252 2731 4298 retractetur.
2777 4244 2918 4313 Ergo
2944 4247 2988 4302 si
3032 4248 3181 4312 nihil,
3218 4264 3315 4302 nec
3346 4250 3471 4303 illud

1878 4336 2020 4404 quod
2043 4351 2263 4405 parvum
2309 4343 2527 4403 putatur
2552 4334 2784 4389 admisit.
2811 4336 2879 4391 Et
2908 4347 3082 4392 tamen
3121 4339 3206 4392 isti
3236 4340 3326 4408 qui
3361 4339 3466 4391 llo-

1879 4444 2100 4482 manum
2139 4427 2438 4480 antistitem
2473 4427 2787 4496 impugnare
2829 4444 2988 4497 posse
3016 4430 3257 4499 praeclari
3287 4431 3471 4485 deces-

1880 4520 2020 4575 soris
2048 4520 2126 4572 sui
2148 4517 2467 4571 sententiam
2489 4527 2726 4586 sperant,
2752 4519 3050 4586 gloriantur
3072 4520 3397 4577 offensiones
3418 4538 3475 4577 se

1882 4613 1949 4667 de
1974 4612 2059 4665 illa
2101 4609 2307 4680 synodo
2336 4609 2636 4677 sustulisse,
2668 4610 2909 4665 dicentes
2938 4613 3079 4680 quod
3105 4629 3201 4682 pro
3230 4629 3293 4667 ea
3323 4616 3474 4669 nobis

1884 4700 2199 4773 Eutychiani
2222 4716 2436 4769 semper
2466 4702 2866 4756 communicare
2894 4704 3186 4768 noluerint,
3219 4705 3342 4773 quia
3378 4708 3420 4759 si
3454 4710 3476 4742 δ

1882 4794 1969 4848 vel
2000 4802 2145 4847 tanta
2177 4792 2262 4846 illa
2294 4792 2549 4862 synodus,
2596 4809 2698 4863 qua
2730 4796 3070 4850 numerosior
3098 4796 3201 4848 alia
3227 4812 3325 4865 pro
3361 4796 3477 4849 tidei

1886 4885 2110 4937 veritate
2136 4898 2242 4935 non
2277 4880 2401 4947 fuit,
2436 4891 2542 4936 tam
2570 4882 2818 4936 diuturna
2856 4885 3267 4950 deliberatione,
3289 4884 3475 4937 stimw

1888 4980 2121 5032 lantibus
2164 4978 2326 5031 etiam
2358 4976 2732 5032 haereticorum
2772 4979 3313 5041 contradictionibus,
3363 4992 3477 5045 quat

1883 5169 2198 5228 exspectare
2245 5174 2302 5212 se
2358 5158 2575 5228 aiebant
2624 5154 2970 5228 damnatores
3008 5149 3166 5203 trium
3208 5149 3451 5219 capitulo

1882 5220 2022 5290 rum,
2055 5232 2205 5296 plura
2238 5220 2548 5282 iterutn'lib.
2580 5240 2653 5289 tv,
2681 5237 2801 5290 cap.
2835 5220 2888 5274 3.

1957 5305 1985 5344 δ
2016 5300 2198 5365 Forte,
2228 5299 2395 5371 quasi.

1886 5475 2111 5531 epistola
2156 5473 2352 5526 Leonis
2400 5470 2469 5524 M.
2503 5470 2569 5525 ad
2595 5468 2829 5522 Leonem
2881 5467 3205 5536 Augustum,
3248 5479 3366 5533 qua:
3395 5475 3476 5520 est

1889 5545 1992 5598 155
2020 5547 2069 5598 in
2094 5545 2328 5598 editione
2353 5540 2644 5607 Quesnellii
2670 5539 2853 5610 [quam
2880 5539 3021 5610 typis
3050 5550 3238 5610 ntrsus
3259 5538 3475 5610 excudi-

1888 5631 2007 5668 mus
2040 5614 2210 5683 (Eutr.
2229 5613 2286 5682 η,
2309 5606 2476 5681 usque
2499 5611 2565 5665 ad
2591 5606 2687 5664 illa'
2710 5606 3009 5679 verba,'tjui
3030 5606 3231 5669 veritati
3253 5606 3473 5659 audeant

1889 5686 2160 5808 τεὺδηίῗῗέιῗί
2185 5752 2329 5824 cod.,
2372 5761 2483 5821 post
2519 5749 2805 5824 legitimas;
2856 5750 2928 5805 ita
2970 5747 3133 5803 etiam
3162 5745 3214 5799 in
3258 5742 3469 5799 laudata

1893 5825 2087 5881 Leonis
2111 5823 2360 5895 epistola.
