3962 6196
485 317 591 374 579

1597 303 1879 359 meum
1920 301 2110 354 EPISC
2174 285 2681 352 llERMlANENSIS

3667 297 3771 354 580

485 431 717 487 maxime
741 426 916 484 solent
944 425 1259 481 mnovitate
1283 420 1826 488 fen'ere,quidqnam
1857 427 2074 489 pneter-
2110 423 2149 478 Λ
2181 425 2345 483 atque
2383 415 2625 481 arguisse
2673 420 3021 478 monstratur,
3073 414 3173 468 nisi
3229 415 3376 484 quod
3423 413 3704 472 referretur
3773 421 3792 450 ε

486 527 563 580 ire
613 522 851 594 potuerit
893 519 1248 587 negligenter,
1295 517 1379 570 vel
1427 515 1711 584 prmdictns
1761 512 1902 574 Leo,
1953 527 2073 566 cum

484 615 647 668 toties
671 611 977 682 pulsaretur
1002 623 1071 662 ex
1101 607 1182 661 his
1202 621 1323 675 quae
1349 605 1418 659 ah
1455 619 1518 658 ea
1545 603 1838 659 constituta
1870 602 2084 655 fuerant

486 702 684 772 aliquid
715 709 1035 764 retractare,
1069 697 1240 752 nullas
1266 693 1574 766 hujusmodi
1604 693 1797 749 noxias
1821 692 2080 757 rationes,

488 792 827 848 verisimilem
849 790 1084 861 speciem
1110 787 1526 859 praetendentes,
1552 794 1608 841 et
1639 783 1875 851 audisse,
1905 793 1960 840 et
1982 784 2082 837 im-

487 883 670 938 mobili
707 882 974 951 gravitate
1009 879 1339 956 disposuisse
1374 875 1676 934 credendus
1703 883 1818 942 est;
1846 874 2083 946 pruden-

489 977 692 1031 tissime
721 989 918 1030 cavens
947 988 1016 1029 ne
1045 973 1203 1037 forte,
1235 971 1476 1042 qualibet
1497 971 1788 1026 occasione
1813 969 1961 1022 aditu
1992 982 2088 1037 pa-

490 1067 688 1121 tefacto
717 1067 855 1120 male
885 1065 1257 1135 pulsantibus,
1290 1065 1341 1117 in
1388 1062 1683 1117 Ecclesiam
1725 1062 1921 1116 Christi
1954 1061 2087 1114 insi-

491 1159 749 1212 diantium
792 1157 940 1210 furor
965 1157 1308 1224 irrumperet.
1362 1153 1528 1208 Porro
1580 1154 1631 1206 hi
1661 1154 1750 1221 qui
1783 1167 1942 1221 supra
1974 1166 2088 1203 nio-

492 1249 618 1302 dnm
667 1256 795 1302 sunt
844 1247 1154 1314 diligentes,
1199 1245 1389 1298 uolunt
1433 1245 1546 1297 lucc
1583 1243 1762 1296 omnia
1794 1241 2091 1312 prudentim

495 1348 654 1408 atque
681 1337 907 1393 cautelae
937 1337 1108 1403 magis
1135 1351 1296 1404 quam
1323 1335 1657 1402 negligantur.
1679 1333 1958 1402 deputare.
1985 1331 2090 1386 Sed

497 1432 622 1500 quid
656 1431 886 1492 facient,
935 1428 1077 1497 quod
1122 1428 1299 1482 onmis
1327 1427 1595 1489 Ecclesia,
1629 1426 1736 1478 Deo
1768 1435 2088 1496 prmstante,

499 1522 703 1590 positos
739 1519 838 1574 sibi
877 1528 1117 1580 aaternos
1157 1517 1374 1571 Patrum
1415 1531 1633 1570 suorum
1681 1515 1940 1569 terminos
1985 1530 2092 1567 non

500 1613 734 1677 excedit,
754 1626 983 1680 quorum
1002 1609 1241 1664 aemulari
1266 1617 1487 1678 exoptat
1513 1607 1888 1674 negligentiam
1917 1605 2096 1675 potius

496 1718 662 1770 quam
711 1702 937 1755 istorum
976 1700 1262 1754 obscuram
1307 1695 1863 1767 diligentiam?Cujns
1913 1705 2092 1750 autem

2186 505 2505 560 venerabilis
2534 505 2817 560 Anatolius
2847 515 2872 543 ⁸
2903 507 3534 577 Constantinopolitanns
3561 511 3774 579 episco-

2184 612 2286 666 pus
2305 597 2484 665 priore
2507 612 2669 666 quam
2698 596 2961 651 Maximus
2983 597 3350 654 Antiochenus
3376 601 3498 656 loco
3519 604 3722 658 sedisse
3754 622 3770 658 τ

2184 690 2479 758 quomodo,
2495 690 2540 744 si
2561 690 2700 745 hanc
2719 690 2823 745 lbm
2845 691 3152 761 epistolam,
3177 707 3297 762 quze
3316 709 3436 748 cum
3459 695 3775 753 Nestoriana

2185 782 2382 835 dicitur
2408 782 2475 835 ad
2504 797 2720 837 causam
2752 783 2939 851 utique
2978 783 3179 839 dicitur
3208 783 3329 838 fidei
3372 785 3664 856 pertinere,
3699 789 3778 843 vel

2190 871 2296 927 tale
2325 871 2527 942 aliquid
2558 873 2700 942 quod
2732 873 2785 927 in
2828 873 2918 928 illa
2948 876 3154 945 synodo
3185 876 3466 930 recitatum
3496 893 3599 932 nec
3628 880 3780 932 dam-

2189 972 2371 1017 natmn
2398 971 2548 1032 gesta
2571 964 2850 1018 continent
2875 952 3316 1019 anathematizari
3338 975 3429 1020 aut
3451 968 3645 1022 saltem
3676 969 3783 1023 dis-

2189 1056 2297 1110 cuti
2368 1062 2663 1124 pateretur,
2713 1070 2820 1108 non
2893 1056 3243 1125 semetipsum
3316 1059 3784 1126 prmvarieatorezn

2190 1148 2564 1212 constitueret,
2597 1146 2920 1200 dubitatioui
2945 1147 3236 1216 subjiciens
3264 1163 3382 1216 qua:
3411 1164 3469 1202 se
3487 1149 3597 1218 jam
3629 1151 3782 1204 dixe-

2191 1251 2276 1296 rat
2301 1241 2675 1311 approbasse?
2704 1239 2772 1293 Et
2800 1240 3020 1307 idcirco,
3051 1241 3094 1296 si
3121 1241 3283 1295 etiam
3307 1241 3451 1295 nulla
3481 1243 3594 1310 ejus
3626 1244 3784 1297 inter-

2192 1333 2358 1388 dictio
2385 1332 2768 1403 prtecessisset,
2793 1347 2966 1400 neque
2997 1332 3308 1402 imperatori
3349 1332 3515 1387 Leoni
3547 1349 3644 1403 pro
3665 1335 3788 1404 ipso

2189 1423 2423 1478 concilio
2452 1422 2823 1492 responderet,
2854 1421 3112 1492 perfectio
3145 1424 3533 1477 incrementum
3552 1465 3567 1488 ,
3599 1433 3653 1479 et
3693 1427 3788 1478 ad-

2190 1513 2480 1581 iectionem
2521 1513 2798 1583 plenitudo
2840 1529 2947 1567 non
2996 1514 3214 1583 recipit,
3265 1514 3369 1568 hoc
3411 1517 3787 1570 tantummodo

2199 1615 2607 1674 provocaretur,
2638 1604 2784 1673 quod
2807 1604 2858 1657 in
2891 1604 2994 1659 illis
3021 1605 3188 1672 gestis
3205 1605 3377 1660 solam
3406 1605 3788 1660 Constantino-

2196 1697 2419 1767 politani
2465 1696 2705 1767 episcopi
2737 1696 3203 1778 praesumptionem
3248 1698 3502 1766 arguerit,
3542 1697 3788 1768 profecto

501 1792 730 1847 rationis
758 1793 909 1860 sequi
945 1790 1206 1859 judicium
1237 1789 1560 1856 debeamus,
1600 1790 1731 1843 satis
1763 1789 1814 1842 in
1843 1798 2095 1857 promptu
2127 1794 2173 1853 B
2201 1787 2330 1842 nihil
2362 1789 2414 1841 in
2437 1788 2546 1851 eis,
2577 1788 2722 1856 quod
2754 1787 3128 1842 Nestorianutn
3157 1789 3305 1844 credi
3336 1791 3536 1859 possit,
3569 1806 3787 1844 succes-

503 1893 604 1936 est.
637 1881 825 1936 Utrum
858 1883 1079 1934 istorum
1109 1882 1199 1950 qui
1231 1881 1826 1950 putaveruntquoniam
1855 1881 1901 1935 si
1926 1889 2096 1934 retra-

505 1980 750 2038 ctarent,
794 1973 903 2026 imo
935 1971 1422 2040 reprehenderent,
1481 1971 1697 2024 Patrum
1747 1972 2093 2034 sententiam,

505 2062 761 2133 Acephali
787 2061 1250 2116 communicarent
1277 2059 1551 2126 Ecclesize,
1581 2060 1726 2129 quod
1757 2075 1864 2115 non
1896 2070 1978 2115 est
2000 2075 2096 2130 pe—

507 2157 649 2210 nitus
669 2154 1034 2218 subsecutum,
1057 2151 1204 2220 quod
1222 2152 1385 2206 etiam
1413 2153 1460 2206 si
1489 2161 1826 2221 sequeretur,
1850 2170 1955 2207 non
1983 2163 2101 2208 erat

500 2243 946 2316 approbandum;
978 2259 1047 2298 an
1077 2243 1456 2313 sapientissimi
1484 2242 1705 2312 Leonis,
1733 2244 1847 2312 qui,
1875 2245 2012 2298 sicut
2040 2246 2092 2299 in

505 2337 626 2391 aliis
664 2335 882 2403 scriptis
910 2332 1030 2402 ejus
1057 2333 1383 2397 ostenditur,
1415 2333 1621 2388 nullum
1671 2349 1771 2403 per
1807 2334 1910 2388 hoc
1947 2335 2103 2388 colli-

506 2427 696 2483 dendis
725 2425 985 2480 Ecclesiis
1013 2423 1230 2478 modum
1259 2423 1419 2493 poni,
1465 2424 1560 2479 sed
1604 2425 1728 2478 data
1773 2425 1987 2480 licentia
2018 2441 2100 2480 re-

508 2516 762 2582 bellandi,
793 2515 1005 2570 dilatari
1033 2515 1204 2582 magis
1241 2529 1402 2582 quam
1432 2515 1598 2585 sopiri
1627 2517 1924 2570 certamina
1964 2533 2101 2586 pra!-

504 2608 671 2662 dixit?
699 2605 843 2675 quod
881 2605 1146 2660 veraciter
1189 2619 1310 2659 esse
1354 2604 1590 2670 dictum,
1637 2604 1870 2660 evidenti
1917 2622 2098 2660 rerum

510 2700 655 2752 rsitu
673 2740 686 2759 ,
715 2698 844 2766 quin
883 2696 1064 2767 potius
1090 2694 1278 2761 exitio,
1307 2695 1709 2766 comprobatur.
1755 2696 1930 2752 Credo
1957 2698 2101 2766 quod

511 2793 674 2844 etiarn
705 2787 1004 2841 tacentibus
1026 2785 1180 2841 nobis
1203 2792 1462 2855 appareat
1480 2786 1606 2856 quid
1630 2785 1790 2840 fuerit
1811 2786 2103 2842 Providen-

513 2882 600 2932 tia:
628 2877 840 2941 divinas,
873 2876 999 2946 quid
1030 2876 1344 2931 temeritatis
1368 2877 1636 2931 humanm.
1669 2877 1726 2931 Si
1755 2893 1883 2932 vero
1904 2879 2102 2941 beatis-

511 2975 678 3024 sinitis
716 2966 858 3035 Leo,
903 2967 1149 3037 quamvis
1177 2968 1494 3023 recentioris
1519 2970 1534 3000 ¹
1583 2953 1823 3032 concilii,
1868 2978 1922 3024 et
1956 2971 2102 3025 nulla

512 3073 638 3117 ante
687 3062 768 3118 sui
813 3061 1112 3117 decessoris
1139 3061 1438 3116 assertione
1465 3060 1692 3128 defensi,
1724 3062 2016 3132 quidquam
2049 3064 2100 3117 in

2197 1882 2336 1935 soris
2361 1881 2478 1950 ejus
2500 1881 2741 1936 relictum
2757 1881 2963 1950 judicio
2991 1881 3284 1937 videretur.
3313 1883 3576 1949 Quoniam
3605 1885 3646 1938 si
3681 1884 3789 1936 hac-

2198 1973 2424 2027 relicum
2463 1971 2663 2042 aliquid
2691 1972 3070 2040 continerent,
3111 1973 3257 2042 quod
3287 1974 3522 2028 delatum
3550 1974 3614 2027 ad
3648 1975 3790 2028 illius

2197 2062 2386 2134 synodi
2433 2061 2689 2130 judicium
2741 2077 2847 2116 non
2888 2063 3218 2117 inveniretur
3273 2077 3392 2118 esse
3428 2063 3742 2118 danmatmn
3773 2102 3789 2128 ,

2203 2153 2312 2208 Leo
2340 2154 2444 2208 hoc
2466 2155 2614 2222 prius
2643 2153 3083 2223 reprehenderet,
3116 2168 3240 2208 cum
3264 2153 3331 2208 ad
3353 2152 3468 2223 ejus
3489 2153 3791 2208 deferretur

2199 2259 2449 2299 examen.
2480 2244 2629 2298 Unde
2660 2245 2704 2299 si
2737 2253 2989 2313 tanquam
3018 2244 3339 2299 Nestoriana
3375 2244 3538 2299 debet
3566 2243 3635 2298 ab
3672 2259 3790 2297 mn-

2200 2336 2359 2390 nibus
2383 2335 2470 2388 illa
2493 2336 2717 2404 epistola
2746 2334 3112 2401 condemnari,
3145 2349 3265 2405 quae
3294 2333 3361 2390 ab
3388 2335 3792 2390 accusatoribus

2202 2427 2448 2496 opposita
2485 2428 2589 2480 Iba:
2618 2428 2872 2497 episcopo
2901 2427 3066 2495 gestis
3093 2416 3438 2498 synodalibus
3461 2425 3793 2493 continetur,

2203 2535 2310 2574 non
2354 2519 2468 2588 ipsa
2511 2527 2718 2572 tantum
2749 2520 3012 2588 synodus.
3043 2535 3230 2572 verum
3260 2519 3420 2573 etiam
3451 2517 3561 2571 Leo
3599 2516 3794 2587 prmsul

2203 2609 2510 2679 apostolica:
2537 2608 2681 2664 sedis
2704 2624 2735 2663 a
2761 2623 2870 2678 quo
2893 2610 3188 2678 approbata
3215 2618 3360 2677 sunt,
3391 2609 3582 2664 haeresi
3614 2609 3794 2663 Nesto-

2204 2702 2368 2755 rianzc
2389 2699 2650 2755 cohibuit.
2675 2698 2775 2765 Qui
2800 2714 2906 2754 non
2937 2699 3052 2752 sola
3075 2698 3506 2752 consideratione
3527 2700 3794 2762 veritatis,

2204 2789 2301 2846 sed
2328 2790 2492 2844 etiam
2532 2788 2882 2859 prmcedentis
2912 2787 3040 2842 facti
3069 2789 3150 2842 sui
3178 2796 3493 2857 argueretur
3517 2790 3792 2859 exemplo.

2203 2880 2336 2936 Nam
2375 2896 2497 2937 cum
2523 2881 2573 2935 ei
2612 2880 2800 2934 beatus
2838 2878 3124 2934 Flavianus
3167 2878 3795 2950 Constantinopolitanus

2203 2982 2354 3043 gesta
2381 2972 2665 3041 dirigeret,
2698 2971 2750 3024 in
2780 2971 2974 3039 quibus
3019 2969 3290 3041 Eutyches
3319 2970 3680 3040 interrogatus
3710 2987 3800 3028 rc-

2205 3061 2419 3135 spondi't
2449 3064 2634 3120 dicens
2662 3081 2676 3116 :
2714 3081 2732 3114 ι
2765 3061 3041 3118 Confiteor
3063 3076 3130 3117 ex
3158 3063 3363 3117 duabus
3403 3062 3610 3118 naturis
3635 3061 3800 3117 fuisse

508 3151 950 3222 disceptationem
979 3165 1237 3206 revocare
1268 3167 1374 3205 non
1401 3167 1589 3222 passus
1616 3162 1716 3217 est,
1741 3154 2012 3223 quomodo
2035 3156 2102 3208 ab
2131 3159 2176 3222 ο
2208 3157 2491 3212 Dominum
2535 3166 2776 3210 nostrum
2823 3163 2949 3210 ante
2977 3155 3358 3208 adunationem
3378 3193 3393 3214 ,
3441 3163 3567 3224 post
3595 3156 3796 3209 aduna-

515 3243 596 3297 Ins
621 3241 855 3297 creditur
877 3250 1104 3310 quartus
1142 3243 1386 3297 decimus
1413 3257 1697 3297 successor
1723 3243 1840 3312 ejus
1880 3254 2101 3299 sanctus

516 3330 736 3399 Vigilius
757 3346 957 3386 novum
987 3345 1144 3400 posse
1171 3331 1368 3398 aliquid
1381 3330 1659 3400 judicare?
1687 3335 1981 3400 praesertim
2008 3336 2100 3390 illo

515 3420 768 3474 dicente:
807 3437 826 3472 ι
860 3418 1018 3481 Nam,
1064 3419 1358 3474 secundum
1388 3420 1733 3490 Apostolum,
1782 3423 1827 3476 si
1855 3438 1974 3491 qua:
2002 3423 2098 3478 dc-

515 3511 682 3564 struxi
713 3509 825 3564 lucc
847 3509 1078 3575 :cdilico,
1108 3511 1576 3580 prtcvaricatorem
1608 3529 1694 3569 me
1720 3519 2016 3583 constituo,
2048 3526 2104 3571 et

516 3601 593 3656 eis
621 3616 708 3656 me
739 3599 1000 3655 ultionum
1025 3601 1425 3658 conditionibus
1468 3603 1670 3672 subdo,
1700 3622 1836 3674 quas
1876 3623 1982 3662 non
2013 3624 2102 3663 so-

517 3693 623 3746 lmn
652 3694 944 3748 auctoritas
962 3693 1133 3750 beata:
1153 3697 1424 3751 memoriae
1445 3699 1700 3769 principis
1720 3700 1984 3770 Martiani,
2009 3705 2102 3758 sed

517 3784 678 3838 etiam
704 3797 804 3852 ego
832 3799 951 3839 mea
977 3784 1291 3842 defensione
1315 3789 1334 3819 ³
1362 3787 1567 3843 firmavi
1586 3807 1601 3856 ;
1622 3809 1641 3842 ι
1670 3800 1725 3846 ut
1747 3802 1874 3862 pote
1893 3798 1984 3864 qui
2005 3811 2104 3850 uo-

517 3883 668 3928 terat
696 3874 1011 3944 Apostolum
1056 3875 1162 3932 hoc
1187 3877 1387 3935 dixisse
1417 3897 1432 3934 ε
1465 3881 1578 3936 Sed
1603 3883 1722 3937 licet
1755 3901 1848 3940 nos
1877 3896 1966 3939 aut
2006 3903 2104 3940 an-

517 3963 660 4034 gelus
687 3963 752 4018 de
779 3965 906 4020 caelo
933 3967 1248 4037 evangeliset
1277 3968 1417 4023 vobis
1446 3982 1634 4040 prtrter
1661 3989 1814 4044 quam
1838 3978 2104 4048 evangeli-

518 4069 693 4108 zamus
735 4053 904 4118 vobis,
952 4057 1232 4111 anathema
1281 4060 1349 4112 sit
1397 4059 1539 4131 (Gal.
1571 4078 1622 4128 ι,
1665 4064 1743 4133 8).
1788 4065 1920 4119 Nam
1951 4069 2014 4131 si,
2049 4078 2106 4124 ut

519 4134 642 4213 ipse
661 4143 682 4174 ³
709 4144 900 4198 beatus
927 4141 1039 4200 Leo
1069 4144 1496 4203 Cbalcedonensi
1537 4153 1788 4213 concilio,
1819 4165 2103 4225 postquam

518 4237 633 4307 ejus
653 4245 801 4304 gesta
829 4239 1087 4309 suscepit,
1111 4237 1389 4308 rescripsit
1414 4240 1438 4271 "
1461 4241 1648 4297 dicens
1677 4262 1690 4296 :
1729 4263 1747 4296 ι
1784 4244 1850 4299 Ει
1871 4247 2106 4304 fraterna

519 4329 856 4394 universitas,
885 4337 942 4384 et
961 4329 1204 4384 omnium
1224 4329 1460 4385 ﬁdelium
1480 4334 1641 4388 corda
1671 4348 2000 4402 cognoscant
2023 4355 2108 4394 me

519 4433 626 4473 non
655 4419 828 4474 solum
857 4434 956 4489 per
982 4418 1174 4474 fratres
1193 4421 1285 4489 qui
1304 4436 1478 4477 meam
1503 4424 1676 4479 vicem
1699 4431 1938 4483 exsecuti
1961 4439 2104 4490 sunt.

2206 3249 2407 3304 tionem
2434 3262 2567 3302 vero
2595 3262 2757 3302 unam
2809 3255 3056 3300 naturam
3083 3244 3376 3310 confiteor;
3410 3266 3426 3295 ι
3448 3233 3665 3301 ’τειὶςιίδ
3695 3246 3794 3299 eis-

2203 3343 2326 3398 dem
2370 3343 2554 3411 gestis,
2587 3342 2728 3395 idem
2773 3339 2856 3394 vir
2895 3338 3327 3407 religiosissimus
3357 3347 3412 3393 et
3442 3338 3796 3405 prmientis-i-

2204 3450 2322 3488 nms
2339 3433 2451 3488 Leo
2474 3441 2772 3488 memorato
2794 3430 3050 3486 Flaviano
3075 3430 3148 3483 ita
3173 3429 3417 3484 rescribit
3441 3429 3511 3498 (1ιῖ
3515 3431 3633 3497 pisi.
3664 3429 3754 3490 1:2)
3783 3447 3795 3480 :

2209 3543 2230 3576 ι
2266 3523 2432 3578 Miror
2460 3530 2570 3576 tam
2600 3522 2889 3576 absurdam
2919 3530 3137 3588 tamque
3171 3535 3478 3589 perversam
3512 3520 3796 3588 professio.

2205 3631 2351 3686 nem,
2375 3616 2516 3670 nulla
2543 3614 2896 3684 judicantium
2917 3613 3289 3682 increpatione
3313 3613 3715 3684 reprehensam,
3743 3620 3794 3664 et

2205 3718 2508 3760 sermonem
2540 3703 2698 3757 nimis
2727 3701 3066 3769 insipientem
3113 3702 3184 3754 ita
3216 3701 3502 3765 emissum,
3532 3701 3682 3768 quasi
3715 3702 3794 3752 ni-

2207 3795 2281 3849 hil
2311 3792 2625 3857 oll'enderet,
2649 3807 2769 3846 esse
2794 3792 3034 3845 auditum
3061 3809 3074 3844 :
3103 3806 3226 3844 cum
3249 3800 3357 3844 tam
3383 3791 3546 3860 impie
3571 3791 3795 3844 duarmn

2209 3893 2524 3941 naturarum
2568 3892 2696 3937 ante
2738 3883 3119 3937 adunationem
3159 3882 3467 3951 unigenitus
3512 3881 3603 3936 Dei
3636 3882 3796 3938 Filius

2206 3977 2369 4031 fuisse
2392 3974 2624 4039 dicatur,
2655 3989 2816 4042 quam
2846 3973 3068 4038 nefarie,
3096 3985 3380 4044 postquam
3409 3974 3637 4028 Verbum
3668 3991 3794 4029 caro

2205 4069 2408 4125 factum
2438 4080 2539 4135 est,
2572 4077 2760 4122 natura
2791 4068 2843 4121 in
2893 4083 2961 4122 eo
3001 4056 3291 4136 singularis
3335 4067 3608 4121 asseritur.
3641 4067 3796 4133 Quod

2209 4179 2277 4219 ne
2317 4163 2584 4234 Eutyches
2611 4162 2732 4217 ideo
2763 4162 2845 4216 vel
2891 4171 3058 4229 recte,
3090 4161 3170 4216 vel
3205 4161 3578 4225 tolerabiliter,
3610 4159 3792 4214 existi-

2209 4263 2320 4308 met
2347 4253 2573 4316 dictum,
2602 4253 2730 4320 quia
2769 4252 2912 4304 nulla
2946 4259 3120 4304 \‘CSil‘ﬂ
3151 4260 3230 4305 est
3260 4251 3524 4304 sententia
3554 4249 3795 4304 confuta«

2213 4355 2342 4406 tum,
2369 4343 2674 4418 dilectionis
2699 4353 2801 4397 tuzc
2815 4343 3142 4410 diligentiam
3156 4356 3583 4403 commonemus,
3598 4340 3796 4395 charis-

2211 4437 2346 4491 sime
2368 4435 2557 4499 frater,
2583 4445 2640 4489 ut
2665 4435 2709 4489 si
2735 4451 2830 4505 per
2858 4433 3262 4502 inSpiratiouem
3293 4431 3677 4486 misericordia:
3708 4430 3796 4484 Dei

519 4510 616 4564 sed
642 4513 807 4612 etiam
843 4527 942 4624 pe:
975 4514 1419 4583 approbationem
1441 4528 1713 4586 gestorum
1741 4525 2104 4594 synodalium,
2137 4563 2186 4624 υ
2213 4528 2276 4582 ad
2307 4527 2732 4583 satisfactionem
2755 4541 2915 4581 causa
2937 4525 3270 4596 perducitur,
3303 4523 3667 4594 imprudentia
3699 4523 3787 4576 bo—

519 4601 796 4671 propriam
843 4603 996 4660 vobis
1049 4609 1474 4664 communicasse
1528 4616 1850 4669 sententiam
1905 4617 2096 4686 (Epist.

520 4689 646 4761 65);
681 4710 702 4744 ι
737 4707 838 4748 nec
858 4694 1148 4764 quidquam
1190 4697 1242 4751 in
1271 4698 1473 4754 eisdem
1501 4703 1668 4770 gestis
1695 4705 2102 4774 reprehendisse

595 4940 620 4969 ⁸
657 4933 872 5010 in_actts
895 4933 1084 5010 synodi
1103 4932 1553 5010 Chalcedonensis
1575 4951 1696 5008 post
1730 4941 1938 5010 legatos
1965 4947 2108 5000 sedis

521 5001 836 5075 apostolica:
862 5001 1066 5075 primus
1094 5005 1324 5075 (rejecto
1370 5001 1621 5062 nimirum
1652 5018 1707 5062 et
1734 5001 1954 5067 ex'cluso
1983 5015 2105 5068 Dio-

519 5088 678 5154 scoro
707 5074 1088 5154 Alexandrino,
1108 5074 1113 5075 “
1133 5089 1483 5154 ομιυεηςαιιδίι
1532 5078 1954 5154 disceptabatur)
1980 5100 2106 5154 pcr-

522 5144 1046 5223 petuo__uomi_t_iatur
1091 5145 1483 5223 subscribitque
1525 5144 1837 5223 Anatolius,
1879 5144 1944 5205 et
1983 5144 2108 5223 post

523 5212 830 5290 Anatolium
868 5212 1567 5290 MaxitnusAntioclienus.
1616 5212 1832 5290 Nempe
1847 5212 2105 5281 hunc'ille

524 5281 625 5361 sibi
649 5281 824 5336 locum
851 5283 1032 5361 deberi
1076 5285 1290 5361 volcbat
1311 5301 1378 5340 ex
1405 5287 1624 5361 decreto
1650 5281 1836 5360 synodi
1875 5308 1910 5347 ιι
1937 5307 2102 5361 gene-

524 5348 690 5430 ralis,
745 5365 864 5418 qua:
913 5354 1092 5408 sedem
1145 5348 1792 5430 Constantinopolitafiam
1849 5348 2104 5420 [infimiin

521 5425 825 5490 proximam
869 5431 1150 5479 stall-erat.
1196 5425 1300 5480 Sed
1337 5425 1614 5484 decretum
1660 5431 1763 5486 hoc
1789 5433 1943 5488 sedes
1973 5450 2102 5505 apo-

599 5648 613 5678 ¹
645 5646 1030 5714 Cod.'Veron.,
1060 5653 1226 5707 adhuc
1257 5658 1552 5710 recentiori.

596 5719 618 5750 '
649 5718 786 5787 ldetn
809 5719 958 5787 cod.,
989 5726 1338 5778 consensione.

599 5789 616 5816 ³
645 5786 789 5843 Idem
817 5789 964 5852 cod.,
995 5804 1109 5843 cum
1137 5792 1265 5861 ipse,
1293 5803 1397 5851 etc.

2213 4621 2370 4675 minis
2401 4621 2634 4691 imperiti
2656 4619 2820 4673 etiam
2849 4618 2917 4672 ab
2948 4619 3046 4671 hac
3076 4633 3264 4672 sensus
3301 4618 3383 4671 sui
3424 4624 3578 4686 peste
3608 4628 3795 4684 purge-

2213 4721 2318 4765 tur.
2357 4730 2376 4762 ι
2414 4711 2584 4765 Velim
2622 4710 2805 4779 itaque
2834 4709 3044 4774 instrui,
3071 4708 3201 4777 quid
3221 4715 3411 4761 contra
3441 4705 3798 4776 Eutychianos

2213 4949 2402 5002 stolica
2426 4951 2908 5021 nonagnoscdiat,
2932 4958 2988 5003 ut
3013 4951 3244 5005 alienum
3275 4966 3303 5004 a
3331 4952 3538 5021 synodo
3567 4950 3791 5010 Nicena.

2211 5033 2332 5090 qum
2357 5019 2647 5074 secundum
2681 5027 2855 5074 locum
2884 5023 3143 5090 episcotio
3172 5019 3557 5085 Alexandrino,
3593 5022 3790 5075 tertium

2213 5087 2554 5162 Antiocheno
2580 5090 2842 5162 decernit.
2886 5087 3202 5158 Quare'Leo
3230 5090 3470 5161 pontifex
3495 5107 3622 5146 cum
3647 5107 3791 5162 synoo

2213 5157 2339 5232 dum
2361 5159 2850 5232 Chalcedonensem
2880 5157 3351 5231 approbaret,'hoc
3373 5170 3534 5232 caput
3567 5157 3790 5229 excepit,

2212 5227 2516 5300 fastumque
2544 5239 2599 5283 et
2626 5231 2881 5284 ambitum
2913 5227 3145 5285 Anatolii
3167 5233 3347 5286 multis
3375 5227 3454 5285 ad
3472 5227 3790 5287 Marcianum

2213 5299 2540 5367 Augustum,
2570 5301 2636 5352 ad
2663 5301 2969 5356 Anatolium
2994 5303 3166 5371 ipsum
3195 5311 3249 5355 et
3278 5304 3342 5356 ad
3373 5301 3661 5356 Maximum
3693 5301 3788 5353 An-

2213 5371 2522 5492 tiocheuu‘m
2551 5372 2792 5428 eoistolis
2829 5371 3121 5441 redarguit.
3155 5375 3270 5439 Qua
3301 5373 3365 5427 de
3395 5387 3457 5429 re
3484 5374 3674 5428 iterum
3705 5371 3786 5424 lib.

2213 5455 2262 5492 v.
2293 5457 2412 5492 can.
2479 5481 2493 5492 .

2212 5455 2262 5503 ν,
2293 5457 2412 5509 cap.
2441 5455 2493 5494 4.

2290 5674 2311 5704 ⁵
2338 5668 2478 5742 idem
2511 5672 2654 5731 eod.,
2684 5675 3019 5742 rescripserit.

2291 5741 2313 5774 ⁵
2337 5740 2479 5794 ldem
2511 5745 2651 5808 c:ad.,
2686 5745 2821 5815 quod
2844 5740 2917 5797 ibi
2949 5746 3272 5815 retegentur.
