3962 6196
199 297 278 354 581
1095 285 1230 341 PRO
1270 282 1688 341 DEFENSIONE
1729 281 1946 337 TRIUM
1987 283 2301 339 CAPITUL.
2337 283 2460 338 LIB.
2507 285 2594 341 lll.

3366 284 3473 338 589.

197 407 437 480 possimus
463 403 682 468 referre,
717 417 838 456 cum
868 401 1104 456 dixerint
1134 419 1147 454 :
1176 401 1284 455 Cur
1333 399 1441 453 Leo
1479 406 1681 459 vester.
1718 399 1770 451 in
1801 400 1849 460 Α
1879 397 2046 463 nefas,
2077 399 2220 466 quod
2264 397 2428 461 absit,
2477 397 2756 467 reliquerit
2795 399 3133 468 impunitum.
3183 397 3471 458 Conlidunt

196 496 417 552 examine
440 503 715 563 gestorum
746 507 867 560 quae
899 492 1041 562 apud
1065 492 1378 546 Flavianum
1410 500 1535 545 sunt
1564 490 1765 553 habita,

196 589 425 641 adversus
446 584 770 655 Eutychem,
801 584 939 638 sicut
967 583 1190 660 putatis1
1217 582 1465 652 diligens,
1497 583 1548 635 in
1574 597 1771 652 appro-

197 679 390 732 halione
413 685 690 746 gestorum
734 675 924 746 synodi
975 673 1471 742 Chalcedonensis,
1513 673 1772 728 adversus

197 771 477 826 Nestorium
509 770 789 838 negligens
831 769 1121 833 invenitur,
1145 776 1213 823 ut
1240 767 1614 823 hestorianam
1657 766 1771 836 epi-

197 862 368 916 stolam
390 860 758 926 conﬁrmaret,
783 875 904 929 qua:
924 860 1121 915 ibidem
1153 861 1485 927 continetur,
1515 859 1616 913 nisi
1647 859 1773 927 quia

189 953 450 1008 .-ontrario
479 952 710 1008 Nestorii
752 960 1164 1022 pmoccupatus
1189 967 1395 1014 errore,
1430 951 1656 1022 Eutychi
1688 965 1774 1006 re-

192 1046 442 1100 ~istebat?
471 1043 603 1099 Nam
629 1059 734 1113 qua
761 1043 829 1097 de
858 1059 1021 1100 causa
1066 1043 1461 1114 professionem
1489 1043 1632 1110 ejus,
1667 1057 1772 1112 qua

188 1136 313 1190 lixit
346 1153 358 1188 :
399 1133 679 1190 Confiteor
705 1150 770 1190 ex
799 1134 1010 1190 duabus
1040 1136 1250 1189 naturis
1293 1134 1458 1189 fuisse
1488 1134 1774 1188 Dominum

194 1235 425 1280 nostrum
444 1232 571 1280 ante
594 1226 996 1289 adunationem,
1015 1225 1084 1281 de
1102 1241 1208 1295 qua
1239 1226 1290 1280 in
1308 1225 1514 1294 judicio
1534 1225 1775 1280 Flaviani

197 1332 288 1370 non
317 1315 490 1370 fuerat
516 1324 817 1378 accusatus,
851 1315 1138 1373 absurdam
1169 1326 1325 1372 vocat
1365 1326 1527 1386 atque
1559 1333 1778 1387 perver—

195 1420 327 1470 sam,
373 1405 599 1475 culpans
623 1406 770 1474 quod
809 1406 956 1461 nulla
1002 1407 1355 1474 iudicantium
1409 1409 1778 1479 increpatione

200 1498 513 1564 reprehensa
546 1495 722 1560 fuerit,
755 1512 876 1564 quae
915 1497 1012 1566 ipsi
1056 1498 1211 1552 nimis
1235 1499 1493 1567 insipiens
1522 1507 1578 1552 et
1615 1498 1777 1568 impia

201 1589 510 1641 ridebatur:
551 1587 923 1644 Nestorianam
960 1606 1087 1644 vero
1115 1577 1422 1660 epistolam,
1456 1591 1522 1645 ad
1566 1591 1778 1647 concilii

198 1677 642 1733 Chalcedonensis
681 1693 908 1733 examen
947 1681 1014 1734 ab
1057 1683 1462 1738 accusatoribus
1489 1682 1594 1737 lbae
1629 1683 1780 1737 dela-

1874 488 2146 555 equidem,
2197 504 2305 541 non
2352 488 2491 543 bene
2535 488 2833 543 sentientes
2861 489 2928 542 de
2977 490 3285 546 obedientia
3310 508 3470 561 quam

1875 576 2092 631 Christo
2133 578 2369 642 debetis,
2417 586 2472 631 et
2518 575 2811 632 devotione
2849 594 3011 646 quam
3059 579 3326 634 cxhibetis
3356 585 3472 648 ejus

1877 668 2150 730 Ecelesiis.
2175 669 2316 736 quod
2347 676 2535 723 contra
2564 668 2802 738 vigorem
2827 685 2891 724 ac
2908 669 3173 738 justitiam
3202 685 3472 728 canonum

1877 761 2093 817 defendi
2139 771 2359 832 queant.
2414 762 2608 816 Verum
2639 763 2858 832 expedit
2899 763 3002 817 illis
3029 771 3272 819 metuere
3300 765 3476 833 potius

1879 869 1948 910 ne
1966 852 2190 909 forsitan
2213 855 2584 926 experiantur,
2607 855 2835 911 Domino
2852 864 3073 924 regente
3098 872 3192 912 cor
3216 867 3475 923 vestrum,

1877 949 2024 1019 quod
2055 963 2160 1002 non
2205 947 2257 1001 in
2302 949 2699 1018 patrocinium,
2750 949 2844 1004 sed
2893 950 2948 1004 in
2992 951 3251 1006 ultionem
3300 954 3478 1023 potius

1880 1040 2382 1108 transgressionum-
2409 1049 2728 1110 potestatem
2771 1041 3002 1112 desuper
3035 1043 3297 1100 habeatis.
3328 1045 3480 1100 Desi-

1884 1140 2015 1184 nant
2043 1131 2221 1199 itaque
2250 1140 2600 1185 temeratores
2629 1140 2865 1201 paterna:
2891 1134 3170 1188 sententiae
3211 1134 3263 1189 in
3296 1136 3480 1192 nescio

1883 1238 1991 1290 quo
2020 1223 2154 1276 asilo
2185 1222 2478 1286 conlidere,
2511 1223 2653 1292 quod
2686 1223 2763 1277 eis
2791 1239 2897 1277 non
2931 1223 3189 1280 Romulus
3214 1225 3476 1284 Christia-

1883 1332 2003 1378 nus,
2051 1315 2204 1383 cujus
2229 1315 2318 1376 ille
2347 1314 2488 1370 Deus
2515 1323 2598 1368 est
2626 1324 2800 1386 pater,
2830 1317 2919 1384 qui
2951 1317 3210 1371 veraciter
3237 1318 3468 1374 dicitur:

1885 1407 2142 1461 Dominus
2173 1408 2324 1476 fortis
2371 1417 2418 1460 et
2467 1417 2672 1476 potens,
2718 1406 2973 1462 Dominus
3020 1419 3200 1478 potens
3247 1413 3300 1464 in
3347 1413 3480 1467 bello

1886 1497 2057 1569 (υκαι.
2094 1515 2242 1562 xxnt,
2275 1498 2352 1567 8),
2403 1499 2499 1553 sed
2543 1499 2714 1554 inanis
2754 1515 2850 1554 sua
2896 1502 3130 1570 suspirio
3180 1501 3478 1559 fabricavit.

1886 1590 1996 1644 Nec
2028 1591 2079 1644 in
2121 1591 2214 1644 tali
2260 1589 2406 1645 facto
2435 1591 2504 1645 de
2539 1600 2716 1645 vestra
2747 1594 3106 1646 consensione
3137 1606 3479 1664 pnesnmant,

1886 1681 2144 1749 quoniam
2173 1680 2327 1736 vobis
2352 1681 2668 1751 subreptum
2697 1690 2798 1745 est,
2832 1683 2884 1736 in
2909 1683 3150 1751 plurimis
3175 1687 3479 1754 reipublica:

202 1781 321 1828 tam,
357 1767 536 1836 ibique
560 1755 838 1833 relectam,
868 1770 1177 1826 damnatam
1208 1789 1313 1828 non
1344 1773 1508 1830 fuisse
1526 1771 1778 1829 dissimu-l
1814 1777 1859 1837 Β
1885 1771 2328 1840 dispositionibus
2355 1770 2656 1840 occupatis,
2689 1778 2746 1824 ut
2771 1774 3152 1827 consentiretis
3179 1775 3282 1829 hoc
3325 1775 3437 1830 fieri
3465 1794 3477 1828 :

203 1861 282 1919 lat,
318 1873 477 1927 quam
507 1873 651 1913 nunc
676 1861 1197 1918 anathematizantes
1221 1865 1780 1920 anathematizandam

193 1947 299 2004 illic
327 1947 489 2006 fuisse
519 1951 802 2006 fatemini?
833 1953 966 2008 Nam
999 1955 1082 2010 vel
1111 1956 1176 2016 si,
1202 1957 1653 2025 quemadmodum
1682 1958 1783 2012 im-

199 2038 484 2107 prudenter
511 2042 766 2109 negastis,
802 2042 1106 2098 orthodoxa
1140 2045 1480 2112 pronuntiata
1513 2062 1618 2101 non
1641 2055 1786 2102 esset

199 2127 260 2181 ab
285 2128 655 2193 illo.concilio,
687 2131 931 2187 damnari
962 2142 1141 2189 tamen
1169 2136 1370 2199 debuit,
1406 2151 1474 2190 ne
1501 2137 1781 2193 videretur

196 2220 561 2286 ignorantibus
600 2224 920 2294 approbata.
964 2223 1098 2280 Cum
1147 2226 1308 2296 igitur
1353 2227 1650 2283 secundum
1690 2229 1788 2285 has

200 2309 470 2364 evidentes
497 2318 552 2364 et
579 2311 917 2369 inevitabiles
945 2315 1183 2371 rationes
1209 2317 1572 2374 damnationis
1598 2319 1788 2390 ‘hujus

202 2399 438 2468 epistola
481 2407 686 2456 tantum
717 2403 862 2459 beati
893 2420 1109 2475 quoque
1139 2406 1336 2463 Leonis
1360 2409 1564 2464 crimen
1597 2425 1789 2467 neces-

207 2487 345 2542 sario
365 2500 744 2559 consequatur,
769 2494 894 2564 quid
924 2496 993 2550 ab
1015 2496 1131 2549 istis
1151 2497 1219 2551 de
1237 2496 1434 2565 judicio
1459 2503 1790 2558 successoris

211 2577 323 2645 ejus
348 2589 696 2650 exspectetur
723 2583 945 2652 ignoro,
971 2583 1094 2653 nisi,
1123 2588 1266 2656 quod
1295 2589 1496 2660 dictum
1525 2594 1544 2622 ²
1573 2607 1790 2664 quoque

212 2670 384 2737 magni
405 2671 608 2726 erroris
634 2681 736 2737 est,
779 2682 834 2727 et
876 2675 1020 2742 quod
1048 2691 1322 2747 nunquam
1348 2695 1570 2749 sperare
1606 2694 1799 2753 potue-

205 2767 324 2810 runt
349 2757 612 2825 haeretici,
654 2769 714 2815 ut
752 2776 875 2817 cum
918 2779 1113 2834 magna
1151 2776 1207 2822 et
1252 2770 1542 2826 universali
1590 2773 1796 2844 synodo

206 2843 625 2904 Chalcedonensi
669 2851 809 2907 idem
851 2854 1266 2922 gloriosissimus
1311 2869 1502 2915 auctor
1520 2870 1684 2933 atque
1709 2863 1800 2918 de-

209 2939 382 2994 fensor
408 2940 526 3009 ejus
553 2939 667 2996 Leo
694 2942 1062 3001 damnaretur.
1095 2947 1204 3003 Sed
1231 2959 1432 3018 quanta
1459 2951 1801 3009 animadver-

208 3033 354 3088 sione
393 3033 465 3087 sit
505 3033 723 3102 dignum
754 3037 898 3106 quod
928 3038 1033 3094 hoc
1062 3055 1169 3096 non
1207 3049 1421 3098 tentare
1446 3055 1676 3111 tantum,
1707 3062 1800 3102 ve-

1887 1877 2010 1918 cum
2037 1862 2204 1918 multo
2233 1862 2462 1932 amplius
2492 1862 2616 1918 inde
2640 1878 2856 1932 quoque
2883 1864 3150 1930 plectendi
3181 1867 3306 1928 sint,
3339 1865 3487 1936 quod

1890 1954 2136 2009 volentes
2158 1953 2375 2023 objectu
2404 1961 2596 2009 vestrae
2627 1969 2873 2023 personzn
2902 1956 3216 2024 impunitam
3247 1973 3368 2012 esse
3394 1973 3474 2012 eo-

1893 2045 2190 2100 ltibentiam
2217 2059 2380 2114 quam
2406 2045 2752 2114 pmbuerunt
2780 2044 3066 2110 haereticis,
3098 2061 3204 2100 non
3234 2048 3483 2116 permise-

1895 2143 2024 2190 runt
2068 2133 2326 2189 insinuari
2364 2134 2518 2190 vobis
2546 2134 2766 2188 Patrum
2799 2133 3031 2191 decretis
3058 2151 3178 2190 esse
3218 2138 3489 2192 contraria

1890 2239 2011 2294 qua:
2049 2223 2277 2289 flebant;
2333 2232 2393 2278 ut
2432 2239 2500 2278 eo
2528 2223 2713 2287 modo,
2758 2238 2856 2292 per
2901 2225 3278 2280 auctoritatem
3303 2234 3490 2281 vestra:

1891 2315 2288 2382 consensionis,
2303 2315 2464 2368 etiam
2487 2314 2685 2370 multos
2703 2315 2804 2369 sibi
2829 2316 3078 2371 conscios
3097 2326 3450 2386 aggregarent
3474 2335 3485 2368 :

1893 2415 1950 2461 et
1973 2406 2126 2475 quasi
2157 2404 2550 2458 multitudinem
2592 2415 2914 2473 sequeretur
2954 2407 3264 2476 impunitas,
3293 2422 3490 2462 secun-

1893 2497 2021 2554 dum
2048 2497 2193 2566 quod
2212 2496 2384 2551 visum
2413 2503 2499 2550 est
2527 2494 2743 2550 cuidam
2772 2496 2972 2563 dicere,
3007 2498 3266 2568 quidquid
3307 2498 3490 2553 multis

1893 2599 2154 2663 peccatur
2183 2589 2413 2643 inultum
2455 2595 2571 2653 est,
2602 2588 2780 2645 minus
2829 2589 3172 2645 attendentes
3204 2591 3348 2659 quod
3391 2605 3489 2645 nec

1895 2684 2080 2739 divino
2101 2681 2305 2750 judicio
2334 2679 2501 2751 possit
2527 2681 2872 2749 peccantium
2902 2681 3192 2736 multitudo
3215 2683 3488 2746 resistere,

1899 2788 2002 2830 nec
2041 2774 2278 2828 humano
2321 2785 2420 2841 per
2464 2769 2864 2826 multitudinem
2907 2772 3128 2827 illudere
3175 2774 3493 2827 temeritatis

1902 2871 2172 2920 auctores.
2206 2861 2338 2916 Nam
2386 2859 2569 2914 futuro
2607 2861 2842 2914 examini
2881 2861 2977 2917 Dei
3014 2861 3217 2917 relictis
3260 2862 3338 2916 eis
3375 2864 3489 2932 qui,

1900 2954 1988 3008 vel
2027 2952 2259 3008 factione
2309 2950 2523 3005 illorum
2559 2948 2796 3018 inducti,
2825 2951 2911 3006 vel
2938 2953 3290 3022 oppressione
3317 2955 3491 3008 coacti

1904 3057 2048 3115 sunt,
2081 3047 2319 3102 debitam
2352 3043 2680 3100 sententiam
2711 3042 2870 3097 iidem
2900 3044 3110 3098 factiosi
3138 3053 3492 3114 praesumpto-

211 3137 322 3176 rum
349 3125 513 3178 etiam
541 3123 610 3179 de
637 3141 952 3184 successore
996 3129 1114 3199 ejus
1141 3134 1258 3187 ausi
1295 3143 1420 3189 sunt
1456 3147 1791 3207 exspectare,
1823 3141 1868 3202 C
1899 3157 1988 3196 res
2014 3139 2315 3208 excipient,
2349 3144 2500 3192 tanto
2539 3134 2880 3204 graviorem,
2926 3143 3128 3206 quanto
3167 3135 3494 3206 plurioribus

211 3210 370 3280 ipsius
397 3212 815 3270 considerationi
861 3216 1206 3285 dimittimus,
1255 3239 1416 3292 quem
1470 3226 1636 3283 latere
1683 3246 1789 3283 non

215 3311 398 3371 potest,
427 3317 590 3372 quam
629 3305 864 3374 graviter
890 3308 1191 3366 oﬂendatur
1220 3312 1483 3381 Ecclesia,
1510 3318 1553 3371 si
1586 3327 1790 3373 tantum

285 3483 302 3514 ⁸
324 3481 456 3539 Cod.
489 3484 712 3550 Veram,
742 3487 1142 3546 damnationem.

1898 3236 2201 3292 obfuerunt.

1973 3501 1993 3531 ³
2024 3498 2166 3551 ldum
2195 3495 2342 3557 cod.,
2368 3495 2525 3548 dictu.

223 3630 3484 3659 MM.—

1357 3741 1703 3826 LIBER
1760 3741 2298 3826 TERTIUS.

736 3998 966 4055 CAPUT
991 3999 1278 4056 PRIMUM.

225 4115 315 4182 Qui
336 4119 368 4169 d
396 4115 652 4170 Theodori
683 4115 732 4168 Μ
745 4117 1029 4178 opsuestcm’
1052 4116 1243 4185 scripta
1271 4133 1384 4170 cum
1413 4117 1675 4179 denotant,
1716 4135 1799 4185 ,ςυ-
1858 4157 1860 4159 ›

290 4191 408 4243 nodi
455 4187 885 4240 Chalcedonensis
935 4199 982 4241 ct
1032 4187 1216 4240 Leartis
1259 4205 1407 4258 papw
1427 4189 1686 4260 judicium
1717 4205 1800 4241 re-

287 4261 616 4326 prehendunt.

292 4372 461 4441 Exigit
487 4388 518 4426 a
557 4373 713 4427 nobis
741 4372 922 4442 operis
952 4386 1082 4426 cura
1127 4373 1359 4442 suscepti
1392 4380 1449 4427 ut
1473 4373 1616 4442 quod
1639 4388 1804 4442 supe-

227 4464 361 4520 riore
389 4464 528 4520 libro
543 4464 916 4519 demonstrare
929 4463 1211 4533 coepimus,
1233 4463 1298 4536 _iu
1317 4464 1420 4517 isto
1437 4464 1807 4532 multipliciter

229 4556 566 4611 Ostendamus
588 4596 602 4621 ,
635 4555 890 4624 quoniam
909 4555 1288 4610 haereticorum
1322 4555 1612 4624 complices
1635 4554 1810 4608 Theo-

228 4645 408 4700 dorum
426 4659 641 4716 quoque
665 4644 1102 4715 Mopsuestenum
1127 4645 1456 4713 episcopum,
1483 4645 1534 4697 in
1561 4641 1809 4698 Ecclesirc

232 4752 355 4805 pace
383 4735 691 4799 defunctum
725 4744 780 4791 et
807 4752 838 4790 a
867 4735 1066 4791 sanctis
1097 4734 1359 4800 Patribus,
1395 4735 1532 4790 sicut
1552 4735 1662 4803 jam
1692 4749 1810 4788 me-
1851 4801 1860 4809 σ

233 4826 582 4891 moravimus,
623 4825 1002 4894 praedicatum,
1044 4826 1097 4877 in
1137 4823 1560 4879 destructionem
1605 4838 1813 4892 magna:

229 4920 418 4992 synodi
446 4918 902 4974 Chalcedonensis
929 4926 1090 4985 atque
1114 4917 1477 4970 institutorum
1501 4915 1645 4968 beati
1676 4914 1815 4970 Leo-

231 5010 331 5077 nis,
376 5008 708 5065 anathemati
754 5005 1124 5061 subdidernnt.
1164 5003 1231 5058 Et
1269 5005 1425 5074 quia,
1480 5012 1538 5057 ut
1577 5004 1629 5057 in
1659 5019 1812 5057 suum

231 5116 549 5156 consensum
598 5100 744 5153 leves
793 5097 958 5153 corde
1005 5104 1228 5167 possent
1278 5095 1581 5160 adducere,
1632 5095 1814 5149 dicunt

232 5195 442 5248 beatum
498 5192 754 5264 Cyrillum
807 5191 984 5260 aliqua
1034 5189 1273 5259 ejusdem
1313 5187 1579 5242 Theodori
1617 5187 1815 5256 scripta

232 5284 498 5355 culpasse,
522 5285 627 5341 hoc
642 5298 858 5352 quoque
885 5280 1358 5353 pmbemus,.quod
1392 5281 1600 5334 etiamsi
1629 5294 1815 5333 verum

230 5375 296 5428 sit
320 5414 336 5439 ,
384 5385 572 5432 contra
603 5374 720 5443 ejus
748 5373 1074 5428 sententiam
1104 5371 1348 5433 fecerint,
1383 5370 1537 5438 cujus
1564 5369 1816 5438 exemplo

232 5467 699 5541 pmsumptionem
729 5479 880 5519 suam
899 5463 1130 5517 inaniter
1156 5475 1414 5516 excusare
1439 5468 1722 5514 conantur.
1748 5456 1819 5512 Ut

230 5555 679 5623 quemadmodum
695 5554 972 5610 evidenter
993 5557 1358 5624 apparuerunt
1380 5548 1528 5622 quod
1557 5547 1822 5604 fallaciter

300 5765 317 5783 '
353 5759 484 5818 Cod.
515 5761 736 5826 Veron.,
766 5756 1035 5812 indicium.

1902 4017 1963 4056 sc
1987 3999 2351 4069 jactaverunt,
2386 3993 2455 4047 ob
2486 3991 2799 4061 injuriarum
2829 3987 2948 4059 ejus
2984 3990 3263 4060 dmorem,
3291 3991 3496 4060 episto-

1903 4092 2010 4145 lam
2035 4081 2359 4144 venerabilis
2406 4083 2510 4138 Iba:
2557 4083 2862 4148 damnasse,
2915 4081 2989 4137 ita
3039 4097 3139 4137 suo
3187 4082 3498 4137 testimonio

1905 4180 2295 4236 convincantur
2318 4219 2332 4244 ,
2365 4175 2492 4229 etin
2523 4171 2926 4227 damnationem
2957 4171 3228 4226 Theodori
3254 4181 3371 4240 ejus
3401 4172 3499 4226 ἰηι-

1905 4286 2169 4344 pugnasse
2187 4268 2468 4339 judicium.
2492 4263 2589 4321 Ubi
2611 4275 2792 4318 autem
2815 4264 3097 4318 docuimus
3119 4263 3372 4332 quoniam
3416 4266 3501 4320 vel

1909 4364 1953 4419 si
1983 4361 2229 4418 eamdem
2277 4357 2559 4428 epistolam
2615 4353 2853 4426 synodus
2894 4351 3349 4407 Chalcedonensis
3396 4368 3501 4406 non

1910 4453 2287 4526 pronuntiaret
2326 4447 2690 4506 orthodoxam
2713 4487 2728 4512 ,
2760 4445 3106 4500 nihilominus
3144 4445 3196 4501 in
3238 4445 3356 4515 ejus
3379 4461 3503 4500 eva«

1913 4545 2220 4602 cuationem
2265 4557 2364 4612 pro
2391 4537 2550 4594 laude
2581 4537 2849 4593 Theodori
2881 4538 3268 4600 daimiaretur,
3303 4537 3372 4591 ibi
3403 4538 3504 4590 uti-

1914 4651 2020 4708 que
2063 4636 2221 4691 simul
2253 4643 2532 4690 ostensum
2563 4641 2647 4687 est
2686 4631 2860 4701 ipsum
2902 4643 3122 4698 quoque
3159 4628 3504 4682 Theodorum

1915 4739 2202 4800 propterea
2246 4727 2410 4781 fuisse
2450 4724 2782 4780 damnatum.
2827 4719 2983 4775 Unde
3022 4730 3079 4774 et
3117 4719 3248 4773 illud
3291 4733 3505 4787 quoque

1919 4836 2138 4876 necesse
2166 4829 2249 4875 est
2277 4818 2451 4889 sequi,
2480 4815 2799 4886 quodetiam
2829 4813 2898 4868 de
2923 4811 3228 4882 supradicta
3279 4809 3504 4878 epistola

1918 4910 2243 4966 venerabilis
2272 4908 2376 4963 Iba:
2414 4907 2525 4977 jam
2548 4903 2809 4966 diximus,
2842 4902 3096 4971 quoniam
3129 4899 3174 4954 si
3203 4897 3412 4952 dicatur
3441 4896 3506 4948 ad

1917 5002 2200 5056 veritatem
2231 5008 2394 5068 atque
2423 4998 2685 5066 judicium
2714 4997 2728 5026 ⁸
2773 4993 3052 5047 catholica:
3084 4989 3205 5043 ﬁdei
3237 4987 3506 5056 pertinere

1917 5093 2062 5163 quod
2081 5098 2385 5148 statuerunt
2412 5090 2528 5156 isti,
2562 5089 2802 5142 dicentes
2829 5102 2842 5137 :
2873 5102 2890 5133 ‹
2925 5082 2984 5135 Si
3013 5081 3131 5149 quis
3147 5095 3255 5133 non
3287 5077 3508 5131 anathe-

1917 5183 2138 5238 tnatizat
2165 5180 2507 5237 Theodorum
2562 5173 2943 5246 Mopsuestias,
2985 5178 3040 5226 et
3083 5169 3201 5238 ejus
3229 5169 3508 5238 dogmata,

1918 5288 2118 5342 eosque
2137 5274 2228 5342 qui
2257 5280 2348 5326 aut
2369 5268 2559 5325 similia
2591 5267 2639 5321 ei
2671 5269 2987 5334 sapuerunt,
3019 5268 3113 5315 aut
3132 5261 3370 5330 sapiunt,
3387 5273 3508 5314 ana~

1919 5366 2198 5432 themasit,
2241 5384 2258 5417 ι
2292 5365 2382 5420 illa
2408 5360 2644 5433 synodus
2671 5355 2941 5412 catholica
2985 5368 3093 5408 non
3119 5351 3284 5408 fuisse
3322 5350 3506 5406 ﬁrma-

1920 5457 2085 5522 bitur,
2115 5471 2234 5526 qua:
2264 5469 2371 5510 non
2393 5453 2542 5508 illum
2560 5447 2864 5514 damnavit,
2895 5459 3015 5500 cum
3045 5459 3114 5500 ex
3143 5441 3370 5513 epistola
3394 5455 3510 5494 mea

1924 5554 2137 5602 morata
2156 5543 2376 5602 recitari
2407 5539 2593 5596 laudes
2617 5536 2928 5606 dogmatum
2942 5534 3058 5605 ejus
3076 5532 3352 5589 audiret.\'
3358 5543 3512 5588 erum
