3878 6194
502 307 612 366 585

1567 312 1744 369 FACU
1756 313 1882 376 ΝΜ,
1907 313 2123 370 EI'ISC.
2163 313 2201 405 Ι]
2214 315 2670 371 EIIMIANENSIS

3687 313 3784 368 584

499 443 600 482 uec
629 430 738 483 Leo
816 442 1042 484 omauus
1084 436 1311 483 antistes
1338 428 1542 483 carebit
1573 430 1677 484 boc
1701 431 1964 484 crimine:
1999 433 2087 500 qui
2122 440 2162 491 Α
2193 432 2550 485 orthodoxam
2581 430 2844 501 synodum
2887 430 3095 495 facere,
3132 430 3498 500 cujuscunque
3526 441 3667 484 esse:
3699 433 3782 486 illa

477 531 620 572 '(‘Ulll
661 527 811 588 gesta
865 521 1130 588 prmdicta:
1159 521 1353 591 synodi
1393 536 1452 575 se
1491 521 1696 576 diceret
1732 525 2086 592 approbasse,

493 625 606 662 non
636 609 812 678 arguit
859 610 1002 678 quod
1046 611 1119 664 ibi
1152 611 1421 666 Theodori
1466 612 1650 668 laudes
1689 629 1794 666 non
1827 613 2092 668 invenerit

491 698 848 770 improbatas.
881 700 996 757 Hoc
1025 712 1205 757 autem
1227 745 1243 772 ,
1273 706 1577 773 ubicunque
1605 705 1673 759 de
1706 707 1870 774 ipsius
1898 707 2088 778 synodi

493 790 919 859 reprehensione
941 796 1342 862 conquerimur,
1368 804 1586 864 oportet
1617 795 1917 863 advertere,
1949 813 2088 865 quo-

493 882 639 948 niam
666 897 773 937 non
803 883 919 938 sine
952 884 1206 953 pracdicto
1238 885 1397 939 beato
1441 885 1622 941 Leone
1653 887 1920 956 culpatur.
1951 886 2088 953 Quid

499 975 656 1026 etiam
689 973 857 1039 illud,
892 975 1037 1042 quod
1069 976 1134 1030 de
1165 976 1324 1028 modo
1354 976 1524 1044 ipsius
1553 975 1700 1040 facti,
1723 991 1832 1046 quo
1862 976 2088 1045 epistola

501 1062 591 1116 illa
615 1065 869 1120 damnata
901 1076 1002 1131 est,
1035 1069 1379 1137 prudentium
1411 1069 1609 1123 rationi
1638 1069 2087 1124 considerandum

498 1157 896 1225 proposuimus,
925 1173 1102 1213 uounc
1132 1160 1182 1212 iu
1208 1159 1889 1230 condemnatiouequoque
1912 1159 2090 1215 Theo-

497 1246 618 1301 dori
642 1247 804 1302 debet
831 1249 1068 1312 attendi,
1118 1252 1373 1318 quoniam
1407 1267 1505 1306 nec
1529 1251 1786 1307 adversus
1815 1268 1934 1306 cum
1957 1292 1971 1317 ,
2002 1253 2088 1306 vel

495 1339 539 1393 si
570 1339 813 1395 adhucin
841 1358 1074 1410 corpore
1088 1343 1330 1412 degeret,
1359 1354 1414 1399 et
1437 1346 1722 1400 haereticus
1746 1347 2085 1416 probaretur,

497 1432 622 1485 olim
666 1432 988 1487 Nestoriano
1037 1449 1222 1489 errore
1251 1435 1508 1489 damnato
1537 1476 1550 1500 ,
1584 1437 1636 1490 in
1686 1453 1793 1506 quo
1829 1451 2088 1506 prinoccuo

496 1537 651 1598 palus
707 1525 867 1581 fuisse
907 1528 1137 1593 dicitur,
1192 1539 1299 1582 tam
1353 1531 1643 1583 multorum
1707 1531 2085 1600 episeoporum

496 1629 612 1675 erat
641 1622 655 1652 ¹
684 1621 846 1689 quani
883 1622 1228 1685 sententiam,
1263 1638 1380 1691 qua:
1413 1638 1684 1690 nunquam
1717 1639 1814 1692 pro
1847 1621 2084 1676 veterum

495 1714 866 1770 haereticorum
898 1715 1246 1769 damnatione
1271 1756 1284 1779 ,
1331 1715 1426 1770 sed
1456 1715 1744 1783 aliquando
1795 1730 1894 1784 pro
1923 1730 2087 1768 novo-

2193 523 2422 592 cpistola
2449 567 2458 580 .
2493 538 2612 591 quze
2655 521 2756 576 Iba:
2788 531 3042 590 tauquam
3075 537 3170 575 sua
3199 530 3318 576 erat
3344 520 3578 591 objecta,
3611 530 3686 586 ut,
3717 527 3779 576 ad

2193 613 2584 668 removendam
2613 614 2828 684 penitus
2859 614 3218 682 suSpicionem
3244 653 3258 679 ,
3289 621 3510 681 cogeret
3539 614 3780 667 eumdem

2191 705 2338 758 Ibam
2371 705 2674 759 Nestorium
2712 705 3193 772 anathematizare,
3222 706 3378 774 cujus
3403 707 3456 760 in
3485 722 3554 760 eo
3584 706 3603 736 ³
3635 721 3780 760 men-

2194 796 2268 849 tio
2315 794 2454 849 facta
2520 806 2620 850 est.
2675 796 2958 862 Quomodo
3031 797 3192 865 igitur
3243 796 3498 866 przedicta
3551 797 3781 866 synodus

2190 884 2668 951 Chalcedonensis,
2700 887 2744 940 si
2787 903 2913 941 vere
2942 887 3246 942 orthodoxa
3295 887 3492 951 fuerat,
3525 897 3782 956 expetens

2191 977 2335 1030 Ibam
2384 978 2853 1031 anatliematizare.
2893 976 3220 1041 Nestorium,
3279 985 3335 1030 et
3383 976 3498 1044 ejus
3531 977 3779 1044 dogmati

2191 1083 2310 1137 qua:
2341 1085 2444 1122 non
2477 1068 2818 1131 laudaverat,
2845 1085 2952 1123 nou
2981 1068 3242 1137 expetivit
3275 1077 3328 1120 ut
3352 1068 3582 1121 maxime
3607 1066 3783 1120 Theo-

2191 1159 2381 1213 dorum
2410 1160 2430 1188 ⁵
2452 1160 2965 1224 anathematizaret;
2998 1175 3156 1229 quem
3186 1157 3434 1228 audierat
3460 1157 3601 1228 apud
3631 1171 3690 1210 se
3719 1171 3779 1210 ex

2191 1261 2488 1306 memorata
2520 1253 2750 1322 epistola
2795 1253 3008 1308 recitari
3054 1253 3270 1306 beatum
3301 1265 3608 1320 przeconem
3641 1249 3779 1302 veri-

2194 1345 2316 1400 tatis
2347 1387 2361 1411 ,
2394 1355 2447 1399 et
2486 1344 2764 1400 doctorem
2793 1344 3043 1400 Ecclesia:
3068 1386 3082 1409 ,
3115 1352 3170 1399 et
3197 1345 3250 1398 in
3279 1352 3376 1398 sua
3404 1344 3510 1397 vita
3538 1342 3779 1412 colaphi-

2191 1453 2342 1494 zasse
2365 1438 2652 1492 hmreticos
2670 1454 2765 1508 per
2791 1439 3077 1492 veritatem
3099 1452 3209 1492 sua:
3238 1434 3381 1502 ﬁdei,
3406 1445 3459 1490 et
3491 1444 3615 1506 post
3635 1451 3777 1488 mor-

2193 1534 2300 1580 tem
2329 1527 2590 1595 spiritalia
2621 1542 2768 1580 arma
2793 1527 2846 1580 in
2873 1527 3027 1582 libris
3056 1527 3291 1595 propriis
3324 1525 3580 1579 Ecclesiis
3612 1526 3632 1555 ³
3664 1524 3777 1578 reli-

2192 1621 2411 1687 quisse?
2438 1619 2519 1672 Au
2543 1619 2882 1683 Theodorus,
2915 1619 2982 1674 de
3009 1619 3161 1687 cujus
3189 1618 3533 1687 blasphemiis
3575 1617 3775 1671 dixistis

2191 1710 2334 1776 quod
2357 1708 2558 1764 diaboli
2574 1710 3339 1778 transgrediauturinsaniam,
3367 1717 3588 1779 prepter
3607 1709 3776 1760 zelum

495 1821 610 1859 rum
641 1805 948 1860 exclusione
991 1805 1088 1858 fuit
1132 1806 1434 1860 necessaria
1463 1848 1478 1872 ,
1518 1807 1562 1860 si
1606 1815 1779 1860 tamen
1823 1806 2084 1860 admoniti
2124 1831 2164 1889 Β
2196 1801 2307 1866 Dei,
2329 1803 2470 1857 sicut
2502 1804 2521 1833 "
2542 1803 2798 1872 scriptum
2825 1811 2928 1867 est,
2961 1819 3068 1856 non
3090 1803 3262 1858 solum
3295 1797 3569 1872 propriam
3602 1802 3776 1854 civila~

493 1903 671 1949 errata
702 1897 976 1964 corrigere
1006 1896 1418 1964 despexissent?
1449 1896 1574 1950 Ideo
1599 1912 1729 1950 vero
1761 1911 1902 1950 nunc
1930 1911 2075 1964 quie—

490 1985 696 2040 sieruut
742 1985 1119 2040 haereticorum
1152 1985 1390 2038 fautores
1432 1987 1498 2039 ab
1529 1987 1819 2039 universali
1844 1985 2079 2038 Ecclesia

490 2078 801 2144 magistrum
833 2076 1064 2130 Nestorii
1097 2077 1432 2146 pronuntiari
1467 2076 1845 2142 Theodorum;
1873 2087 1930 2130 ut
1959 2077 2080 2146 quia

491 2166 644 2222 facile
667 2174 968 2220 monstrare
999 2177 1245 2236 possunt,
1281 2183 1388 2222 non
1417 2168 1592 2222 solum
1616 2169 1895 2239 epistolam
1921 2181 2084 2222 vene-

489 2258 670 2312 rabilis
697 2256 819 2319 Ibze,
851 2258 1037 2312 laudes
1063 2259 1178 2327 ejus
1199 2259 1590 2324 continentem,
1621 2275 1650 2312 a
1680 2259 1910 2330 synodo,
1937 2259 2082 2327 quod

488 2348 619 2404 false
643 2359 1007 2418 negatumOest
1033 2351 1385 2420 approbatum
1409 2391 1423 2415 ,
1454 2365 1642 2403 verum
1674 2351 1837 2404 etiam
1868 2350 2082 2418 sapien-

487 2441 678 2496 tissimi
701 2441 924 2494 Joannis
955 2439 1302 2506 Anliocheni,
1335 2449 1390 2496 et
1413 2438 1704 2501 Orientalis
1738 2441 1954 2494 concilii
1987 2441 2080 2494 lit-

490 2543 636 2590 teras
660 2573 676 2598 ,
707 2535 771 2587 ad
801 2534 1020 2588 beatum
1054 2531 1302 2587 Proclqu
1344 2544 1398 2586 et
1425 2533 1806 2602 imperatorem
1830 2527 2081 2586 Theodo-

486 2628 624 2682 sium
652 2626 827 2693 datas,
853 2626 1118 2695 inquibus
1140 2625 1278 2678 idem
1305 2625 1623 2680 Theodorus
1652 2625 1822 2678 multo
1851 2625 2081 2694 amplius

486 2724 571 2772 est
619 2716 883 2782 laudatus,
944 2717 1106 2770 etiam
1161 2731 1259 2785 per
1312 2716 1415 2770 hoc
1455 2715 1766 2784 prtedictam
1813 2715 2077 2784 synodum

485 2807 855 2863 Nestorianam
886 2822 1006 2862 esse
1038 2805 1329 2860 firmarent.
1372 2805 1504 2860 Nam
1536 2807 1706 2876 etipsa
1728 2805 2080 2874 subscriptio-

485 2900 570 2956 nis
607 2899 837 2954 formula
876 2915 995 2969 qua:
1024 2899 1147 2954 data
1191 2907 1271 2953 est
1317 2899 1370 2952 in
1403 2898 1913 2954 condemnationem
1942 2897 2080 2966 ejus-

484 2990 610 3045 dem
641 2989 954 3057 Theodori,
985 3004 1090 3043 non
1139 2988 1284 3044 aliud
1327 2988 1540 3043 videtur
1588 2988 1894 3050 ostendere,
1953 3002 2077 3040 cum

481 3084 680 3139 dictum
727 3091 854 3138 est:
899 3101 916 3134 ι
953 3082 1010 3138 Si
1055 3083 1175 3153 quis
1217 3097 1323 3136 non
1369 3080 1785 3134 anathematizat
1825 3078 2077 3132 Theodo-

2195 1904 2302 1947 tem
2333 1895 2400 1948 ab
2444 1910 2630 1949 errore
2661 1894 2728 1948 ad
2759 1895 3042 1948 veritatem
3073 1895 3369 1957 convertit,
3406 1893 3502 1946 sed
3530 1901 3589 1946 et
3621 1892 3773 1958 longe

2190 1985 2392 2054 positas
2417 2002 2511 2038 sua
2539 1986 2783 2039 doctrina
2811 1985 3062 2038 instruxit
3107 1983 3406 2038 Eeclesias?
3435 1982 3568 2048 Qua:
3598 1983 3771 2034 omnia

2189 2091 2308 2129 cum
2339 2093 2404 2129 ex
2435 2077 2662 2144 cpistola
2694 2075 2904 2143 objecta
2934 2074 3036 2128 Ibat:
3062 2074 3296 2144 synodus
3325 2071 3772 2126 Chalcedonensis

2187 2167 2418 2229 audiret,
2451 2183 2557 2220 non
2590 2168 2765 2234 coegit
2791 2168 3039 2220 eumdem
3080 2166 3228 2218 Ibant
3255 2164 3329 2218 sic
3356 2164 3633 2217 laudatum
3655 2179 3773 2215 ana-

2188 2260 2537 2316 tbcmatizare
2563 2261 2906 2316 Theodorum
2937 2280 2949 2290 ·
2980 2261 3050 2316 ob
3090 2261 3192 2316 hoc
3223 2259 3485 2330 profecto,
3514 2261 3644 2329 quia
3678 2259 3772 2312 Ne-

2184 2353 2338 2406 storii
2364 2353 2582 2422 impium
2601 2355 2898 2423 suscipiens
2919 2370 3180 2419 errorem,
3207 2354 3322 2422 ejus
3342 2353 3558 2421 quidem
3582 2369 3772 2407 nomen

2184 2443 2496 2504 occultavit,
2531 2443 2798 2498 Theodori
2825 2453 3001 2497 autem
3026 2443 3385 2512 Mepsuesteni
3408 2443 3669 2502 defendit,
3689 2444 3772 2511 qui

2185 2533 2440 2600 magister
2484 2533 2714 2587 Nestorii
2757 2533 2882 2597 fuit,
2932 2535 3382 2602 quemadmodum
3424 2534 3476 2586 in
3517 2533 3773 2602 praedicto

2189 2624 2346 2689 libro,
2385 2624 2536 2692 cujus
2571 2624 2978 2679 difliuitionibus
3025 2625 3434 2694 subseripsistis,
3473 2624 3540 2678 de
3583 2625 3772 2678 talibus

2183 2716 2387 2772 dictum
2431 2726 2532 2771 est.
2575 2717 2700 2774 Ila‘c
2742 2733 2864 2772 cum
2913 2717 3066 2770 nobis
3113 2719 3358 2786 opposita
3399 2717 3613 2782 fuerint,
3649 2715 3773 2786 quid

2182 2815 2369 2860 contra
2402 2803 2602 2861 referre
2631 2806 2946 2870 valebimus,
2978 2805 3022 2859 si
3053 2806 3384 2860 ortbodoxus
3421 2821 3529 2860 non
3569 2814 3659 2860 est
3689 2806 3773 2876 qui

2185 2895 2470 2953 Theodoro
2502 2898 2839 2968 Mopsuestiae
2867 2907 2920 2952 et
2956 2897 3071 2967 ejus
3108 2897 3447 2964 dogmatibus
3489 2913 3600 2952 non
3649 2898 3773 2952 dicit

2183 2990 2508 3044 anathema?
2547 2989 2778 3044 Proinde
2819 2989 3116 3058 cognoscis,
3147 2989 3405 3058 Anguste,
3433 2990 3580 3058 quod
3611 2991 3666 3045 in
3697 3007 3772 3044 re.-

2184 3081 2597 3150 prebeusionem
2650 3081 2840 3152 synodi
2897 3080 3350 3135 Chalcedonensis
3405 3082 3519 3136 haec
3576 3081 3772 3136 fuerint

480 3189 599 3228 rum
629 3173 967 3244 Mopsuestia:
1007 3181 1061 3226 et
1108 3173 1225 3240 ejus
1265 3172 1549 3241 dogmata,
1591 3170 1874 3224 anathema
1905 3169 2004 3233 sit,
2042 3188 2064 3222 ι
2103 3203 2146 3261 C
2185 3175 2496 3238 constituta,
2527 3175 2608 3228 vel
2655 3174 2697 3228 si
2741 3175 3018 3228 recitatam
3065 3173 3420 3238 solummodo,
3463 3191 3570 3228 uou
3609 3177 3771 3228 etiam

478 3263 622 3333 quod
683 3263 737 3317 in
791 3264 988 3318 nullius
1035 3262 1276 3317 hceretici
1321 3262 1673 3316 damnatione
1730 3261 2071 3314 meminimus

477 3357 766 3424 contigisse
799 3375 811 3409 :
839 3365 896 3410 ut
922 3356 996 3409 illi
1027 3371 1244 3425 quoque
1273 3355 1560 3409 anathema
1585 3361 1788 3418 essent,
1822 3354 1912 3421 qui
1940 3369 2070 3406 aua-

477 3447 656 3502 thema
685 3447 734 3502 ei
764 3463 870 3501 non
900 3446 1159 3502 dicerent.
1193 3449 1471 3518 Siquidem
1523 3449 1819 3502 multorum
1852 3447 2070 3502 haereti-

474 3551 660 3592 corum
687 3538 884 3592 multos
907 3545 961 3592 et
983 3537 1238 3605 dogmata
1265 3540 1453 3601 latent,
1479 3548 1533 3593 et
1559 3539 1796 3603 nomina,
1832 3539 1920 3609 qui
1945 3553 2068 3591 aua-

474 3630 654 3684 thema
680 3645 800 3684 esse
829 3645 934 3684 non
949 3629 1168 3695 debent,
1191 3631 1445 3699 quoniam
1477 3647 1582 3685 non
1613 3629 2068 3685 anathematizaut

471 3737 566 3778 cos
593 3738 730 3792 quos
766 3723 1032 3778 nesciunt.
1066 3722 1190 3787 Sed,
1223 3724 1677 3792 quemadmodum
1705 3723 1908 3777 dictum
1960 3729 2063 3784 est,

470 3822 529 3869 ut
557 3813 629 3869 ad
659 3813 849 3885 synodi
887 3813 1350 3869 Chalcedonensis
1394 3814 1644 3882 iujuriam
1694 3812 2060 3882 pervenirent,

466 3922 586 3978 quae
625 3922 745 3962 cum
773 3905 916 3976 apud
947 3921 1007 3960 se
1036 3907 1398 3962 recitarentur
1421 3921 1488 3961 ex
1517 3905 1748 3975 epistola
1779 3903 2063 3958 venerabi-

466 3999 531 4054 lis
567 3998 669 4053 Iba:
710 3997 896 4052 laudes
940 3999 1108 4067 ipsius
1141 3998 1440 4065 Theodori,
1474 4015 1650 4069 neque
1699 3998 1834 4067 ipsi,
1888 4011 2062 4066 neque

462 4089 804 4157 dogmatibus
833 4087 950 4156 ejus
970 4088 1106 4142 dixit
1133 4090 1442 4157 anathema,
1467 4099 1757 4160 propterea
1790 4088 1911 4141 talis
1935 4088 2058 4142 data

464 4188 549 4233 est
589 4186 778 4234 contra
825 4178 1275 4233 consuetudinem
1325 4189 1622 4250 contraque
1665 4180 2056 4235 humanitatem

461 4268 690 4323 formula
715 4267 1107 4332 subscribendi,
1135 4270 1290 4337 quasi
1320 4285 1479 4324 nemo
1521 4272 1679 4325 aliter
1707 4272 1926 4340 probari
1965 4287 2059 4328 ca-

461 4359 688 4413 tholicus
720 4361 926 4428 possit,
980 4361 1080 4416 nisi
1112 4361 1494 4433 Mopsuesteno
1524 4364 1813 4418 Theodoro
1845 4373 1901 4418 et
1942 4365 2057 4433 ejus

457 4449 794 4516 dogmatibus
821 4453 1105 4507 anathema
1137 4454 1353 4509 dixerit.
1399 4456 1557 4523 Quod
1584 4457 1864 4511 decretum
1895 4455 1939 4508 si
1967 4471 2054 4509 re-

454 4537 703 4606 cipimus,
735 4540 865 4594 nihil
886 4550 968 4596 est
990 4543 1133 4612 quod
1165 4545 1430 4601 limreticis
1455 4563 1552 4616 pro
1582 4546 1788 4618 synodo
1817 4545 2047 4600 Chalce-

453 4628 681 4682 donensi
733 4633 1065 4701 respondere
1108 4637 1398 4705 possimus,
1457 4655 1577 4692 cum
1627 4638 1911 4692 dixerint:
1958 4637 2048 4691 Sic

454 4719 604 4777 vobis
631 4721 802 4777 visum
831 4732 914 4778 est
942 4724 1090 4779 illam
1120 4728 1382 4796 synodum
1413 4744 1674 4784 excusare
1705 4730 1754 4783 in
1788 4729 1926 4783 libro
1956 4727 2044 4782 cui

449 4812 836 4879 consensistis,
871 4823 929 4868 ut
967 4815 1221 4872 diceretis
1243 4817 1391 4886 quod
1412 4859 1427 4882 ,
1481 4835 1586 4873 uou
1617 4827 1870 4873 contenta
1904 4818 2044 4872 facta

2180 3274 2455 3333 receptam
2497 3265 2566 3318 ibi
2613 3274 2963 3320 memoratam
3012 3266 3294 3334 epistolam
3331 3266 3677 3320 mentiantur.
3715 3266 3770 3318 Et

2177 3357 2300 3411 ideo
2328 3359 2621 3426 eomplices
2642 3359 3015 3412 lmretieorum
3045 3374 3139 3411 sua
3161 3359 3370 3412 ratione
3392 3373 3595 3426 suoque
3621 3359 3770 3412 testi-

2175 3451 2378 3513 monio,
2425 3451 2567 3504 sicut
2618 3450 2869 3515 diximus,
2917 3450 3309 3505 convincuntur
3355 3448 3610 3502 adversus
3660 3465 3766 3501 nia-

2172 3554 2331 3608 gnam
2363 3542 2624 3612 synodum
2659 3541 2781 3595 talia
2811 3541 3132 3596 decrevisse.
3165 3539 3295 3593 Nam
3321 3540 3384 3598 si.
3415 3549 3470 3592 ut
3504 3539 3767 3594 fallaciter

2170 3629 2418 3699 suadent,
2447 3630 2568 3686 inde
2591 3632 2610 3662 ⁷
2637 3646 2665 3683 a
2697 3631 2853 3684 nobis
2873 3639 3178 3693 excusetur,
3208 3629 3350 3698 quod
3379 3645 3483 3682 non
3511 3639 3766 3684 contenta

2172 3723 2493 3780 venerabilis
2522 3721 2624 3774 Iba:
2653 3721 2892 3790 episcopi
2923 3722 3209 3788 negatione
3239 3729 3458 3790 propter
3487 3721 3552 3775 ad
3576 3721 3765 3775 Marini

2170 3811 2475 3880 epistolam,
2511 3826 2688 3879 neque
2728 3811 2867 3866 facta
2899 3826 2998 3881 pro
3027 3826 3092 3866 eo
3127 3810 3503 3866 testificatione
3536 3811 3763 3866 clerico-

2166 3919 2286 3957 rum
2334 3903 2754 3970 Edessenorum,
2781 3907 3041 3976 expetivit
3078 3908 3145 3960 ab
3183 3907 3274 3961 illo
3303 3907 3764 3961 auathematizare

2167 3992 2496 4060 Nestorium,
2531 4011 2691 4064 quem
2721 3996 2773 4050 iu
2816 3997 2929 4066 ipsa
2959 3998 3185 4067 epistola
3213 4013 3320 4052 non
3348 3997 3602 4060 laudavit,
3638 3998 3763 4052 inde

2167 4099 2274 4140 non
2316 4087 2518 4155 poterit
2547 4088 2812 4157 excusari,
2844 4087 2970 4156 quia
3000 4104 3107 4142 nou
3135 4089 3394 4157 expetivit
3422 4095 3480 4142 ut
3507 4087 3759 4142 Theodo-

2163 4195 2281 4234 rum
2317 4181 2571 4245 maxime,
2596 4195 2718 4234 cum
2747 4181 2860 4237 suis
2903 4181 2976 4236 ibi
3009 4181 3346 4250 dogmatibus
3389 4181 3758 4250 praedicatum,

2162 4272 2664 4340 anathematizaret,
2693 4289 2815 4328 cum
2845 4274 3141 4329 secundum
3171 4274 3304 4329 istos
3329 4289 3436 4329 non
3466 4274 3622 4329 aliter
3639 4289 3760 4343 pro-

2162 4362 2277 4417 bari
2299 4364 2600 4419 catholicus
2628 4366 2814 4435 possit.

2163 4527 2314 4591 Quod
2343 4527 2643 4581 Theodorus
2671 4539 2722 4581 ut
2774 4529 3001 4582 Nestorii
3051 4529 3226 4582 doctor
3254 4531 3489 4582 accusari
3515 4540 3752 4598 nequeat,

2231 4615 2345 4650 cum
2397 4611 2586 4650 rectam
2644 4601 2704 4652 de
2748 4599 2949 4653 Christo
3001 4600 3154 4667 ﬁdem
3189 4611 3373 4652 contra
3425 4600 3755 4656 δυνηθείης·πὶ

2219 4679 2269 4742 et
2298 4669 2521 4742 Nestorii
2545 4685 2769 4742 errorem
2792 4680 2988 4730 teneat;
3012 4679 3057 4724 et
3089 4673 3152 4724 de
3172 4670 3402 4740 symbolo
3426 4673 3561 4740 quod
3579 4670 3745 4723 Theo~

2222 4741 2342 4792 dari
2371 4740 2650 4794 dicebatur.

2225 4827 2364 4894 Quid
2405 4829 2568 4882 etiam
2611 4828 2741 4882 illud
2778 4827 2920 4897 quod
2966 4829 3234 4884 ﬁnxerunt
3291 4831 3536 4886 eumdem
3568 4829 3744 4883 Theo-

448 4903 518 4958 ab
565 4904 655 4960 Iba
707 4905 1065 4974 denegatione
1114 4919 1336 4979 propter
1386 4909 1451 4963 ad
1499 4910 1684 4965 Marim
1732 4911 2038 4980 epistolam,

448 5011 625 5065 neque
653 4996 820 5051 etiam
863 5011 962 5066 pro
1013 5011 1080 5051 eo
1128 4996 1267 5051 facta
1299 4998 1681 5055 testificatione
1719 5002 2041 5057 clericorum

449 5086 865 5155 Edessenorum,
905 5088 1000 5143 sed
1046 5087 1373 5146 confirmans
1420 5090 1715 5160 iudicatum
1771 5093 1947 5149 Pbotii
1989 5103 2045 5149 et

448 5173 721 5234 Eustachii
748 5179 797 5241 ³,
834 5177 1022 5245 petivit
1049 5176 1218 5243 Ibam,
1251 5179 1316 5233 ad
1341 5179 1836 5238 destructionemet
1858 5185 2042 5239 exclu-

445 5264 651 5318 sionem
681 5268 748 5322 ad
792 5267 979 5324 Marini
1028 5269 1206 5340 impia:
1259 5272 1529 5340 epistolae,
1582 5277 2043 5333 anathematizare

445 5350 751 5408 Nestorium
781 5366 835 5411 et
861 5358 980 5426 ejus
1001 5359 1276 5429 dogmata.
1309 5359 1378 5414 Et
1405 5376 1598 5416 revera
1640 5361 1719 5418 sic
1749 5368 2040 5434 oportebat

2151 4919 2341 4972 dorum
2390 4934 2420 4972 a
2463 4919 2623 4973 beato
2668 4918 2882 4982 Leone,
2924 4919 3071 4975 velut
3120 4921 3437 4990 magistrum
3483 4919 3745 4982 Nestorii,

2149 5011 2499 5066 denotatum?
2542 5009 2794 5080 Nunquid
2837 5013 2906 5066 ob
2954 5011 3098 5066 aliud
3137 5029 3231 5068 eos
3261 5021 3374 5066 tam
3406 5011 3743 5068 manifestum

2151 5102 2507 5166 mendacium,
2536 5103 2654 5157 sine
2685 5102 2792 5157 ullo
2831 5113 3083 5175 respectu
3114 5103 3338 5173 pudoris
3364 5105 3597 5164 humani,
3628 5105 3748 5157 for-

2151 5201 2292 5247 tasse
2331 5192 2654 5248 credendum
2693 5203 2794 5258 est,
2829 5195 2929 5248 nisi
2971 5203 3027 5248 ut
3077 5195 3240 5265 ipsius
3278 5197 3466 5266 synodi
3495 5209 3745 5253 causam.

2147 5282 2290 5353 quod
2321 5283 2393 5337 ibi
2433 5299 2533 5338 uec
2558 5284 2672 5352 ipse
2700 5285 2988 5339 damnatus
3017 5293 3118 5351 est,
3151 5301 3251 5341 nec
3281 5302 3399 5357 qua:
3434 5287 3574 5340 illum
3599 5298 3732 5352 prm-

2147 5375 2345 5432 dicavit
2364 5375 2612 5446 epistola,
2645 5392 2751 5432 non
2783 5377 2958 5431 solum
2988 5376 3245 5446 Nestorii,
3276 5377 3330 5432 id
3358 5387 3438 5433 est
3463 5372 3736 5440 catholici,

510 5517 530 5590 ξ
558 5513 694 5590 Cod.
727 5515 1109 5590 Verpn.,A0pus
1131 5535 1260 5578 erat.

508 5582 1345 5675 "Id-ettlucmh“Eustachii,fel
1374 5596 1676 5667 Eustathii,
1732 5611 1791 5658 ut
1836 5605 2030 5675 legitur

439 5654 514 5782 ilal‘
541 5654 770 5775 cgncilio
823 5654 1420 5732 Constantinopolitano
1467 5686 1524 5736 ιι,
1553 5654 1788 5739 generali
1818 5654 2028 5743 v','°éiiil

507 5791 532 5825 ⁸
557 5791 705 5848 Idem
733 5794 879 5865 cod.,
911 5798 962 5852 in
991 5814 1074 5866 ea,
1117 5803 1344 5870 epistola
1369 5808 1578 5867 scilicet
1603 5811 1705 5868 Iba:
1737 5817 1905 5885 paulo
1935 5834 2025 5874 su-

2139 5544 2319 5610 perius
2347 5542 2581 5598 laudata.

2213 5614 2230 5642 ⁵
2257 5613 2400 5684 Idem
2431 5614 2578 5683 cod.,
2607 5612 2934 5684 Theodorum
2966 5612 3380 5684 Mopsueslemim
3398 5653 3412 5666 .

2211 5683 2394 5754 ﬁdem
2421 5685 2566 5749 cod.,
2595 5683 2844 5738 Ecclesia:
2872 5685 3019 5754 ﬁliis.

2209 5753 2228 5784 ⁸
2258 5753 2402 5807 Idem
2427 5754 2574 5820 cod.,
2605 5755 2736 5807 sicut
2760 5756 2849 5808 ibi.

2206 5824 2225 5854 '
2255 5822 2400 5879 Idem
2429 5825 2577 5891 cod.,
2611 5826 2742 5878 sicut
2772 5827 3030 5896 faltecncr
3059 5829 3278 5880 suadent
3300 5834 3350 5876 ut
3381 5829 3511 5886 mae,
3565 5825 3674 5868 elc-
