3878 6194
239 258 336 315 585

1093 258 1225 313 PRO
1266 254 1681 314 DEFENSIONE
1721 253 1936 311 TRIUM
1975 251 2288 310 CAPITUL.
2335 243 2456 305 LIB.
2503 248 2587 306 III.

3405 247 3510 305 586

241 385 414 430 verum
460 373 626 427 etiam
673 375 851 444 magni
896 375 1048 429 testis
1088 382 1333 444 gravaret
1371 374 1697 429 auctoritas?
1729 371 1819 427 Sic
1850 377 1895 436 Α
1925 368 2124 423 minem
2156 374 2386 429 tantum,
2423 379 2527 418 non
2565 363 2725 419 etiam
2772 362 2956 428 Deum,
2989 362 3184 417 dixerit
3215 361 3508 430 Cbri:~.tum,

236 467 371 523 enim
407 465 543 521 dixit
585 484 598 518 :
647 487 664 518 ι
715 466 942 537 Oportet
985 468 1146 538 igitur
1189 466 1471 523 manifeste
1521 466 1820 534 intelligere

234 561 351 631 quia
375 567 598 616 sanctus
620 558 748 624 Leo,
781 560 1110 616 confirmans
1133 575 1196 616 ea
1225 574 1345 629 qua:
1373 558 1426 613 in
1457 557 1670 628 Epheso
1702 568 1821 614 aeta

233 661 349 710 sunt
374 651 632 706 adversus
655 649 960 706 Nestorium
991 666 1021 704 a
1049 660 1238 706 sancto
1259 648 1483 721 Cyrillo,
1508 660 1564 704 et
1591 649 1704 704 tunc
1728 665 1822 704 cu-

234 741 414 799 stodiri
459 741 796 811 praecipiens,
826 741 1045 796 deﬁnita
1089 740 1302 811 quidem
1343 747 1503 794 vocat
1538 739 1821 794 duodecim

233 831 459 904 capitula
483 833 660 888 sancti
684 831 886 902 Cyrilli,
911 832 1106 902 quibus
1127 831 1361 888 Nestorii
1383 830 1720 900 adjudicatus
1739 838 1824 886 est

232 940 420 980 error:
452 922 704 979 doctores
746 932 925 978 autem
964 923 1408 991 anathematizat,
1445 921 1678 978 Nestorii
1707 921 1825 991 qui-

232 1018 348 1074 dem
389 1015 618 1071 Paulum
656 1015 1070 1072 Samosatenum
1100 1023 1154 1070 et
1186 1013 1531 1070 Theodorum
1574 1013 1824 1083 Mopsue-

255 1118 457 1174 tenum,
493 1107 746 1180 Eutychis
787 1115 967 1163 autem
1009 1105 1365 1162 Manichteum
1389 1117 1444 1161 et
1474 1107 1822 1177 Apolinarem

221 1200 443 1271 «iutpios,
488 1216 612 1256 cum
659 1200 876 1270 probari
933 1215 1042 1255 non
1094 1200 1265 1270 possit
1312 1201 1439 1269 quia
1479 1200 1821 1256 Theodorum

231 1293 663 1363 Mopsuesteuum
691 1291 882 1346 beatus
913 1290 1024 1346 Leo
1054 1290 1371 1360 magistrum
1411 1289 1549 1345 dixit
1576 1304 1696 1345 esse
1720 1289 1825 1345 Ne-

225 1386 399 1442 storii.
431 1403 450 1436 ι
479 1383 587 1438 Sed
609 1382 888 1454 proferant
907 1383 991 1437 vel
1013 1382 1317 1454 epistolam,
1341 1382 1426 1438 vel
1447 1397 1826 1459 quamcunque

226 1475 384 1533 aliam
427 1475 773 1545 scripturam,
818 1474 872 1528 in
916 1489 1023 1544 qua
1066 1474 1170 1530 hoc
1217 1488 1340 1529 eum
1379 1473 1580 1530 dixisse
1621 1472 1824 1529 conﬁr-

230 1576 394 1622 mant.
428 1567 566 1622 Nam
595 1574 654 1622 et
678 1567 967 1636 oportebat
988 1581 1085 1622 eos
1107 1581 1362 1636 promere
1383 1566 1474 1621 ubi
1505 1566 1609 1620 hoc
1633 1565 1825 1622 beatus

230 1659 334 1716 Leo
364 1659 592 1728 dixerit,
623 1659 668 1714 si
699 1673 885 1714 verum
915 1673 975 1713 se
1002 1657 1186 1713 dicere
1223 1656 1590 1713 confidebant.
1625 1656 1822 1711 Verum

1926 458 2017 527 qui
2041 467 2326 527 propterea
2353 455 2571 510 Paulum
2599 453 3011 509 Samosa‘tenum
3037 451 3310 508 diabolum
3332 465 3513 524 vocat,

1929 559 1984 605 et
2010 549 2352 604 Theodorum
2389 557 2550 617 atque
2580 548 2928 602 Artemonem
2966 546 3070 601 hoc
3108 543 3352 602 dicentes
3381 546 3517 603 fate-

1928 653 2016 697 tur
2043 657 2149 696 non
2180 657 2364 696 sanam
2397 649 2582 696 tenere
2611 641 2931 704 doctrinam,
2973 638 3067 694 sed
3108 638 3160 692 in
3200 653 3300 693 suo
3330 651 3518 694 errore

1927 736 2106 807 potius
2133 737 2431 804 aegrotare?
2451 734 2586 801 Quid
2615 735 2776 804 igitur
2804 734 2920 804 ipse
2946 733 3173 789 credidit
3194 748 3311 788 esse
3332 729 3516 790 Domi-

1928 845 2060 885 num
2087 828 2270 884 Jesum
2297 827 2605 883 Christum?
2635 828 2737 884 hoc
2767 826 3032 897 profecto,
3064 826 3209 896 quod
3250 826 3369 881 illos
3409 843 3515 881 neu

1927 922 2248 991 cognovisse
2276 920 2567 990 redarguit,
2591 920 2638 975 id
2669 931 2748 975 est
2767 917 3210 987 DeumVerbum,
3238 928 3292 973 et
3317 918 3369 972 in
3399 917 3518 972 sub-

1927 1016 2124 1071 stantia
2153 1015 2370 1085 propria
2402 1013 2594 1068 Filium
2622 1014 2735 1078 Dei,
2763 1013 2963 1083 quippe
2990 1027 3152 1083 quem
3183 1019 3238 1066 et
3265 1021 3390 1066 ante
3420 1025 3518 1064 sm-

1927 1109 2045 1164 cula
2067 1123 2134 1164 ex
2161 1107 2271 1163 Deo
2302 1105 2462 1162 Patre
2487 1115 2688 1161 aeterne
2709 1105 2852 1160 dicat
2873 1112 3197 1160 exstantem.
3224 1103 3340 1158 Non
3365 1115 3515 1172 ergo,

1929 1201 2069 1256 sicut
2099 1201 2152 1254 in
2195 1200 2619 1270 reprehensione
2658 1208 2859 1254 sanctze
2891 1198 3080 1270 synodi
3111 1196 3349 1266 fingitur,
3383 1195 3521 1250 duos

1929 1292 2029 1347 iste
2054 1291 2302 1357 credidit,
2325 1299 2418 1345 aut
2438 1291 2572 1346 duos
2598 1290 2783 1346 docuit
2811 1289 2970 1356 ﬁlios,
2989 1289 3141 1359 quasi
3164 1287 3383 1343 alterius
3401 1282 3521 1341 sub-

1928 1383 2139 1438 stantia:
2169 1383 2355 1440 dicens
2382 1383 2660 1438 hominem
2685 1382 2978 1447 Christum,
3011 1389 3066 1436 et
3101 1382 3320 1435 alterius
3349 1379 3520 1434 Deum

1931 1474 2166 1529 Verbum
2193 1493 2205 1527 :
2237 1467 2352 1544 qui,
2386 1476 2527 1530 sicut
2555 1474 2671 1544 ejus
2698 1475 2859 1530 verba
2885 1474 3180 1539 declarant,
3214 1474 3386 1542 ipsum
3417 1467 3522 1526 Do-

1931 1569 2133 1624 minum
2171 1568 2354 1624 desum
2391 1568 2666 1624 Christum
2710 1584 2818 1623 non
2859 1584 3056 1640 purum
3101 1567 3396 1630 hominem,
3427 1564 3522 1621 sed

1931 1660 2094 1714 etiam
2122 1660 2293 1715 Deum
2323 1660 2561 1716 Verbum
2587 1675 2706 1716 esse
2737 1650 3025 1730 cognovit;
3059 1667 3159 1716 uc‘e
3188 1661 3302 1716 sola
3330 1668 3522 1714 aucto-

231 1767 291 1807 ne
316 1752 430 1808 hoc
458 1752 682 1808 dubium
713 1752 1070 1822 relinquatur,
1095 1766 1196 1806 nos
1222 1751 1387 1822 ipsius
1417 1750 1690 1805 Theodori
1714 1765 1830 1804 ver-
1858 1741 1907 1801 Β
1933 1753 2094 1807 ritate
2123 1761 2218 1807 aut
2247 1753 2512 1821 dignitate
2541 1769 2806 1823 personzc,
2837 1755 2930 1810 sed
2966 1755 3018 1808 in
3059 1755 3361 1809 substantia
3395 1770 3523 1826 pto-

229 1843 305 1898 bis
343 1843 646 1898 doceamus
686 1852 944 1913 quantum
976 1843 1045 1897 ab
1074 1857 1259 1898 errore
1298 1841 1449 1897 Pauli
1487 1841 1826 1897 Samosatcni

231 1936 386 1993 fuerit
415 1936 653 2004 alienus,
683 1937 799 2006 qui,
833 1936 993 1990 tertio
1021 1935 1231 1990 decimo
1263 1935 1400 1990 libro
1427 1934 1633 1992 codicis
1665 1950 1826 2004 quem

231 2035 518 2105 mysticum
560 2031 853 2102 appellavit
878 2044 927 2083 τι
963 2030 1199 2099 Angelus
1240 2030 1440 2084 diaboli
1487 2037 1591 2098 est,
1631 2031 1826 2100 inquit,

231 2125 622 2182 Samosatenus
678 2121 891 2186 Paulus,
940 2121 1032 2190 qui
1079 2137 1273 2191 purum
1327 2121 1600 2177 hominem
1648 2120 1830 2176 dicere

228 2215 572 2285 presutnpsit
618 2214 905 2269 Dominum
953 2211 1138 2268 Jesum
1182 2212 1476 2276 Christum,
1518 2221 1573 2268 et
1615 2213 1830 2282 negavit

225 2310 576 2367 existentiam
616 2307 915 2363 divinitatis
955 2305 1260 2376 Uuigeniti,
1307 2319 1426 2375 quae
1455 2313 1538 2362 est
1575 2314 1701 2362 ante
1729 2321 1829 2361 sa:-

229 2401 366 2459 cula.
405 2406 427 2454 ἱ
462 2400 602 2456 Item
631 2400 684 2455 in
709 2413 876 2469 opere
900 2400 1045 2468 quod
1075 2406 1262 2454 contra
1295 2397 1636 2469 Apolinarem
1663 2407 1685 2435 α
1717 2399 1831 2452 edi-

231 2493 317 2557 dit,
346 2492 516 2549 tertio
545 2493 683 2547 libro
708 2492 780 2546 ita
803 2492 1016 2546 locutus
1031 2498 1114 2546 est
1138 2509 1151 2545 :
1177 2510 1195 2542 ι
1223 2488 1562 2545 Manifestum
1585 2499 1668 2545 est
1689 2491 1832 2545 enim

230 2590 368 2660 quod
398 2587 794 2644 Samosateuus
818 2585 1014 2641 Paulus
1041 2586 1328 2656 episcopus
1356 2584 1573 2654 quidem
1605 2582 1702 2637 fuit
1723 2582 1832 2637 An-

231 2683 499 2738 tiocheam
541 2679 796 2736 Ecclesia:
837 2679 1046 2734 Domini
1082 2678 1195 2745 Dei,
1227 2686 1283 2733 et
1311 2675 1582 2732 Theodori
1607 2678 1622 2706 ¹
1651 2686 1831 2732 autem

229 2784 282 2831 et
300 2775 625 2831 Artemonis
653 2773 678 2812 δ
709 2788 896 2828 errore
931 2781 1222 2842 aegrotans,
1263 2769 1355 2840 qui
1387 2774 1576 2839 purum
1608 2773 1628 2802 ⁸
1661 2771 1833 2825 Ιιοιιιί-

223 2882 350 2923 nem
397 2867 660 2923 dixerunt
695 2881 814 2921 esse
853 2865 1136 2920 Dominum
1175 2863 1358 2918 desum
1395 2861 1692 2931 Christum,
1723 2880 1834 2918 non

227 2974 350 3016 eum
395 2965 796 3026 cog;.oscentes
836 2955 1004 3011 Dcum
1043 2954 1298 3018 Verbum,
1338 2961 1394 3008 et
1440 2953 1494 3008 in
1518 2953 1832 3028 substantia

230 3051 454 3121 propria
488 3048 680 3106 Filium
709 3049 806 3104 Dei
836 3058 962 3103 ante
987 3047 1185 3103 saecula
1215 3063 1283 3102 ex
1307 3047 1418 3103 Deo
1445 3045 1608 3102 Patre
1627 3055 1832 3104 aeterno

1929 1842 2047 1911 pria
2076 1843 2245 1898 Deum
2273 1852 2327 1898 et
2354 1843 2548 1899 Filium
2587 1843 2704 1912 Dei,
2731 1846 2867 1900 sicut
2909 1845 3074 1900 etiam
3123 1844 3177 1899 in
3225 1845 3524 1900 substantia

1931 1934 2148 2005 propria
2171 1935 2441 1990 hominem
2465 1944 2521 1990 et
2544 1935 2708 1990 [ilium
2733 1937 2982 1992 hominis.
3010 1937 3138 2004 Qua:
3167 1937 3218 1992 iu
3242 1937 3327 1994 his
3351 1939 3524 1992 verbis

1933 2025 2167 2104 occasio,
2199 2042 2320 2096 qua:
2347 2027 2583 2097 suspicio
2615 2028 2786 2084 errori
2817 2027 3140 2086 Nestoriano
3173 2030 3491 2101 relinquitur
3504 2035 3526 2084 ‘!

1931 2114 2071 2172 Ecce
2091 2125 2173 2174 est
2194 2125 2379 2189 aperta
2411 2126 2467 2174 et
2493 2119 2639 2173 omni
2666 2120 3017 2189 ambiguitate
3041 2137 3233 2177 carens
3255 2117 3526 2178 Theodori

1935 2206 2085 2275 ﬁdes,
2111 2225 2210 2280 pro
2234 2225 2337 2280 qua
2378 2211 2430 2265 in
2472 2212 2701 2282 epistola
2733 2213 3058 2269 venerabilis
3093 2213 3213 2276 Iliae,
3247 2215 3384 2270 sicut
3413 2224 3467 2270 et
3495 2233 3528 2269 a

1934 2300 2261 2357 doctissimis
2295 2300 2568 2371 Patribus,
2602 2303 2872 2360 laudatur.
2904 2304 3022 2360 Non
3065 2315 3149 2361 est
3189 2307 3351 2377 igitur
3380 2308 3525 2376 quod

1936 2392 2259 2465 Eutychiani
2291 2393 2358 2450 de
2397 2393 2722 2452 Ncstoriano
2755 2396 3009 2466 dogmate
3046 2402 3309 2470 synodum
3341 2399 3524 2454 crimi-

1935 2493 2149 2550 nentur,
2191 2485 2314 2554 quia
2346 2485 2655 2555 przcdietam
2694 2487 2999 2558 epistolam,
3039 2488 3224 2544 laudes
3256 2488 3526 2545 Theodori

1937 2578 2327 2642 continentem,
2373 2579 2733 2648 pronuntiavit
2761 2579 3146 2643 orthodoxam;
3182 2581 3320 2636 sicut
3349 2592 3525 2636 autem

1939 2683 2043 2723 non
2075 2677 2158 2722 est
2183 2667 2440 2723 dicendus
2471 2669 2816 2737 Manichazus,
2849 2670 2973 2740 quia
3004 2672 3056 2726 in
3085 2670 3184 2726 hoc
3217 2673 3528 2727 testimonio

1939 2760 2226 2815 Dominum
2253 2762 2434 2816 Jesum
2464 2763 2626 2816 Deum
2649 2762 2909 2833 Verbum,
2935 2763 3057 2820 etin
3086 2766 3383 2820 substantia
3409 2784 3529 2834 pro-

1940 2853 2052 2920 pria
2084 2852 2278 2908 Filium
2313 2853 2439 2920 Dei,
2488 2864 2612 2910 ante
2641 2855 2836 2910 sarcula
2869 2871 2935 2911 ex
2987 2857 3097 2911 Deo
3131 2857 3284 2914 Patre
3333 2868 3530 2914 aeterno

1938 2943 2210 2999 exstitisse
2253 2945 2570 3010 confessus,
2629 2945 2696 3002 de
2734 2946 2850 3017 ejus
2882 2947 3210 3004 humanitate
3251 2951 3528 3014 conticuit,

1941 3037 2012 3090 ita
2043 3036 2187 3091 velut
2226 3036 2456 3092 Nestorii
2488 3035 2676 3092 doctor
2711 3041 2952 3094 accusari
2986 3054 3090 3094 non
3124 3041 3311 3106 debet,
3346 3041 3433 3096 ubi
3465 3033 3532 3098 de

230 3151 567 3199 exstantem.
609 3161 628 3192 ι
663 3139 910 3210 Nunquid
951 3141 1090 3194 hunc
1122 3138 1246 3193 talia
1276 3138 1344 3193 de
1381 3138 1550 3194 Paulo
1579 3138 1834 3195 Samosa-
1867 3128 1912 3190 C
1941 3129 2060 3200 ejus
2091 3131 2420 3188 humanitate
2446 3131 2747 3201 disputans,
2789 3131 2856 3188 de
2887 3133 3171 3190 divinitate
3213 3150 3315 3190 non
3357 3137 3532 3208 loqui—

231 3247 356 3291 teno
402 3234 744 3302 loquentem,
775 3243 830 3287 et
856 3231 981 3285 talia
1020 3231 1088 3286 de
1122 3230 1340 3287 Christo
1384 3231 1694 3299 docentem,
1726 3231 1836 3287 Leo

232 3327 524 3382 Romanus
553 3342 674 3382 cum
707 3325 823 3394 ipso
855 3322 1024 3378 Paulo
1052 3323 1331 3379 doctorem
1355 3323 1560 3379 diceret
1588 3339 1706 3378 esse
1734 3323 1838 3379 Ne-

229 3417 427 3472 stm-ii?
448 3415 561 3472 Sed
589 3415 676 3469 isti
701 3415 779 3469 sic
807 3413 1143 3469 conﬁdenter
1179 3413 1452 3468 aliirmant
1480 3414 1840 3485 quodcunque

232 3507 539 3576 voluerint,
567 3505 719 3576 quasi
751 3506 854 3561 hoc
883 3505 954 3559 sit
981 3520 1166 3559 verum
1207 3505 1458 3574 probare,
1493 3506 1634 3574 quod
1675 3505 1838 3560 verba

229 3597 463 3666 jactare.
488 3597 756 3651 Caeterum
779 3597 918 3650 absit
943 3603 1000 3649 ut
1022 3595 1126 3650 hoc
1152 3595 1219 3649 de
1250 3595 1340 3648 illo
1361 3595 1699 3649 sanctissimo
1726 3595 1840 3650 viro

231 3690 564 3752 credamus;
613 3686 872 3755 quoniam
921 3685 1020 3740 etsi
1067 3683 1383 3741 Theodorus
1429 3685 1481 3739 in
1519 3685 1839 3754 quibusdam

230 3793 453 3836 errasse
480 3786 834 3844 monstretur,
861 3794 969 3832 non
992 3776 1114 3833 ideo
1143 3779 1475 3833 mendaciter
1504 3779 1841 3834 accusandus

228 3882 332 3939 est,
380 3873 443 3927 in
477 3871 679 3940 quibus
721 3869 1004 3939 culpabilis
1045 3885 1150 3923 non
1191 3879 1294 3924 est.
1337 3869 1438 3936 Qui
1478 3873 1621 3924 enim
1656 3885 1840 3940 repre-

230 3963 428 4018 hendit
458 3969 516 4017 et
543 3969 765 4016 accusat
794 3975 1035 4015 errorem
1075 3976 1181 4015 non
1224 3961 1610 4023 voluntarium,
1644 3962 1838 4015 volun-

230 4055 374 4109 tario
429 4051 718 4108 mendacio
760 4067 820 4108 se
868 4049 1145 4119 implicare
1192 4066 1297 4105 non
1350 4050 1532 4118 debet,
1584 4051 1840 4120 quoniam

229 4148 502 4217 scriptum
527 4153 610 4198 est
634 4161 646 4197 :
676 4142 866 4198 Perdes
897 4158 1072 4196 omnes
1093 4143 1180 4213 qui
1208 4143 1488 4214 loquuntur
1514 4143 1842 4198 mendacium

231 4237 420 4308 (Paul.
456 4251 509 4300 v,
542 4234 617 4305 7).
649 4232 767 4288 Non
799 4241 1006 4287 tantum
1036 4247 1163 4287 vero
1190 4232 1450 4288 miramur
1478 4232 1844 4305 Eutychianos

231 4344 330 4398 per
353 4341 493 4382 suos
515 4324 781 4381 satellites
809 4325 880 4377 ita
917 4322 1151 4388 mentiri,
1177 4333 1438 4392 quantum
1465 4325 1608 4394 quod
1638 4325 1740 4382 illis
1767 4328 1844 4383 sic

231 4431 452 4477 temere
487 4427 547 4474 et
579 4417 661 4473 sic
689 4416 847 4472 facile
887 4415 1144 4470 creditur.
1176 4415 1460 4482 Quomodo
1492 4424 1674 4471 autem
1702 4418 1842 4473 idem

1944 3235 2065 3290 tur;
2117 3233 2209 3280 aut
2237 3225 2350 3293 ubi,
2383 3226 2862 3294 Apoliuaristarum
2915 3229 3284 3284 haereticorum
3314 3241 3532 3285 contra-

1941 3319 2174 3374 dictione
2206 3333 2452 3390 cogente,
2499 3329 2716 3376 naturas
2755 3321 2982 3391 amplius
3029 3323 3240 3391 dividit,
3287 3341 3443 3394 quam
3481 3339 3534 3381 ut

1944 3411 2216 3498 literedum
2243 3413 2501 3481 ipsorum,
2520 3413 2569 3466 id
2596 3424 2676 3468 est
2707 3412 3182 3485 Eutyrhiauorum,
3207 3417 3530 3472 calumniam

1942 3515 2124 3574 posset
2154 3503 2408 3574 effugere.
2444 3505 2640 3574 Accipe
2679 3520 2839 3575 porto
2879 3502 3076 3576 jam'et
3115 3507 3260 3563 aliud
3301 3523 3484 3564 eorum
3516 3509 3534 3539 ³

1943 3597 2302 3661 mendacium,
2333 3598 2472 3668 quod
2502 3598 2750 3654 similiter
2795 3603 3059 3654 tinxerunt
3093 3601 3141 3656 in
3173 3603 3361 3655 eodem
3395 3603 3533 3657 libro

1942 3703 2040 3742 suo
2077 3677 2354 3744 dicentes:
2394 3709 2412 3742 ι
2453 3692 2674 3760 Oportet
2706 3693 2848 3748 enim
2897 3693 3160 3762 inspicere
3191 3697 3371 3749 animo
3411 3696 3533 3764 quia

1942 3779 2126 3835 dicens
2156 3782 2468 3850 Apostolus,
2499 3783 2585 3852 qui
2621 3797 2904 3850 personam
2931 3781 3088 3836 Verbi
3121 3781 3442 3854 signiﬁcavit
3483 3787 3536 3840 in

1946 3869 2039 3924 Dei
2069 3884 2188 3925 esse
2219 3872 2412 3934 forma,
2445 3873 2585 3942 quod
2617 3883 2701 3927 est
2733 3876 2783 3927 in
2819 3875 3048 3928 essen2ia
3100 3873 3275 3930 Patris
3311 3873 3534 3945 (Philip.

1945 3976 2001 4025 ιι,
2025 3961 2104 4031 6),
2138 3965 2242 4016 non
2274 3962 2428 4027 dixit,
2464 3966 2584 4032 quia
2631 3965 2719 4032 qui
2754 3975 2869 4018 erat
2918 3967 2968 4019 iu
3013 3965 3043 4019 ft
3069 3982 3182 4020 rma
3213 3971 3351 4022 servi
3386 3984 3538 4023 acce-

1944 4053 2042 4122 pit,
2072 4064 2128 4107 ut
2177 4068 2280 4107 non
2329 4055 2690 4122 prmeristenti
2723 4054 2923 4109 homini
2966 4057 3362 4113 demonstraret
3403 4059 3539 4113 Ver-

1947 4145 2072 4198 bum
2127 4146 2332 4199 unitum
2380 4147 2678 4200 semiudum
2711 4145 2980 4202 Tlieulori
3039 4157 3093 4203 et
3133 4150 3360 4206 Nestorii
3395 4151 3540 4206 iusa-

1949 4236 2132 4304 uiam;
2169 4256 2187 4288 ι
2239 4253 2337 4293 nec
2367 4251 2544 4293 tamen
2587 4242 2874 4294 ostendunt
2921 4239 3007 4295 ubi
3039 4242 3118 4295 Th
3156 4245 3356 4298 odorus
3397 4244 3541 4299 dixit

1947 4333 2070 4400 quia
2109 4333 2310 4388 limuiui
2360 4334 2718 4402 prmexistenti
2756 4335 2957 4390 unitum
3003 4349 3083 4392 est
3117 4337 3373 4395 Verluun.
3434 4339 3541 4394 Nos

1951 4424 2133 4492 igitur,
2175 4424 2336 4479 etiam
2373 4426 2471 4479 hoc
2524 4426 2575 4479 in
2623 4427 3021 4482 denotationem
3077 4438 3238 4498 atque
3289 4431 3541 4485 invidiam

229 4512 568 4568 Theodorus
588 4509 804 4574 dicitur,
833 4507 978 4580 quod
1004 4509 1276 4564 hominem
1310 4523 1522 4577 purum,
1555 4508 1607 4562 id
1631 4517 1713 4564 est
1738 4510 1838 4564 ho-
1876 4501 1925 4560 Ι)
1950 4530 2154 4584 magna
2184 4517 2372 4586 synodi
2408 4519 2738 4591 tnemlacitrr
2777 4535 2871 4572 eos
2911 4521 3132 4585 dixisse,
3172 4522 3335 4591 'psius
3367 4522 3543 4577 'l‘heo-

363 4647 472 4715 Qui
501 4645 774 4702 Theodori
806 4644 1169 4715 Mopsuesteni
1221 4643 1466 4698 laudibus
1494 4639 1694 4715 favent,
1721 4643 1837 4712 ejus

229 4713 437 4778 cantra
460 4720 690 4772 Arianos
709 4731 764 4770 et
788 4713 1179 4786 Apolinaristas
1201 4715 1497 4770 certamina
1526 4713 1837 4786 pnedicant,

229 4804 294 4848 ut
322 4791 712 4845 Theodoretus
739 4784 895 4841 libiv
924 4784 1172 4840 Historia:
1191 4824 1207 4848 ,
1233 4801 1350 4854 cap.
1389 4786 1486 4840 ult.
1521 4784 1639 4849 :"EE
1671 4784 1724 4841 δὲ
1755 4791 1841 4840 καὶ

232 4868 518 4934 τριὰκνιντα
546 4861 597 4913 ἄν
625 4869 686 4934 τῇ
725 4857 972 4934 προεδρίᾳ
1019 4857 1291 4934 musica-sv
1321 4856 1436 4916 ἔτη.
1469 4858 1602 4934 κᾳτᾴ
1645 4856 1839 4932 ’Δρείου

232 4928 318 4988 ιιὰί
346 4935 593 5000 Εὐνομίαν
617 4928 1064 5004 πὰραὲατιίὸμξενος
1089 4928 1562 5004 laetior/7092043531:
1576 4928 1842 5004 λῃστμκᾷν

230 4995 600 5079 “uolua-pie}:
657 4995 1110 5079 κὰτοςλωγιξτιμενοξ
1163 4995 1344 5068 λόχον.
1665 4995 1844 5079 operis

232 5067 526 5130 Theodori
556 5073 704 5140 (nam
733 5067 878 5123 aliud
904 5067 1197 5140 scripserat
1222 5067 1407 5140 contra
1434 5067 1844 5140 Apolinaristas)

231 5137 829 5211 muniuere'synodus
853 5155 885 5190 ν
913 5139 1190 5211 generalis
1205 5147 1260 5191 et
1285 5137 1538 5211 Leontius
1564 5139 1848 5209 Byzantius

229 5217 333 5270 lib.
371 5229 429 5268 Ill
471 5206 664 5284 contra
701 5206 1005 5265 Nestorium
1049 5217 1115 5284 et
1152 5206 1472 5284 Eutychen).
1506 5206 1844 5284 ‘anéi.tvdpro;

313 5301 416 5338 rro
458 5282 662 5338 σταῖς
710 5292 1021 5336 constanter
1066 5279 1215 5338 dicti.
1277 5288 1384 5331 tam
1441 5279 1710 5346 antiquior
1737 5279 1846 5332 'illn

285 5354 697 5424 ieropolitauus
732 5352 822 5422 qui
851 5351 950 5424 sub
979 5349 1050 5404 Μ.
1077 5348 1293 5424 Aurelio
1319 5348 1470 5424 vixit,
1506 5350 1644 5424 apud
1672 5347 1841 5424 Ense-

230 5418 438 5488 bium;
464 5424 558 5478 lib.
607 5439 678 5485 tv,
710 5418 828 5492 cap.
862 5421 950 5486 26,
984 5428 1095 5473 tum
1127 5418 1411 5492 Laudiceni
1442 5420 1548 5473 duo
1593 5419 1841 5492 inﬁyria,

231 5511 484 5567 quorum
524 5493 725 5567 junior,
761 5488 810 5545 id
840 5503 920 5547 est
949 5492 1107 5567 titius,
1143 5491 1375 5567 Itanresis
1403 5500 1590 5567 auctor
1632 5488 1845 5567 fuitpde

227 5560 354 5638 qua
393 5563 766 5635 Apoliuaristzc
795 5563 1105 5632 nuncupati.
1141 5560 1244 5615 Pro
1289 5560 1612 5632 Apolinariis
1643 5561 1845 5631 Apolli-

319 5704 338 5734 ³
377 5700 514 5754 Cod.
549 5699 771 5764 Verum,
803 5695 1072 5750 Theodoti.
1115 5693 1324 5749 Faisam
1364 5693 1622 5748 Theodori
1650 5695 1834 5750 lectiu-

231 5787 382 5832 nem
409 5769 657 5829 emendat
683 5768 998 5823 Sirmondus
1037 5767 1091 5818 in
1112 5768 1390 5836 superiore
1421 5778 1546 5821 nota
1577 5765 1628 5818 υ.

546 5866 820 5930 Pariter.
869 5859 1121 5922 LXVII.

1947 4662 2104 4720 nares
2153 4649 2394 4718 plerique
2433 4649 2572 4718 apud
2613 4649 2831 4706 Latinos
2855 4664 3072 4720 vocant,
3100 4657 3364 4711 diversam
3392 4658 3544 4712 vocis

1949 4719 2210 4786 originem
2245 4737 2347 4773 non
2378 4719 2888 4777 anitn.‘tdvcrtcntes.

2023 4790 2048 4826 δ
2075 4788 2382 4858 Legendum
2411 4790 2678 4844 Theodoti.
2713 4791 2788 4846 De
2817 4791 3099 4850 Theodoto
3128 4797 3268 4850 enim
3300 4795 3545 4858 Coriario

1948 4875 2130 4938 ειιιςιιιο
2157 4869 2260 4927 est,
2285 4863 2376 4930 qui
2404 4862 2607 4938 primus
2625 4863 2895 4938 Christum
2927 4867 3125 4920 nudum
3155 4868 3423 4920 hominem
3446 4867 3545 4921 do-

1951 4931 2342 5004 cuit,__eamque
2379 4931 2450 4985 ob
2488 4948 2705 4986 causam
2732 4951 2790 5004 7a
2818 4934 3031 4991 Victore
3077 4951 3212 5004 papa
3262 4939 3544 4995 damnatus

1953 5011 2054 5053 est.
2093 5000 2254 5072 Vetus
2301 5010 2490 5057 auctor
2538 5003 2679 5072 apud
2729 5003 3044 5072 Eusebium,
3079 5000 3169 5060 libi.
3203 5023 3234 5058 v
3273 5004 3540 5072 IIistorizr,

1951 5071 2169 5150 capa27
2201 5088 2213 5124 :
2273 5076 2456 5149 Πίκτωρ
2494 5071 2792 5150 retunsa
2823 5075 3061 5150 Θείὶδοτᾳν
3088 5084 3169 5131 τῗν
3197 5081 3431 5150 ἀρχηγὸν
3459 5071 3545 5134 καί

1953 5146 2154 5217 πατέρχ
2194 5151 2284 5202 τῆς
2315 5146 2610 5218 ἀρνήσιθέου
2641 5147 2969 5220 ᾲποστοξσὶας
3006 5146 3410 5220 ἀπεκήρυξέ-τὶς
3438 5171 3545 5204 κοι-

1953 5215 2156 5292 γωςρᾁς,
2183 5215 2386 5292 mefites
2416 5218 2618 5269 εἰπόντα
2645 5215 2787 5292 φρὴν
2817 5215 3069 5290 ἄνθρωπον
3101 5215 3330 5292 Klter-:59.
3361 5218 3542 5274 Theo-

1949 5285 2062 5337 doti
2088 5285 2331 5338 haeresim
2353 5294 2566 5339 secutus
2587 5295 2669 5338 est
2690 5285 2946 5340 Artemon
2973 5303 2985 5348 ;
3019 5285 3325 5344 Artetnouis
3352 5289 3544 5346 Paulus

1951 5355 2370 5432 Sazttosatenus,‘
2406 5363 2462 5405 ut
2517 5354 2654 5407 idem
2685 5365 2916 5432 .altetor.
2945 5355 3195 5432 afﬁrmat,
3227 5370 3281 5416 et
3310 5361 3544 5432 episcopi

1948 5403 2531 5545 synodi‘Autiochenzc,
2561 5424 2700 5494 apud
2726 5423 3014 5484 Eusebium
3037 5403 3546 5502 Clitittic‘f'l'l:“’lilﬂ.

1950 5512 2069 5545 Cll".
2103 5529 2132 5545 Α-
2176 5540 2184 5545 .

1950 5512 2069 5563 cap.
2101 5512 2184 5548 ιιι.

2020 5696 2049 5768 ’_
2069 5691 2210 5768 Idem
2243 5691 2391 5768 cod_.,
2417 5695 2502 5764 qui
2526 5697 2677 5766 primi
2711 5711 2913 5768 purum.

2029 5763 2050 5792 ³
2090 5762 2235 5820 Idem
2261 5763 2408 5830 cod.,
2432 5762 2578 5822 aliud
2611 5762 2811 5825 cuidem
2840 5785 3035 5823 eorum.

3042 5865 3110 5923 19
