3878 6194
413 215 515 271 587

1503 212 1798 268 FACUNDI
1835 209 2010 307 βίης(

2118 211 2598 290 tantitaNENSIs
2797 176 2800 180 ’
3538 231 3620 284 sas

412 329 528 386 dori
573 330 753 386 verbis
781 329 1091 399 simpliciter
1139 328 1504 393 ostendamus,
1561 329 1650 396 qui
1707 342 1834 393 non,
1868 325 2006 382 sicut
2036 333 2084 388 Α
2109 326 2194 396 jus
2222 342 2514 395 cognomen
2547 325 2732 379 beatus
2764 324 2958 381 Petrus
2989 330 3250 394 apostolus
3273 333 3475 400 stunpsit
3495 351 3517 389 a
3541 337 3624 392 υι.

413 425 500 480 isti
525 422 855 494 confingunt,
891 431 1012 477 ante
1040 421 1150 490 jam
1181 421 1490 476 subsistcnti
1527 421 1725 474 homini
1758 419 1997 476 Verbum

413 515 545 571 dixit
576 515 800 578 unitum,
835 512 926 568 sed
969 512 1035 568 ab
1083 513 1195 581 ipsa
1237 512 1288 566 in
1342 512 1528 565 matris
1571 520 1724 567 utero
1770 511 2003 579 plasma-

414 602 558 666 iione
605 606 837 662 hominis
882 615 1124 660 naturam
1174 621 1294 660 cum
1347 605 1440 660 Dei
1497 604 1658 660 Verbi
1707 619 1900 661 natura
1949 605 2000 658 in

413 714 574 756 unam
613 699 919 754 substitisse
961 714 1264 768 personam.
1316 698 1448 756 Nam
1498 696 1658 753 tertio
1702 697 2006 767 decimo_de

411 787 783 852 incarnatione
813 788 972 855 libro,
1021 788 1100 842 sic
1137 788 1304 844 dicit:
1343 807 1362 841 ι
1423 790 1627 842 Bonum
1677 796 1759 842 est
1801 789 1855 841 in
1903 787 2004 842 hoc

411 881 534 935 loco
561 879 791 934 maxime
812 880 1132 936 concludere
1159 880 1284 950 quid
1311 880 1519 936 virtutis
1547 879 1777 934 habeant
1801 895 1862 934 ea
1886 895 2006 947 qua:

413 971 554 1027 dicta
585 981 733 1038 sunt,
763 972 878 1028 sive
907 972 1237 1039 conversari,
1271 972 1384 1027 sive
1414 971 1692 1040 baptizari,
1726 973 1840 1026 sive
1878 986 2000 1025 cru-

413 1063 573 1134 cifigi,
607 1065 723 1121 sive
750 1063 908 1130 mori,
933 1065 1046 1122 sive
1067 1065 1283 1135 sepeliri
1307 1074 1363 1120 et
1389 1079 1688 1136 resurgere.
1719 1065 1836 1119 Non
1870 1079 2006 1135 puro

412 1151 572 1211 aiicui
604 1157 718 1212 hmo
743 1164 1059 1227 coaptantes
1089 1157 1292 1212 homini
1319 1157 1548 1212 dicimus
1581 1174 1594 1212 :
1647 1157 1748 1212 hoc
1774 1158 1918 1214 enim
1954 1159 2004 1213 in

414 1263 732 1320 unaquaque
760 1249 1025 1304 dictorum
1048 1249 1506 1305 demonstratione
1535 1248 1736 1306 addere
1760 1264 1864 1305 non
1893 1266 2007 1305 mo-

413 1355 618 1410 ramur,
654 1352 711 1396 ut
741 1342 940 1397 nullam
993 1343 1444 1399 calumniantibus
1471 1343 1809 1415 praebeamus
1866 1345 2007 1400 male

413 1434 666 1504 loquendi
709 1434 1086 1499 occasionem;
1137 1434 1232 1490 sed
1266 1434 1565 1490 inhabitato
1590 1435 1806 1505 quidem
1835 1452 1860 1489 a
1898 1435 2007 1492 Deo

415 1523 597 1582 Verbo
618 1526 686 1582 ab
711 1525 828 1596 ipsa
860 1526 912 1580 in
954 1535 1108 1581 utero
1139 1528 1327 1583 matris
1361 1527 1753 1595 plasmatione;
1785 1527 2006 1585 inhabi-

415 1625 526 1672 tato
549 1632 702 1684 vero,
729 1633 833 1672 non
851 1617 1144 1674 secundum
1169 1633 1506 1674 communem
1534 1619 2004 1690 inhabitationem,

2109 422 2292 485 mino,
2348 429 2629 489 propterea
2681 418 2986 473 Nestorium
3042 423 3466 492 anathematizet,
3513 433 3625 498 quod

2111 512 2271 566 Verbi
2305 512 2598 580 carnisque
2632 519 2876 565 naturam
2925 509 2978 565 in
3033 511 3194 567 beatze
3223 513 3436 582 Virginis
3461 533 3628 576 cuna.

2111 611 2289 678 ptione
2329 609 2649 676 sejungens,
2685 622 2954 677 unumque
2996 606 3258 663 Christum
3285 611 3334 663 in
3359 611 3482 666 duos
3514 613 3626 669 divi-
3691 672 3698 682 _

2108 702 2241 754 deos
2261 741 2276 764 ,
2324 697 2481 753 aliam
2510 697 2756 764 deitatis,
2809 709 2863 752 et
2894 700 3052 752 aliam
3083 699 3409 756 humanitatis
3443 705 3632 762 voluerit

2109 807 2231 848 esse
2280 805 2584 859 personam,
2640 804 2748 844 non
2799 801 2981 858 posset
3034 789 3174 844 velut
3221 790 3330 859 ejus
3369 795 3630 864 magistrum

2110 883 2453 939 Theodorum
2483 884 2863 946 condemnare,
2888 883 2982 950 qui
3003 881 3110 950 jam
3138 881 3328 936 dudum
3355 896 3633 950 prtevertens

2113 976 2280 1046 ipsius
2305 989 2544 1030 errorem
2571 973 2828 1038 Nestorii,
2847 983 3033 1028 contra
3051 971 3205 1028 docet
3223 973 3288 1026 ab
3316 975 3417 1042 ipsa
3439 974 3486 1029 in
3505 987 3632 1032 utero

2111 1068 2296 1124 matris
2329 1067 2680 1137 plasmatione
2725 1065 2820 1120 Dei
2855 1065 3013 1120 Verbi
3060 1073 3295 1119 naturam
3321 1081 3432 1120 cum
3460 1081 3514 1121 ea
3539 1082 3635 1136 quae

2111 1167 2384 1226 assutnpta
2407 1167 2489 1212 est
2519 1158 2572 1210 in
2603 1170 2760 1210 unam
2793 1155 3098 1210 substitisse
3126 1169 3412 1222 personam.
3463 1155 3524 1208 Et
3543 1156 3636 1213 hac

2109 1249 2326 1319 quidrm
2352 1248 2668 1319 protulimus
2689 1247 2758 1302 de
2777 1247 3049 1302 Theodori
3076 1246 3304 1315 scriptis,
3330 1249 3637 1304 exoccasione

2110 1339 2490 1395 convincenda:
2534 1338 2784 1393 falsitatis
2839 1351 3028 1392 eorum
3082 1351 3214 1406 quos
3253 1347 3426 1406 aperte
3461 1338 3637 1395 mentiri

2113 1447 2218 1486 non
2253 1430 2458 1500 puduit,
2483 1430 2610 1484 dum
2638 1444 2741 1499 pro
2765 1429 2882 1498 ejus
2911 1443 3140 1497 persona
3169 1429 3432 1497 epiStolam
3453 1444 3638 1485 venera-

2113 1521 2232 1576 bilis
2255 1521 2361 1575 Ibae
2386 1529 2652 1577 conantur
2675 1521 2986 1584 excludere,
3015 1530 3067 1574 et
3095 1535 3192 1590 pro
3217 1521 3427 1590 epistola
3454 1536 3638 1577 venera-

2114 1612 2233 1667 bilis
2261 1613 2364 1667 Iba:
2392 1611 2830 1668 Chalcedonense
2859 1611 3169 1666 concilium.
3199 1611 3509 1681 Competenti
3535 1627 3640 1668 vero

418 1723 592 1778 neque
619 1707 771 1777 juxta
802 1724 920 1765 eam
951 1726 1071 1780 quze
1102 1711 1155 1764 in
1198 1711 1377 1768 multis
1408 1712 1726 1784 intelligitur
1753 1716 2001 1784 gratiam,
2035 1713 2084 1774 B
2112 1703 2231 1759 loco
2253 1711 2397 1758 tanta
2425 1711 2480 1758 et
2507 1703 2631 1758 talia
2655 1702 3009 1772 proferemus,
3039 1711 3102 1756 ut
3122 1702 3165 1756 si
3191 1718 3293 1757 non
3319 1706 3448 1772 ipsos
3473 1703 3638 1758 calum-

415 1799 509 1854 sed
545 1800 705 1871 juxta
752 1801 1041 1870 quamdam
1093 1801 1474 1866 excellentem.
1526 1806 1819 1862 secundum
1849 1821 2011 1878 quam

417 1889 580 1946 etiam
638 1890 864 1946 adunari
903 1892 1131 1948 dicimus
1179 1901 1432 1965 utrasque
1471 1905 1705 1962 naturas,
1750 1907 1804 1952 et
1855 1913 2012 1954 unam

419 1981 565 2052 juxta
595 1982 975 2039 adunationem
1002 1983 1246 2040 eﬂ‘ectam
1290 1998 1411 2040 esse
1458 2000 1764 2056 personam.
1803 2006 1824 2041 ι
1877 1989 2012 2045 Ecce

420 2078 546 2131 dum
599 2077 848 2133 volumus
890 2078 905 2109 ³
953 2076 1095 2132 aliud
1141 2092 1328 2133 eorum
1378 2080 1714 2136 mendacium
1761 2081 2008 2151 prodere,

421 2166 583 2222 etiam
612 2167 805 2222 Omnes
847 2167 956 2236 hic,
1003 2177 1093 2223 aut
1123 2181 1259 2238 pene
1287 2182 1498 2235 omnes,
1540 2182 1724 2226 eorum
1758 2169 2014 2228 adversus

420 2258 765 2316 Theodorum
793 2259 862 2315 de
891 2261 1259 2318 incarnatione
1284 2259 1488 2318 Christi
1525 2263 1827 2321 calumnias
1854 2265 2014 2322 vide-

421 2364 538 2406 mus
565 2351 831 2408 exclusas.
858 2350 990 2409 Nam
1012 2362 1266 2409 accusant
1287 2368 1410 2411 eum
1430 2353 1530 2420 illi,
1565 2355 1707 2426 quod
1741 2355 2012 2416 hominem

423 2459 615 2514 purum
651 2443 846 2502 dixerit
889 2446 1183 2502 Christum.
1234 2445 1352 2518 Ipse
1381 2455 1561 2504 autem
1609 2448 1776 2505 dicit:
1831 2470 1849 2504 ι
1887 2451 2014 2509 Sive

423 2536 754 2602 conversari,
784 2536 897 2592 sive
939 2537 1216 2608 baptizari,
1258 2537 1370 2594 sive
1400 2540 1639 2612 cruciﬁgi
1663 2583 1678 2608 ,
1709 2543 1823 2599 sive
1854 2547 2010 2614 mori,

423 2631 536 2684 sive
563 2627 778 2698 sepeliri
809 2637 864 2685 et
889 2642 1192 2700 resurgere,
1219 2646 1324 2689 non
1351 2647 1484 2701 puro
1505 2633 1665 2688 alicui
1697 2634 1813 2691 haec
1845 2650 2012 2706 coap-

424 2727 599 2773 tantes
631 2718 835 2774 homini
882 2719 1131 2776 dicimus.
1171 2741 1192 2775 ι
1227 2721 1281 2783 Si
1320 2732 1498 2778 autem
1531 2738 1636 2781 non
1679 2741 1811 2795 puro
1853 2729 2012 2783 alicui

427 2810 628 2866 homini
678 2811 793 2867 htcc
821 2819 1057 2882 coaptat,
1091 2812 1252 2884 igitur
1279 2813 1439 2870 etiam
1474 2813 1641 2871 Deum
1673 2821 2009 2886 conversari,

424 2912 479 2961 et
505 2903 784 2973 baptizari,
814 2911 870 2960 et
896 2903 1157 2976 crucifigi,
1198 2915 1253 2961 et
1282 2907 1440 2976 mori,
1473 2917 1527 2963 et
1557 2909 1793 2977 sepeliri,
1829 2920 1883 2965 et
1930 2927 2012 2966 re-

427 3009 646 3065 turgcre
677 2994 872 3050 fatetur
897 2995 949 3050 in
971 2993 1134 3052 carne
1164 3007 1433 3069 sustchta,
1461 3015 1722 3071 suamque
1746 3002 2010 3058 sollicitu-

2118 1796 2300 1852 niosos
2349 1806 2510 1867 atque
2553 1796 2788 1861 fallaces,
2827 1796 2962 1851 alios
2989 1803 3140 1852 certe
3169 1797 3427 1864 pmniteat,
3466 1797 3546 1866 qui
3580 1797 3641 1852 eis

2118 1889 2274 1944 facile
2300 1889 2661 1945 crediderunt.
2697 1887 2826 1954 Quis
2855 1896 3032 1943 autem
3061 1901 3468 1946 commemorare
3489 1888 3640 1958 possit,

2116 1992 2206 2036 aut
2253 1997 2439 2037 eorum
2469 1996 2661 2038 omnes
2691 1980 2976 2050 falsitates,
3029 1991 3126 2036 aut
3170 1982 3340 2037 omnia
3369 1997 3477 2053 qua:
3503 1983 3548 2036 in
3573 1983 3644 2038 illo

2117 2074 2254 2131 libro
2277 2089 2464 2145 sparsa
2497 2083 2645 2142 sunt,
2678 2074 2744 2130 ad
2769 2075 3072 2145 augendum
3102 2077 3302 2130 crimen
3329 2076 3482 2144 ipsius
3505 2075 3645 2130 Theo-

2117 2159 2254 2233 dori,
2281 2176 2336 2223 et
2361 2168 2601 2237 epistolae
2632 2167 2736 2223 Ihm
2777 2167 2831 2222 in
2864 2183 2963 2235 qua
3009 2167 3253 2223 laudatus
3273 2177 3380 2232 est,
3403 2178 3455 2222 ut
3479 2183 3537 2223 ex
3567 2169 3646 2223 huc

2118 2276 2322 2330 magnae
2351 2262 2558 2334 synodo
2587 2264 2940 2318 suscitaretur
2981 2262 3202 2328 invidia,
3233 2261 3368 2329 quod
3407 2277 3512 2316 eam
3546 2275 3645 2330 pro-

2118 2354 2390 2408 nuntiavit
2428 2353 2826 2409 orthodoxam?
2865 2353 2995 2409 Nam
3027 2355 3145 2410 sive
3173 2369 3291 2408 cum
3331 2354 3556 2418 Nestorii,
3582 2355 3646 2407 vel

2116 2445 2298 2500 nescio
2325 2445 2477 2516 cujus
2502 2445 2650 2516 Cyri,
2695 2446 2808 2502 sive
2838 2463 2959 2502 cum
2989 2447 3213 2502 Joannis
3243 2447 3409 2501 Graeci
3437 2446 3456 2476 ⁸
3482 2445 3648 2500 faciunt

2117 2538 2465 2603 mentionem,
2510 2538 2698 2593 nolunt
2723 2554 2816 2593 eos
2848 2539 2964 2593 sine
2993 2538 3078 2593 his
3105 2538 3406 2599 conviciari,
3430 2535 3532 2593 sive
3552 2553 3648 2591 cum

2117 2630 2419 2684 testimonia
2467 2630 2742 2700 proferunt
2777 2631 3015 2697 Patrum,
3046 2632 3238 2686 nolunt
3287 2645 3376 2686 eos
3412 2631 3520 2685 sine
3543 2631 3649 2682 alte-

2117 2725 2230 2779 rius
2251 2741 2438 2780 eorum
2464 2725 2855 2794 vituperatione
2879 2725 3122 2780 laudare.
3147 2723 3335 2778 Adhuc
3353 2735 3514 2776 tamen
3534 2720 3650 2774 aliud

2116 2833 2368 2890 magnum
2404 2833 2468 2873 ac
2498 2819 2692 2888 duplex
2734 2833 2920 2873 eorum
2950 2817 3294 2873 mendacium
3338 2816 3653 2886 publicamus:

2115 2913 2256 2982 quod
2283 2911 2722 2967 Chalcedonense
2741 2911 3049 2977 concilium,
3073 2926 3182 2966 non
3210 2911 3448 2982 Ephesini
3465 2915 3653 2972 tantum,

2117 3020 2303 3059 verum
2329 3005 2490 3058 etiam
2518 3004 2683 3072 ipsius
2710 3003 3174 3058 Chalcedonensis
3193 3002 3389 3071 judicio
3411 3002 3559 3056 videri
3579 3016 3656 3053 no-

423 3088 604 3144 dinem
638 3097 978 3144 monstrans:
1011 3108 1031 3142 ι
1062 3089 1175 3146 Hoc
1199 3092 1363 3156 enim,
1391 3091 1586 3162 inquit,
1607 3095 1658 3148 in
1692 3110 1902 3164 unaqua
1927 3111 2010 3164 me
2039 3090 2082 3149 C
2122 3096 2284 3152 tahile
2313 3097 2615 3161 voluerunt,
2645 3095 2916 3150 dict-mes:
2967 3113 2985 3146 ι
3019 3094 3294 3150 Theodori
3324 3092 3592 3163 symbolum
3617 3100 3657 3146 et

424 3180 688 3234 dictorum
719 3179 1180 3240 demonStralione
1234 3183 1437 3240 addere
1483 3201 1588 3241 non
1623 3202 1916 3250 moramur,
1961 3200 2017 3243 ut

429 3271 627 3326 nullam
681 3272 1136 3329 calumniantibus
1188 3277 1523 3342 praebeamus
1575 3279 1715 3334 male
1765 3279 2014 3349 loquendi

430 3363 786 3420 occasionem.
824 3385 842 3417 ι
877 3365 939 3420 Et
971 3381 1146 3436 neque
1168 3367 1249 3422 sic
1273 3376 1550 3438 amputare
1578 3371 1749 3440 potuit
1776 3387 2018 3427 occaso-

431 3471 550 3511 nem
582 3457 947 3527 quaerentibus
993 3460 1351 3515 occasionem.
1407 3461 1535 3515 Item
1590 3476 1843 3517 accusant
1893 3481 2014 3519 cum

433 3546 530 3615 illi,
554 3545 695 3617 quod
739 3547 953 3603 beatam
997 3549 1217 3607 Mariam
1250 3551 1414 3606 Deum
1443 3556 1694 3622 genuisse
1725 3555 2014 3624 negaverit.

433 3641 550 3708 Ipse
579 3648 757 3695 autem
787 3640 916 3695 dicit
943 3643 1085 3710 quod
1119 3643 1185 3699 ab
1210 3643 1324 3712 ipsa
1347 3643 1402 3700 in
1430 3653 1583 3702 utero
1611 3647 1631 3677 ¹
1666 3646 2018 3716 plasmatione

433 3729 575 3786 Deus
601 3727 831 3787 Verbum
853 3731 1145 3788 adunatum
1178 3733 1280 3792 sibi
1307 3733 1582 3791 hominem
1611 3737 2013 3804 inhabitaverii,

431 3823 726 3880 secundum
763 3823 906 3894 quod
943 3827 1269 3900 evangelista
1309 3829 1482 3885 dicit:
1529 3829 1749 3886 Verbum
1780 3848 1903 3886 caro
1934 3834 2018 3902 [a-

431 3926 569 3970 ctum
607 3925 704 3992 est,
738 3925 786 3970 et
816 3917 1062 3973 habitavit
1102 3917 1154 3973 in
1182 3920 1325 3974 nobis
1356 3919 1538 3991 (Joan.
1564 3937 1601 3988 t,
1635 3922 1746 3992 14).
1777 3923 1906 3979 Item
1931 3939 2019 3979 ac-

433 4021 629 4066 cusant
680 4027 808 4066 eum
867 4011 942 4066 illi
993 4012 1135 4082 quod
1175 4015 1256 4069 sic
1293 4014 1564 4072 habitasse
1611 4015 1805 4072 dixerit
1854 4017 2016 4070 Deum

434 4102 664 4159 Verbum
693 4104 748 4159 in
786 4116 1062 4174 assumpta
1088 4104 1320 4162 hominis
1347 4117 1557 4173 natura,
1593 4109 1730 4163 sicut
1762 4108 2019 4163 habitavit

429 4200 482 4253 in
532 4198 714 4254 multis
756 4200 956 4254 sanctis
985 4208 1143 4268 atque
1187 4200 1481 4269 prOphetis,
1533 4217 1636 4256 non
1670 4213 1728 4256 ut
1772 4204 2018 4258 adunatis

430 4291 669 4360 utrisque
703 4293 905 4346 naturis
929 4307 1032 4346 una
1064 4291 1217 4345 fieret
1242 4308 1306 4346 ex
1339 4306 1521 4348 earum
1549 4293 1874 4350 adunatione
1900 4313 2020 4366 per-

427 4396 580 4435 sona.
619 4383 736 4450 Ipse
763 4392 941 4437 autem
973 4381 1104 4437 dicit
1135 4397 1261 4439 eum
1302 4399 1407 4438 non
1438 4386 1732 4441 secundum
1780 4403 2016 4443 con-unu-

2125 3191 2175 3243 in
2213 3188 2425 3258 Epheso
2455 3188 2556 3242 sub
2583 3198 2770 3243 sancto
2794 3188 2995 3258 Cyrillo
3021 3188 3282 3259 synodus,
3313 3197 3365 3240 ct
3391 3189 3439 3241 in
3469 3186 3658 3239 Chalce-

2121 3281 2264 3336 done
2293 3281 2824 3343 condemnaverunt,
2865 3290 3025 3350 atque
3065 3279 3395 3335 anathemati
3441 3277 3658 3332 subdide-

2123 3385 2242 3430 runt
2265 3389 2390 3429 cum
2413 3374 2784 3443 conscriptore
2811 3374 2966 3442 ejus;
3000 3392 3018 3425 ι
3050 3389 3174 3428 eum
3218 3373 3270 3426 ii
3316 3369 3556 3440 Ephesina
3593 3380 3660 3436 sy-

2123 3465 2262 3520 nodo
2292 3475 2318 3502 α
2356 3465 2622 3520 referatur
2662 3465 2878 3534 quidam
2913 3464 3136 3518 nomine
3165 3461 3450 3525 Charisius,
3477 3457 3660 3525 presby-

2124 3573 2202 3616 tcr
2235 3569 2288 3613 ct
2319 3572 2632 3614 meonomus
2673 3555 3085 3625 Philadelph'm,
3136 3556 3320 3610 nescio
3364 3566 3488 3622 quos
3527 3551 3661 3604 Anto-

2125 3653 2267 3705 nium
2291 3664 2343 3706 et
2375 3651 2633 3706 Iacobum
2666 3647 3012 3718 presbjteros
3041 3660 3329 3701 accusasse
3355 3646 3418 3698 de
3445 3641 3660 3696 societate

2123 3746 2371 3809 Nostorii,
2400 3753 2454 3800 et
2479 3743 2726 3797 docuisse
2755 3740 2895 3807 quod
2939 3754 3042 3792 non
3077 3738 3334 3793 Ecclrsite
3376 3732 3658 3806 symbolum,

2122 3838 2216 3890 sed
2249 3835 2389 3891 aliud
2415 3875 2430 3900 ,
2480 3832 2756 3889 conversis
2783 3829 3370 3884 Tessarosc:etlec.ititis
3416 3823 3657 3885 haereticis,

2121 3928 2209 3996 qui
2241 3942 2347 3981 non
2369 3940 2490 3980 cum
2519 3922 2781 3988 Ecclesia,
2806 3921 2899 3975 sed
2922 3919 3327 3990 quartadecima
3355 3918 3469 3971 luna
3498 3911 3659 3984 pascha

2122 4022 2483 4084 celebrabant,
2517 4017 2885 4080 tradiderunt;
2920 4028 3019 4067 nec
3042 4014 3110 4066 ibi
3137 4013 3363 4074 dicatur,
3383 4008 3461 4062 vel
3489 4007 3548 4058 ab
3569 4006 3662 4070 ip-o

2121 4112 2386 4176 Charis-iu,
2412 4110 2496 4166 vel
2535 4125 2564 4163 a
2607 4122 2898 4177 quoquam,
2932 4106 3062 4158 illud
3093 4103 3392 4175 symbolum
3434 4092 3664 4153 Theodori

2124 4205 2305 4259 fuisse.
2356 4204 2547 4256 Beatus
2586 4200 2818 4268 Cyrillus
2863 4197 3109 4252 scribens
3139 4191 3490 4249 Orientalibus
3517 4188 3655 4240 dict:

2127 4314 2146 4347 ι
2186 4295 2393 4348 Prolata
2425 4292 2508 4347 est
2564 4292 2614 4344 in
2665 4300 2847 4343 sancta
2895 4286 3100 4356 synodo
3133 4282 3397 4353 Ephesiua
3439 4274 3663 4336 deﬁnitio,

2124 4387 2285 4441 veluti
2331 4399 2371 4456 λ
2408 4383 2693 4438 Theodoro
2732 4380 2993 4449 deposita,
3039 4379 3202 4432 sicuti
3249 4375 3523 4429 offerentes
3549 4366 3665 4419 dice-

431 4490 554 4534 nem
584 4474 968 4532 habitationem
1001 4476 1360 4544 inhabitasse,
1408 4480 1503 4536 sed
1548 4480 1697 4549 juxta
1728 4483 2012 4550 quamdam
2048 4479 2093 4541 D
2123 4481 2286 4546 bant;
2332 4499 2359 4530 ι.
2403 4492 2502 4532 nec
2547 4476 2780 4530 affirmat
2804 4489 2922 4528 eam
2979 4470 3250 4526 Theodori
3287 4467 3480 4529 fuisse;
3510 4472 3666 4550 verum

424 4566 800 4633 excellentem,
828 4568 1124 4623 secundum
1151 4583 1308 4638 quam
1341 4571 1503 4625 etiam
1533 4571 1754 4626 adunari
1787 4573 2013 4629 dicimus

427 4668 682 4731 utrasque
721 4670 935 4716 naturas
957 4701 974 4726 ,
1007 4669 1061 4716 et
1107 4674 1267 4716 unam
1299 4661 1446 4731 juxta
1477 4662 1852 4718 adunationem
1887 4665 2016 4720 effe-

425 4761 570 4807 ctam
597 4767 718 4808 esse
743 4766 1048 4822 personam.
1077 4751 1178 4809 Ubi
1206 4751 1364 4808 simul
1392 4764 1446 4808 et
1475 4753 1602 4808 illud
1631 4755 1874 4809 attendat
1904 4757 2014 4823 pie-

425 4853 507 4899 tas
523 4855 721 4912 vestra,
737 4845 988 4915 quoniam
1015 4844 1302 4902 confictum
1319 4844 1340 4877 ³
1361 4843 1428 4900 de
1458 4845 1614 4900 beato
1644 4845 1845 4909 Leone,
1869 4848 2010 4914 quod

424 4938 767 4994 Theodorum
815 4937 1012 4994 dixerit
1048 4937 1326 4993 doctorem
1358 4935 1521 4992 fuisse
1592 4936 1845 4992 Nestorii.
1881 4938 2010 4992 Nam

425 5043 546 5083 cum
580 5031 718 5086 idem
771 5031 961 5086 beatus
990 5028 1098 5085 Leo
1144 5029 1388 5085 scribens
1418 5027 1649 5084 Maximo
1678 5030 2014 5084 Antiocheno

428 5118 621 5190 (Epist.
649 5119 741 5193 66)
765 5121 955 5176 doceat
981 5120 1236 5192 quoniam
1259 5120 1544 5175 catholicae
1571 5119 1694 5174 fidei
1723 5129 1894 5190 petra,
1924 5134 2020 5173 cu-

501 5309 527 5336 ι
566 5301 696 5366 Quae
725 5303 811 5356 hic
849 5317 1132 5356 narrantur
1160 5307 1372 5356 exstant
1409 5298 1460 5351 in
1508 5298 1718 5354 actione
1746 5295 1779 5350 6
1814 5295 2005 5365 synodi

429 5371 734 5443 Ephesium,
764 5387 884 5426 cum
909 5375 1154 5441 exemplo
1169 5373 1415 5443 ἰκθέσεως
1437 5375 1527 5424 τοῦ
1558 5368 2008 5443 πᾳραπλασθξντος

429 5442 712 5512 συμϐόλου,
743 5443 1005 5510 depravati
1035 5438 1185 5508 huius
1208 5442 1456 5512 symboli;
1481 5438 1643 5509 quod
1664 5451 1846 5492 rursus
1883 5438 2005 5504 legi-

503 5605 518 5634 ¹
559 5600 691 5657 Cod.
731 5601 955 5660 Verum.
988 5599 1257 5652 voluimus.

500 5679 519 5707 ‘
565 5675 703 5728 Idem
733 5675 878 5734 cml.,
909 5683 1052 5724 utero
1082 5671 1276 5722 triatria.

501 5748 524 5779 '
560 5747 700 5803 Idem
733 5744 880 5810 cod.,
910 5741 1184 5810 conﬁctam
1214 5749 1308 5793 est.

2128 4586 2301 4641 neque
2328 4583 2447 4623 cum
2463 4568 2578 4638 ejus
2602 4565 2990 4634 conscriptore,
3011 4573 3067 4615 nt
3091 4562 3180 4616 iSti
3203 4549 3667 4649 confir.gunt,rcfert

2123 4677 2243 4716 esse
2283 4663 2615 4724 damnatam,
2648 4658 2771 4726 quia
2801 4666 2855 4712 et
2900 4671 3000 4709 nec
3038 4653 3183 4723 juste
3236 4652 3403 4706 fieret.
3434 4647 3528 4699 Lex
3559 4647 3666 4694 eum

2124 4766 2318 4816 nostra,
2349 4753 2490 4806 sicut
2519 4751 2570 4805 in
2603 4749 2890 4817 Evangelia
2920 4751 3181 4816 scriptum
3231 4753 3332 4807 est,
3365 4757 3461 4795 non
3494 4736 3666 4806 judth

2123 4834 2523 4910 homincm,‘nisi
2545 4841 2767 4894 audierit
2797 4841 2859 4892 ab
2898 4855 2958 4892 eo
2989 4839 3154 4907 prius,
3181 4847 3229 4891 et
3271 4831 3543 4905 cognoverit
3567 4823 3666 4895 quid

2122 4935 2276 5004 furiat
2304 4931 2482 5003 (Joan.
2505 4947 2596 4997 vn,
2621 4929 2734 4999 5i).
2768 4930 2978 4984 Falsum
3007 4944 3137 5000 ergo
3159 4940 3239 4983 est
3262 4941 3310 4982 et
3342 4921 3474 4994 quod
3499 4920 3612 4975 dixit
3631 4915 3664 4984 ⁵,

2121 5024 2262 5093 apud
2292 5024 2556 5089 synodum
2595 5022 2920 5092 Ephesinam
2959 5018 3231 5074 Theodori
3257 5015 3661 5088 symbolumcum

2129 5132 2228 5173 suo
2263 5116 2528 5185 scriptore
2551 5114 2889 5169 damnatum.
2929 5112 2983 5167 In
3027 5111 3370 5167 Chalcedone
3398 5107 3542 5161 etiam
3578 5113 3663 5154 non

2116 5302 2199 5348 tur
2231 5295 2281 5347 in
2328 5293 2535 5363 synodo
2567 5308 2596 5342 ν
2627 5293 2863 5359 generali
2885 5331 2900 5355 ,
2929 5290 3141 5363 actione
3169 5291 3220 5344 4.
3257 5288 3330 5342 De
3359 5283 3532 5342 eoJem
3571 5293 3654 5333 no-

2115 5377 2223 5420 ster
2257 5362 2447 5419 iterum
2479 5379 2598 5432 cap.
2632 5364 2664 5414 5
2695 5363 2849 5430 hujus
2884 5362 3026 5415 libri.

2190 5587 2210 5616 ⁸
2253 5587 2304 5639 In
2333 5586 2536 5647 codice,
2564 5584 2682 5637 loco
2708 5590 2799 5639 τοῦ
2822 5582 3018 5645 erci,
3057 5581 3278 5635 habetur
3304 5573 3436 5628 aliud
3468 5565 3657 5647 verbum

2057 5665 2067 5674 “
2117 5660 2371 5720 deletum,
2403 5645 2555 5723 cujus
2584 5655 2662 5706 in:
2695 5663 2982 5723 postrema
3011 5653 3200 5706 littera:
3228 5652 3578 5718 apparent"...
3602 5645 3653 5687 It.

2187 5729 2208 5759 ⁵
2249 5730 2390 5781 Idem
2424 5726 2569 5795 cod.,
2600 5726 2734 5793 quod
2761 5724 3022 5778 dirarum.
