3878 6194
228 271 316 326 589

1095 267 1218 322 Ριιυ
1259 264 1684 322 υΕίαἙΝΒΙΟΝῐοΖ
1725 263 1938 320 TRIUM
1980 258 2294 320 CAPITUL.
2335 264 2457 316 ΗΒ.
2501 258 2585 316 Ill.

3391 257 3491 312 5‘30

227 382 330 440 alibi
359 383 562 438 mentio
589 381 859 440 Theodori
889 382 1029 438 facta
1057 390 1164 449 est,
1193 382 1292 436 nisi
1324 380 1414 434 ubi
1467 394 1532 434 ex
1565 379 1790 447 epistula
1826 381 1875 437 Α
1897 386 2024 447 gnat
2062 377 2102 438 ¹,
2135 376 2224 445 qui
2273 375 2515 429 scribens
2564 371 2810 428 iuvenali
2867 368 3354 442 Hierosolymitano
3380 369 3498 439 epi-

229 474 531 536 rsnerabilis
555 474 659 529 Ihm
684 476 967 531 recitatum
982 482 1066 529 est
1089 487 1284 528 nomen
1307 472 1444 543 ejus.
1465 471 1805 542 Cognoscant

232 571 417 638 itaque
441 581 504 621 se
535 565 671 620 nihil
702 566 818 623 suis
858 565 1295 636 subreptionibus
1343 563 1654 636 profecisse,
1687 564 1804 633 qui-

226 661 312 718 bus
337 657 590 714 obtinere
615 657 794 714 conati
823 666 948 712 sunt
980 669 1036 711 ut
1061 656 1519 713 Chalcedonensis
1568 655 1804 727 synodus

193 749 306 812 tibi
356 747 628 802 contraria
677 745 972 813 videretur,
1023 747 1332 816 approbans
1363 745 1649 815 epistolam
1692 747 1808 799 lau-

226 839 424 894 dantem
451 835 822 902 Theodorum,
855 851 1016 908 quem
1045 852 1168 893 cum
1199 837 1448 907 symbolo
1469 836 1807 892 damnaverit

227 947 329 985 suo.
359 930 440 986 Et
467 931 555 985 his
585 929 799 1001 quidem
833 931 965 986 satis
992 946 1261 1002 superque
1306 930 1603 1002 produntur
1631 928 1806 983 fauto-

229 1039 300 1077 res
331 1022 740 1088 hmreticorum,
792 1023 930 1077 sicut
982 1023 1261 1092 epistolam
1311 1020 1634 1078 venerabilis
1680 1019 1806 1082 ibae,

222 1117 278 1167 ita
305 1113 466 1168 etiam
503 1111 848 1168 Theodorum
897 1113 1332 1184 Mopsuestenum
1359 1113 1702 1182 episcopum,
1752 1110 1808 1163 in

224 1206 628 1262 destructionem
657 1204 851 1275 synodi
880 1205 1341 1261 Chalcedonensis
1371 1213 1425 1260 et
1450 1204 1792 1259 decretorum

225 1310 359 1366 Papa!
394 1295 615 1360 LeOnis,
655 1310 684 1350 a
716 1310 822 1364 quo
852 1296 1093 1365 ejusdem
1125 1296 1315 1367 synodi
1363 1304 1512 1366 gesta
1554 1306 1677 1351 sunt
1704 1308 1798 1363 ap-

223 1387 458 1455 probata,
485 1385 812 1444 anathemati
859 1386 1190 1443 subdidisse.

834 1517 1060 1574 CAPUT
1095 1517 1180 1573 ill.

220 1614 352 1681 Quod
408 1612 735 1667 Theodorum
788 1612 1020 1682 imperite
1059 1621 1308 1680 arguant,
1354 1611 1498 1681 quod
1546 1608 1809 1666 Christum

276 1687 324 1738 in
356 1685 598 1749 passione
640 1685 949 1754 formidasse
978 1691 1024 1737 et
1079 1682 1338 1736 turbatum
1382 1683 1544 1750 fuisse
1596 1682 1810 1754 dixerit,

1907 481 2072 537 scopo
2099 467 2228 522 dicit
2271 466 2462 537 (Epist.
2488 465 2581 537 78)
2621 485 2632 518 ;
2671 486 2689 517 ι
2735 465 2895 521 Utere
2947 465 3126 535 igitur,
3175 463 3340 518 frater
3369 461 3501 517 cha-

1913 558 2148 621 rissime,
2185 559 2551 613 invictissimis
2585 557 2867 612 catholicae
2898 555 3021 611 ﬁdei
3053 556 3414 620 documentis,
3448 564 3502 609 ct

1907 649 2356 719 evangelistarum
2412 648 2849 717 praedicationem
2900 659 3210 702 sanctorum
3259 647 3497 702 locorum

1910 737 1964 791 in
2009 741 2201 807 quibus
2238 738 2388 807 degis
2420 738 2800 794 testiﬁcatione
2836 737 3085 793 defende.
3135 735 3289 806 Apud
3319 745 3372 790 te
3415 747 3500 791 est

1913 830 2210 900 Bethleem,
2245 833 2297 886 in
2327 845 2431 902 qua
2461 831 2707 886 salutifer
2740 830 3002 886 Davidicm
3036 829 3270 900 Virginis
3313 839 3501 900 partus

1913 926 2119 994 illuxit,
2141 941 2259 997 quae
2291 926 2586 992 involutum
2619 927 2809 996 pannis
2834 925 2972 980 inter
3002 925 3279 994 angustias
3324 923 3502 978 diver-

1911 1017 2038 1072 sorii
2066 1030 2306 1086 priesepe
2334 1017 2591 1086 suscepit.
2625 1016 2778 1085 Apud
2811 1023 2863 1070 te
2891 1023 2975 1070 est
3016 1013 3284 1070 declarata
3313 1012 3381 1068 ab
3406 1027 3498 1066 an-

1911 1108 2062 1177 gelis.
2097 1107 2315 1162 derata
2355 1107 2383 1160 it
2415 1109 2604 1178 magis,
2647 1117 2699 1162 et
2745 1121 2842 1176 per
2886 1108 3178 1161 multorum
3221 1104 3501 1160 iutantium

1915 1209 2118 1256 mortes
2145 1201 2212 1255 ab
2241 1200 2457 1255 Herode
2489 1202 2712 1270 qua‘sita
2745 1199 3039 1256 Salvatoris
3073 1197 3317 1254 infantia.
3346 1198 3503 1268 Apud

1919 1303 1969 1348 te
2001 1300 2112 1355 est,
2149 1292 2238 1346 ubi
2287 1293 2508 1360 pueritia
2541 1291 2662 1361 ejus
2693 1290 2947 1357 adolevit,
2995 1289 3082 1344 ubi
3137 1289 3500 1344 adolescentia

1917 1384 2224 1450 maturavit,
2281 1394 2336 1438 et
2390 1397 2486 1452 per
2513 1384 2693 1438 omnia
2733 1385 2754 1414 ³
2786 1383 3116 1438 incrementa
3148 1395 3408 1449 corporea
3453 1379 3505 1434 in

1922 1477 2093 1532 virum
2141 1478 2430 1547 perfectum
2462 1478 2573 1532 veri
2624 1477 2858 1532 hominis
2899 1485 3086 1530 natura
3116 1474 3364 1545 profecit,
3399 1487 3504 1526 non

1918 1574 2037 1628 sine
2080 1574 2202 1628 cibo
2243 1574 2584 1634 esuritionis.
2620 1588 2724 1628 non
2769 1573 2888 1629 sine
2916 1585 3107 1629 somno
3148 1571 3368 1643 quietis,
3401 1585 3506 1626 non

1920 1664 2037 1719 sine
2067 1663 2195 1718 ﬂetu
2241 1664 2633 1732 miserationis,
2665 1676 2765 1720 nec
2807 1663 2924 1719 sine
2955 1677 3153 1734 pavore
3183 1661 3506 1717 formidinis.

233 1779 238 1796 ι
276 1772 389 1832 c_um_
419 1752 654 1822 Christus
685 1765 734 1809 et
774 1765 1029 1823 martyres
1058 1756 1126 1806 ad
1171 1762 1384 1808 mortem
1409 1769 1465 1808 re
1507 1755 1620 1821 ipsa
1653 1752 1808 1820 trepi-
1843 1774 1884 1832 Β
1925 1754 2072 1812 Unus
2103 1756 2246 1810 enim
2278 1765 2438 1825 atque
2473 1755 2612 1811 idem
2643 1765 2747 1825 εει,
2777 1755 2869 1825 qui
2895 1763 2951 1812 et
2981 1756 3034 1810 in
3065 1755 3157 1811 Dei
3188 1754 3355 1810 forma
3377 1767 3506 1823 ope-

275 1827 473 1880 derint.

279 1934 432 1992 Nunc
457 1933 549 1990 illa
581 1933 919 2005 proferamus
956 1933 1010 1988 in
1039 1934 1234 2004 quibus
1256 1933 1420 1989 etiam
1451 1932 1590 1988 beati
1622 1930 1807 2002 Cyrilli

218 2027 582 2084 testimonium
616 2041 718 2090 suo
756 2026 1162 2082 convincuntur
1199 2025 1544 2096 impugnasse
1582 2022 1808 2092 judicio.

219 2117 340 2176 Nam
383 2117 728 2176 afﬁrmantes
755 2117 930 2188 ipsum
955 2131 1081 2173 esse
1110 2126 1386 2173 auctorem
1433 2116 1617 2171 nescio
1659 2114 1813 2183 cujus

217 2213 395 2284 operis
423 2221 476 2280 ³,
512 2214 566 2266 in
594 2226 701 2282 quo
731 2211 903 2282 aliqua
933 2210 1106 2267 sancti
1137 2210 1355 2266 Diodori
1383 2207 1666 2264 Tarsensis
1694 2207 1814 2276 epi-

211 2309 348 2377 scopi
389 2321 460 2363 ac
489 2306 762 2362 Theodori
803 2304 946 2360 dicta
971 2305 1272 2373 culpantur,
1309 2318 1507 2372 negare
1548 2318 1654 2362 non
1687 2317 1810 2371 pos-

209 2410 324 2458 sunt
349 2399 488 2471 quin
521 2400 594 2455 ibi
625 2399 824 2455 dixerit
855 2415 871 2454 :
909 2417 927 2451 ι
960 2397 1158 2468 Scripti
1190 2409 1317 2453 sunt
1345 2413 1375 2451 a
1409 2412 1604 2468 magno
1631 2397 1813 2453 Theo-

211 2492 336 2547 dero
362 2492 633 2547 adversus
655 2492 979 2547 Arianorum
1001 2499 1058 2546 et
1082 2490 1544 2546 Eunomianorum
1576 2487 1814 2544 haereses

213 2585 390 2656 viginti
407 2583 552 2644 forte
573 2592 628 2639 et
651 2583 830 2639 adhuc
853 2582 1082 2652 amplius
1107 2581 1250 2649 libri,
1275 2594 1327 2637 et
1349 2583 1451 2636 alia
1483 2581 1808 2651 praeterlth

208 2675 520 2747 evangelica
551 2685 609 2732 et
639 2675 937 2745 apostolica
970 2675 1169 2744 scripta
1198 2676 1585 2743 interpretatus
1613 2681 1713 2728 est.
1749 2672 1818 2726 Et

213 2767 306 2822 bos
333 2767 564 2839 quidem
612 2766 826 2823 labores
856 2766 1039 2821 nullus
1067 2780 1229 2821 ausus
1259 2775 1342 2820 est
1391 2766 1694 2834 increpare,
1720 2763 1814 2818 sed

207 2858 403 2915 dextro
431 2858 658 2918 decreto
691 2858 960 2914 honorare
989 2857 1225 2914 studium
1271 2867 1540 2912 rectorum
1587 2855 1816 2923 dogma-

209 2963 316 3008 tum
346 2952 498 3023 quod
533 2953 587 3006 in
616 2953 694 3008 eis
723 2959 826 3006 est.
871 2970 887 3002 ι
925 2952 1015 3008 lsti
1043 2965 1173 3006 vero
1207 2964 1236 3006 e
1262 2949 1538 3004 contrario
1565 2948 1815 3005 eumdem

209 3045 566 3106 Theodorum
599 3046 655 3110 in
704 3044 978 3115 Evangelii
1012 3043 1351 3113 expositione
1384 3043 1812 3112 reprehendunt,

1918 1857 2067 1904 ratus
2093 1856 2176 1902 est
2204 1849 2458 1905 miracula
2487 1864 2680 1920 magna
2706 1850 2944 1915 virtutis,
2974 1857 3030 1906 ει
3057 1851 3111 1904 in
3159 1849 3332 1905 forma
3363 1849 3506 1904 servi

1918 1939 2085 1995 subiit
2111 1939 2372 1994 stevitiam
2407 1942 2692 2010 passionis.
2729 1961 2748 1994 ι
2783 1941 2838 1996 Si
2868 1957 2998 2013 ergo
3022 1942 3089 1997 de
3131 1943 3287 1996 nobis
3339 1941 3507 1996 haere-

1918 2029 2010 2084 tici
2036 2040 2286 2101 qumrunt
2316 2045 2414 2085 cur
2443 2046 2550 2085 non
2579 2040 2634 2086 et
2660 2031 2901 2088 Leonem
2931 2031 3353 2087 condemnemus
3373 2047 3508 2101 prm-

1918 2119 2211 2184 dicantem,
2235 2128 2293 2176 et
2315 2121 2595 2192 praedicari
2625 2133 2924 2194 cegentem,
2951 2123 3093 2192 quod
3121 2121 3370 2176 Christus
3399 2135 3506 2176 non

1916 2213 2038 2268 sine
2079 2227 2277 2282 pavore
2323 2212 2626 2269 formidinis
2668 2214 2836 2268 subiit
2885 2214 3146 2269 smvitiaut
3210 2214 3508 2282 passionis,

1917 2306 2046 2376 quid
2078 2305 2529 2376 respondebimus
2573 2306 2860 2364 Theodoro
2893 2322 3036 2362 nunc
3080 2322 3176 2378 pro
3209 2308 3299 2362 tali
3327 2308 3348 2339 ³
3375 2323 3507 2363 con-

1918 2397 2155 2455 fessione
2182 2399 2457 2464 damnato,
2492 2401 2593 2453 nisi
2632 2409 2724 2452 aut
2750 2399 2949 2455 Leonis
2978 2414 3100 2456 esse
3128 2400 3277 2455 illam
3307 2400 3509 2470 epism.

1921 2491 2028 2545 lam
2059 2489 2405 2560 denrgetnus,
2439 2492 2504 2545 ad
2527 2491 2746 2546 solitum
2776 2491 3118 2561 mendacium
3149 2493 3169 2523 ‘
3195 2479 3510 2566 confugien-

1921 2591 2002 2638 tes
2030 2583 2315 2649 attxilium,
2353 2591 2448 2638 aut
2486 2593 2542 2640 et
2583 2584 2758 2653 ipsum
2803 2583 3040 2652 Leonem
3077 2601 3197 2641 cum
3226 2585 3511 2642 Theodoro

1921 2675 2285 2729 concedamus
2330 2690 2452 2731 esse
2478 2675 2878 2732 damnandum?
2911 2677 2989 2732 En
3021 2679 3197 2748 qualia
3235 2679 3286 2734 iu
3327 2679 3512 2734 defen-

1921 2765 2132 2820 sionem
2172 2767 2388 2821 concilii
2415 2765 2892 2834 Cbalcedonensis,
2936 2779 2988 2824 et
3019 2769 3244 2825 Romani
3292 2769 3512 2832 Leonis,

1922 2859 2232 2928 conscripta
2280 2858 2558 2926 dicuntur,
2605 2875 2724 2930 qua:
2771 2876 2870 2916 nos
2916 2877 3020 2916 suo
3074 2861 3409 2933 prmjudicio,
3459 2875 3514 2918 et

1922 2951 2096 3021 ipsam
2134 2949 2421 3022 synodum,
2462 2960 2518 3007 et
2564 2952 2796 3008 Leonem
2837 2956 3093 3010 damnare
3142 2957 3512 3026 compellunt:

1921 3052 1979 3099 et
2007 3047 2097 3115 qui
2130 3060 2226 3114 pro
2252 3046 2346 3101 Dei
2375 3047 2566 3100 timore
2593 3045 2789 3102 talibus
2824 3047 3094 3103 noluerint
3115 3049 3428 3114 admisceri,
3459 3060 3514 3112 et

207 3143 259 3196 in
285 3157 398 3212 quo
429 3140 649 3195 labores
671 3139 813 3209 ejus,
837 3137 1081 3208 quisquis
1113 3145 1197 3192 est
1219 3144 1406 3192 auctor
1438 3135 1583 3190 illius
1611 3135 1816 3205 operis,
1848 3145 1892 3209 ρ
1925 3139 1980 3194 in
2031 3139 2290 3195 Ecclesia:
2348 3139 2659 3209 pra-judicio
2710 3142 3004 3208 composta
3046 3157 3168 3197 esse
3202 3143 3508 3204 docuerint.

205 3233 464 3302 perhibet
482 3232 629 3303 quod
653 3231 832 3287 nullus
859 3246 1022 3286 ausus
1045 3230 1206 3285 fuerit
1231 3229 1538 3298 increpare,
1561 3229 1654 3283 sed
1679 3228 1811 3282 dex-

205 3338 288 3383 tro
320 3326 510 3397 potius
563 3326 832 3381 honorare
875 3323 1132 3380 decreto:
1189 3332 1244 3377 et
1290 3321 1415 3376 hinc
1444 3335 1566 3375 eum
1593 3319 1814 3388 impium

202 3429 430 3482 vocant,
462 3415 608 3487 quod
641 3415 928 3474 Dominum
961 3415 1016 3469 in
1045 3413 1318 3482 passione,
1342 3422 1398 3467 et
1426 3411 1745 3470 formidasse
1765 3407 1813 3472 δ,

201 3522 254 3566 ει
275 3511 566 3568 turbatum
592 3521 714 3564 esse
739 3506 959 3574 dixerit,
987 3507 1063 3562 ita
1093 3514 1151 3560 ut
1182 3505 1284 3560 hoc
1307 3518 1517 3573 quoque
1538 3504 1778 3558 dicerent
1804 3519 1815 3556 :

201 3621 223 3658 t
262 3604 579 3660 Horremus
603 3600 767 3659 etiam
802 3601 981 3656 solum
1008 3599 1324 3655 memoriam
1353 3595 1814 3666 blaSphemiarum

199 3694 341 3765 eius,
393 3704 459 3750 et
503 3695 613 3750 Deo
666 3692 1036 3763 supplicamus
1080 3701 1137 3748 ut
1181 3691 1337 3746 nobis
1386 3688 1482 3743 liat
1527 3688 1815 3758 propitius,

194 3789 345 3857 quod
401 3786 634 3842 omnino
671 3785 723 3840 in
758 3786 936 3854 lingua
991 3783 1117 3838 talia
1151 3782 1484 3837 sustinemus
1513 3789 1820 3835 asserentes

197 3882 489 3951 trepidare
513 3881 567 3936 in
581 3878 832 3948 passione
857 3892 979 3932 eum
1012 3890 1195 3946 posse,
1224 3874 1316 3944 qui
1345 3873 1458 3927 suis
1485 3870 1700 3927 lamulis
1729 3874 1818 3941 qui

195 3987 300 4042 pro
347 3973 480 4041 ejus
511 3971 727 4028 nomine
759 3970 1075 4039 martyrium
1117 3975 1473 4036 susceperunt
1528 3965 1687 4021 talem
1719 3968 1816 4019 do.

195 4067 354 4118 nas-it
379 4063 640 4132 gratiam,
659 4071 716 4121 ut
735 4075 856 4116 cum
883 4058 1076 4130 gaudio
1097 4067 1152 4112 et
1182 4055 1603 4128 promptitudine
1627 4065 1684 4110 et
1709 4057 1818 4110 ala-

185 4156 404 4210 critate
430 4153 711 4223 passiones
728 4153 973 4207 adirent.
1001 4169 1019 4204 ι
1049 4150 1175 4206 Haec
1194 4159 1372 4204 autem
1395 4148 1744 4219 reprehensio
1765 4160 1823 4206 et

187 4249 510 4305 detestatio
571 4247 900 4317 scriptorum
951 4244 1224 4300 Theodori
1277 4258 1464 4298 sanam
1515 4243 1818 4304 doctrinam

183 4345 341 4400 hau
397 4341 602 4398 Leanis
644 4340 836 4412 synodi
879 4337 1338 4394 Chalcedonensis
1364 4338 1599 4398 auctoris
1649 4337 1822 4408 impu-

1920 3229 2069 3300 digni
2099 3229 2352 3285 dicuntur
2383 3230 2404 3260 '
2426 3229 2636 3296 exsilio,
2675 3216 2821 3302 digni
2857 3232 3188 3287 carceribus.
3240 3233 3384 3288 Nihil
3417 3249 3515 3288 au-

1927 3331 2032 3376 tem
2064 3305 2456 3386 mirum;'nam
2492 3322 2612 3376 talia
2647 3337 2863 3391 semper
2908 3325 3143 3378 mundus
3167 3327 3414 3395 arguenti
3461 3341 3519 3380 se

1926 3411 2180 3468 retribuit
2209 3414 2440 3468 veritati.
2485 3415 2624 3482 Quid
2651 3430 2815 3485 porro
2847 3425 2949 3481 est,
2982 3418 3125 3486 quod
3158 3418 3211 3472 in
3241 3419 3430 3473 eodem
3460 3419 3518 3471 li-

1931 3509 2028 3557 bro
2067 3506 2122 3558 in
2169 3520 2277 3576 quo
2319 3506 2642 3562 Theodorus
2672 3508 2870 3563 dicitur
2899 3510 3097 3566 diaboli
3153 3519 3522 3584 transgressus

1929 3596 2218 3663 insaniam,
2245 3599 2366 3668 quia
2399 3600 2682 3654 Dominum
2711 3612 2952 3656 nostrum
2981 3605 3033 3657 in
3061 3605 3312 3673 passione
3340 3606 3521 3659 formi-

1927 3687 2084 3744 dasse
2115 3698 2170 3744 et
2190 3690 2462 3745 turbatum
2491 3705 2610 3747 esse
2635 3694 2914 3748 confessus
2937 3704 3043 3756 est,
3072 3695 3402 3750 Athanasius
3427 3713 3520 3766 ap-

1931 3783 2208 3851 probatur,
2256 3785 2400 3852 quod
2451 3784 2502 3837 in
2537 3785 2676 3838 libro
2728 3789 2886 3840 Ieitio
2933 3786 3198 3841 adversus
3238 3787 3467 3841 Arianos
3500 3801 3517 3824 ο

1929 3871 2171 3926 scribens
2201 3875 2269 3926 de
2316 3875 2739 3940 preprictatibus
2787 3877 3016 3928 duarum
3057 3874 3256 3930 Christi
3307 3890 3522 3940 natura-

1928 3979 2070 4030 rum,
2093 3962 2194 4017 hoc
2219 3963 2377 4018 etiam
2400 3963 2574 4017 dicat:
2601 3982 2621 4014 ι
2641 3965 2850 4019 Etenim
2879 3965 3178 4036 perturbari
3200 3969 3378 4021 carnis
3402 3985 3522 4038 pro-

1929 4055 2103 4126 prium
2129 4063 2215 4110 est
2244 4074 2257 4109 :
2285 4064 2604 4124 potestatem
2635 4067 2812 4110 autem
2847 4058 3048 4113 habere
3080 4059 3315 4129 ponendi
3343 4071 3399 4114 et
3428 4074 3519 4112 su-

1931 4147 2110 4202 mendi
2141 4147 2358 4216 quando
2389 4148 2503 4202 vult
2540 4149 2801 4213 animam,
2853 4164 2957 4203 non
2996 4162 3079 4205 est
3113 4150 3215 4206 hoc
3251 4153 3524 4222 prop:iuin

1928 4243 2181 4308 hominis,
2233 4241 2330 4297 sed
2386 4241 2546 4297 Verbi
2599 4229 2814 4297 virtutis
2855 4244 2976 4298 est?
3028 4264 3044 4296 ι
3085 4243 3223 4299 Ecce
3276 4245 3377 4313 ipsi
3419 4263 3524 4300 ntm

1927 4336 2076 4399 alibi,
2107 4335 2202 4391 sed
2235 4333 2288 4389 in
2329 4334 2518 4390 eodem
2551 4335 2708 4396 libro,
2757 4339 3106 4390 itnu‘temores
3154 4338 3256 4404 sui,
3293 4339 3524 4392 fatentur

322 4501 647 4570 scripserat
668 4496 922 4567 Cyrillus,
951 4503 1220 4570 ntauctur
1247 4504 1330 4558 est
1355 4494 1658 4570 Liberatus,
1681 4509 1799 4563 cap.
1833 4498 1880 4557 υ
1981 4493 2008 4534 δ
2048 4494 2318 4570 Theodori
2345 4494 2508 4550 verba
2527 4495 2610 4570 ΔιιιΔ
2634 4497 2769 4548 hinc
2800 4496 3128 4570 sententiam
3167 4512 3234 4552 ex
3291 4498 3430 4570 libro
3460 4515 3515 4553 ιιι

180 4572 276 4636 ιο,
317 4564 654 4626 tres-libros
683 4564 942 4623 adversus
988 4566 1284 4626 Diodorum
1322 4576 1376 4620 et
1420 4564 1799 4636 Theodorum,

172 4635 353 4711 quasi
421 4641 729 4697 Nestoriani
776 4638 1044 4709 dogmatis
1093 4649 1362 4711 auctores.
1416 4635 1583 4711 cujus
1625 4638 1807 4711 eperis

1915 4576 2100 4637 contra
2132 4565 2475 4637 Apolinarem
2527 4565 2690 4637 habet
2740 4568 2976 4637 synodus
3025 4569 3239 4624 actione
3283 4569 3344 4632 4,
3376 4586 3524 4623 num.

1919 4637 1981 4690 ii
2014 4635 2120 4709 :Et
2149 4635 2204 4688 in
2230 4653 2438 4704 magna,
2473 4636 2668 4705 inquit,
2695 4635 3036 4707 trepidatione
3065 4654 3154 4701 per
3182 4649 3380 4709 tempus
3411 4657 3529 4706 pas-

1918 4708 2075 4761 sionis
2104 4709 2408 4761 constitutus
2439 4709 2767 4777 apparitione
2794 4709 2966 4778 angeli
3006 4709 3200 4779 indiget
3233 4708 3530 4774 comman-

177 4707 514 4784 fragmenta
566 4707 956 4784 recitanturﬂin
1003 4709 1214 4784 actione
1242 4709 1276 4762 5
1313 4708 1502 4778 synodi
1532 4707 1805 4784 ejusdem;

167 4779 356 4858 atque
395 4784 455 4858 in
487 4785 569 4837 b's
599 4783 689 4858 i-‘la
719 4795 840 4858 qua:
866 4779 1145 4858 Facundos
1169 4789 1579 4858 commemorat,
1598 4779 1712 4858 hoc

170 4849 302 4910 talo
331 4874 350 4911 :
383 4854 472 4910 Ea:
493 4854 721 4908 secundo
740 4849 883 4906 'libro
909 4849 1088 4921 Cyrilli
1119 4849 1724 4921 episc0piAlexandrite,
1747 4850 1811 4921 de

163 4945 233 4982 eo
283 4928 451 4996 qqu
495 4941 628 4977 unus
673 4934 744 4977 est
783 4919 1054 4988 Christus,
1098 4930 1276 4974 contra
1323 4919 1668 4996 Theodorum.
1703 4920 1808 4975 Sed

161 4993 353 5067 longe
381 4997 708 5064 discrepans
739 5006 790 5047 et
817 4996 1026 5067 diversa
1072 5004 1154 5067 est
1183 4993 1372 5067 synodi
1419 4993 1610 5067 leetio,
1643 4993 1715 5067 ita
1747 5000 1804 5045 ut

163 5064 558 5124 Tnéoitorum
585 5064 948 5134 perstringunt
972 5064 1157 5136 Cyrilli
1188 5065 1370 5136 verba,
1398 5078 1518 5132 qua:
1547 5065 1649 5136 hoc
1683 5065 1803 5118 loco

153 5143 236 5195 ad
269 5141 430 5209 ejus
451 5133 706 5209 laudem,
725 5146 996 5209 po~trema
1020 5133 1169 5204 parte
1196 5133 1429 5209 omissa,
1457 5133 1801 5209 transferun-

156 5203 466 5266 trtr.'Sic
511 5211 654 5263 enim
699 5203 896 5261 habent
923 5224 934 5258 :
963 5203 1100 5268 Quos
1139 5207 1344 5275 quidem
1394 5204 1592 5258 labores
1644 5203 1805 5258 nollet

149 5284 392 5350 ιέἕςιιὶα
433 5281 717 5346 increpare,
751 5279 1433 5350 magis-autemhonoraret,
1526 5279 1709 5350 iness_e_t
1736 5275 1808 5327 eis

147 5344 805 5426 «mammam,
831 5344 1059 5426 Laudari
1085 5349 1161 5402 ait
1187 5348 1424 5417 potuisse
1451 5344 1810 5426 libros’l'heo-

145 5417 294 5480 ἀοῖ-ἰ
319 5468 342 5483 .
405 5423 458 5474 si
485 5422 614 5476 nihil
655 5421 802 5488 pravi
845 5421 1132 5486 docerent;
1166 5433 1286 5474 mox
1316 5432 1442 5474 vero
1472 5417 1716 5489 quaedam
1747 5417 1802 5472 in

147 5500 248 5552 his
287 5492 495 5562 impia
518 5507 638 5547 esse
670 5493 1038 5546 demonstrat.

1918 4782 1988 4833 tis
2017 4795 2130 4832 eum
2156 4779 2222 4830 ad
2254 4780 2554 4849 patientiam
2575 4790 2620 4830 et
2651 4779 2981 4833 tolerantiam
3007 4781 3381 4833 imminentium
3421 4797 3524 4830 mn-

1923 4850 2115 4903 lornm.
2144 4848 2332 4917 Angeli
2356 4849 2516 4903 etiam
2547 4849 2820 4904 Christum
2848 4850 3194 4905 confortamis
3223 4852 3528 4902 orationem

1923 4918 2236 4986 el'tinxcrnt,
2271 4920 2424 4990 cujus
2458 4921 2653 4975 ibidem
2689 4933 2772 4977 est
2799 4921 3004 4975 mentio
3027 4937 3174 4974 nttm.
3206 4922 3261 4982 4,
3291 4931 3339 4971 et
3383 4923 3526 4988 apud

1927 4992 2230 5057 Leontium,
2263 4993 2352 5060 qui
2379 4993 2722 5046 'fltcoilorunt
2756 5007 2819 5046 ex
2856 4993 2956 5045 hoc
2987 4991 3158 5059 capite
3193 4990 3373 5048 multis
3400 5007 3530 5046 exuo

1911 5062 2048 5132 gitat
2077 5063 2173 5120 lib.
2205 5079 2282 5127 tu,
2315 5078 2436 5130 cap.
2479 5063 2566 5115 57.

1989 5146 2009 5172 ο
2057 5134 2194 5190 infra
2224 5133 2444 5196 iterum,
2469 5135 2569 5187 sub
2605 5132 2764 5187 linem
2798 5132 2956 5200 hujus
2997 5145 3154 5200 cap.;
3186 5142 3448 5186 caeterum
3476 5132 3529 5186 in

1915 5203 2139 5275 vulgatis
2169 5205 2342 5259 oratiu
2386 5203 2535 5275 esti
2573 5213 2760 5257 contra
2808 5201 3072 5267 Arianus;
3105 5210 3240 5258 alter
3275 5219 3401 5258 vero
3433 5204 3525 5272 qui

1915 5274 2157 5344 sejuitur
2207 5274 2489 5330 Athanasii
2526 5277 2710 5337 locus,
2757 5278 3105 5343 depromptus
3149 5284 3232 5328 est
3271 5290 3336 5329 ex
3388 5275 3526 5330 libro

1914 5352 2032 5420 περὶ
2069 5356 2160 5406 τῆς
2203 5351 2451 5421 ἐνσάρκου
2494 5347 2787 5421 impunitior;
2814 5352 2903 5399 τοῦ
2935 5353 3064 5400 Θεοῦ
3096 5347 3282 5420 Λόγου.
3332 5345 3404 5400 De
3432 5347 3532 5407 Im:-

1927 5416 2078 5471 mima
2108 5428 2292 5472 natura
2322 5416 2559 5484 suscepta
2595 5433 2627 5467 a
2667 5416 2856 5470 Verbo.

2006 5646 2020 5673 "
2067 5645 2206 5698 Itltfln
2233 5642 2379 5704 eod.,
2413 5643 2687 5698 mendacii.

235 5661 258 5690 ⁸
311 5656 489 5712 Col.
517 5655 664 5716 νεῖ..
695 5659 1020 5724 impugnant.

235 5732 256 5763 Ι
319 5729 404 5770 In
447 5727 630 5770 emicem
661 5727 785 5770 cmi-
817 5726 970 5770 deost
997 5728 1054 5770 τί.
1083 5740 1276 5770 nmmn.

2006 5655 2020 5673 '
2067 5655 2206 5698 Itltfln
2233 5655 2379 5704 cum,
2413 5655 2666 5696 menaacn

2006 5718 2024 5746 ⁵
2065 5717 2210 5770 Idem
2240 5715 2384 5770 cod..
2416 5716 2671 5770 ducantur

2347 5754 2384 5779 ο.
2417 5752 2660 5770 «ww-ouo."
2685 5752 2695 5768 ι

221 5732 256 5764 ³
319 5729 404 5783 In
447 5727 630 5780 eodem
661 5727 785 5781 eod.
817 5726 970 5780 deest
997 5728 1054 5783 τὸ
1083 5740 1276 5778 amula.

223 5803 259 5837 ³
314 5797 505 5856 Idem
530 5799 676 5865 cod.,
701 5802 814 5865 jam
840 5813 935 5866 pro
967 5798 1090 5864 tuli,
1119 5808 1225 5851 etc.
