3878 6194
313 285 446 346 ⁷ἰὔιὶτι

1445 267 1736 329 ηαυΝυὶ
1780 265 1992 325 EPlSC.
2037 258 2548 319 ιιῐςιηιιΑΝῑΝδιε

3532 252 3640 311 592

339 402 495 476 quod
519 403 707 458 beatus
738 395 1062 455 Athanasius
1107 390 1366 446 veraciter
1395 389 1449 443 in
1480 387 1732 457 passione
1763 383 1943 438 Domi-
1975 386 2020 444 Α
2049 393 2259 448 cunque
2301 391 2489 432 sanum
2536 372 2773 442 sapiunt,
2822 371 3167 441 evangelistis
3221 374 3392 443 potius
3438 374 3645 445 ingesta

353 512 482 554 num
507 493 706 550 dixerit
731 506 852 548 esse
875 488 1164 543 turbatum.
1186 484 1295 539 Cur
1317 496 1448 552 ergo
1470 481 1573 535 sibi
1589 478 1869 541 contrarii,
1895 477 1948 530 in

353 603 462 660 quo
481 585 836 640 Athanasium
861 579 1110 650 probant,
1141 588 1201 631 ut
1228 589 1421 644 magno
1445 571 1676 628 concilio
1701 568 1951 640 pr:rjttdi-

356 659 500 744 cent,
517 673 865 732 Theodorum
884 670 1148 725 damnant
1163 667 1185 720 τ
1203 666 1304 735 Qui
1322 665 1511 720 beatus
1530 661 1856 716 Athanasius
1881 659 1950 712 ita

356 777 568 826 locutus
594 777 670 821 est
703 765 862 820 etiam
883 762 944 818 in
977 763 1118 817 libro
1140 757 1401 831 quem-de
1425 756 1688 811 Trinitate
1719 751 1954 807 conscri-

340 860 492 930 psit:
516 876 532 909 ‹
560 855 794 911 \‘erbnm
825 855 968 908 enim
999 861 1052 908 et
1077 851 1114 906 F
1121 852 1244 906 ilius
1276 849 1368 906 Dei
1391 862 1604 916 semper
1625 853 1742 900 erat
1771 841 1954 898 Domi-

358 969 461 1009 nus
495 951 655 1016 Dens,
679 959 733 1004 et
761 963 866 1004 non
899 955 1016 1016 post
1037 943 1440 1000 crucifixiouem
1474 939 1644 995 factus
1668 946 1754 993 est
1777 935 1958 990 Domi-

351 1041 662 1100 nus‘Jesus
710 1038 991 1103 Christus,
1023 1035 1142 1101 sed,
1186 1046 1242 1089 ut
1293 1032 1536 1104 prtedixi,
1568 1031 1957 1085 humanitatem

359 1141 477 1209 ejus
505 1138 680 1194 effecit
707 1136 958 1190 divinitas
995 1134 1278 1188 Dominum
1308 1140 1362 1187 et
1409 1131 1596 1185 Deum.
1641 1127 1706 1181 Et
1745 1123 1958 1195 quando

357 1232 491 1288 dicit
519 1247 532 1283 :
566 1229 744 1293 Ριιῑρν,
772 1229 818 1282 si
847 1225 1087 1298 possibile
1127 1235 1220 1289 est,
1255 1233 1475 1278 transeat
1504 1237 1534 1273 a
1565 1235 1644 1272 me
1668 1220 1806 1272 calia:
1835 1217 1959 1280 iste;

363 1330 704 1377 verumtamen
755 1335 857 1372 non
902 1333 1014 1372 mea
1056 1315 1288 1370 voluntas
1332 1314 1441 1384 ﬁat,
1475 1313 1564 1367 sed
1592 1322 1681 1364 tua
1709 1324 1729 1364 :
1751 1308 1963 1379 spiritus

366 1418 570 1486 quidem
594 1423 854 1484 promptus
879 1423 976 1476 est,
999 1427 1118 1466 caro
1138 1421 1311 1465 autem
1337 1410 1547 1478 inﬁrma
1570 1404 1783 1479 (Matth.
1818 1419 1960 1468 xxvi,

366 1509 460 1574 39,
483 1507 600 1576 4f),
629 1507 762 1560 duas
801 1505 1102 1559 voluntates
1129 1503 1215 1557 hic
1245 1501 1477 1556 ostendit
1501 1517 1513 1551 :
1539 1498 1826 1552 humanam
1849 1493 1965 1563 qni-

374 1600 496 1654 dem
521 1612 639 1670 qua:
669 1603 751 1650 est
781 1594 982 1662 carnis,
1016 1596 1172 1647 aliam
1216 1608 1344 1647 vero
1371 1605 1491 1660 quae
1520 1599 1599 1643 est
1631 1585 1878 1648 (.ieTuttis;
1912 1593 1966 1638 et

376 1690 607 1744 humana
649 1686 861 1756 quidem
909 1694 1124 1753 propter
1163 1683 1523 1737 infirmitatem
1554 1678 1732 1733 carnis
1757 1683 1968 1730 recusat

2055 487 2176 528 esse
2219 478 2566 539 cognoscant.
2587 467 2649 523 Si
2677 475 2858 524 autem
2890 468 3176 537 recipimus
3204 469 3336 522 istos
3362 468 3642 525 dicentes:

2053 561 2333 630 Quomodo
2353 574 2490 629 Opus
2514 559 2739 613 habebat
2767 557 2938 627 angeli
2965 557 3154 612 solatio
3181 558 3494 628 angelorum
3517 573 3649 627 ope-

2055 655 2238 710 rator?
2274 664 2332 709 ut
2378 652 2576 706 nullius
2616 666 2736 707 eum
2779 650 3060 706 credamus
3091 653 3141 706 in
3163 637 3417 721 suscepta
3459 659 3650 706 natura

2054 746 2268 816 eguisse
2297 743 2497 808 solatii,
2529 742 2829 812 apostolum
2861 757 3072 812 quoque
3111 741 3334 796 Paulum
3377 756 3479 796 non
3511 740 3656 797 reci-

2058 838 2268 907 piemus
2303 835 2569 891 dicentem
2592 849 2619 888 ':
2659 833 2836 888 Nostis
2869 835 3000 888 enini
3038 835 3259 905 gratiam
3291 834 3496 889 Domini
3521 832 3658 888 Iesu

2059 933 2271 999 Christi,
2319 931 2564 1002 quoniam
2611 939 2818 1000 prapter
2867 944 2954 982 vos
2999 945 3184 999 egenus
3219 931 3383 1000 factus
3411 938 3506 993 est,
3534 945 3658 980 cum

2060 1037 2183 1082 esset
2207 1027 2366 1090 dives,
2397 1034 2452 1078 ut
2481 1023 2621 1077 illius
2657 1023 2834 1091 inopia
2873 1038 2960 1076 vos
2999 1022 3181 1077 divites
3207 1023 3382 1076 essetis
3411 1022 3496 1089 (ll
3529 1023 3656 1077 Cor.

2061 1135 2174 1184 vni,
2208 1117 2287 1188 9).
2320 1116 2427 1172 Sed
2458 1114 2791 1184 refragantes
2823 1113 3070 1168 omnibus
3097 1129 3216 1180 qum
3243 1113 3311 1168 de
3339 1114 3428 1167 illo
3457 1128 3497 1165 si
3519 1112 3658 1180 ripta

2063 1221 2206 1278 sunt,
2253 1209 2494 1264 dicemus
2529 1207 2690 1261 etiam
2741 1221 2840 1259 nos
2871 1223 2886 1258 :
2917 1204 3197 1271 Quomodo
3243 1219 3377 1274 opus
3423 1204 3663 1258 habebat

2069 1301 2317 1355 mammis
2343 1307 2396 1353 et
2420 1298 2555 1351 lacte
2581 1303 2824 1350 materno
2859 1297 3011 1363 panis
3041 1295 3389 1364 angelorum?
3410 1303 3501 1348 aut
3526 1312 3663 1363 quo-

2068 1391 2226 1446 tnodo
2249 1405 2381 1459 opus
2415 1389 2640 1444 habebat
2664 1387 2910 1442 humanis
2932 1386 3070 1441 ulnis
3095 1396 3148 1442 et
3172 1388 3293 1442 sinu
3319 1388 3539 1456 gestari,
3564 1385 3660 1453 qui

2068 1484 2205 1554 gerit
2252 1482 2430 1535 onmia
2477 1479 2641 1535 verbo
2685 1478 2895 1532 virtutis
2933 1479 3081 1532 sure?
3111 1487 3203 1532 aut
3230 1478 3496 1547 quomodo
3524 1493 3665 1544 Opus

2073 1574 2301 1628 habebat
2329 1586 2542 1638 somno,
2567 1570 2652 1638 qui
2689 1583 2789 1622 llOll
2822 1561 3076 1622 dormitat
3102 1569 3408 1622 custodiens
3435 1569 3664 1622 Jerusa-

2073 1666 2211 1720 lem?
2239 1664 2309 1720 Ut
2347 1661 2415 1717 ita
2449 1662 2556 1731 jam
2592 1661 2757 1715 verbo
2788 1669 2941 1714 tenus
2969 1660 3101 1714 duas
3123 1660 3368 1715 dicamus
3397 1661 3516 1729 ejus
3545 1676 3670 1715 esse

373 1781 702 1851 passionem,
734 1751 990 1830 divinitas
1010 1751 1136 1846 ejus
1167 1783 1408 1844 prompta
1449 1781 1553 1826 εει.
1591 1789 1608 1821 ι
1645 1768 1777 1822 Cum
1811 1768 1971 1836 igitur
2002 1751 2044 1808 Β
2076 1768 2329 1822 naturas,
2362 1757 2524 1811 rebus
2556 1757 2684 1823 ipsis
2721 1763 3046 1808 evacuatttes
3085 1754 3228 1824 quod
3271 1753 3585 1822 proﬁtemur
3615 1754 3669 1806 in

375 1881 592 1928 sanctus
642 1871 968 1924 Athanasius
1023 1869 1158 1922 duas
1211 1866 1514 1921 voluntates
1563 1862 1876 1931 profiteatur
1918 1859 1968 1912 in

377 1966 616 2032 Christo,
650 1965 935 2019 humanam
965 1961 1179 2032 quidem
1212 1968 1429 2030 prepter
1457 1956 1820 2012 infirmitatem
1851 1968 1971 2009 car-

379 2058 462 2112 nis
489 2067 824 2114 recusantem
853 2055 1178 2126 passionem,
1211 2051 1367 2106 aliam
1403 2064 1528 2104 vero
1557 2050 1692 2119 ejus,
1718 2060 1836 2117 qua:
1862 2046 1976 2100 dei-

371 2149 502 2208 tatis
530 2157 634 2214 est,
666 2155 991 2219 promptam,
1021 2144 1222 2200 rescire
1248 2142 1357 2214 jam
1389 2142 1586 2197 debent
1627 2137 1976 2210 Eutychiani,

379 2242 657 2310 quoniam,
688 2241 826 2294 sicut
863 2252 946 2294 est
982 2251 1320 2307 consequens
1349 2245 1404 2291 ut
1435 2235 1480 2290 si
1513 2234 1659 2302 jUste
1697 2233 1979 2286 da-tznatur

382 2351 480 2404 pro
533 2334 620 2388 tali
670 2330 1011 2387 confessione
1071 2328 1428 2392 Theodorus,
1491 2325 1761 2379 Romanus
1809 2323 1825 2354 ⁸
1871 2321 1980 2376 Leo

385 2441 490 2479 non
538 2424 708 2496 possit
753 2421 988 2485 ahsolvi,
1031 2419 1103 2474 ita
1146 2417 1452 2475 necessario
1497 2431 1598 2470 nec
1643 2417 1778 2485 ipse,
1819 2426 1979 2484 quam

386 2514 629 2570 venerari
659 2528 720 2569 se
749 2512 932 2566 dicunt
959 2513 1003 2578 ⁸,
1026 2509 1352 2565 Athanasius
1378 2507 1704 2564 absolvatur.
1731 2504 1835 2560 Sed
1857 2503 1982 2573 quid

383 2622 484 2676 ego
509 2609 574 2659 de
598 2602 890 2658 Athanasio
929 2602 1138 2670 loquar,
1172 2599 1388 2671 quando
1417 2613 1517 2654 nec
1549 2598 1692 2667 ipsos
1715 2594 1984 2664 evangeli-

386 2707 496 2752 stas
519 2697 828 2750 dubitarunt
864 2693 1156 2757 incessere,
1182 2706 1303 2746 cum
1343 2705 1436 2761 per
1465 2689 1735 2744 Theodori
1764 2687 1986 2744 damna-

389 2789 590 2844 tionem
633 2787 699 2841 ad
753 2787 893 2842 beati
941 2785 1142 2840 Leonis
1187 2793 1244 2840 et
1293 2782 1487 2854 synodi
1535 2780 1986 2838 Chalcedonensis

390 2878 640 2950 injuriant
682 2877 925 2944 tendant,
960 2877 1102 2947 quod
1151 2875 1432 2946 epistolam
1477 2875 1603 2941 Ibze,
1649 2873 1832 2928 laudes
1869 2871 1988 2941 ejus

393 2969 783 3036 continentem,
818 2968 1182 3038 pronuntiavit
1223 2967 1608 3023 orthodoxam?
1637 2965 1768 3022 Nam
1799 2979 1988 3021 rursus

393 3060 679 3116 Theodoro
725 3059 1098 3131 Apolinaristis
1141 3059 1447 3125 resistente,
1495 3057 1610 3127 qui,
1664 3058 1804 3112 sicut
1849 3071 1989 3110 nunc

386 3149 734 3221 Eutychiani,
779 3151 1062 3205 humanam
1095 3150 1147 3204 in
1179 3147 1393 3203 Christo
1437 3147 1688 3203 volebant
1728 3161 1991 3202 cvacuare
2018 3129 2066 3192 (ἶ

398 3252 663 3309 naturam,
691 3251 743 3297 et
767 3242 976 3297 dicente
1001 3241 1066 3295 ad
1091 3240 1586 3310 comprobationem
1614 3240 1782 3309 ipsius
1808 3239 1994 3293 Imma-

401 3352 479 3388 nzu
513 3334 710 3390 Christi
742 3345 971 3404 natum,
1002 3331 1165 3404 quod,
1206 3333 1519 3388 imminente
1561 3333 1828 3402 passionis
1865 3333 1993 3386 arti-

398 3427 544 3493 culo,
578 3437 632 3481 et
678 3427 970 3495 impensius
1000 3427 1195 3490 oravit,
1230 3434 1284 3479 et
1323 3424 1390 3480 ab
1433 3424 1627 3494 angelo
1667 3424 1998 3480 confortatus

403 3529 504 3583 est,
539 3517 731 3572 dicitur
757 3516 825 3572 ab
857 3516 971 3571 istis
999 3537 1012 3574 :
1043 3534 1062 3568 ι
1096 3515 1381 3583 Quomodo
1404 3530 1537 3584 Opus
1561 3515 1790 3571 habebat
1820 3514 1996 3584 angeli

403 3610 602 3664 solatio
644 3609 955 3679 angelorum
994 3607 1278 3677 oleraior?
1328 3608 1464 3662 sicut
1506 3607 1791 3675 Apostolus
1821 3606 1947 3661 dicit
1983 3624 1995 3658 :

410 3702 546 3771 Quia
571 3703 621 3756 in
653 3702 767 3769 ipso
807 3711 978 3754 creata
1015 3710 1135 3755 sunt
1173 3701 1344 3754 omnia
1377 3715 1491 3770 qum
1527 3701 1577 3753 in
1611 3699 1772 3762 caelis,
1804 3707 1853 3752 et
1889 3712 2003 3766 qua:

405 3802 456 3852 in
483 3808 634 3862 terra,
670 3791 885 3849 t-isibilia
917 3803 962 3848 et
991 3793 1270 3848 invisibilia
1301 3792 1521 3859 (Coloss.
1555 3807 1595 3858 t,
1633 3789 1742 3860 lG).
1779 3790 1844 3845 Et
1871 3787 2004 3858 adji-

406 3889 557 3944 ciunt
582 3890 744 3944 etiam
776 3885 926 3954 illud,
958 3885 1100 3957 quod
1133 3901 1292 3957 supra
1325 3884 1687 3948 meminimus,
1718 3883 1957 3938 dicentes
1989 3898 2002 3932 :

410 3989 519 4035 Aut
543 3979 809 4052 quomodo
846 3980 1148 4050 trepidabat
1189 3979 1495 4048 passionem
1529 3978 1615 4046 qui
1654 3977 1766 4036 suis
1797 3976 2008 4030 famulis

413 4070 504 4141 qui
540 4086 634 4141 pro
668 4071 884 4126 nomine
921 4070 1085 4140 ipsius
1121 4071 1435 4141 martyrium
1465 4080 1817 4138 susceperunt
1851 4067 2006 4123 tale-it

416 4164 636 4218 donavit
680 4164 941 4233 gratiam,
993 4177 1114 4218 cum
1153 4165 1348 4232 gaudio
1393 4171 1448 4216 ct
1501 4159 1921 4230 promptitudine
1958 4169 2012 4215 et

416 4257 697 4314 alacritate
739 4257 888 4311 adire
932 4256 1242 4325 passiones?
1277 4273 1297 4306 ι
1327 4257 1454 4322 Qua:
1485 4255 1663 4308 omnia
1694 4269 1798 4308 non
1827 4264 2013 4308 contra

418 4347 797 4412 Theodorum,
839 4361 939 4400 nec
985 4354 1171 4400 contra
1215 4345 1496 4416 epistolam
1547 4343 1868 4398 venerabilis
1911 4344 2014 4404 Iba:

421 4457 537 4509 qua:
551 4431 892 4493 Theodorum
919 4439 1176 4505 laudavit,
1201 4454 1300 4494 nec
1325 4447 1508 4492 contra
1541 4438 1752 4493 beatum
1778 4437 2012 4492 Leonem

2077 1865 2226 1916 voce,
2259 1850 2398 1904 sicut
2422 1848 2580 1902 etiam
2614 1844 3052 1901 Chalcedonense
3083 1846 3371 1900 concilium
3405 1859 3507 1899 nos
3539 1843 3674 1898 dici-

2077 1957 2199 1999 mus
2221 1944 2507 2006 honorare,
2537 1939 2690 2008 cuius
2715 1938 2992 1992 sententiae
3021 1952 3393 2007 repugnamus.
3426 1936 3545 1991 Non
3571 1953 3638 1990 au
3659 1966 3674 1978 -

2078 2045 2184 2092 tem
2231 2035 2473 2090 dicerent
2514 2031 2802 2101 Evangelia
2851 2030 3163 2085 resistentes
3201 2029 3530 2096 :Quomodo
3568 2038 3676 2082 tre-

2079 2128 2296 2200 pidabat
2325 2123 2650 2197 passionem,
2693 2125 2780 2192 qui
2823 2124 2932 2177 suis
2975 2122 3185 2177 famulis
3212 2122 3300 2189 qui
3332 2136 3426 2191 pro
3455 2123 3678 2176 nomine

2083 2221 2250 2288 ipsius
2273 2217 2590 2288 martyrium
2620 2223 2972 2284 susceperunt
2996 2215 3152 2267 talem
3177 2212 3398 2266 dctiavit
3420 2214 3677 2282 gratia-vv,

2083 2325 2203 2367 cum
2233 2307 2425 2379 gaudio
2452 2316 2507 2361 et
2537 2303 2954 2374 promptitudine
2980 2311 3036 2358 et
3073 2303 3348 2357 alacritate
3375 2304 3525 2358 adire
3555 2319 3679 2373 pas-

2085 2403 2286 2466 siones,
2314 2399 2360 2454 si
2391 2406 2481 2452 aut
2511 2397 2776 2460 homines,
2805 2405 2894 2449 aut
2921 2395 3108 2450 saltem
3153 2405 3209 2447 ttt
3249 2394 3576 2456 hominilms,
3613 2396 3682 2450 de

2085 2493 2248 2548 rebus
2279 2491 2623 2560 loquerentur
2664 2487 2928 2541 humanis.
2972 2485 3111 2552 Quid
3153 2485 3317 2554 ergo?
3368 2501 3472 2538 non
3516 2487 3684 2553 trepi-

2085 2586 2352 2644 daveruot
2380 2595 2641 2654 martyres
2668 2581 2834 2635 mori?
2857 2595 3030 2650 neque
3054 2580 3278 2633 naturali
3309 2578 3499 2633 affecti
3531 2594 3686 2633 com-

2087 2682 2220 2738 moti
2269 2688 2600 2749 expaverunt
2643 2677 2709 2730 ad
2764 2685 3014 2733 mortem.
3062 2687 3180 2742 qum
3228 2673 3410 2735 utique
3454 2689 3562 2726 non
3617 2680 3686 2726 cr

2091 2786 2305 2841 natura,
2327 2773 2425 2829 sed
2445 2788 2509 2827 ex
2536 2770 2768 2841 peccatis
2794 2769 3111 2837 supplicium
3134 2768 3254 2822 est?
3284 2769 3345 2822 Et
3375 2769 3443 2821 ita
3467 2783 3563 2822 eos
3586 2783 3687 2836 Spe

2091 2872 2388 2927 futurorum
2425 2869 2446 2902 ³
2483 2884 2605 2923 cum
2645 2867 2839 2939 gaudio
2881 2877 3041 2936 atque
3081 2860 3357 2918 alacritate
3399 2861 3689 2930 passiones

2094 2964 2246 3019 adire
2274 2960 2568 3024 credimus,
2600 2967 2659 3014 ut
2697 2957 2999 3012 nullatenus
3041 2953 3390 3022 trepidatione
3417 2951 3690 3007 malorum

2092 3053 2440 3126 praesentium
2485 3049 2868 3106 moverentur?
2911 3063 3017 3103 non
3066 3048 3272 3117 utique,
3319 3060 3438 3098 nam
3487 3045 3694 3099 vellent

2098 3163 2203 3203 non
2237 3162 2333 3217 per
2362 3151 2589 3200 mortem
2619 3141 2685 3198 ad
2714 3141 2847 3196 illud
2875 3156 2980 3212 quo
3012 3139 3304 3194 tendebant
3333 3139 3618 3206 pervenire
3650 3138 3693 3189 si

2101 3248 2339 3310 possent.
2387 3237 2616 3302 Propter
2645 3235 2745 3289 hoc
2774 3233 2935 3289 etiam
2983 3232 3098 3300 ipse
3133 3229 3388 3284 Dominus
3420 3229 3582 3282 Pezro
3612 3227 3697 3280 di-

2099 3335 2214 3388 xit:
2246 3336 2430 3396 Amen,
2461 3346 2633 3396 amen,
2665 3329 2782 3382 dico
2808 3327 2897 3380 tibi
2927 3340 2946 3380 :
2972 3323 3100 3380 Cum
3128 3339 3258 3378 esset
3278 3323 3477 3390 junior,
3512 3322 3693 3391 cinge-

2101 3429 2190 3481 bas
2213 3436 2279 3491 te,
2309 3434 2359 3479 ct
2395 3423 2695 3477 ambulabas
2723 3422 2810 3477 ubi
2838 3420 3068 3484 volebas;
3099 3434 3215 3472 cum
3244 3427 3414 3471 autem
3443 3417 3694 3480 macris,

2102 3513 2340 3570 extendes
2366 3529 2546 3566 manus
2575 3522 2709 3576 tuas,
2735 3520 2782 3566 et
2813 3511 2950 3565 alius
2971 3519 3020 3564 te
3047 3511 3213 3580 cinget
3231 3518 3278 3562 et
3300 3508 3445 3562 ducet
3469 3523 3571 3575 quo
3594 3524 3698 3559 non

2103 3611 2200 3664 vis.
2233 3607 2348 3662 Hoc
2386 3615 2558 3660 autem
2603 3605 2757 3670 diuit,
2803 3605 2942 3658 sicut
2987 3601 3314 3671 evangelista
3355 3614 3452 3652 nos
3489 3600 3698 3663 domtit,

2103 3699 2400 3770 signiﬁcans
2426 3714 2527 3767 qua
2562 3704 2724 3750 morte
2751 3694 3126 3762 clariﬁcaturus
3155 3703 3279 3746 esset
3320 3689 3486 3744 Deum
3515 3688 3697 3752 (Joan.

2111 3807 2226 3856 ut,
2277 3789 2366 3854 18,
2413 3787 2526 3856 t9).
2570 3786 2808 3842 Audio-nt
2851 3785 3118 3840 dicentem
3160 3782 3449 3839 Veritatem
3487 3799 3506 3833 τ
3552 3782 3702 3836 Alius

2109 3883 2286 3953 cinget
2314 3891 2366 3937 et
2395 3879 2557 3935 ducet
2587 3893 2692 3949 quo
2721 3893 2826 3932 non
2860 3878 2959 3941 vis,
2989 3886 3042 3931 et
3085 3875 3186 3944 ipsi
3225 3875 3432 3943 jactant
3470 3872 3702 3925 inaniter

2112 3975 2256 4046 quod
2277 3973 2420 4028 nulla
2439 3971 2538 4026 fuit
2567 3972 2618 4025 in
2648 3969 2972 4040 martyribus
2995 3967 3281 4036 trepidatio
3305 3965 3594 4034 passionis.
3616 3964 3704 4018 S’c

2113 4077 2340 4140 possunt
2358 4067 2540 4122 dicere
2565 4064 2816 4134 quoniam
2844 4072 2899 4116 et
2929 4063 2973 4115 si
3001 4061 3281 4130 quisquam
3313 4058 3495 4115 letbali
3528 4059 3705 4111 ulcere

2115 4163 2183 4216 de
2222 4158 2695 4225 vitadesperans,
2725 4155 3026 4224 spondente
3063 4153 3274 4207 medico
3315 4150 3454 4219 quod
3484 4151 3534 4204 ei
3569 4149 3708 4201 [νει-ο

2118 4255 2287 4324 possit
2332 4251 2617 4309 restituere
2661 4249 2966 4309 sanitatem,
3013 4245 3086 4299 ita
3131 4257 3231 4313 spe
3284 4241 3484 4296 futura:
3522 4239 3710 4294 salutis

2117 4346 2365 4417 gaudeat,
2401 4353 2457 4398 ut
2495 4349 2817 4413 praesentem
2856 4336 3114 4393 sectiouis
3151 4333 3454 4390 molestiam
3493 4347 3600 4385 non
3629 4344 3711 4382 re—

2122 4437 2394 4494 formidet.
2437 4433 2693 4490 Attendat
2733 4431 2755 4464 *
2793 4447 2920 4486 vero
2952 4430 3076 4500 quid
3119 4429 3280 4484 etiam
3331 4425 3530 4479 Paulus
3576 4423 3714 4478 dicat

423 4533 512 4600 qui
537 4533 733 4588 similia
763 4531 964 4594 docuit,
988 4531 1081 4588 sed
1111 4532 1287 4600 potius
1317 4540 1503 4585 contra
1534 4531 1796 4585 Joannem
1825 4539 1881 4585 et
1911 4530 2015 4584 Lu-
2051 4517 2102 4579 Ι)
2127 4529 2423 4600 apostolus,
2453 4527 2522 4582 de
2560 4525 2672 4596 ipsa
2717 4532 2890 4580 morte
2934 4519 3177 4589 corporis
3212 4518 3436 4587 loquens
3468 4532 3483 4568 :
3517 4514 3714 4570 Srimus

425 4641 542 4681 eam
567 4623 925 4694 evnngelistas
954 4623 1026 4678 ibi
1051 4623 1317 4678 dixerunt.
1349 4622 1481 4678 Nam
1506 4632 1554 4678 et
1595 4621 1828 4678 Joannes
1858 4621 2024 4677 refert

428 4721 697 4775 dicentem
733 4719 1014 4772 Dominum
1044 4735 1056 4771 :
1087 4717 1241 4771 Nunc
1273 4717 1444 4770 anima
1474 4733 1584 4772 mea
1618 4715 1820 4768 turbata
1849 4723 1953 4779 est;
1977 4722 2025 4768 et

428 4811 553 4879 quid
593 4809 801 4862 dirum?
843 4808 1018 4874 P..trr,
1059 4807 1293 4875 salvi/ica
1335 4824 1412 4861 me
1452 4823 1515 4862 ex
1547 4809 1674 4860 liora
1715 4806 1810 4858 ltac
1841 4804 2020 4878 (Joan.

431 4919 526 4966 xu,
555 4900 671 4971 97).
717 4901 780 4954 Et
831 4900 1000 4955 Lucas
1041 4909 1218 4954 autem
1251 4917 1264 4953 :
1297 4901 1547 4971 Apparuit
1593 4900 1669 4953 illi
1714 4898 1925 4970 angelus
1963 4898 2026 4950 de

431 4995 557 5048 caelo
595 4992 892 5064 confortans
942 5008 1054 5045 cum
1075 5009 1096 5056 ,·
1122 4998 1170 5046 et
1213 4993 1382 5062 factus
1429 4993 1482 5045 in
1523 4993 1732 5064 agonia,
1778 4991 2028 5059 prolixius

433 5087 613 5139 orabat
642 5100 660 5139 :
686 5095 730 5138 et
760 5087 923 5154 {actus
953 5093 1024 5138 est
1053 5084 1216 5138 sudor
1245 5087 1355 5156 ejus
1392 5084 1524 5137 sicut
1565 5093 1721 5154 gutta:
1763 5082 2032 5152 sanguinis

436 5179 753 5232 decurrentis
794 5179 847 5232 in
888 5187 1073 5232 terram
1110 5177 1264 5249 (Luc.
1311 5191 1444 5242 uti,
1475 5176 1568 5238 45,
1608 5175 1723 5245 44).
1771 5175 2031 5242 Quocirca

435 5269 782 5340 gravissimas
810 5270 927 5324 illas
953 5269 1331 5335 contumelias,
1359 5284 1489 5338 quas
1511 5267 1795 5321 Theodoro
1820 5279 2036 5336 propter

441 5359 580 5414 hanc
607 5362 922 5414 sententiam
953 5363 1312 5430 ingesserunt,
1346 5362 1591 5415 volentes
1617 5374 1679 5414 ex
1712 5359 1790 5414 eis
1823 5359 2035 5412 beatum

443 5448 674 5504 Leonem
702 5459 757 5505 et
793 5449 1228 5508 Chalcedonense
1272 5451 1542 5506 maculare
1572 5450 1885 5514 concilium,
1914 5449 2028 5517 qni-

518 5641 532 5670 ι
575 5633 704 5688 Cod.
736 5633 956 5692 νει-οη..
989 5639 1138 5683 etiam
1171 5629 1453 5684 Romanus.

515 5707 535 5736 ²
577 5705 717 5759 ldetn
747 5702 892 5763 C'l(|.,
927 5703 996 5754 ita
1035 5701 1316 5753 necessario
1348 5701 1576 5769 sequitur
1608 5709 1660 5752 ut
1692 5698 1961 5753 Theodoro
1993 5709 2037 5751 et

452 5774 614 5830 Lectte
636 5774 914 5838 damna‘is,
949 5788 1036 5825 nec
1065 5774 1172 5840 ipse
1196 5787 1365 5841 quem,
1398 5786 1504 5825 etc.

2127 4624 2259 4678 enim
2287 4620 2529 4691 quoniam
2557 4619 2601 4671 si
2627 4616 2876 4671 terrestris
2907 4613 3088 4667 domus
3119 4619 3292 4666 nostra
3327 4609 3486 4680 hujus
3525 4607 3716 4660 rabitu-

2127 4717 2281 4771 tionis
2305 4714 2640 4778 dissolvatur,
2665 4711 2802 4780 quod
2826 4709 3216 4777 ludiﬁcationem
3235 4721 3302 4760 ea:
3321 4704 3427 4758 Deo
3448 4704 3717 4756 habeamus

2129 4805 2334 4860 domum
2363 4819 2464 4856 non
2493 4818 2646 4854 manu
2675 4804 2862 4869 [actam
2885 4809 3130 4852 aeternam
3156 4797 3209 4848 in
3239 4797 3398 4848 caelis.
3437 4793 3570 4846 Nam
3595 4803 3636 4844 et
3668 4791 3718 4841 in

2131 4898 2227 4951 hoc
2247 4895 2621 4966 ingemiscimus
2649 4891 3015 4946 habitationem
3040 4897 3264 4942 nostram
3289 4903 3401 4955 qum
3423 4885 3485 4938 de
3506 4891 3624 4938 caelo
3650 4889 3719 4933 est

2135 4987 2431 5059 superindui
2463 4986 2746 5054 cupientes,
2777 4984 2820 5038 si
2849 4992 3021 5036 tamen
3039 4979 3309 5056 etrestiti,
3349 4995 3450 5030 non
3489 4975 3609 5029 nudi
3636 4976 3720 5025 irt-

2137 5083 2420 5138 tteniamur.
2464 5077 2606 5133 Nam
2631 5086 2678 5131 et
2707 5076 2795 5146 qui
2820 5090 2996 5128 sumus
3036 5073 3090 5126 in
3130 5069 3483 5136 tabernaculo,
3507 5061 3720 5135 ingemi-

2138 5175 2324 5229 scimus
2346 5170 2564 5241 gravati,
2589 5185 2648 5224 eo
2671 5168 2808 5239 quod
2838 5167 3077 5220 nolumus
3105 5163 3405 5232 exspoliari,
3433 5160 3517 5215 sed
3539 5171 3716 5222 super-

2139 5265 2330 5330 vcstiri,
2362 5274 2414 5317 ut
2453 5261 2788 5317 absorbeatur
2830 5259 3046 5314 mortale
3088 5257 3183 5311 hoc
3217 5273 3248 5309 a
3276 5256 3376 5310 vita
3406 5250 3491 5323 (ll
3521 5251 3630 5304 Cor.
3669 5263 3720 5311 v,

2144 5356 2284 5428 1-4).
2319 5354 2610 5425 Apostolus
2654 5352 2834 5422 itaque
2873 5351 3116 5414 domum,
3157 5349 3269 5403 sive
3312 5340 3722 5402 tabernaculum,

2147 5459 2345 5504 vocans
2375 5460 2594 5515 corpus,
2627 5443 2757 5499 dicit
2796 5443 2935 5513 quod
2977 5456 3042 5497 eo
3082 5439 3250 5495 nollet
3289 5433 3565 5509 EXSp::liari
3588 5448 3600 5498 ;
3626 5428 3723 5482 sed

2225 5628 2245 5657 ³
2286 5629 2426 5682 idem
2453 5627 2598 5687 00d,
2635 5622 3218 5696 fu'ttrornntbonorum.

2226 5699 2246 5729 ⁸
2290 5701 2429 5754 Idt'ttt
2461 5700 2559 5753 (υιΙ
2592 5741 2605 5764 ,
2633 5697 2942 5760 (ῐτι‹’)ι‹((ιμι.’
