  <div class='ocr_page' id='page_1' title='image "/cluster/home/n/w/nwhite01/storage/ocr_20150623/67/hvd.32044073505273/304.png"; bbox 0 0 3962 6196; ppageno 0'>
   <div class='ocr_carea' id='block_1_1' title="bbox 298 377 402 436">
    <p class='ocr_par' dir='ltr' id='par_1_1' title="bbox 298 377 402 436">
     <span class='ocr_line' id='line_1_1' title="bbox 298 377 402 436; baseline 0.01 -1"><span class='ocrx_word' id='word_1_1' title='bbox 298 377 402 436; x_wconf 69' lang='grc'><strong>895</strong></span> 
     </span>
    </p>
   </div>
   <div class='ocr_carea' id='block_1_2' title="bbox 1167 373 2668 435">
    <p class='ocr_par' dir='ltr' id='par_1_2' title="bbox 1167 373 2668 435">
     <span class='ocr_line' id='line_1_2' title="bbox 1167 373 2668 435; baseline 0.001 -5"><span class='ocrx_word' id='word_1_2' title='bbox 1167 374 1300 432; x_wconf 75' lang='lat' dir='ltr'><strong>PRO</strong></span> <span class='ocrx_word' id='word_1_3' title='bbox 1331 373 1763 432; x_wconf 66' lang='lat' dir='ltr'><strong>DEFENSIO‘NE</strong></span> <span class='ocrx_word' id='word_1_4' title='bbox 1802 375 2018 432; x_wconf 77' lang='lat' dir='ltr'><strong>TRIUM</strong></span> <span class='ocrx_word' id='word_1_5' title='bbox 2059 374 2372 435; x_wconf 82' lang='lat' dir='ltr'><strong>CAPITUL.</strong></span> <span class='ocrx_word' id='word_1_6' title='bbox 2419 374 2545 432; x_wconf 86' lang='lat' dir='ltr'><strong>Ll-B.</strong></span> <span class='ocrx_word' id='word_1_7' title='bbox 2590 375 2668 432; x_wconf 81' lang='lat' dir='ltr'><strong>Ill.</strong></span> 
     </span>
    </p>
   </div>
   <div class='ocr_carea' id='block_1_3' title="bbox 3491 378 3597 436">
    <p class='ocr_par' dir='ltr' id='par_1_3' title="bbox 3491 378 3597 436">
     <span class='ocr_line' id='line_1_3' title="bbox 3491 378 3597 436; baseline -0.038 1"><span class='ocrx_word' id='word_1_8' title='bbox 3491 378 3597 436; x_wconf 68' lang='grc'><strong>594</strong></span> 
     </span>
    </p>
   </div>
   <div class='ocr_carea' id='block_1_4' title="bbox 301 479 3668 566">
    <p class='ocr_par' dir='ltr' id='par_1_4' title="bbox 301 479 3668 566">
     <span class='ocr_line' id='line_1_4' title="bbox 301 479 3668 566; baseline 0.002 -20"><span class='ocrx_word' id='word_1_9' title='bbox 301 490 418 548; x_wconf 85' lang='lat' dir='ltr'><strong>fieri</strong></span> <span class='ocrx_word' id='word_1_10' title='bbox 459 495 656 559; x_wconf 86' lang='lat' dir='ltr'><strong>potest,</strong></span> <span class='ocrx_word' id='word_1_11' title='bbox 687 496 741 544; x_wconf 90' lang='lat' dir='ltr'><strong>et</strong></span> <span class='ocrx_word' id='word_1_12' title='bbox 775 487 1126 558; x_wconf 87' lang='lat' dir='ltr'><strong>supervcstiri</strong></span> <span class='ocrx_word' id='word_1_13' title='bbox 1169 488 1349 560; x_wconf 89' lang='lat' dir='ltr'><strong>potius</strong></span> <span class='ocrx_word' id='word_1_14' title='bbox 1391 490 1810 555; x_wconf 86' lang='lat' dir='ltr'><strong>immortalitate,</strong></span> <span class='ocrx_word' id='word_1_15' title='bbox 1839 499 1898 546; x_wconf 89' lang='lat' dir='ltr'><strong>ut</strong></span> <span class='ocrx_word' id='word_1_16' title='bbox 1923 501 1977 561; x_wconf 69' lang='grc' dir='ltr'><strong>Α</strong></span> <span class='ocrx_word' id='word_1_17' title='bbox 2003 499 2169 545; x_wconf 88' lang='lat' dir='ltr'><strong>tuum.</strong></span> <span class='ocrx_word' id='word_1_18' title='bbox 2199 491 2263 547; x_wconf 88' lang='lat' dir='ltr'><strong>Et</strong></span> <span class='ocrx_word' id='word_1_19' title='bbox 2294 493 2507 562; x_wconf 86' lang='lat' dir='ltr'><strong>quidem</strong></span> <span class='ocrx_word' id='word_1_20' title='bbox 2552 479 2950 563; x_wconf 81' lang='lat' dir='ltr'><strong>perturbatione</strong></span> <span class='ocrx_word' id='word_1_21' title='bbox 2996 491 3097 548; x_wconf 92' lang='lat' dir='ltr'><strong>hoc</strong></span> <span class='ocrx_word' id='word_1_22' title='bbox 3141 504 3363 563; x_wconf 88' lang='lat' dir='ltr'><strong>cogente</strong></span> <span class='ocrx_word' id='word_1_23' title='bbox 3392 493 3595 566; x_wconf 81' lang='lat' dir='ltr'><strong>dicere,</strong></span> <span class='ocrx_word' id='word_1_24' title='bbox 3659 521 3668 532; x_wconf 88' lang='lat'><strong>-</strong></span> 
     </span>
    </p>
   </div>
   <div class='ocr_carea' id='block_1_5' title="bbox 299 581 1893 651">
    <p class='ocr_par' dir='ltr' id='par_1_5' title="bbox 299 581 1893 651">
     <span class='ocr_line' id='line_1_5' title="bbox 299 581 1893 651; baseline -0.001 -11"><span class='ocrx_word' id='word_1_25' title='bbox 299 586 364 640; x_wconf 87' lang='lat' dir='ltr'><strong>ad</strong></span> <span class='ocrx_word' id='word_1_26' title='bbox 391 597 514 640; x_wconf 86' lang='lat' dir='ltr'><strong>eam</strong></span> <span class='ocrx_word' id='word_1_27' title='bbox 542 596 648 636; x_wconf 89' lang='lat' dir='ltr'><strong>non</strong></span> <span class='ocrx_word' id='word_1_28' title='bbox 673 581 920 651; x_wconf 84' lang='lat' dir='ltr'><strong>corporis</strong></span> <span class='ocrx_word' id='word_1_29' title='bbox 943 581 1332 651; x_wconf 77' lang='lat' dir='ltr'><strong>exspoliatione</strong></span> <span class='ocrx_word' id='word_1_30' title='bbox 1365 585 1635 638; x_wconf 91' lang='lat' dir='ltr'><strong>transiret.</strong></span> <span class='ocrx_word' id='word_1_31' title='bbox 1664 583 1767 639; x_wconf 86' lang='lat' dir='ltr'><strong>Sed</strong></span> <span class='ocrx_word' id='word_1_32' title='bbox 1801 599 1893 638; x_wconf 89' lang='lat' dir='ltr'><strong>ne-</strong></span> 
     </span>
    </p>
   </div>
   <div class='ocr_carea' id='block_1_6' title="bbox 298 674 1898 744">
    <p class='ocr_par' dir='ltr' id='par_1_6' title="bbox 298 674 1898 744">
     <span class='ocr_line' id='line_1_6' title="bbox 298 674 1898 744; baseline -0.001 -14"><span class='ocrx_word' id='word_1_33' title='bbox 298 676 414 730; x_wconf 81' lang='lat' dir='ltr'><strong>scio</strong></span> <span class='ocrx_word' id='word_1_34' title='bbox 442 674 568 743; x_wconf 89' lang='lat' dir='ltr'><strong>quid</strong></span> <span class='ocrx_word' id='word_1_35' title='bbox 600 674 804 740; x_wconf 87' lang='lat' dir='ltr'><strong>dicunt,</strong></span> <span class='ocrx_word' id='word_1_36' title='bbox 834 675 959 744; x_wconf 87' lang='lat' dir='ltr'><strong>quia</strong></span> <span class='ocrx_word' id='word_1_37' title='bbox 987 682 1276 744; x_wconf 72' lang='lat' dir='ltr'><strong>martyres,</strong></span> <span class='ocrx_word' id='word_1_38' title='bbox 1317 675 1511 744; x_wconf 86' lang='lat' dir='ltr'><strong>quibus</strong></span> <span class='ocrx_word' id='word_1_39' title='bbox 1538 675 1742 730; x_wconf 83' lang='lat' dir='ltr'><strong>dictum</strong></span> <span class='ocrx_word' id='word_1_40' title='bbox 1771 685 1853 730; x_wconf 86' lang='lat' dir='ltr'><strong>est</strong></span> <span class='ocrx_word' id='word_1_41' title='bbox 1886 693 1898 728; x_wconf 91' lang='lat'><strong>:</strong></span> 
     </span>
    </p>
   </div>
   <div class='ocr_carea' id='block_1_7' title="bbox 303 763 1901 838">
    <p class='ocr_par' dir='ltr' id='par_1_7' title="bbox 303 763 1901 838">
     <span class='ocr_line' id='line_1_7' title="bbox 303 763 1901 838; baseline 0 -16"><span class='ocrx_word' id='word_1_42' title='bbox 303 763 434 822; x_wconf 76' lang='lat' dir='ltr'><strong>Cum</strong></span> <span class='ocrx_word' id='word_1_43' title='bbox 461 776 632 820; x_wconf 82' lang='lat' dir='ltr'><strong>autem</strong></span> <span class='ocrx_word' id='word_1_44' title='bbox 656 774 1020 835; x_wconf 76' lang='lat' dir='ltr'><strong>persequentur</strong></span> <span class='ocrx_word' id='word_1_45' title='bbox 1051 770 1137 818; x_wconf 77' lang='lat' dir='ltr'><strong>vos</strong></span> <span class='ocrx_word' id='word_1_46' title='bbox 1172 766 1225 818; x_wconf 86' lang='lat' dir='ltr'><strong>in</strong></span> <span class='ocrx_word' id='word_1_47' title='bbox 1263 766 1468 820; x_wconf 82' lang='lat' dir='ltr'><strong>civitate</strong></span> <span class='ocrx_word' id='word_1_48' title='bbox 1508 766 1626 834; x_wconf 81' lang='lat' dir='ltr'><strong>ista,</strong></span> <span class='ocrx_word' id='word_1_49' title='bbox 1662 767 1822 838; x_wconf 78' lang='lat' dir='ltr'><strong>fugite</strong></span> <span class='ocrx_word' id='word_1_50' title='bbox 1850 769 1901 822; x_wconf 86' lang='lat' dir='ltr'><strong>in</strong></span> 
     </span>
    </p>
   </div>
   <div class='ocr_carea' id='block_1_8' title="bbox 297 857 1896 928">
    <p class='ocr_par' dir='ltr' id='par_1_8' title="bbox 297 857 1896 928">
     <span class='ocr_line' id='line_1_8' title="bbox 297 857 1896 928; baseline 0.001 -16"><span class='ocrx_word' id='word_1_51' title='bbox 297 860 460 912; x_wconf 80' lang='lat' dir='ltr'><strong>aliam</strong></span> <span class='ocrx_word' id='word_1_52' title='bbox 488 857 700 928; x_wconf 76' lang='lat' dir='ltr'><strong>(Matth.</strong></span> <span class='ocrx_word' id='word_1_53' title='bbox 731 873 787 926; x_wconf 71' lang='grc' dir='ltr'><strong>ι,</strong></span> <span class='ocrx_word' id='word_1_54' title='bbox 819 858 938 926; x_wconf 69' lang='grc'><strong>95),</strong></span> <span class='ocrx_word' id='word_1_55' title='bbox 963 859 1069 912; x_wconf 84' lang='lat' dir='ltr'><strong>non</strong></span> <span class='ocrx_word' id='word_1_56' title='bbox 1102 859 1442 927; x_wconf 44' lang='lat' dir='ltr'><strong>trej&#39;idabant</strong></span> <span class='ocrx_word' id='word_1_57' title='bbox 1475 862 1632 925; x_wconf 86' lang='lat' dir='ltr'><strong>mori,</strong></span> <span class='ocrx_word' id='word_1_58' title='bbox 1667 861 1775 914; x_wconf 86' lang='lat' dir='ltr'><strong>imo</strong></span> <span class='ocrx_word' id='word_1_59' title='bbox 1799 871 1896 914; x_wconf 82' lang='lat' dir='ltr'><strong>tre-</strong></span> 
     </span>
    </p>
   </div>
   <div class='ocr_carea' id='block_1_9' title="bbox 301 949 1902 1020">
    <p class='ocr_par' dir='ltr' id='par_1_9' title="bbox 301 949 1902 1020">
     <span class='ocr_line' id='line_1_9' title="bbox 301 949 1902 1020; baseline 0.001 -16"><span class='ocrx_word' id='word_1_60' title='bbox 301 950 562 1019; x_wconf 88' lang='lat' dir='ltr'><strong>pidabant</strong></span> <span class='ocrx_word' id='word_1_61' title='bbox 590 965 697 1004; x_wconf 84' lang='lat' dir='ltr'><strong>non</strong></span> <span class='ocrx_word' id='word_1_62' title='bbox 726 949 884 1004; x_wconf 90' lang='lat' dir='ltr'><strong>mori.</strong></span> <span class='ocrx_word' id='word_1_63' title='bbox 913 949 1148 1015; x_wconf 84' lang='lat' dir='ltr'><strong>Nollent,</strong></span> <span class='ocrx_word' id='word_1_64' title='bbox 1176 952 1223 1005; x_wconf 91' lang='lat' dir='ltr'><strong>si</strong></span> <span class='ocrx_word' id='word_1_65' title='bbox 1266 951 1378 1005; x_wconf 85' lang='lat' dir='ltr'><strong>ﬁeri</strong></span> <span class='ocrx_word' id='word_1_66' title='bbox 1412 964 1593 1020; x_wconf 85' lang='lat' dir='ltr'><strong>posset</strong></span> <span class='ocrx_word' id='word_1_67' title='bbox 1617 953 1655 1015; x_wconf 71' lang='grc' dir='ltr'><strong>ί,</strong></span> <span class='ocrx_word' id='word_1_68' title='bbox 1681 951 1775 1006; x_wconf 90' lang='lat' dir='ltr'><strong>sed</strong></span> <span class='ocrx_word' id='word_1_69' title='bbox 1805 968 1902 1006; x_wconf 91' lang='lat' dir='ltr'><strong>na-</strong></span> 
     </span>
    </p>
   </div>
   <div class='ocr_carea' id='block_1_10' title="bbox 301 1041 1904 1098">
    <p class='ocr_par' dir='ltr' id='par_1_10' title="bbox 301 1041 1904 1098">
     <span class='ocr_line' id='line_1_10' title="bbox 301 1041 1904 1098; baseline 0.002 -4"><span class='ocrx_word' id='word_1_70' title='bbox 301 1042 463 1096; x_wconf 81' lang='lat' dir='ltr'><strong>turali</strong></span> <span class='ocrx_word' id='word_1_71' title='bbox 512 1056 624 1096; x_wconf 71' lang='lat' dir='ltr'><strong>suze</strong></span> <span class='ocrx_word' id='word_1_72' title='bbox 680 1042 940 1096; x_wconf 81' lang='lat' dir='ltr'><strong>voluntati</strong></span> <span class='ocrx_word' id='word_1_73' title='bbox 987 1041 1320 1096; x_wconf 83' lang='lat' dir='ltr'><strong>voluntatem</strong></span> <span class='ocrx_word' id='word_1_74' title='bbox 1373 1041 1468 1097; x_wconf 90' lang='lat' dir='ltr'><strong>Dei</strong></span> <span class='ocrx_word' id='word_1_75' title='bbox 1523 1042 1809 1098; x_wconf 72' lang='lat' dir='ltr'><strong>devotione</strong></span> <span class='ocrx_word' id='word_1_76' title='bbox 1850 1053 1904 1098; x_wconf 92' lang='lat' dir='ltr'><strong>et</strong></span> 
     </span>
    </p>
   </div>
   <div class='ocr_carea' id='block_1_11' title="bbox 297 1133 1903 1204">
    <p class='ocr_par' dir='ltr' id='par_1_11' title="bbox 297 1133 1903 1204">
     <span class='ocr_line' id='line_1_11' title="bbox 297 1133 1903 1204; baseline -0.001 -14"><span class='ocrx_word' id='word_1_77' title='bbox 297 1134 613 1190; x_wconf 84' lang='lat' dir='ltr'><strong>obedientia</strong></span> <span class='ocrx_word' id='word_1_78' title='bbox 657 1133 1036 1204; x_wconf 70' lang='lat' dir='ltr'><strong>prmlerebant.</strong></span> <span class='ocrx_word' id='word_1_79' title='bbox 1076 1135 1226 1202; x_wconf 85' lang='lat' dir='ltr'><strong>Quod</strong></span> <span class='ocrx_word' id='word_1_80' title='bbox 1275 1145 1327 1188; x_wconf 83' lang='lat' dir='ltr'><strong>et</strong></span> <span class='ocrx_word' id='word_1_81' title='bbox 1371 1135 1458 1188; x_wconf 82' lang='lat' dir='ltr'><strong>illa</strong></span> <span class='ocrx_word' id='word_1_82' title='bbox 1504 1134 1663 1190; x_wconf 84' lang='lat' dir='ltr'><strong>verba</strong></span> <span class='ocrx_word' id='word_1_83' title='bbox 1697 1135 1903 1190; x_wconf 89' lang='lat' dir='ltr'><strong>Domini</strong></span> 
     </span>
    </p>
   </div>
   <div class='ocr_carea' id='block_1_12' title="bbox 302 1227 1901 1297">
    <p class='ocr_par' dir='ltr' id='par_1_12' title="bbox 302 1227 1901 1297">
     <span class='ocr_line' id='line_1_12' title="bbox 302 1227 1901 1297; baseline 0.001 -17"><span class='ocrx_word' id='word_1_84' title='bbox 302 1227 773 1297; x_wconf 74' lang='lat' dir='ltr'><strong>significaverunt,</strong></span> <span class='ocrx_word' id='word_1_85' title='bbox 820 1227 1014 1295; x_wconf 87' lang='lat' dir='ltr'><strong>quibus</strong></span> <span class='ocrx_word' id='word_1_86' title='bbox 1051 1228 1177 1282; x_wconf 90' lang='lat' dir='ltr'><strong>dum</strong></span> <span class='ocrx_word' id='word_1_87' title='bbox 1221 1228 1425 1283; x_wconf 86' lang='lat' dir='ltr'><strong>diceret</strong></span> <span class='ocrx_word' id='word_1_88' title='bbox 1459 1243 1474 1284; x_wconf 89' lang='lat'><strong>:</strong></span> <span class='ocrx_word' id='word_1_89' title='bbox 1510 1227 1686 1292; x_wconf 84' lang='lat' dir='ltr'><strong>Pater,</strong></span> <span class='ocrx_word' id='word_1_90' title='bbox 1723 1230 1768 1282; x_wconf 88' lang='lat' dir='ltr'><strong>si</strong></span> <span class='ocrx_word' id='word_1_91' title='bbox 1806 1229 1901 1296; x_wconf 76' lang='lat' dir='ltr'><strong>eis,</strong></span> 
     </span>
    </p>
   </div>
   <div class='ocr_carea' id='block_1_13' title="bbox 299 1317 1904 1390">
    <p class='ocr_par' dir='ltr' id='par_1_13' title="bbox 299 1317 1904 1390">
     <span class='ocr_line' id='line_1_13' title="bbox 299 1317 1904 1390; baseline 0.005 -22"><span class='ocrx_word' id='word_1_92' title='bbox 299 1320 528 1387; x_wconf 75' lang='lat' dir='ltr'><strong>transfer</strong></span> <span class='ocrx_word' id='word_1_93' title='bbox 557 1317 770 1371; x_wconf 79' lang='lat' dir='ltr'><strong>calicem</strong></span> <span class='ocrx_word' id='word_1_94' title='bbox 810 1318 964 1371; x_wconf 82' lang='lat' dir='ltr'><strong>istum</strong></span> <span class='ocrx_word' id='word_1_95' title='bbox 999 1334 1029 1370; x_wconf 91' lang='lat' dir='ltr'><strong>a</strong></span> <span class='ocrx_word' id='word_1_96' title='bbox 1052 1335 1150 1387; x_wconf 85' lang='lat' dir='ltr'><strong>me,</strong></span> <span class='ocrx_word' id='word_1_97' title='bbox 1189 1320 1260 1373; x_wconf 88' lang='lat' dir='ltr'><strong>ibi</strong></span> <span class='ocrx_word' id='word_1_98' title='bbox 1302 1320 1480 1373; x_wconf 84' lang='lat' dir='ltr'><strong>statim</strong></span> <span class='ocrx_word' id='word_1_99' title='bbox 1519 1319 1822 1390; x_wconf 79' lang='lat' dir='ltr'><strong>subjunxit,</strong></span> <span class='ocrx_word' id='word_1_100' title='bbox 1851 1333 1904 1376; x_wconf 82' lang='lat' dir='ltr'><strong>et</strong></span> 
     </span>
    </p>
   </div>
   <div class='ocr_carea' id='block_1_14' title="bbox 297 1408 1900 1483">
    <p class='ocr_par' dir='ltr' id='par_1_14' title="bbox 297 1408 1900 1483">
     <span class='ocr_line' id='line_1_14' title="bbox 297 1408 1900 1483; baseline 0.002 -19"><span class='ocrx_word' id='word_1_101' title='bbox 297 1411 383 1464; x_wconf 78' lang='lat' dir='ltr'><strong>ait</strong></span> <span class='ocrx_word' id='word_1_102' title='bbox 414 1427 426 1461; x_wconf 89' lang='lat'><strong>:</strong></span> <span class='ocrx_word' id='word_1_103' title='bbox 467 1408 823 1464; x_wconf 81' lang='lat' dir='ltr'><strong>Verumtamen</strong></span> <span class='ocrx_word' id='word_1_104' title='bbox 854 1427 957 1465; x_wconf 84' lang='lat' dir='ltr'><strong>non</strong></span> <span class='ocrx_word' id='word_1_105' title='bbox 987 1427 1100 1464; x_wconf 87' lang='lat' dir='ltr'><strong>mea</strong></span> <span class='ocrx_word' id='word_1_106' title='bbox 1128 1415 1386 1479; x_wconf 82' lang='lat' dir='ltr'><strong>voluntas,</strong></span> <span class='ocrx_word' id='word_1_107' title='bbox 1409 1415 1500 1466; x_wconf 75' lang='lat' dir='ltr'><strong>sed</strong></span> <span class='ocrx_word' id='word_1_108' title='bbox 1519 1421 1608 1467; x_wconf 86' lang='lat' dir='ltr'><strong>tua</strong></span> <span class='ocrx_word' id='word_1_109' title='bbox 1629 1415 1720 1481; x_wconf 75' lang='lat' dir='ltr'><strong>ﬁat</strong></span> <span class='ocrx_word' id='word_1_110' title='bbox 1752 1414 1900 1483; x_wconf 87' lang='lat' dir='ltr'><strong>(Luc.</strong></span> 
     </span>
    </p>
   </div>
   <div class='ocr_carea' id='block_1_15' title="bbox 295 1500 1903 1575">
    <p class='ocr_par' dir='ltr' id='par_1_15' title="bbox 295 1500 1903 1575">
     <span class='ocr_line' id='line_1_15' title="bbox 295 1500 1903 1575; baseline 0.001 -19"><span class='ocrx_word' id='word_1_111' title='bbox 295 1516 442 1568; x_wconf 75' lang='lat' dir='ltr'><strong>uti,</strong></span> <span class='ocrx_word' id='word_1_112' title='bbox 472 1501 586 1570; x_wconf 65' lang='grc' dir='ltr'><strong>η).</strong></span> <span class='ocrx_word' id='word_1_113' title='bbox 615 1501 766 1568; x_wconf 88' lang='lat' dir='ltr'><strong>Quod</strong></span> <span class='ocrx_word' id='word_1_114' title='bbox 794 1515 924 1570; x_wconf 86' lang='lat' dir='ltr'><strong>ergo</strong></span> <span class='ocrx_word' id='word_1_115' title='bbox 963 1502 1037 1556; x_wconf 88' lang='lat' dir='ltr'><strong>ait</strong></span> <span class='ocrx_word' id='word_1_116' title='bbox 1065 1517 1079 1555; x_wconf 91' lang='lat'><strong>:</strong></span> <span class='ocrx_word' id='word_1_117' title='bbox 1114 1500 1289 1556; x_wconf 83' lang='lat' dir='ltr'><strong>Nolite</strong></span> <span class='ocrx_word' id='word_1_118' title='bbox 1327 1503 1503 1558; x_wconf 88' lang='lat' dir='ltr'><strong>timere</strong></span> <span class='ocrx_word' id='word_1_119' title='bbox 1533 1520 1619 1560; x_wconf 84' lang='lat' dir='ltr'><strong>eos</strong></span> <span class='ocrx_word' id='word_1_120' title='bbox 1653 1506 1739 1575; x_wconf 87' lang='lat' dir='ltr'><strong>qui</strong></span> <span class='ocrx_word' id='word_1_121' title='bbox 1768 1505 1903 1559; x_wconf 84' lang='lat' dir='ltr'><strong>occi-</strong></span> 
     </span>
    </p>
   </div>
   <div class='ocr_carea' id='block_1_16' title="bbox 300 1599 1906 1670">
    <p class='ocr_par' dir='ltr' id='par_1_16' title="bbox 300 1599 1906 1670">
     <span class='ocr_line' id='line_1_16' title="bbox 300 1599 1906 1670; baseline 0.001 -18"><span class='ocrx_word' id='word_1_122' title='bbox 300 1599 437 1652; x_wconf 79' lang='lat' dir='ltr'><strong>dunt</strong></span> <span class='ocrx_word' id='word_1_123' title='bbox 465 1613 673 1668; x_wconf 82' lang='lat' dir='ltr'><strong>corpus,</strong></span> <span class='ocrx_word' id='word_1_124' title='bbox 705 1599 931 1652; x_wconf 80' lang='lat' dir='ltr'><strong>animum</strong></span> <span class='ocrx_word' id='word_1_125' title='bbox 958 1608 1127 1652; x_wconf 84' lang='lat' dir='ltr'><strong>autem</strong></span> <span class='ocrx_word' id='word_1_126' title='bbox 1157 1615 1259 1652; x_wconf 82' lang='lat' dir='ltr'><strong>non</strong></span> <span class='ocrx_word' id='word_1_127' title='bbox 1285 1609 1498 1670; x_wconf 84' lang='lat' dir='ltr'><strong>possunt</strong></span> <span class='ocrx_word' id='word_1_128' title='bbox 1527 1600 1787 1665; x_wconf 81' lang='lat' dir='ltr'><strong>occidere;</strong></span> <span class='ocrx_word' id='word_1_129' title='bbox 1817 1601 1906 1654; x_wconf 79' lang='lat' dir='ltr'><strong>sed</strong></span> 
     </span>
    </p>
   </div>
   <div class='ocr_carea' id='block_1_17' title="bbox 297 1691 1909 1761">
    <p class='ocr_par' dir='ltr' id='par_1_17' title="bbox 297 1691 1909 1761">
     <span class='ocr_line' id='line_1_17' title="bbox 297 1691 1909 1761; baseline 0.001 -18"><span class='ocrx_word' id='word_1_130' title='bbox 297 1691 476 1761; x_wconf 77' lang='lat' dir='ltr'><strong>potius</strong></span> <span class='ocrx_word' id='word_1_131' title='bbox 501 1705 618 1745; x_wconf 81' lang='lat' dir='ltr'><strong>eum</strong></span> <span class='ocrx_word' id='word_1_132' title='bbox 651 1691 820 1744; x_wconf 80' lang='lat' dir='ltr'><strong>timete</strong></span> <span class='ocrx_word' id='word_1_133' title='bbox 847 1691 936 1760; x_wconf 87' lang='lat' dir='ltr'><strong>qui</strong></span> <span class='ocrx_word' id='word_1_134' title='bbox 961 1698 1124 1761; x_wconf 82' lang='lat' dir='ltr'><strong>potest</strong></span> <span class='ocrx_word' id='word_1_135' title='bbox 1151 1691 1376 1744; x_wconf 87' lang='lat' dir='ltr'><strong>animam</strong></span> <span class='ocrx_word' id='word_1_136' title='bbox 1402 1700 1448 1745; x_wconf 87' lang='lat' dir='ltr'><strong>et</strong></span> <span class='ocrx_word' id='word_1_137' title='bbox 1478 1707 1664 1759; x_wconf 82' lang='lat' dir='ltr'><strong>corpus</strong></span> <span class='ocrx_word' id='word_1_138' title='bbox 1693 1691 1909 1760; x_wconf 84' lang='lat' dir='ltr'><strong>perdere</strong></span> 
     </span>
    </p>
   </div>
   <div class='ocr_carea' id='block_1_18' title="bbox 299 1779 1905 1852">
    <p class='ocr_par' dir='ltr' id='par_1_18' title="bbox 299 1779 1905 1852">
     <span class='ocr_line' id='line_1_18' title="bbox 299 1779 1905 1852; baseline 0 -18"><span class='ocrx_word' id='word_1_139' title='bbox 299 1783 359 1834; x_wconf 80' lang='lat' dir='ltr'><strong>in</strong></span> <span class='ocrx_word' id='word_1_140' title='bbox 402 1780 684 1852; x_wconf 77' lang='lat' dir='ltr'><strong>gehennam</strong></span> <span class='ocrx_word' id='word_1_141' title='bbox 716 1779 932 1849; x_wconf 75' lang='lat' dir='ltr'><strong>(Matth.</strong></span> <span class='ocrx_word' id='word_1_142' title='bbox 968 1796 1030 1844; x_wconf 82' lang='lat' dir='ltr'><strong>x,</strong></span> <span class='ocrx_word' id='word_1_143' title='bbox 1105 1780 1221 1848; x_wconf 71' lang='lat'><strong>28),</strong></span> <span class='ocrx_word' id='word_1_144' title='bbox 1255 1795 1362 1835; x_wconf 92' lang='lat' dir='ltr'><strong>non</strong></span> <span class='ocrx_word' id='word_1_145' title='bbox 1391 1780 1520 1835; x_wconf 89' lang='lat' dir='ltr'><strong>illud</strong></span> <span class='ocrx_word' id='word_1_146' title='bbox 1548 1780 1691 1849; x_wconf 91' lang='lat' dir='ltr'><strong>quod</strong></span> <span class='ocrx_word' id='word_1_147' title='bbox 1718 1790 1905 1837; x_wconf 89' lang='lat' dir='ltr'><strong>contra</strong></span> 
     </span>
    </p>
   </div>
   <div class='ocr_carea' id='block_1_19' title="bbox 2005 583 3595 656">
    <p class='ocr_par' dir='ltr' id='par_1_19' title="bbox 2005 583 3595 656">
     <span class='ocr_line' id='line_1_19' title="bbox 2005 583 3595 656; baseline 0.002 -17"><span class='ocrx_word' id='word_1_148' title='bbox 2005 598 2036 640; x_wconf 89' lang='lat' dir='ltr'><strong>e</strong></span> <span class='ocrx_word' id='word_1_149' title='bbox 2065 584 2335 638; x_wconf 86' lang='lat' dir='ltr'><strong>contrario</strong></span> <span class='ocrx_word' id='word_1_150' title='bbox 2382 585 2503 640; x_wconf 89' lang='lat' dir='ltr'><strong>dico</strong></span> <span class='ocrx_word' id='word_1_151' title='bbox 2534 601 2547 638; x_wconf 91' lang='lat'>:</span> <span class='ocrx_word' id='word_1_152' title='bbox 2579 583 2828 640; x_wconf 81' lang='lat' dir='ltr'><strong>Gloriﬁcn</strong></span> <span class='ocrx_word' id='word_1_153' title='bbox 2877 601 3076 639; x_wconf 79' lang='lat' dir='ltr'><strong>nomen</strong></span> <span class='ocrx_word' id='word_1_154' title='bbox 3125 594 3296 651; x_wconf 89' lang='lat' dir='ltr'><strong>tttum,</strong></span> <span class='ocrx_word' id='word_1_155' title='bbox 3342 585 3445 642; x_wconf 89' lang='lat' dir='ltr'><strong>hoc</strong></span> <span class='ocrx_word' id='word_1_156' title='bbox 3489 598 3595 656; x_wconf 86' lang='lat' dir='ltr'><strong>est,</strong></span> 
     </span>
    </p>
   </div>
   <div class='ocr_carea' id='block_1_20' title="bbox 2005 679 3597 750">
    <p class='ocr_par' dir='ltr' id='par_1_20' title="bbox 2005 679 3597 750">
     <span class='ocr_line' id='line_1_20' title="bbox 2005 679 3597 750; baseline 0.003 -16"><span class='ocrx_word' id='word_1_157' title='bbox 2005 680 2130 734; x_wconf 89' lang='lat' dir='ltr'><strong>dum</strong></span> <span class='ocrx_word' id='word_1_158' title='bbox 2162 695 2278 736; x_wconf 88' lang='lat' dir='ltr'><strong>eam</strong></span> <span class='ocrx_word' id='word_1_159' title='bbox 2309 680 2373 736; x_wconf 89' lang='lat' dir='ltr'><strong>ad</strong></span> <span class='ocrx_word' id='word_1_160' title='bbox 2399 697 2613 736; x_wconf 90' lang='lat' dir='ltr'><strong>crucem</strong></span> <span class='ocrx_word' id='word_1_161' title='bbox 2645 696 2659 734; x_wconf 90' lang='lat'>:</span> <span class='ocrx_word' id='word_1_162' title='bbox 2687 681 2826 750; x_wconf 91' lang='lat' dir='ltr'><strong>quod</strong></span> <span class='ocrx_word' id='word_1_163' title='bbox 2858 680 3080 735; x_wconf 89' lang='lat' dir='ltr'><strong>multum</strong></span> <span class='ocrx_word' id='word_1_164' title='bbox 3108 679 3213 736; x_wconf 81' lang='lat' dir='ltr'><strong>hoc</strong></span> <span class='ocrx_word' id='word_1_165' title='bbox 3237 682 3376 750; x_wconf 90' lang='lat' dir='ltr'><strong>quod</strong></span> <span class='ocrx_word' id='word_1_166' title='bbox 3410 682 3597 738; x_wconf 84' lang='lat' dir='ltr'><strong>huma-</strong></span> 
     </span>
    </p>
   </div>
   <div class='ocr_carea' id='block_1_21' title="bbox 2007 771 3595 836">
    <p class='ocr_par' dir='ltr' id='par_1_21' title="bbox 2007 771 3595 836">
     <span class='ocr_line' id='line_1_21' title="bbox 2007 771 3595 836; baseline 0.001 -12"><span class='ocrx_word' id='word_1_167' title='bbox 2007 787 2131 825; x_wconf 85' lang='lat' dir='ltr'><strong>num</strong></span> <span class='ocrx_word' id='word_1_168' title='bbox 2165 782 2246 825; x_wconf 92' lang='lat' dir='ltr'><strong>est</strong></span> <span class='ocrx_word' id='word_1_169' title='bbox 2275 771 2629 836; x_wconf 74' lang='lat' dir='ltr'><strong>demonstrat,</strong></span> <span class='ocrx_word' id='word_1_170' title='bbox 2663 782 2717 826; x_wconf 91' lang='lat' dir='ltr'><strong>et</strong></span> <span class='ocrx_word' id='word_1_171' title='bbox 2744 782 2986 826; x_wconf 88' lang='lat' dir='ltr'><strong>naturam</strong></span> <span class='ocrx_word' id='word_1_172' title='bbox 3012 788 3116 825; x_wconf 91' lang='lat' dir='ltr'><strong>non</strong></span> <span class='ocrx_word' id='word_1_173' title='bbox 3143 771 3413 827; x_wconf 88' lang='lat' dir='ltr'><strong>volentem</strong></span> <span class='ocrx_word' id='word_1_174' title='bbox 3437 774 3595 836; x_wconf 82' lang='lat' dir='ltr'><strong>mori,</strong></span> 
     </span>
    </p>
   </div>
   <div class='ocr_carea' id='block_1_22' title="bbox 2006 862 3596 934">
    <p class='ocr_par' dir='ltr' id='par_1_22' title="bbox 2006 862 3596 934">
     <span class='ocr_line' id='line_1_22' title="bbox 2006 862 3596 934; baseline 0.003 -18"><span class='ocrx_word' id='word_1_175' title='bbox 2006 862 2099 917; x_wconf 87' lang='lat' dir='ltr'><strong>sed</strong></span> <span class='ocrx_word' id='word_1_176' title='bbox 2132 864 2415 931; x_wconf 67' lang='lat' dir='ltr'><strong>praesentis</strong></span> <span class='ocrx_word' id='word_1_177' title='bbox 2451 865 2659 917; x_wconf 83' lang='lat' dir='ltr'><strong>avidam</strong></span> <span class='ocrx_word' id='word_1_178' title='bbox 2690 866 2830 927; x_wconf 58' lang='lat' dir='ltr'><strong>vita,</strong></span> <span class='ocrx_word' id='word_1_179' title='bbox 2873 864 3164 919; x_wconf 89' lang='lat' dir='ltr'><strong>ostendens</strong></span> <span class='ocrx_word' id='word_1_180' title='bbox 3203 865 3456 934; x_wconf 89' lang='lat' dir='ltr'><strong>quoniam</strong></span> <span class='ocrx_word' id='word_1_181' title='bbox 3490 881 3596 920; x_wconf 91' lang='lat' dir='ltr'><strong>non</strong></span> 
     </span>
    </p>
   </div>
   <div class='ocr_carea' id='block_1_23' title="bbox 2005 954 3594 1024">
    <p class='ocr_par' dir='ltr' id='par_1_23' title="bbox 2005 954 3594 1024">
     <span class='ocr_line' id='line_1_23' title="bbox 2005 954 3594 1024; baseline 0.002 -16"><span class='ocrx_word' id='word_1_182' title='bbox 2005 963 2123 1008; x_wconf 89' lang='lat' dir='ltr'><strong>erat</strong></span> <span class='ocrx_word' id='word_1_183' title='bbox 2149 955 2354 1008; x_wconf 84' lang='lat' dir='ltr'><strong>alienus</strong></span> <span class='ocrx_word' id='word_1_184' title='bbox 2382 954 2450 1008; x_wconf 88' lang='lat' dir='ltr'><strong>ab</strong></span> <span class='ocrx_word' id='word_1_185' title='bbox 2477 954 2724 1008; x_wconf 86' lang='lat' dir='ltr'><strong>humanis</strong></span> <span class='ocrx_word' id='word_1_186' title='bbox 2763 954 3120 1024; x_wconf 73' lang='lat' dir='ltr'><strong>passionibus.</strong></span> <span class='ocrx_word' id='word_1_187' title='bbox 3148 956 3428 1024; x_wconf 87' lang='lat' dir='ltr'><strong>Quomodo</strong></span> <span class='ocrx_word' id='word_1_188' title='bbox 3451 958 3594 1013; x_wconf 89' lang='lat' dir='ltr'><strong>enim</strong></span> 
     </span>
    </p>
   </div>
   <div class='ocr_carea' id='block_1_24' title="bbox 2009 1046 3598 1120">
    <p class='ocr_par' dir='ltr' id='par_1_24' title="bbox 2009 1046 3598 1120">
     <span class='ocr_line' id='line_1_24' title="bbox 2009 1046 3598 1120; baseline 0.004 -20"><span class='ocrx_word' id='word_1_189' title='bbox 2009 1062 2105 1101; x_wconf 85' lang='lat' dir='ltr'><strong>nec</strong></span> <span class='ocrx_word' id='word_1_190' title='bbox 2129 1046 2312 1102; x_wconf 86' lang='lat' dir='ltr'><strong>bibere</strong></span> <span class='ocrx_word' id='word_1_191' title='bbox 2332 1048 2537 1102; x_wconf 86' lang='lat' dir='ltr'><strong>crimen</strong></span> <span class='ocrx_word' id='word_1_192' title='bbox 2562 1060 2662 1110; x_wconf 89' lang='lat' dir='ltr'><strong>est.</strong></span> <span class='ocrx_word' id='word_1_193' title='bbox 2691 1064 2862 1118; x_wconf 91' lang='lat' dir='ltr'><strong>neque</strong></span> <span class='ocrx_word' id='word_1_194' title='bbox 2884 1047 3142 1114; x_wconf 88' lang='lat' dir='ltr'><strong>dormire,</strong></span> <span class='ocrx_word' id='word_1_195' title='bbox 3165 1049 3241 1104; x_wconf 87' lang='lat' dir='ltr'><strong>sic</strong></span> <span class='ocrx_word' id='word_1_196' title='bbox 3265 1064 3437 1120; x_wconf 90' lang='lat' dir='ltr'><strong>neque</strong></span> <span class='ocrx_word' id='word_1_197' title='bbox 3463 1066 3598 1118; x_wconf 78' lang='lat' dir='ltr'><strong>pra:-</strong></span> 
     </span>
    </p>
   </div>
   <div class='ocr_carea' id='block_1_25' title="bbox 2005 1139 3600 1211">
    <p class='ocr_par' dir='ltr' id='par_1_25' title="bbox 2005 1139 3600 1211">
     <span class='ocr_line' id='line_1_25' title="bbox 2005 1139 3600 1211; baseline 0.002 -17"><span class='ocrx_word' id='word_1_198' title='bbox 2005 1141 2170 1194; x_wconf 87' lang='lat' dir='ltr'><strong>sentis</strong></span> <span class='ocrx_word' id='word_1_199' title='bbox 2192 1139 2312 1193; x_wconf 83' lang='lat' dir='ltr'><strong>vitae</strong></span> <span class='ocrx_word' id='word_1_200' title='bbox 2337 1139 2536 1195; x_wconf 86' lang='lat' dir='ltr'><strong>habere</strong></span> <span class='ocrx_word' id='word_1_201' title='bbox 2564 1141 2910 1195; x_wconf 81' lang='lat' dir='ltr'><strong>desiderium.</strong></span> <span class='ocrx_word' id='word_1_202' title='bbox 2936 1141 3182 1196; x_wconf 88' lang='lat' dir='ltr'><strong>Christus</strong></span> <span class='ocrx_word' id='word_1_203' title='bbox 3204 1150 3382 1195; x_wconf 82' lang='lat' dir='ltr'><strong>autem</strong></span> <span class='ocrx_word' id='word_1_204' title='bbox 3403 1156 3600 1211; x_wconf 85' lang='lat' dir='ltr'><strong>corpus</strong></span> 
     </span>
    </p>
   </div>
   <div class='ocr_carea' id='block_1_26' title="bbox 2008 1232 3598 1302">
    <p class='ocr_par' dir='ltr' id='par_1_26' title="bbox 2008 1232 3598 1302">
     <span class='ocr_line' id='line_1_26' title="bbox 2008 1232 3598 1302; baseline 0 -16"><span class='ocrx_word' id='word_1_205' title='bbox 2008 1233 2262 1288; x_wconf 90' lang='lat' dir='ltr'><strong>mundum</strong></span> <span class='ocrx_word' id='word_1_206' title='bbox 2295 1249 2322 1284; x_wconf 90' lang='lat' dir='ltr'><strong>a</strong></span> <span class='ocrx_word' id='word_1_207' title='bbox 2355 1233 2588 1302; x_wconf 87' lang='lat' dir='ltr'><strong>peccatis</strong></span> <span class='ocrx_word' id='word_1_208' title='bbox 2636 1232 2841 1297; x_wconf 90' lang='lat' dir='ltr'><strong>habuit,</strong></span> <span class='ocrx_word' id='word_1_209' title='bbox 2871 1248 2977 1287; x_wconf 85' lang='lat' dir='ltr'><strong>non</strong></span> <span class='ocrx_word' id='word_1_210' title='bbox 3008 1249 3034 1286; x_wconf 91' lang='lat' dir='ltr'><strong>a</strong></span> <span class='ocrx_word' id='word_1_211' title='bbox 3064 1233 3369 1288; x_wconf 87' lang='lat' dir='ltr'><strong>carnalibus</strong></span> <span class='ocrx_word' id='word_1_212' title='bbox 3405 1241 3598 1289; x_wconf 43' lang='lat' dir='ltr'><strong>neces;</strong></span> 
     </span>
    </p>
   </div>
   <div class='ocr_carea' id='block_1_27' title="bbox 2006 1325 3600 1395">
    <p class='ocr_par' dir='ltr' id='par_1_27' title="bbox 2006 1325 3600 1395">
     <span class='ocr_line' id='line_1_27' title="bbox 2006 1325 3600 1395; baseline 0.001 -16"><span class='ocrx_word' id='word_1_213' title='bbox 2006 1325 2254 1380; x_wconf 86' lang='lat' dir='ltr'><strong>sitatibus</strong></span> <span class='ocrx_word' id='word_1_214' title='bbox 2283 1327 2611 1393; x_wconf 79' lang='lat' dir='ltr'><strong>expeditum,</strong></span> <span class='ocrx_word' id='word_1_215' title='bbox 2645 1325 2876 1395; x_wconf 90' lang='lat' dir='ltr'><strong>alioquin</strong></span> <span class='ocrx_word' id='word_1_216' title='bbox 2906 1341 3002 1380; x_wconf 89' lang='lat' dir='ltr'><strong>nec</strong></span> <span class='ocrx_word' id='word_1_217' title='bbox 3031 1341 3225 1395; x_wconf 77' lang='lat' dir='ltr'><strong>corpus</strong></span> <span class='ocrx_word' id='word_1_218' title='bbox 3257 1327 3373 1381; x_wconf 90' lang='lat' dir='ltr'><strong>fuit.</strong></span> <span class='ocrx_word' id='word_1_219' title='bbox 3411 1345 3431 1380; x_wconf 75' lang='grc' dir='ltr'><strong><em>ι</em></strong></span> <span class='ocrx_word' id='word_1_220' title='bbox 3458 1327 3600 1381; x_wconf 82' lang='lat' dir='ltr'><strong>Nun-</strong></span> 
     </span>
    </p>
   </div>
   <div class='ocr_carea' id='block_1_28' title="bbox 2007 1415 3601 1487">
    <p class='ocr_par' dir='ltr' id='par_1_28' title="bbox 2007 1415 3601 1487">
     <span class='ocr_line' id='line_1_28' title="bbox 2007 1415 3601 1487; baseline 0.003 -19"><span class='ocrx_word' id='word_1_221' title='bbox 2007 1415 2132 1484; x_wconf 88' lang='lat' dir='ltr'><strong>quid</strong></span> <span class='ocrx_word' id='word_1_222' title='bbox 2165 1416 2570 1484; x_wconf 87' lang='lat' dir='ltr'><strong>Mopsuestenns</strong></span> <span class='ocrx_word' id='word_1_223' title='bbox 2601 1416 2939 1478; x_wconf 83' lang='lat' dir='ltr'><strong>Theodorus,</strong></span> <span class='ocrx_word' id='word_1_224' title='bbox 2969 1418 3056 1487; x_wconf 88' lang='lat' dir='ltr'><strong>qui</strong></span> <span class='ocrx_word' id='word_1_225' title='bbox 3085 1418 3135 1472; x_wconf 90' lang='lat' dir='ltr'><strong>in</strong></span> <span class='ocrx_word' id='word_1_226' title='bbox 3158 1419 3294 1472; x_wconf 80' lang='lat' dir='ltr'><strong>beati</strong></span> <span class='ocrx_word' id='word_1_227' title='bbox 3328 1418 3522 1473; x_wconf 85' lang='lat' dir='ltr'><strong>Leonis</strong></span> <span class='ocrx_word' id='word_1_228' title='bbox 3547 1429 3601 1474; x_wconf 91' lang='lat' dir='ltr'><strong>et</strong></span> 
     </span>
    </p>
   </div>
   <div class='ocr_carea' id='block_1_29' title="bbox 2008 1505 3601 1576">
    <p class='ocr_par' dir='ltr' id='par_1_29' title="bbox 2008 1505 3601 1576">
     <span class='ocr_line' id='line_1_29' title="bbox 2008 1505 3601 1576; baseline 0.003 -17"><span class='ocrx_word' id='word_1_229' title='bbox 2008 1505 2197 1576; x_wconf 83' lang='lat' dir='ltr'><strong>synodi</strong></span> <span class='ocrx_word' id='word_1_230' title='bbox 2222 1505 2680 1562; x_wconf 84' lang='lat' dir='ltr'><strong>Chalcedonensis</strong></span> <span class='ocrx_word' id='word_1_231' title='bbox 2709 1505 3076 1576; x_wconf 60' lang='lat' dir='ltr'><strong>prsejudiciutn</strong></span> <span class='ocrx_word' id='word_1_232' title='bbox 3099 1511 3506 1575; x_wconf 81' lang='lat' dir='ltr'><strong>cendemuatur,</strong></span> <span class='ocrx_word' id='word_1_233' title='bbox 3535 1509 3601 1563; x_wconf 89' lang='lat' dir='ltr'><strong>ad</strong></span> 
     </span>
    </p>
   </div>
   <div class='ocr_carea' id='block_1_30' title="bbox 2009 1595 3602 1668">
    <p class='ocr_par' dir='ltr' id='par_1_30' title="bbox 2009 1595 3602 1668">
     <span class='ocr_line' id='line_1_30' title="bbox 2009 1595 3602 1668; baseline 0.003 -18"><span class='ocrx_word' id='word_1_234' title='bbox 2009 1595 2354 1651; x_wconf 88' lang='lat' dir='ltr'><strong>asserendam</strong></span> <span class='ocrx_word' id='word_1_235' title='bbox 2400 1595 2600 1651; x_wconf 86' lang='lat' dir='ltr'><strong>Christi</strong></span> <span class='ocrx_word' id='word_1_236' title='bbox 2653 1598 3059 1665; x_wconf 87' lang='lat' dir='ltr'><strong>humanitatem,</strong></span> <span class='ocrx_word' id='word_1_237' title='bbox 3095 1598 3231 1652; x_wconf 88' lang='lat' dir='ltr'><strong>sicut</strong></span> <span class='ocrx_word' id='word_1_238' title='bbox 3271 1599 3389 1668; x_wconf 89' lang='lat' dir='ltr'><strong>ejus</strong></span> <span class='ocrx_word' id='word_1_239' title='bbox 3419 1601 3602 1655; x_wconf 88' lang='lat' dir='ltr'><strong>condi-</strong></span> 
     </span>
    </p>
   </div>
   <div class='ocr_carea' id='block_1_31' title="bbox 2008 1688 3600 1762">
    <p class='ocr_par' dir='ltr' id='par_1_31' title="bbox 2008 1688 3600 1762">
     <span class='ocr_line' id='line_1_31' title="bbox 2008 1688 3600 1762; baseline 0.004 -20"><span class='ocrx_word' id='word_1_240' title='bbox 2008 1688 2244 1757; x_wconf 88' lang='lat' dir='ltr'><strong>scipulus</strong></span> <span class='ocrx_word' id='word_1_241' title='bbox 2276 1689 2460 1743; x_wconf 87' lang='lat' dir='ltr'><strong>beatus</strong></span> <span class='ocrx_word' id='word_1_242' title='bbox 2489 1690 2746 1756; x_wconf 83' lang='lat' dir='ltr'><strong>Joannes,</strong></span> <span class='ocrx_word' id='word_1_243' title='bbox 2777 1690 2923 1746; x_wconf 89' lang='lat' dir='ltr'><strong>mille</strong></span> <span class='ocrx_word' id='word_1_244' title='bbox 2955 1691 3160 1746; x_wconf 86' lang='lat' dir='ltr'><strong>timoris</strong></span> <span class='ocrx_word' id='word_1_245' title='bbox 3204 1706 3513 1762; x_wconf 75' lang='lat' dir='ltr'><strong>argumenta</strong></span> <span class='ocrx_word' id='word_1_246' title='bbox 3548 1695 3600 1748; x_wconf 90' lang='lat' dir='ltr'><strong>in</strong></span> 
     </span>
    </p>
   </div>
   <div class='ocr_carea' id='block_1_32' title="bbox 2011 1777 3599 1850">
    <p class='ocr_par' dir='ltr' id='par_1_32' title="bbox 2011 1777 3599 1850">
     <span class='ocr_line' id='line_1_32' title="bbox 2011 1777 3599 1850; baseline 0.004 -20"><span class='ocrx_word' id='word_1_247' title='bbox 2011 1777 2180 1846; x_wconf 77' lang='lat' dir='ltr'><strong>ipsius</strong></span> <span class='ocrx_word' id='word_1_248' title='bbox 2229 1781 2478 1847; x_wconf 86' lang='lat' dir='ltr'><strong>passione</strong></span> <span class='ocrx_word' id='word_1_249' title='bbox 2519 1779 2799 1835; x_wconf 88' lang='lat' dir='ltr'><strong>confessus</strong></span> <span class='ocrx_word' id='word_1_250' title='bbox 2843 1789 2958 1846; x_wconf 88' lang='lat' dir='ltr'><strong>est;</strong></span> <span class='ocrx_word' id='word_1_251' title='bbox 3005 1789 3097 1836; x_wconf 89' lang='lat' dir='ltr'><strong>aut</strong></span> <span class='ocrx_word' id='word_1_252' title='bbox 3143 1781 3336 1836; x_wconf 87' lang='lat' dir='ltr'><strong>alicubi</strong></span> <span class='ocrx_word' id='word_1_253' title='bbox 3377 1783 3444 1838; x_wconf 87' lang='lat' dir='ltr'><strong>ab</strong></span> <span class='ocrx_word' id='word_1_254' title='bbox 3488 1785 3599 1850; x_wconf 85' lang='lat' dir='ltr'><strong>eis,</strong></span> 
     </span>
    </p>
   </div>
   <div class='ocr_carea' id='block_1_33' title="bbox 301 1869 3602 1940">
    <p class='ocr_par' dir='ltr' id='par_1_33' title="bbox 301 1869 3602 1940">
     <span class='ocr_line' id='line_1_33' title="bbox 301 1869 3602 1940; baseline 0.002 -16"><span class='ocrx_word' id='word_1_255' title='bbox 301 1879 553 1924; x_wconf 87' lang='lat' dir='ltr'><strong>naturam</strong></span> <span class='ocrx_word' id='word_1_256' title='bbox 595 1880 680 1924; x_wconf 89' lang='lat' dir='ltr'><strong>est</strong></span> <span class='ocrx_word' id='word_1_257' title='bbox 718 1871 1023 1940; x_wconf 78' lang='lat' dir='ltr'><strong>imperavit,</strong></span> <span class='ocrx_word' id='word_1_258' title='bbox 1057 1881 1116 1926; x_wconf 92' lang='lat' dir='ltr'><strong>ut</strong></span> <span class='ocrx_word' id='word_1_259' title='bbox 1157 1871 1444 1926; x_wconf 87' lang='lat' dir='ltr'><strong>humanam</strong></span> <span class='ocrx_word' id='word_1_260' title='bbox 1489 1881 1722 1927; x_wconf 89' lang='lat' dir='ltr'><strong>mentem</strong></span> <span class='ocrx_word' id='word_1_261' title='bbox 1760 1871 1907 1928; x_wconf 87' lang='lat' dir='ltr'><strong>nulla</strong></span> <span class='ocrx_word' id='word_1_262' title='bbox 1938 1878 1988 1937; x_wconf 84' lang='lat' dir='ltr'><strong>B</strong></span> <span class='ocrx_word' id='word_1_263' title='bbox 2013 1869 2462 1940; x_wconf 79' lang='lat' dir='ltr'><strong>quemadmodum</strong></span> <span class='ocrx_word' id='word_1_264' title='bbox 2510 1871 2609 1926; x_wconf 89' lang='lat' dir='ltr'><strong>iste</strong></span> <span class='ocrx_word' id='word_1_265' title='bbox 2657 1871 2944 1940; x_wconf 62' lang='lat' dir='ltr'><strong>prmclarus</strong></span> <span class='ocrx_word' id='word_1_266' title='bbox 2986 1872 3174 1928; x_wconf 89' lang='lat' dir='ltr'><strong>doctor</strong></span> <span class='ocrx_word' id='word_1_267' title='bbox 3219 1873 3495 1939; x_wconf 78' lang='lat' dir='ltr'><strong>Ecclesiae,</strong></span> <span class='ocrx_word' id='word_1_268' title='bbox 3526 1877 3602 1931; x_wconf 90' lang='lat' dir='ltr'><strong>sic</strong></span> 
     </span>
    </p>
   </div>
   <div class='ocr_carea' id='block_1_34' title="bbox 301 1962 1907 2034">
    <p class='ocr_par' dir='ltr' id='par_1_34' title="bbox 301 1962 1907 2034">
     <span class='ocr_line' id='line_1_34' title="bbox 301 1962 1907 2034; baseline 0.002 -17"><span class='ocrx_word' id='word_1_269' title='bbox 301 1963 500 2018; x_wconf 88' lang='lat' dir='ltr'><strong>mortis</strong></span> <span class='ocrx_word' id='word_1_270' title='bbox 544 1962 831 2032; x_wconf 84' lang='lat' dir='ltr'><strong>trepidatio</strong></span> <span class='ocrx_word' id='word_1_271' title='bbox 863 1973 1130 2034; x_wconf 84' lang='lat' dir='ltr'><strong>tangeret,</strong></span> <span class='ocrx_word' id='word_1_272' title='bbox 1173 1965 1411 2034; x_wconf 81' lang='lat' dir='ltr'><strong>alioquin</strong></span> <span class='ocrx_word' id='word_1_273' title='bbox 1440 1981 1594 2020; x_wconf 90' lang='lat' dir='ltr'><strong>suum</strong></span> <span class='ocrx_word' id='word_1_274' title='bbox 1637 1964 1907 2021; x_wconf 83' lang='lat' dir='ltr'><strong>diceretur</strong></span> 
     </span>
    </p>
   </div>
   <div class='ocr_carea' id='block_1_35' title="bbox 303 2058 1910 2129">
    <p class='ocr_par' dir='ltr' id='par_1_35' title="bbox 303 2058 1910 2129">
     <span class='ocr_line' id='line_1_35' title="bbox 303 2058 1910 2129; baseline 0.001 -17"><span class='ocrx_word' id='word_1_275' title='bbox 303 2059 654 2127; x_wconf 83' lang='lat' dir='ltr'><strong>impugnasse</strong></span> <span class='ocrx_word' id='word_1_276' title='bbox 688 2067 1038 2127; x_wconf 67' lang='lat' dir='ltr'><strong>praeceptum,</strong></span> <span class='ocrx_word' id='word_1_277' title='bbox 1072 2073 1191 2112; x_wconf 85' lang='lat' dir='ltr'><strong>cum</strong></span> <span class='ocrx_word' id='word_1_278' title='bbox 1224 2059 1338 2127; x_wconf 88' lang='lat' dir='ltr'><strong>ipse</strong></span> <span class='ocrx_word' id='word_1_279' title='bbox 1362 2059 1518 2114; x_wconf 92' lang='lat' dir='ltr'><strong>daret</strong></span> <span class='ocrx_word' id='word_1_280' title='bbox 1541 2059 1612 2114; x_wconf 88' lang='lat' dir='ltr'><strong>de</strong></span> <span class='ocrx_word' id='word_1_281' title='bbox 1635 2058 1756 2129; x_wconf 85' lang='lat' dir='ltr'><strong>fuga</strong></span> <span class='ocrx_word' id='word_1_282' title='bbox 1779 2072 1910 2113; x_wconf 88' lang='lat' dir='ltr'><strong>con-</strong></span> 
     </span>
    </p>
   </div>
   <div class='ocr_carea' id='block_1_36' title="bbox 300 2151 1909 2220">
    <p class='ocr_par' dir='ltr' id='par_1_36' title="bbox 300 2151 1909 2220">
     <span class='ocr_line' id='line_1_36' title="bbox 300 2151 1909 2220; baseline -0.002 -12"><span class='ocrx_word' id='word_1_283' title='bbox 300 2154 527 2218; x_wconf 90' lang='lat' dir='ltr'><strong>silium;</strong></span> <span class='ocrx_word' id='word_1_284' title='bbox 553 2151 668 2220; x_wconf 87' lang='lat' dir='ltr'><strong>sed,</strong></span> <span class='ocrx_word' id='word_1_285' title='bbox 698 2163 754 2207; x_wconf 91' lang='lat' dir='ltr'><strong>ut</strong></span> <span class='ocrx_word' id='word_1_286' title='bbox 785 2152 944 2207; x_wconf 91' lang='lat' dir='ltr'><strong>timor</strong></span> <span class='ocrx_word' id='word_1_287' title='bbox 970 2151 1162 2208; x_wconf 86' lang='lat' dir='ltr'><strong>timore</strong></span> <span class='ocrx_word' id='word_1_288' title='bbox 1190 2152 1518 2218; x_wconf 80' lang='lat' dir='ltr'><strong>vinceretur,</strong></span> <span class='ocrx_word' id='word_1_289' title='bbox 1542 2153 1710 2208; x_wconf 85' lang='lat' dir='ltr'><strong>dixit:</strong></span> <span class='ocrx_word' id='word_1_290' title='bbox 1733 2152 1909 2207; x_wconf 85' lang='lat' dir='ltr'><strong>Nolite</strong></span> 
     </span>
    </p>
   </div>
   <div class='ocr_carea' id='block_1_37' title="bbox 300 2241 1900 2314">
    <p class='ocr_par' dir='ltr' id='par_1_37' title="bbox 300 2241 1900 2314">
     <span class='ocr_line' id='line_1_37' title="bbox 300 2241 1900 2314; baseline -0.003 -14"><span class='ocrx_word' id='word_1_291' title='bbox 300 2263 391 2300; x_wconf 81' lang='lat' dir='ltr'><strong>eos</strong></span> <span class='ocrx_word' id='word_1_292' title='bbox 431 2246 611 2300; x_wconf 88' lang='lat' dir='ltr'><strong>timere</strong></span> <span class='ocrx_word' id='word_1_293' title='bbox 651 2243 737 2314; x_wconf 86' lang='lat' dir='ltr'><strong>qui</strong></span> <span class='ocrx_word' id='word_1_294' title='bbox 777 2243 1012 2298; x_wconf 84' lang='lat' dir='ltr'><strong>occidunt</strong></span> <span class='ocrx_word' id='word_1_295' title='bbox 1042 2259 1250 2310; x_wconf 83' lang='lat' dir='ltr'><strong>corpus.</strong></span> <span class='ocrx_word' id='word_1_296' title='bbox 1278 2243 1404 2299; x_wconf 89' lang='lat' dir='ltr'><strong>Ideo</strong></span> <span class='ocrx_word' id='word_1_297' title='bbox 1441 2254 1658 2299; x_wconf 90' lang='lat' dir='ltr'><strong>secutus</strong></span> <span class='ocrx_word' id='word_1_298' title='bbox 1683 2241 1900 2312; x_wconf 86' lang='lat' dir='ltr'><strong>adjecit,</strong></span> 
     </span>
    </p>
   </div>
   <div class='ocr_carea' id='block_1_38' title="bbox 301 2337 1908 2408">
    <p class='ocr_par' dir='ltr' id='par_1_38' title="bbox 301 2337 1908 2408">
     <span class='ocr_line' id='line_1_38' title="bbox 301 2337 1908 2408; baseline -0.001 -16"><span class='ocrx_word' id='word_1_299' title='bbox 301 2339 395 2392; x_wconf 78' lang='lat' dir='ltr'><strong>sed</strong></span> <span class='ocrx_word' id='word_1_300' title='bbox 417 2339 591 2408; x_wconf 80' lang='lat' dir='ltr'><strong>potius</strong></span> <span class='ocrx_word' id='word_1_301' title='bbox 613 2355 726 2394; x_wconf 90' lang='lat' dir='ltr'><strong>eum</strong></span> <span class='ocrx_word' id='word_1_302' title='bbox 758 2337 922 2391; x_wconf 88' lang='lat' dir='ltr'><strong>timete</strong></span> <span class='ocrx_word' id='word_1_303' title='bbox 943 2337 1030 2408; x_wconf 86' lang='lat' dir='ltr'><strong>qui</strong></span> <span class='ocrx_word' id='word_1_304' title='bbox 1061 2345 1222 2406; x_wconf 83' lang='lat' dir='ltr'><strong>potest</strong></span> <span class='ocrx_word' id='word_1_305' title='bbox 1250 2337 1476 2391; x_wconf 89' lang='lat' dir='ltr'><strong>animam</strong></span> <span class='ocrx_word' id='word_1_306' title='bbox 1504 2347 1549 2390; x_wconf 79' lang='lat' dir='ltr'><strong>ct</strong></span> <span class='ocrx_word' id='word_1_307' title='bbox 1575 2352 1764 2405; x_wconf 84' lang='lat' dir='ltr'><strong>corpus</strong></span> <span class='ocrx_word' id='word_1_308' title='bbox 1794 2351 1908 2406; x_wconf 81' lang='lat' dir='ltr'><strong>per-</strong></span> 
     </span>
    </p>
   </div>
   <div class='ocr_carea' id='block_1_39' title="bbox 305 2423 1902 2497">
    <p class='ocr_par' dir='ltr' id='par_1_39' title="bbox 305 2423 1902 2497">
     <span class='ocr_line' id='line_1_39' title="bbox 305 2423 1902 2497; baseline -0.001 -17"><span class='ocrx_word' id='word_1_309' title='bbox 305 2429 430 2482; x_wconf 48' lang='lat' dir='ltr'><strong>dere</strong></span> <span class='ocrx_word' id='word_1_310' title='bbox 456 2429 510 2481; x_wconf 82' lang='lat' dir='ltr'><strong>in</strong></span> <span class='ocrx_word' id='word_1_311' title='bbox 541 2429 845 2497; x_wconf 77' lang='lat' dir='ltr'><strong>gehennam.</strong></span> <span class='ocrx_word' id='word_1_312' title='bbox 877 2425 1014 2493; x_wconf 85' lang='lat' dir='ltr'><strong>Quid</strong></span> <span class='ocrx_word' id='word_1_313' title='bbox 1047 2433 1227 2481; x_wconf 90' lang='lat' dir='ltr'><strong>autem</strong></span> <span class='ocrx_word' id='word_1_314' title='bbox 1266 2426 1395 2482; x_wconf 90' lang='lat' dir='ltr'><strong>hinc</strong></span> <span class='ocrx_word' id='word_1_315' title='bbox 1434 2427 1596 2480; x_wconf 87' lang='lat' dir='ltr'><strong>etiam</strong></span> <span class='ocrx_word' id='word_1_316' title='bbox 1632 2423 1902 2481; x_wconf 82' lang='lat' dir='ltr'><strong>condisci-</strong></span> 
     </span>
    </p>
   </div>
   <div class='ocr_carea' id='block_1_40' title="bbox 303 2518 1896 2590">
    <p class='ocr_par' dir='ltr' id='par_1_40' title="bbox 303 2518 1896 2590">
     <span class='ocr_line' id='line_1_40' title="bbox 303 2518 1896 2590; baseline 0 -17"><span class='ocrx_word' id='word_1_317' title='bbox 303 2521 470 2590; x_wconf 78' lang='lat' dir='ltr'><strong>pulus</strong></span> <span class='ocrx_word' id='word_1_318' title='bbox 500 2519 740 2588; x_wconf 71' lang='lat' dir='ltr'><strong>praedicti</strong></span> <span class='ocrx_word' id='word_1_319' title='bbox 770 2519 1129 2587; x_wconf 84' lang='lat' dir='ltr'><strong>Mepsnesteni</strong></span> <span class='ocrx_word' id='word_1_320' title='bbox 1161 2518 1454 2584; x_wconf 84' lang='lat' dir='ltr'><strong>Theodori,</strong></span> <span class='ocrx_word' id='word_1_321' title='bbox 1487 2527 1704 2574; x_wconf 89' lang='lat' dir='ltr'><strong>sanctus</strong></span> <span class='ocrx_word' id='word_1_322' title='bbox 1732 2519 1896 2574; x_wconf 88' lang='lat' dir='ltr'><strong>Joan-</strong></span> 
     </span>
    </p>
   </div>
   <div class='ocr_carea' id='block_1_41' title="bbox 309 2593 1903 2684">
    <p class='ocr_par' dir='ltr' id='par_1_41' title="bbox 309 2593 1903 2684">
     <span class='ocr_line' id='line_1_41' title="bbox 309 2593 1903 2684; baseline -0.003 -14"><span class='ocrx_word' id='word_1_323' title='bbox 309 2631 412 2670; x_wconf 88' lang='lat' dir='ltr'><strong>nes</strong></span> <span class='ocrx_word' id='word_1_324' title='bbox 467 2593 1092 2684; x_wconf 74' lang='lat' dir='ltr'><strong>Constantinopolitanus</strong></span> <span class='ocrx_word' id='word_1_325' title='bbox 1130 2613 1326 2668; x_wconf 83' lang='lat' dir='ltr'><strong>dixerit</strong></span> <span class='ocrx_word' id='word_1_326' title='bbox 1380 2613 1742 2669; x_wconf 84' lang='lat' dir='ltr'><strong>advertamus.</strong></span> <span class='ocrx_word' id='word_1_327' title='bbox 1799 2611 1903 2679; x_wconf 88' lang='lat' dir='ltr'><strong>Qui</strong></span> 
     </span>
    </p>
   </div>
   <div class='ocr_carea' id='block_1_42' title="bbox 305 2703 1910 2774">
    <p class='ocr_par' dir='ltr' id='par_1_42' title="bbox 305 2703 1910 2774">
     <span class='ocr_line' id='line_1_42' title="bbox 305 2703 1910 2774; baseline -0.001 -14"><span class='ocrx_word' id='word_1_328' title='bbox 305 2720 589 2774; x_wconf 81' lang='lat' dir='ltr'><strong>exponens</strong></span> <span class='ocrx_word' id='word_1_329' title='bbox 629 2705 876 2760; x_wconf 88' lang='lat' dir='ltr'><strong>eumdem</strong></span> <span class='ocrx_word' id='word_1_330' title='bbox 914 2705 1091 2759; x_wconf 88' lang='lat' dir='ltr'><strong>locum</strong></span> <span class='ocrx_word' id='word_1_331' title='bbox 1138 2704 1410 2773; x_wconf 78' lang='lat' dir='ltr'><strong>Evangelii</strong></span> <span class='ocrx_word' id='word_1_332' title='bbox 1449 2703 1742 2760; x_wconf 89' lang='lat' dir='ltr'><strong>secundum</strong></span> <span class='ocrx_word' id='word_1_333' title='bbox 1769 2703 1910 2759; x_wconf 77' lang='lat' dir='ltr'><strong>Mat-</strong></span> 
     </span>
    </p>
   </div>
   <div class='ocr_carea' id='block_1_43' title="bbox 310 2795 1908 2866">
    <p class='ocr_par' dir='ltr' id='par_1_43' title="bbox 310 2795 1908 2866">
     <span class='ocr_line' id='line_1_43' title="bbox 310 2795 1908 2866; baseline -0.001 -16"><span class='ocrx_word' id='word_1_334' title='bbox 310 2799 551 2863; x_wconf 73' lang='lat' dir='ltr'><strong>thazutu,</strong></span> <span class='ocrx_word' id='word_1_335' title='bbox 611 2797 689 2851; x_wconf 88' lang='lat' dir='ltr'><strong>sic</strong></span> <span class='ocrx_word' id='word_1_336' title='bbox 746 2797 820 2850; x_wconf 89' lang='lat' dir='ltr'><strong>ait</strong></span> <span class='ocrx_word' id='word_1_337' title='bbox 861 2813 874 2850; x_wconf 89' lang='lat'><strong>:</strong></span> <span class='ocrx_word' id='word_1_338' title='bbox 921 2814 940 2847; x_wconf 72' lang='grc' dir='ltr'><strong><em>ι</em></strong></span> <span class='ocrx_word' id='word_1_339' title='bbox 986 2795 1106 2866; x_wconf 83' lang='lat' dir='ltr'><strong>Ipse</strong></span> <span class='ocrx_word' id='word_1_340' title='bbox 1163 2796 1378 2866; x_wconf 84' lang='lat' dir='ltr'><strong>quidem</strong></span> <span class='ocrx_word' id='word_1_341' title='bbox 1438 2795 1692 2852; x_wconf 91' lang='lat' dir='ltr'><strong>intentius</strong></span> <span class='ocrx_word' id='word_1_342' title='bbox 1751 2803 1908 2861; x_wconf 89' lang='lat' dir='ltr'><strong>orat,</strong></span> 
     </span>
    </p>
   </div>
   <div class='ocr_carea' id='block_1_44' title="bbox 307 2889 1912 2961">
    <p class='ocr_par' dir='ltr' id='par_1_44' title="bbox 307 2889 1912 2961">
     <span class='ocr_line' id='line_1_44' title="bbox 307 2889 1912 2961; baseline -0.002 -14"><span class='ocrx_word' id='word_1_343' title='bbox 307 2907 380 2947; x_wconf 89' lang='lat' dir='ltr'><strong>ne</strong></span> <span class='ocrx_word' id='word_1_344' title='bbox 439 2890 680 2946; x_wconf 76' lang='lat' dir='ltr'><strong>videatur</strong></span> <span class='ocrx_word' id='word_1_345' title='bbox 733 2891 1006 2946; x_wconf 83' lang='lat' dir='ltr'><strong>simulatio</strong></span> <span class='ocrx_word' id='word_1_346' title='bbox 1052 2906 1172 2948; x_wconf 85' lang='lat' dir='ltr'><strong>esse</strong></span> <span class='ocrx_word' id='word_1_347' title='bbox 1230 2891 1540 2961; x_wconf 82' lang='lat' dir='ltr'><strong>negotium,</strong></span> <span class='ocrx_word' id='word_1_348' title='bbox 1585 2898 1642 2944; x_wconf 90' lang='lat' dir='ltr'><strong>et</strong></span> <span class='ocrx_word' id='word_1_349' title='bbox 1683 2889 1912 2945; x_wconf 89' lang='lat' dir='ltr'><strong>sudores</strong></span> 
     </span>
    </p>
   </div>
   <div class='ocr_carea' id='block_1_45' title="bbox 306 2979 1914 3049">
    <p class='ocr_par' dir='ltr' id='par_1_45' title="bbox 306 2979 1914 3049">
     <span class='ocr_line' id='line_1_45' title="bbox 306 2979 1914 3049; baseline -0.001 -13"><span class='ocrx_word' id='word_1_350' title='bbox 306 2981 560 3036; x_wconf 85' lang='lat' dir='ltr'><strong>deﬂuunt</strong></span> <span class='ocrx_word' id='word_1_351' title='bbox 588 2990 806 3049; x_wconf 87' lang='lat' dir='ltr'><strong>pr0pter</strong></span> <span class='ocrx_word' id='word_1_352' title='bbox 833 2981 1077 3036; x_wconf 88' lang='lat' dir='ltr'><strong>eamdem</strong></span> <span class='ocrx_word' id='word_1_353' title='bbox 1110 2982 1303 3036; x_wconf 91' lang='lat' dir='ltr'><strong>iterum</strong></span> <span class='ocrx_word' id='word_1_354' title='bbox 1334 2994 1550 3035; x_wconf 89' lang='lat' dir='ltr'><strong>causam</strong></span> <span class='ocrx_word' id='word_1_355' title='bbox 1584 2986 1680 3036; x_wconf 89' lang='lat' dir='ltr'><strong>:et</strong></span> <span class='ocrx_word' id='word_1_356' title='bbox 1711 2994 1781 3036; x_wconf 89' lang='lat' dir='ltr'><strong>ne</strong></span> <span class='ocrx_word' id='word_1_357' title='bbox 1811 2979 1914 3035; x_wconf 89' lang='lat' dir='ltr'><strong>hoc</strong></span> 
     </span>
    </p>
   </div>
   <div class='ocr_carea' id='block_1_46' title="bbox 305 3071 1915 3142">
    <p class='ocr_par' dir='ltr' id='par_1_46' title="bbox 305 3071 1915 3142">
     <span class='ocr_line' id='line_1_46' title="bbox 305 3071 1915 3142; baseline 0.001 -16"><span class='ocrx_word' id='word_1_358' title='bbox 305 3073 500 3132; x_wconf 83' lang='lat' dir='ltr'><strong>dicant</strong></span> <span class='ocrx_word' id='word_1_359' title='bbox 526 3072 786 3138; x_wconf 61' lang='lat' dir='ltr'><strong>haeretici,</strong></span> <span class='ocrx_word' id='word_1_360' title='bbox 818 3072 1071 3142; x_wconf 90' lang='lat' dir='ltr'><strong>quoniam</strong></span> <span class='ocrx_word' id='word_1_361' title='bbox 1096 3071 1380 3127; x_wconf 87' lang='lat' dir='ltr'><strong>simulabat</strong></span> <span class='ocrx_word' id='word_1_362' title='bbox 1412 3071 1682 3142; x_wconf 86' lang='lat' dir='ltr'><strong>agoniam,</strong></span> <span class='ocrx_word' id='word_1_363' title='bbox 1711 3071 1835 3128; x_wconf 71' lang='lat' dir='ltr'><strong>ideo</strong></span> <span class='ocrx_word' id='word_1_364' title='bbox 1861 3081 1915 3128; x_wconf 89' lang='lat' dir='ltr'><strong>et</strong></span> 
     </span>
    </p>
   </div>
   <div class='ocr_carea' id='block_1_47' title="bbox 307 3164 1915 3236">
    <p class='ocr_par' dir='ltr' id='par_1_47' title="bbox 307 3164 1915 3236">
     <span class='ocr_line' id='line_1_47' title="bbox 307 3164 1915 3236; baseline 0.001 -18"><span class='ocrx_word' id='word_1_365' title='bbox 307 3164 544 3220; x_wconf 87' lang='lat' dir='ltr'><strong>sudores</strong></span> <span class='ocrx_word' id='word_1_366' title='bbox 572 3165 710 3221; x_wconf 82' lang='lat' dir='ltr'><strong>sicut</strong></span> <span class='ocrx_word' id='word_1_367' title='bbox 740 3175 904 3235; x_wconf 79' lang='lat' dir='ltr'><strong>gutta:</strong></span> <span class='ocrx_word' id='word_1_368' title='bbox 935 3165 1239 3235; x_wconf 78' lang='lat' dir='ltr'><strong>sanguinis,</strong></span> <span class='ocrx_word' id='word_1_369' title='bbox 1257 3175 1310 3220; x_wconf 90' lang='lat' dir='ltr'><strong>et</strong></span> <span class='ocrx_word' id='word_1_370' title='bbox 1339 3165 1561 3236; x_wconf 78' lang='lat' dir='ltr'><strong>angelus</strong></span> <span class='ocrx_word' id='word_1_371' title='bbox 1602 3165 1915 3220; x_wconf 84' lang='lat' dir='ltr'><strong>confortans</strong></span> 
     </span>
    </p>
   </div>
   <div class='ocr_carea' id='block_1_48' title="bbox 2015 1963 3602 2034">
    <p class='ocr_par' dir='ltr' id='par_1_48' title="bbox 2015 1963 3602 2034">
     <span class='ocr_line' id='line_1_48' title="bbox 2015 1963 3602 2034; baseline 0.006 -17"><span class='ocrx_word' id='word_1_372' title='bbox 2015 1963 2282 2018; x_wconf 87' lang='lat' dir='ltr'><strong>turbatum</strong></span> <span class='ocrx_word' id='word_1_373' title='bbox 2325 1980 2386 2018; x_wconf 92' lang='lat' dir='ltr'><strong>ac</strong></span> <span class='ocrx_word' id='word_1_374' title='bbox 2431 1965 2798 2032; x_wconf 88' lang='lat' dir='ltr'><strong>perturbatum</strong></span> <span class='ocrx_word' id='word_1_375' title='bbox 2841 1967 2890 2020; x_wconf 92' lang='lat' dir='ltr'><strong>iu</strong></span> <span class='ocrx_word' id='word_1_376' title='bbox 2938 1969 3189 2034; x_wconf 88' lang='lat' dir='ltr'><strong>passione</strong></span> <span class='ocrx_word' id='word_1_377' title='bbox 3216 1969 3485 2026; x_wconf 84' lang='lat' dir='ltr'><strong>Christum</strong></span> <span class='ocrx_word' id='word_1_378' title='bbox 3517 1974 3602 2026; x_wconf 86' lang='lat' dir='ltr'><strong>di-</strong></span> 
     </span>
    </p>
   </div>
   <div class='ocr_carea' id='block_1_49' title="bbox 2017 2053 3599 2131">
    <p class='ocr_par' dir='ltr' id='par_1_49' title="bbox 2017 2053 3599 2131">
     <span class='ocr_line' id='line_1_49' title="bbox 2017 2053 3599 2131; baseline 0.005 -23"><span class='ocrx_word' id='word_1_379' title='bbox 2017 2053 2164 2108; x_wconf 81' lang='lat' dir='ltr'><strong>xisse</strong></span> <span class='ocrx_word' id='word_1_380' title='bbox 2197 2054 2449 2122; x_wconf 86' lang='lat' dir='ltr'><strong>probatus</strong></span> <span class='ocrx_word' id='word_1_381' title='bbox 2476 2063 2578 2122; x_wconf 88' lang='lat' dir='ltr'><strong>est,</strong></span> <span class='ocrx_word' id='word_1_382' title='bbox 2613 2066 2667 2108; x_wconf 93' lang='lat' dir='ltr'><strong>ut</strong></span> <span class='ocrx_word' id='word_1_383' title='bbox 2707 2056 2867 2110; x_wconf 89' lang='lat' dir='ltr'><strong>etiam</strong></span> <span class='ocrx_word' id='word_1_384' title='bbox 2909 2057 3280 2114; x_wconf 86' lang='lat' dir='ltr'><strong>liberationem</strong></span> <span class='ocrx_word' id='word_1_385' title='bbox 3313 2074 3599 2131; x_wconf 65' lang='lat' dir='ltr'><strong>quareret,</strong></span> 
     </span>
    </p>
   </div>
   <div class='ocr_carea' id='block_1_50' title="bbox 2013 2144 3603 2222">
    <p class='ocr_par' dir='ltr' id='par_1_50' title="bbox 2013 2144 3603 2222">
     <span class='ocr_line' id='line_1_50' title="bbox 2013 2144 3603 2222; baseline 0.004 -22"><span class='ocrx_word' id='word_1_386' title='bbox 2013 2145 2058 2200; x_wconf 92' lang='lat' dir='ltr'><strong>si</strong></span> <span class='ocrx_word' id='word_1_387' title='bbox 2091 2144 2307 2215; x_wconf 90' lang='lat' dir='ltr'><strong>quidem</strong></span> <span class='ocrx_word' id='word_1_388' title='bbox 2335 2155 2477 2200; x_wconf 89' lang='lat' dir='ltr'><strong>esset</strong></span> <span class='ocrx_word' id='word_1_389' title='bbox 2504 2145 2772 2216; x_wconf 78' lang='lat' dir='ltr'><strong>effugere;</strong></span> <span class='ocrx_word' id='word_1_390' title='bbox 2797 2155 2851 2203; x_wconf 89' lang='lat' dir='ltr'><strong>et</strong></span> <span class='ocrx_word' id='word_1_391' title='bbox 2879 2147 2982 2202; x_wconf 86' lang='lat' dir='ltr'><strong>alia</strong></span> <span class='ocrx_word' id='word_1_392' title='bbox 3015 2150 3179 2204; x_wconf 88' lang='lat' dir='ltr'><strong>multa</strong></span> <span class='ocrx_word' id='word_1_393' title='bbox 3208 2167 3326 2222; x_wconf 67' lang='lat' dir='ltr'><strong>qua:</strong></span> <span class='ocrx_word' id='word_1_394' title='bbox 3360 2164 3603 2208; x_wconf 88' lang='lat' dir='ltr'><strong>naturatn</strong></span> 
     </span>
    </p>
   </div>
   <div class='ocr_carea' id='block_1_51' title="bbox 2012 2235 3604 2314">
    <p class='ocr_par' dir='ltr' id='par_1_51' title="bbox 2012 2235 3604 2314">
     <span class='ocr_line' id='line_1_51' title="bbox 2012 2235 3604 2314; baseline 0.005 -23"><span class='ocrx_word' id='word_1_395' title='bbox 2012 2235 2130 2305; x_wconf 81' lang='lat' dir='ltr'><strong>ejus</strong></span> <span class='ocrx_word' id='word_1_396' title='bbox 2175 2235 2460 2292; x_wconf 86' lang='lat' dir='ltr'><strong>humanam</strong></span> <span class='ocrx_word' id='word_1_397' title='bbox 2505 2253 2614 2292; x_wconf 91' lang='lat' dir='ltr'><strong>non</strong></span> <span class='ocrx_word' id='word_1_398' title='bbox 2660 2238 2926 2295; x_wconf 86' lang='lat' dir='ltr'><strong>volentem</strong></span> <span class='ocrx_word' id='word_1_399' title='bbox 2979 2242 3135 2304; x_wconf 91' lang='lat' dir='ltr'><strong>mori,</strong></span> <span class='ocrx_word' id='word_1_400' title='bbox 3177 2243 3270 2297; x_wconf 85' lang='lat' dir='ltr'><strong>sed</strong></span> <span class='ocrx_word' id='word_1_401' title='bbox 3323 2247 3604 2314; x_wconf 72' lang='lat' dir='ltr'><strong>praesentis</strong></span> 
     </span>
    </p>
   </div>
   <div class='ocr_carea' id='block_1_52' title="bbox 2013 2328 3603 2408">
    <p class='ocr_par' dir='ltr' id='par_1_52' title="bbox 2013 2328 3603 2408">
     <span class='ocr_line' id='line_1_52' title="bbox 2013 2328 3603 2408; baseline 0.008 -27"><span class='ocrx_word' id='word_1_402' title='bbox 2013 2328 2222 2384; x_wconf 86' lang='lat' dir='ltr'><strong>avidam</strong></span> <span class='ocrx_word' id='word_1_403' title='bbox 2274 2328 2397 2386; x_wconf 67' lang='lat' dir='ltr'><strong>vitae</strong></span> <span class='ocrx_word' id='word_1_404' title='bbox 2442 2331 2678 2388; x_wconf 82' lang='lat' dir='ltr'><strong>Joannes</strong></span> <span class='ocrx_word' id='word_1_405' title='bbox 2726 2333 3002 2391; x_wconf 88' lang='lat' dir='ltr'><strong>insinuare</strong></span> <span class='ocrx_word' id='word_1_406' title='bbox 3047 2345 3318 2392; x_wconf 84' lang='lat' dir='ltr'><strong>testatur:</strong></span> <span class='ocrx_word' id='word_1_407' title='bbox 3353 2343 3603 2408; x_wconf 83' lang='lat' dir='ltr'><strong>quoniam</strong></span> 
     </span>
    </p>
   </div>
   <div class='ocr_carea' id='block_1_53' title="bbox 2013 2421 3607 2498">
    <p class='ocr_par' dir='ltr' id='par_1_53' title="bbox 2013 2421 3607 2498">
     <span class='ocr_line' id='line_1_53' title="bbox 2013 2421 3607 2498; baseline 0.008 -22"><span class='ocrx_word' id='word_1_408' title='bbox 2013 2421 2154 2476; x_wconf 88' lang='lat' dir='ltr'><strong>sicut</strong></span> <span class='ocrx_word' id='word_1_409' title='bbox 2182 2431 2367 2492; x_wconf 89' lang='lat' dir='ltr'><strong>potare</strong></span> <span class='ocrx_word' id='word_1_410' title='bbox 2397 2424 2600 2479; x_wconf 89' lang='lat' dir='ltr'><strong>crimen</strong></span> <span class='ocrx_word' id='word_1_411' title='bbox 2635 2440 2739 2479; x_wconf 90' lang='lat' dir='ltr'><strong>non</strong></span> <span class='ocrx_word' id='word_1_412' title='bbox 2773 2433 2874 2494; x_wconf 88' lang='lat' dir='ltr'><strong>est,</strong></span> <span class='ocrx_word' id='word_1_413' title='bbox 2909 2442 3082 2498; x_wconf 89' lang='lat' dir='ltr'><strong>neque</strong></span> <span class='ocrx_word' id='word_1_414' title='bbox 3119 2428 3375 2497; x_wconf 87' lang='lat' dir='ltr'><strong>dormire,</strong></span> <span class='ocrx_word' id='word_1_415' title='bbox 3408 2433 3476 2487; x_wconf 89' lang='lat' dir='ltr'><strong>ita</strong></span> <span class='ocrx_word' id='word_1_416' title='bbox 3509 2448 3607 2488; x_wconf 86' lang='lat' dir='ltr'><strong>nec</strong></span> 
     </span>
    </p>
   </div>
   <div class='ocr_carea' id='block_1_54' title="bbox 2014 2511 3607 2592">
    <p class='ocr_par' dir='ltr' id='par_1_54' title="bbox 2014 2511 3607 2592">
     <span class='ocr_line' id='line_1_54' title="bbox 2014 2511 3607 2592; baseline 0.007 -27"><span class='ocrx_word' id='word_1_417' title='bbox 2014 2511 2340 2567; x_wconf 84' lang='lat' dir='ltr'><strong>desiderium</strong></span> <span class='ocrx_word' id='word_1_418' title='bbox 2390 2512 2588 2569; x_wconf 89' lang='lat' dir='ltr'><strong>habere</strong></span> <span class='ocrx_word' id='word_1_419' title='bbox 2633 2515 2754 2570; x_wconf 87' lang='lat' dir='ltr'><strong>vitae</strong></span> <span class='ocrx_word' id='word_1_420' title='bbox 2806 2519 3120 2586; x_wconf 60' lang='lat' dir='ltr'><strong>praesentis?</strong></span> <span class='ocrx_word' id='word_1_421' title='bbox 3150 2520 3407 2591; x_wconf 91' lang='lat' dir='ltr'><strong>Quodque</strong></span> <span class='ocrx_word' id='word_1_422' title='bbox 3438 2523 3607 2592; x_wconf 85' lang='lat' dir='ltr'><strong>majus</strong></span> 
     </span>
    </p>
   </div>
   <div class='ocr_carea' id='block_1_55' title="bbox 2014 2605 3604 2681">
    <p class='ocr_par' dir='ltr' id='par_1_55' title="bbox 2014 2605 3604 2681">
     <span class='ocr_line' id='line_1_55' title="bbox 2014 2605 3604 2681; baseline 0.004 -22"><span class='ocrx_word' id='word_1_423' title='bbox 2014 2614 2124 2671; x_wconf 73' lang='grc' dir='ltr'><strong>εει,</strong></span> <span class='ocrx_word' id='word_1_424' title='bbox 2157 2613 2212 2660; x_wconf 92' lang='lat' dir='ltr'><strong>et</strong></span> <span class='ocrx_word' id='word_1_425' title='bbox 2242 2605 2597 2675; x_wconf 87' lang='lat' dir='ltr'><strong>quorumdam</strong></span> <span class='ocrx_word' id='word_1_426' title='bbox 2629 2607 2787 2661; x_wconf 92' lang='lat' dir='ltr'><strong>modo</strong></span> <span class='ocrx_word' id='word_1_427' title='bbox 2819 2607 2976 2680; x_wconf 79' lang='lat' dir='ltr'><strong>[forte</strong></span> <span class='ocrx_word' id='word_1_428' title='bbox 3004 2609 3420 2681; x_wconf 72' lang='lat' dir='ltr'><strong>quodammodo]</strong></span> <span class='ocrx_word' id='word_1_429' title='bbox 3451 2617 3604 2667; x_wconf 83' lang='lat' dir='ltr'><strong>novi-</strong></span> 
     </span>
    </p>
   </div>
   <div class='ocr_carea' id='block_1_56' title="bbox 2017 2696 3606 2768">
    <p class='ocr_par' dir='ltr' id='par_1_56' title="bbox 2017 2696 3606 2768">
     <span class='ocr_line' id='line_1_56' title="bbox 2017 2696 3606 2768; baseline 0.005 -18"><span class='ocrx_word' id='word_1_430' title='bbox 2017 2696 2102 2751; x_wconf 77' lang='lat' dir='ltr'><strong>tize</strong></span> <span class='ocrx_word' id='word_1_431' title='bbox 2134 2696 2391 2752; x_wconf 80' lang='lat' dir='ltr'><strong>doctrina:</strong></span> <span class='ocrx_word' id='word_1_432' title='bbox 2424 2700 2868 2768; x_wconf 87' lang='lat' dir='ltr'><strong>peremptorium,</strong></span> <span class='ocrx_word' id='word_1_433' title='bbox 2901 2701 2952 2756; x_wconf 92' lang='lat' dir='ltr'><strong>iu</strong></span> <span class='ocrx_word' id='word_1_434' title='bbox 2984 2702 3085 2756; x_wconf 90' lang='lat' dir='ltr'><strong>hoc</strong></span> <span class='ocrx_word' id='word_1_435' title='bbox 3105 2717 3254 2758; x_wconf 86' lang='lat' dir='ltr'><strong>suam</strong></span> <span class='ocrx_word' id='word_1_436' title='bbox 3285 2707 3606 2760; x_wconf 83' lang='lat' dir='ltr'><strong>sententiam</strong></span> 
     </span>
    </p>
   </div>
   <div class='ocr_carea' id='block_1_57' title="bbox 2015 2785 3602 2864">
    <p class='ocr_par' dir='ltr' id='par_1_57' title="bbox 2015 2785 3602 2864">
     <span class='ocr_line' id='line_1_57' title="bbox 2015 2785 3602 2864; baseline 0.006 -24"><span class='ocrx_word' id='word_1_437' title='bbox 2015 2785 2218 2841; x_wconf 85' lang='lat' dir='ltr'><strong>claudit</strong></span> <span class='ocrx_word' id='word_1_438' title='bbox 2241 2787 2530 2854; x_wconf 88' lang='lat' dir='ltr'><strong>:Quoniam</strong></span> <span class='ocrx_word' id='word_1_439' title='bbox 2557 2789 2668 2844; x_wconf 65' lang='lat' dir='ltr'><strong>hare</strong></span> <span class='ocrx_word' id='word_1_440' title='bbox 2690 2789 3028 2859; x_wconf 89' lang='lat' dir='ltr'><strong>passionibus</strong></span> <span class='ocrx_word' id='word_1_441' title='bbox 3049 2792 3246 2847; x_wconf 85' lang='lat' dir='ltr'><strong>Christi</strong></span> <span class='ocrx_word' id='word_1_442' title='bbox 3268 2793 3602 2864; x_wconf 86' lang='lat' dir='ltr'><strong>subtrahere,</strong></span> 
     </span>
    </p>
   </div>
   <div class='ocr_carea' id='block_1_58' title="bbox 2015 2878 3609 2957">
    <p class='ocr_par' dir='ltr' id='par_1_58' title="bbox 2015 2878 3609 2957">
     <span class='ocr_line' id='line_1_58' title="bbox 2015 2878 3609 2957; baseline 0.006 -24"><span class='ocrx_word' id='word_1_443' title='bbox 2015 2878 2148 2935; x_wconf 88' lang='lat' dir='ltr'><strong>nihil</strong></span> <span class='ocrx_word' id='word_1_444' title='bbox 2180 2889 2262 2934; x_wconf 92' lang='lat' dir='ltr'><strong>est</strong></span> <span class='ocrx_word' id='word_1_445' title='bbox 2288 2880 2429 2934; x_wconf 91' lang='lat' dir='ltr'><strong>aliud</strong></span> <span class='ocrx_word' id='word_1_446' title='bbox 2459 2895 2616 2950; x_wconf 89' lang='lat' dir='ltr'><strong>quam</strong></span> <span class='ocrx_word' id='word_1_447' title='bbox 2645 2882 2814 2948; x_wconf 81' lang='lat' dir='ltr'><strong>ipsam</strong></span> <span class='ocrx_word' id='word_1_448' title='bbox 2850 2885 3093 2954; x_wconf 89' lang='lat' dir='ltr'><strong>corporis</strong></span> <span class='ocrx_word' id='word_1_449' title='bbox 3120 2885 3470 2941; x_wconf 81' lang='lat' dir='ltr'><strong>substantiam</strong></span> <span class='ocrx_word' id='word_1_450' title='bbox 3494 2887 3609 2957; x_wconf 88' lang='lat' dir='ltr'><strong>ejus</strong></span> 
     </span>
    </p>
   </div>
   <div class='ocr_carea' id='block_1_59' title="bbox 2016 2971 3610 3048">
    <p class='ocr_par' dir='ltr' id='par_1_59' title="bbox 2016 2971 3610 3048">
     <span class='ocr_line' id='line_1_59' title="bbox 2016 2971 3610 3048; baseline 0.004 -20"><span class='ocrx_word' id='word_1_451' title='bbox 2016 2971 2305 3043; x_wconf 82' lang='lat' dir='ltr'><strong>denegare,</strong></span> <span class='ocrx_word' id='word_1_452' title='bbox 2335 2987 2456 3027; x_wconf 87' lang='lat' dir='ltr'><strong>cum</strong></span> <span class='ocrx_word' id='word_1_453' title='bbox 2485 2973 2611 3028; x_wconf 79' lang='lat' dir='ltr'><strong>dicit</strong></span> <span class='ocrx_word' id='word_1_454' title='bbox 2644 2992 2655 3027; x_wconf 88' lang='lat'>:</span> <span class='ocrx_word' id='word_1_455' title='bbox 2687 2993 2704 3026; x_wconf 73' lang='grc' dir='ltr'><strong>ε</strong></span> <span class='ocrx_word' id='word_1_456' title='bbox 2743 2974 2988 3030; x_wconf 87' lang='lat' dir='ltr'><strong>Christus</strong></span> <span class='ocrx_word' id='word_1_457' title='bbox 3015 2986 3191 3031; x_wconf 91' lang='lat' dir='ltr'><strong>autem</strong></span> <span class='ocrx_word' id='word_1_458' title='bbox 3221 2992 3414 3048; x_wconf 90' lang='lat' dir='ltr'><strong>corpus</strong></span> <span class='ocrx_word' id='word_1_459' title='bbox 3456 2996 3610 3034; x_wconf 83' lang='lat' dir='ltr'><strong>utun-</strong></span> 
     </span>
    </p>
   </div>
   <div class='ocr_carea' id='block_1_60' title="bbox 2017 3064 3610 3135">
    <p class='ocr_par' dir='ltr' id='par_1_60' title="bbox 2017 3064 3610 3135">
     <span class='ocr_line' id='line_1_60' title="bbox 2017 3064 3610 3135; baseline 0.004 -16"><span class='ocrx_word' id='word_1_460' title='bbox 2017 3064 2142 3119; x_wconf 91' lang='lat' dir='ltr'><strong>dum</strong></span> <span class='ocrx_word' id='word_1_461' title='bbox 2170 3079 2200 3119; x_wconf 91' lang='lat' dir='ltr'><strong>a</strong></span> <span class='ocrx_word' id='word_1_462' title='bbox 2231 3065 2466 3134; x_wconf 89' lang='lat' dir='ltr'><strong>peccatis</strong></span> <span class='ocrx_word' id='word_1_463' title='bbox 2495 3067 2700 3135; x_wconf 86' lang='lat' dir='ltr'><strong>habuit,</strong></span> <span class='ocrx_word' id='word_1_464' title='bbox 2736 3080 2842 3121; x_wconf 91' lang='lat' dir='ltr'><strong>non</strong></span> <span class='ocrx_word' id='word_1_465' title='bbox 2870 3083 2900 3120; x_wconf 88' lang='lat' dir='ltr'><strong>a</strong></span> <span class='ocrx_word' id='word_1_466' title='bbox 2928 3069 3234 3124; x_wconf 88' lang='lat' dir='ltr'><strong>carnalibus</strong></span> <span class='ocrx_word' id='word_1_467' title='bbox 3278 3072 3610 3126; x_wconf 83' lang='lat' dir='ltr'><strong>necessitati-</strong></span> 
     </span>
    </p>
   </div>
   <div class='ocr_carea' id='block_1_61' title="bbox 2017 3159 3612 3232">
    <p class='ocr_par' dir='ltr' id='par_1_61' title="bbox 2017 3159 3612 3232">
     <span class='ocr_line' id='line_1_61' title="bbox 2017 3159 3612 3232; baseline 0.004 -19"><span class='ocrx_word' id='word_1_468' title='bbox 2017 3159 2117 3214; x_wconf 90' lang='lat' dir='ltr'><strong>bus</strong></span> <span class='ocrx_word' id='word_1_469' title='bbox 2154 3159 2490 3226; x_wconf 81' lang='lat' dir='ltr'><strong>expeditum,</strong></span> <span class='ocrx_word' id='word_1_470' title='bbox 2531 3159 2769 3228; x_wconf 91' lang='lat' dir='ltr'><strong>alioquin</strong></span> <span class='ocrx_word' id='word_1_471' title='bbox 2813 3173 2988 3230; x_wconf 91' lang='lat' dir='ltr'><strong>neque</strong></span> <span class='ocrx_word' id='word_1_472' title='bbox 3030 3175 3226 3231; x_wconf 89' lang='lat' dir='ltr'><strong>corpus</strong></span> <span class='ocrx_word' id='word_1_473' title='bbox 3264 3160 3389 3218; x_wconf 90' lang='lat' dir='ltr'><strong>fuit.</strong></span> <span class='ocrx_word' id='word_1_474' title='bbox 3419 3181 3436 3215; x_wconf 69' lang='grc' dir='ltr'><strong>ι</strong></span> <span class='ocrx_word' id='word_1_475' title='bbox 3471 3163 3612 3232; x_wconf 84' lang='lat' dir='ltr'><strong>Quid</strong></span> 
     </span>
    </p>
   </div>
   <div class='ocr_carea' id='block_1_62' title="bbox 305 3249 3610 3329">
    <p class='ocr_par' dir='ltr' id='par_1_62' title="bbox 305 3249 3610 3329">
     <span class='ocr_line' id='line_1_62' title="bbox 305 3249 3610 3329; baseline 0 -18"><span class='ocrx_word' id='word_1_476' title='bbox 305 3270 438 3311; x_wconf 86' lang='lat' dir='ltr'><strong>eum</strong></span> <span class='ocrx_word' id='word_1_477' title='bbox 465 3257 735 3325; x_wconf 88' lang='lat' dir='ltr'><strong>apparuit,</strong></span> <span class='ocrx_word' id='word_1_478' title='bbox 759 3266 813 3312; x_wconf 89' lang='lat' dir='ltr'><strong>et</strong></span> <span class='ocrx_word' id='word_1_479' title='bbox 836 3257 984 3313; x_wconf 90' lang='lat' dir='ltr'><strong>mille</strong></span> <span class='ocrx_word' id='word_1_480' title='bbox 1008 3256 1214 3311; x_wconf 88' lang='lat' dir='ltr'><strong>timoris</strong></span> <span class='ocrx_word' id='word_1_481' title='bbox 1243 3264 1580 3326; x_wconf 87' lang='lat' dir='ltr'><strong>argumenta.</strong></span> <span class='ocrx_word' id='word_1_482' title='bbox 1615 3254 1682 3310; x_wconf 82' lang='lat' dir='ltr'><strong>Et</strong></span> <span class='ocrx_word' id='word_1_483' title='bbox 1708 3270 1774 3310; x_wconf 90' lang='lat' dir='ltr'><strong>ne</strong></span> <span class='ocrx_word' id='word_1_484' title='bbox 1795 3255 1914 3327; x_wconf 83' lang='lat' dir='ltr'><strong>quis</strong></span> <span class='ocrx_word' id='word_1_485' title='bbox 1944 3264 1992 3329; x_wconf 73' lang='grc' dir='ltr'>α</span> <span class='ocrx_word' id='word_1_486' title='bbox 2022 3259 2200 3306; x_wconf 90' lang='lat' dir='ltr'><strong>autem</strong></span> <span class='ocrx_word' id='word_1_487' title='bbox 2234 3265 2335 3320; x_wconf 74' lang='lat' dir='ltr'><strong>ego</strong></span> <span class='ocrx_word' id='word_1_488' title='bbox 2365 3251 2464 3304; x_wconf 88' lang='lat' dir='ltr'><strong>alia</strong></span> <span class='ocrx_word' id='word_1_489' title='bbox 2494 3250 2560 3305; x_wconf 88' lang='lat' dir='ltr'><strong>de</strong></span> <span class='ocrx_word' id='word_1_490' title='bbox 2589 3249 2687 3306; x_wconf 89' lang='lat' dir='ltr'><strong>hac</strong></span> <span class='ocrx_word' id='word_1_491' title='bbox 2713 3265 2790 3318; x_wconf 88' lang='lat' dir='ltr'><strong>re,</strong></span> <span class='ocrx_word' id='word_1_492' title='bbox 2821 3250 2906 3308; x_wconf 86' lang='lat' dir='ltr'><strong>vel</strong></span> <span class='ocrx_word' id='word_1_493' title='bbox 2938 3252 3336 3322; x_wconf 71' lang='lat' dir='ltr'><strong>prmdictorum,</strong></span> <span class='ocrx_word' id='word_1_494' title='bbox 3362 3255 3450 3311; x_wconf 89' lang='lat' dir='ltr'><strong>vel</strong></span> <span class='ocrx_word' id='word_1_495' title='bbox 3474 3257 3610 3311; x_wconf 86' lang='lat' dir='ltr'><strong>alio—</strong></span> 
     </span>
    </p>
   </div>
   <div class='ocr_carea' id='block_1_63' title="bbox 217 3347 1909 3424">
    <p class='ocr_par' dir='ltr' id='par_1_63' title="bbox 217 3347 1909 3424">
     <span class='ocr_line' id='line_1_63' title="bbox 217 3347 1909 3424; baseline -0.001 -22"><span class='ocrx_word' id='word_1_496' title='bbox 217 3349 222 3354; x_wconf 86' lang='grc'><em>’</em></span> <span class='ocrx_word' id='word_1_497' title='bbox 309 3347 460 3402; x_wconf 87' lang='lat' dir='ltr'><strong>dicat</strong></span> <span class='ocrx_word' id='word_1_498' title='bbox 488 3347 774 3402; x_wconf 86' lang='lat' dir='ltr'><strong>verborum</strong></span> <span class='ocrx_word' id='word_1_499' title='bbox 804 3363 926 3402; x_wconf 85' lang='lat' dir='ltr'><strong>esse</strong></span> <span class='ocrx_word' id='word_1_500' title='bbox 961 3347 1294 3424; x_wconf 82' lang='lat' dir='ltr'><strong>ﬁgmentum,</strong></span> <span class='ocrx_word' id='word_1_501' title='bbox 1329 3357 1609 3417; x_wconf 83' lang='lat' dir='ltr'><strong>propterea</strong></span> <span class='ocrx_word' id='word_1_502' title='bbox 1636 3356 1688 3402; x_wconf 91' lang='lat' dir='ltr'><strong>et</strong></span> <span class='ocrx_word' id='word_1_503' title='bbox 1715 3347 1909 3411; x_wconf 89' lang='lat' dir='ltr'><strong>oratio,</strong></span> 
     </span>
    </p>
   </div>
   <div class='ocr_carea' id='block_1_64' title="bbox 310 3439 1914 3510">
    <p class='ocr_par' dir='ltr' id='par_1_64' title="bbox 310 3439 1914 3510">
     <span class='ocr_line' id='line_1_64' title="bbox 310 3439 1914 3510; baseline -0.001 -14"><span class='ocrx_word' id='word_1_504' title='bbox 310 3450 368 3496; x_wconf 91' lang='lat' dir='ltr'><strong>et</strong></span> <span class='ocrx_word' id='word_1_505' title='bbox 399 3439 584 3495; x_wconf 88' lang='lat' dir='ltr'><strong>dicere</strong></span> <span class='ocrx_word' id='word_1_506' title='bbox 609 3439 827 3510; x_wconf 91' lang='lat' dir='ltr'><strong>quidem</strong></span> <span class='ocrx_word' id='word_1_507' title='bbox 853 3457 868 3494; x_wconf 89' lang='lat'><strong>:</strong></span> <span class='ocrx_word' id='word_1_508' title='bbox 892 3439 950 3496; x_wconf 91' lang='lat' dir='ltr'><strong>Si</strong></span> <span class='ocrx_word' id='word_1_509' title='bbox 980 3440 1233 3510; x_wconf 90' lang='lat' dir='ltr'><strong>possibile</strong></span> <span class='ocrx_word' id='word_1_510' title='bbox 1265 3449 1368 3505; x_wconf 90' lang='lat' dir='ltr'><strong>est,</strong></span> <span class='ocrx_word' id='word_1_511' title='bbox 1395 3448 1652 3508; x_wconf 89' lang='lat' dir='ltr'><strong>transeat,</strong></span> <span class='ocrx_word' id='word_1_512' title='bbox 1679 3440 1914 3495; x_wconf 80' lang='lat' dir='ltr'><strong>Ostendit</strong></span> 
     </span>
    </p>
   </div>
   <div class='ocr_carea' id='block_1_65' title="bbox 315 3532 1916 3600">
    <p class='ocr_par' dir='ltr' id='par_1_65' title="bbox 315 3532 1916 3600">
     <span class='ocr_line' id='line_1_65' title="bbox 315 3532 1916 3600; baseline -0.001 -13"><span class='ocrx_word' id='word_1_513' title='bbox 315 3532 742 3600; x_wconf 77' lang='lat' dir='ltr'><strong>humanitatem;</strong></span> <span class='ocrx_word' id='word_1_514' title='bbox 784 3534 964 3588; x_wconf 88' lang='lat' dir='ltr'><strong>dicere</strong></span> <span class='ocrx_word' id='word_1_515' title='bbox 1002 3547 1128 3588; x_wconf 88' lang='lat' dir='ltr'><strong>vero</strong></span> <span class='ocrx_word' id='word_1_516' title='bbox 1161 3551 1173 3586; x_wconf 87' lang='lat'>:</span> <span class='ocrx_word' id='word_1_517' title='bbox 1210 3532 1593 3586; x_wconf 77' lang='lat' dir='ltr'><strong>Verumtamen</strong></span> <span class='ocrx_word' id='word_1_518' title='bbox 1637 3546 1742 3586; x_wconf 93' lang='lat' dir='ltr'><strong>non</strong></span> <span class='ocrx_word' id='word_1_519' title='bbox 1777 3533 1916 3586; x_wconf 90' lang='lat' dir='ltr'><strong>sicut</strong></span> 
     </span>
    </p>
   </div>
   <div class='ocr_carea' id='block_1_66' title="bbox 312 3621 1916 3696">
    <p class='ocr_par' dir='ltr' id='par_1_66' title="bbox 312 3621 1916 3696">
     <span class='ocr_line' id='line_1_66' title="bbox 312 3621 1916 3696; baseline -0.002 -18"><span class='ocrx_word' id='word_1_520' title='bbox 312 3639 418 3696; x_wconf 88' lang='lat' dir='ltr'><strong>ego</strong></span> <span class='ocrx_word' id='word_1_521' title='bbox 452 3623 590 3692; x_wconf 79' lang='lat' dir='ltr'><strong>volo,</strong></span> <span class='ocrx_word' id='word_1_522' title='bbox 621 3624 717 3679; x_wconf 85' lang='lat' dir='ltr'><strong>sed</strong></span> <span class='ocrx_word' id='word_1_523' title='bbox 749 3625 889 3679; x_wconf 89' lang='lat' dir='ltr'><strong>sicut</strong></span> <span class='ocrx_word' id='word_1_524' title='bbox 913 3634 992 3690; x_wconf 92' lang='lat' dir='ltr'><strong>tu,</strong></span> <span class='ocrx_word' id='word_1_525' title='bbox 1023 3623 1258 3679; x_wconf 89' lang='lat' dir='ltr'><strong>ostendit</strong></span> <span class='ocrx_word' id='word_1_526' title='bbox 1284 3622 1553 3693; x_wconf 91' lang='lat' dir='ltr'><strong>quomodo</strong></span> <span class='ocrx_word' id='word_1_527' title='bbox 1581 3633 1675 3690; x_wconf 86' lang='lat' dir='ltr'><strong>per</strong></span> <span class='ocrx_word' id='word_1_528' title='bbox 1702 3621 1916 3677; x_wconf 89' lang='lat' dir='ltr'><strong>virtutis</strong></span> 
     </span>
    </p>
   </div>
   <div class='ocr_carea' id='block_1_67' title="bbox 310 3714 1914 3782">
    <p class='ocr_par' dir='ltr' id='par_1_67' title="bbox 310 3714 1914 3782">
     <span class='ocr_line' id='line_1_67' title="bbox 310 3714 1914 3782; baseline -0.002 -12"><span class='ocrx_word' id='word_1_529' title='bbox 310 3714 553 3770; x_wconf 84' lang='lat' dir='ltr'><strong>studium</strong></span> <span class='ocrx_word' id='word_1_530' title='bbox 585 3723 641 3769; x_wconf 88' lang='lat' dir='ltr'><strong>et</strong></span> <span class='ocrx_word' id='word_1_531' title='bbox 671 3715 979 3782; x_wconf 88' lang='lat' dir='ltr'><strong>patientiam</strong></span> <span class='ocrx_word' id='word_1_532' title='bbox 1012 3715 1325 3780; x_wconf 81' lang='lat' dir='ltr'><strong>doceamur,</strong></span> <span class='ocrx_word' id='word_1_533' title='bbox 1365 3721 1421 3770; x_wconf 86' lang='lat' dir='ltr'><strong>et</strong></span> <span class='ocrx_word' id='word_1_534' title='bbox 1456 3715 1766 3768; x_wconf 88' lang='lat' dir='ltr'><strong>retrahente</strong></span> <span class='ocrx_word' id='word_1_535' title='bbox 1814 3727 1914 3768; x_wconf 91' lang='lat' dir='ltr'><strong>nos</strong></span> 
     </span>
    </p>
   </div>
   <div class='ocr_carea' id='block_1_68' title="bbox 312 3804 1916 3876">
    <p class='ocr_par' dir='ltr' id='par_1_68' title="bbox 312 3804 1916 3876">
     <span class='ocr_line' id='line_1_68' title="bbox 312 3804 1916 3876; baseline -0.001 -15"><span class='ocrx_word' id='word_1_536' title='bbox 312 3815 532 3873; x_wconf 87' lang='lat' dir='ltr'><strong>natura,</strong></span> <span class='ocrx_word' id='word_1_537' title='bbox 574 3805 830 3876; x_wconf 84' lang='lat' dir='ltr'><strong>subsequi</strong></span> <span class='ocrx_word' id='word_1_538' title='bbox 873 3805 1061 3862; x_wconf 88' lang='lat' dir='ltr'><strong>Deum.</strong></span> <span class='ocrx_word' id='word_1_539' title='bbox 1109 3825 1126 3857; x_wconf 77' lang='grc' dir='ltr'><strong><em>ι</em></strong></span> <span class='ocrx_word' id='word_1_540' title='bbox 1163 3806 1262 3873; x_wconf 87' lang='lat' dir='ltr'><strong>Qui</strong></span> <span class='ocrx_word' id='word_1_541' title='bbox 1318 3805 1482 3860; x_wconf 91' lang='lat' dir='ltr'><strong>etiam</strong></span> <span class='ocrx_word' id='word_1_542' title='bbox 1519 3804 1570 3858; x_wconf 92' lang='lat' dir='ltr'><strong>in</strong></span> <span class='ocrx_word' id='word_1_543' title='bbox 1610 3813 1916 3861; x_wconf 88' lang='lat' dir='ltr'><strong>commento</strong></span> 
     </span>
    </p>
   </div>
   <div class='ocr_carea' id='block_1_69' title="bbox 312 3895 1916 3968">
    <p class='ocr_par' dir='ltr' id='par_1_69' title="bbox 312 3895 1916 3968">
     <span class='ocr_line' id='line_1_69' title="bbox 312 3895 1916 3968; baseline -0.001 -16"><span class='ocrx_word' id='word_1_544' title='bbox 312 3897 462 3968; x_wconf 88' lang='lat' dir='ltr'><strong>quod</strong></span> <span class='ocrx_word' id='word_1_545' title='bbox 495 3897 546 3952; x_wconf 91' lang='lat' dir='ltr'><strong>in</strong></span> <span class='ocrx_word' id='word_1_546' title='bbox 577 3896 800 3953; x_wconf 83' lang='lat' dir='ltr'><strong>Joannis</strong></span> <span class='ocrx_word' id='word_1_547' title='bbox 831 3896 1179 3965; x_wconf 81' lang='lat' dir='ltr'><strong>Evangelium</strong></span> <span class='ocrx_word' id='word_1_548' title='bbox 1217 3896 1362 3960; x_wconf 87' lang='lat' dir='ltr'><strong>fecit,</strong></span> <span class='ocrx_word' id='word_1_549' title='bbox 1393 3896 1629 3966; x_wconf 82' lang='lat' dir='ltr'><strong>capitulo</strong></span> <span class='ocrx_word' id='word_1_550' title='bbox 1657 3895 1916 3965; x_wconf 82' lang='lat' dir='ltr'><strong>vigesimo</strong></span> 
     </span>
    </p>
   </div>
   <div class='ocr_carea' id='block_1_70' title="bbox 316 3989 1944 4062">
    <p class='ocr_par' dir='ltr' id='par_1_70' title="bbox 316 3989 1944 4062">
     <span class='ocr_line' id='line_1_70' title="bbox 316 3989 1944 4062; baseline 0 -16"><span class='ocrx_word' id='word_1_551' title='bbox 316 4005 504 4056; x_wconf 80' lang='lat' dir='ltr'><strong>sexto,</strong></span> <span class='ocrx_word' id='word_1_552' title='bbox 546 3989 700 4062; x_wconf 79' lang='lat' dir='ltr'><strong>cpjus</strong></span> <span class='ocrx_word' id='word_1_553' title='bbox 740 4001 823 4047; x_wconf 89' lang='lat' dir='ltr'><strong>est</strong></span> <span class='ocrx_word' id='word_1_554' title='bbox 862 3991 1071 4046; x_wconf 87' lang='lat' dir='ltr'><strong>initium</strong></span> <span class='ocrx_word' id='word_1_555' title='bbox 1105 4009 1116 4044; x_wconf 90' lang='lat'>:</span> <span class='ocrx_word' id='word_1_556' title='bbox 1150 3991 1250 4058; x_wconf 87' lang='lat' dir='ltr'><strong>Qui</strong></span> <span class='ocrx_word' id='word_1_557' title='bbox 1298 4003 1444 4045; x_wconf 86' lang='lat' dir='ltr'><strong>amat</strong></span> <span class='ocrx_word' id='word_1_558' title='bbox 1487 3992 1719 4046; x_wconf 89' lang='lat' dir='ltr'><strong>animam</strong></span> <span class='ocrx_word' id='word_1_559' title='bbox 1764 4005 1944 4046; x_wconf 80' lang='lat' dir='ltr'><strong>suam-</strong></span> 
     </span>
    </p>
   </div>
   <div class='ocr_carea' id='block_1_71' title="bbox 316 4082 1916 4154">
    <p class='ocr_par' dir='ltr' id='par_1_71' title="bbox 316 4082 1916 4154">
     <span class='ocr_line' id='line_1_71' title="bbox 316 4082 1916 4154; baseline -0.002 -15"><span class='ocrx_word' id='word_1_560' title='bbox 316 4083 510 4154; x_wconf 88' lang='lat' dir='ltr'><strong>perdet</strong></span> <span class='ocrx_word' id='word_1_561' title='bbox 547 4099 688 4150; x_wconf 89' lang='lat' dir='ltr'><strong>eam,</strong></span> <span class='ocrx_word' id='word_1_562' title='bbox 730 4083 804 4138; x_wconf 91' lang='lat' dir='ltr'><strong>ita</strong></span> <span class='ocrx_word' id='word_1_563' title='bbox 841 4083 1052 4138; x_wconf 87' lang='lat' dir='ltr'><strong>locutus</strong></span> <span class='ocrx_word' id='word_1_564' title='bbox 1088 4094 1215 4138; x_wconf 88' lang='lat' dir='ltr'><strong>est:</strong></span> <span class='ocrx_word' id='word_1_565' title='bbox 1252 4102 1270 4136; x_wconf 78' lang='lat' dir='ltr'><strong>t</strong></span> <span class='ocrx_word' id='word_1_566' title='bbox 1311 4083 1378 4138; x_wconf 85' lang='lat' dir='ltr'><strong>L&#39;t</strong></span> <span class='ocrx_word' id='word_1_567' title='bbox 1414 4098 1519 4136; x_wconf 90' lang='lat' dir='ltr'><strong>non</strong></span> <span class='ocrx_word' id='word_1_568' title='bbox 1557 4082 1737 4138; x_wconf 90' lang='lat' dir='ltr'><strong>dicant</strong></span> <span class='ocrx_word' id='word_1_569' title='bbox 1777 4095 1916 4151; x_wconf 91' lang='lat' dir='ltr'><strong>quo-</strong></span> 
     </span>
    </p>
   </div>
   <div class='ocr_carea' id='block_1_72' title="bbox 315 4175 1914 4246">
    <p class='ocr_par' dir='ltr' id='par_1_72' title="bbox 315 4175 1914 4246">
     <span class='ocr_line' id='line_1_72' title="bbox 315 4175 1914 4246; baseline -0.001 -16"><span class='ocrx_word' id='word_1_570' title='bbox 315 4179 463 4231; x_wconf 86' lang='lat' dir='ltr'><strong>niam</strong></span> <span class='ocrx_word' id='word_1_571' title='bbox 515 4177 666 4246; x_wconf 87' lang='lat' dir='ltr'><strong>ipse,</strong></span> <span class='ocrx_word' id='word_1_572' title='bbox 703 4177 914 4232; x_wconf 88' lang='lat' dir='ltr'><strong>alienus</strong></span> <span class='ocrx_word' id='word_1_573' title='bbox 952 4191 982 4231; x_wconf 93' lang='lat' dir='ltr'><strong>a</strong></span> <span class='ocrx_word' id='word_1_574' title='bbox 1021 4175 1295 4232; x_wconf 87' lang='lat' dir='ltr'><strong>doloribus</strong></span> <span class='ocrx_word' id='word_1_575' title='bbox 1345 4175 1589 4229; x_wconf 85' lang='lat' dir='ltr'><strong>humanis</strong></span> <span class='ocrx_word' id='word_1_576' title='bbox 1640 4175 1914 4239; x_wconf 72' lang='lat' dir='ltr'><strong>existens,</strong></span> 
     </span>
    </p>
   </div>
   <div class='ocr_carea' id='block_1_73' title="bbox 319 4269 1918 4339">
    <p class='ocr_par' dir='ltr' id='par_1_73' title="bbox 319 4269 1918 4339">
     <span class='ocr_line' id='line_1_73' title="bbox 319 4269 1918 4339; baseline -0.003 -13"><span class='ocrx_word' id='word_1_577' title='bbox 319 4270 480 4326; x_wconf 77' lang='lat' dir='ltr'><strong>facile</strong></span> <span class='ocrx_word' id='word_1_578' title='bbox 509 4270 578 4326; x_wconf 92' lang='lat' dir='ltr'><strong>de</strong></span> <span class='ocrx_word' id='word_1_579' title='bbox 601 4279 777 4326; x_wconf 89' lang='lat' dir='ltr'><strong>morte</strong></span> <span class='ocrx_word' id='word_1_580' title='bbox 810 4271 1238 4339; x_wconf 78' lang='lat' dir='ltr'><strong>phiIoSOphatur,</strong></span> <span class='ocrx_word' id='word_1_581' title='bbox 1263 4277 1316 4321; x_wconf 85' lang='lat' dir='ltr'><strong>et</strong></span> <span class='ocrx_word' id='word_1_582' title='bbox 1347 4269 1565 4337; x_wconf 84' lang='lat' dir='ltr'><strong>periculi</strong></span> <span class='ocrx_word' id='word_1_583' title='bbox 1597 4281 1790 4335; x_wconf 79' lang='lat' dir='ltr'><strong>expers</strong></span> <span class='ocrx_word' id='word_1_584' title='bbox 1819 4281 1918 4322; x_wconf 92' lang='lat' dir='ltr'><strong>nos</strong></span> 
     </span>
    </p>
   </div>
   <div class='ocr_carea' id='block_1_74' title="bbox 318 4357 1919 4430">
    <p class='ocr_par' dir='ltr' id='par_1_74' title="bbox 318 4357 1919 4430">
     <span class='ocr_line' id='line_1_74' title="bbox 318 4357 1919 4430; baseline -0.004 -13"><span class='ocrx_word' id='word_1_585' title='bbox 318 4362 596 4430; x_wconf 82' lang='lat' dir='ltr'><strong>admonet,</strong></span> <span class='ocrx_word' id='word_1_586' title='bbox 630 4362 868 4417; x_wconf 88' lang='lat' dir='ltr'><strong>ostendit</strong></span> <span class='ocrx_word' id='word_1_587' title='bbox 906 4361 1028 4430; x_wconf 89' lang='lat' dir='ltr'><strong>quia</strong></span> <span class='ocrx_word' id='word_1_588' title='bbox 1067 4369 1121 4416; x_wconf 93' lang='lat' dir='ltr'><strong>et</strong></span> <span class='ocrx_word' id='word_1_589' title='bbox 1168 4360 1417 4430; x_wconf 82' lang='lat' dir='ltr'><strong>agoniam</strong></span> <span class='ocrx_word' id='word_1_590' title='bbox 1466 4368 1684 4427; x_wconf 88' lang='lat' dir='ltr'><strong>propter</strong></span> <span class='ocrx_word' id='word_1_591' title='bbox 1717 4357 1919 4412; x_wconf 87' lang='lat' dir='ltr'><strong>utilita-</strong></span> 
     </span>
    </p>
   </div>
   <div class='ocr_carea' id='block_1_75' title="bbox 319 4448 1916 4518">
    <p class='ocr_par' dir='ltr' id='par_1_75' title="bbox 319 4448 1916 4518">
     <span class='ocr_line' id='line_1_75' title="bbox 319 4448 1916 4518; baseline -0.006 -8"><span class='ocrx_word' id='word_1_592' title='bbox 319 4465 428 4510; x_wconf 86' lang='lat' dir='ltr'><strong>tem</strong></span> <span class='ocrx_word' id='word_1_593' title='bbox 479 4469 582 4507; x_wconf 89' lang='lat' dir='ltr'><strong>non</strong></span> <span class='ocrx_word' id='word_1_594' title='bbox 634 4462 893 4510; x_wconf 89' lang='lat' dir='ltr'><strong>recusat:</strong></span> <span class='ocrx_word' id='word_1_595' title='bbox 931 4456 1044 4506; x_wconf 86' lang='lat' dir='ltr'><strong>haec</strong></span> <span class='ocrx_word' id='word_1_596' title='bbox 1085 4461 1264 4506; x_wconf 83' lang='lat' dir='ltr'><strong>autem</strong></span> <span class='ocrx_word' id='word_1_597' title='bbox 1310 4448 1726 4518; x_wconf 83' lang='lat' dir='ltr'><strong>dispensationis</strong></span> <span class='ocrx_word' id='word_1_598' title='bbox 1769 4456 1916 4516; x_wconf 90' lang='lat' dir='ltr'><strong>sunt,</strong></span> 
     </span>
    </p>
   </div>
   <div class='ocr_carea' id='block_1_76' title="bbox 320 4541 1922 4614">
    <p class='ocr_par' dir='ltr' id='par_1_76' title="bbox 320 4541 1922 4614">
     <span class='ocr_line' id='line_1_76' title="bbox 320 4541 1922 4614; baseline -0.004 -15"><span class='ocrx_word' id='word_1_599' title='bbox 320 4561 428 4599; x_wconf 87' lang='lat' dir='ltr'><strong>non</strong></span> <span class='ocrx_word' id='word_1_600' title='bbox 460 4545 793 4610; x_wconf 88' lang='lat' dir='ltr'><strong>divinitatis;</strong></span> <span class='ocrx_word' id='word_1_601' title='bbox 824 4554 1106 4614; x_wconf 86' lang='lat' dir='ltr'><strong>propterea</strong></span> <span class='ocrx_word' id='word_1_602' title='bbox 1136 4543 1250 4597; x_wconf 88' lang='lat' dir='ltr'><strong>ait:</strong></span> <span class='ocrx_word' id='word_1_603' title='bbox 1281 4541 1438 4596; x_wconf 84' lang='lat' dir='ltr'><strong>Nunc</strong></span> <span class='ocrx_word' id='word_1_604' title='bbox 1463 4541 1636 4594; x_wconf 84' lang='lat' dir='ltr'><strong>anima</strong></span> <span class='ocrx_word' id='word_1_605' title='bbox 1667 4555 1782 4594; x_wconf 88' lang='lat' dir='ltr'><strong>mea</strong></span> <span class='ocrx_word' id='word_1_606' title='bbox 1811 4548 1922 4594; x_wconf 89' lang='lat' dir='ltr'><strong>tur-</strong></span> 
     </span>
    </p>
   </div>
   <div class='ocr_carea' id='block_1_77' title="bbox 2019 3345 3610 3418">
    <p class='ocr_par' dir='ltr' id='par_1_77' title="bbox 2019 3345 3610 3418">
     <span class='ocr_line' id='line_1_77' title="bbox 2019 3345 3610 3418; baseline 0.002 -17"><span class='ocrx_word' id='word_1_607' title='bbox 2019 3361 2134 3401; x_wconf 92' lang='lat' dir='ltr'><strong>rum</strong></span> <span class='ocrx_word' id='word_1_608' title='bbox 2169 3346 2552 3401; x_wconf 75' lang='lat' dir='ltr'><strong>venerabiliu-u</strong></span> <span class='ocrx_word' id='word_1_609' title='bbox 2585 3345 2802 3401; x_wconf 89' lang='lat' dir='ltr'><strong>Patrum</strong></span> <span class='ocrx_word' id='word_1_610' title='bbox 2837 3347 3143 3402; x_wconf 82' lang='lat' dir='ltr'><strong>teStimonia</strong></span> <span class='ocrx_word' id='word_1_611' title='bbox 3173 3348 3463 3418; x_wconf 88' lang='lat' dir='ltr'><strong>proferam,</strong></span> <span class='ocrx_word' id='word_1_612' title='bbox 3487 3365 3610 3406; x_wconf 91' lang='lat' dir='ltr'><strong>cum</strong></span> 
     </span>
    </p>
   </div>
   <div class='ocr_carea' id='block_1_78' title="bbox 2013 3439 3612 3514">
    <p class='ocr_par' dir='ltr' id='par_1_78' title="bbox 2013 3439 3612 3514">
     <span class='ocr_line' id='line_1_78' title="bbox 2013 3439 3612 3514; baseline 0.003 -22"><span class='ocrx_word' id='word_1_613' title='bbox 2013 3439 2124 3510; x_wconf 88' lang='lat' dir='ltr'><strong>jam</strong></span> <span class='ocrx_word' id='word_1_614' title='bbox 2167 3439 2268 3494; x_wconf 88' lang='lat' dir='ltr'><strong>sibi</strong></span> <span class='ocrx_word' id='word_1_615' title='bbox 2307 3439 2639 3494; x_wconf 84' lang='lat' dir='ltr'><strong>sufficienter</strong></span> <span class='ocrx_word' id='word_1_616' title='bbox 2668 3439 2720 3494; x_wconf 91' lang='lat' dir='ltr'><strong>in</strong></span> <span class='ocrx_word' id='word_1_617' title='bbox 2750 3439 2941 3496; x_wconf 88' lang='lat' dir='ltr'><strong>eodem</strong></span> <span class='ocrx_word' id='word_1_618' title='bbox 2966 3454 3062 3496; x_wconf 89' lang='lat' dir='ltr'><strong>suo</strong></span> <span class='ocrx_word' id='word_1_619' title='bbox 3094 3441 3231 3498; x_wconf 88' lang='lat' dir='ltr'><strong>libro</strong></span> <span class='ocrx_word' id='word_1_620' title='bbox 3261 3442 3362 3514; x_wconf 81' lang='lat' dir='ltr'><strong>ipsi</strong></span> <span class='ocrx_word' id='word_1_621' title='bbox 3391 3457 3612 3512; x_wconf 87' lang='lat' dir='ltr'><strong>respon-</strong></span> 
     </span>
    </p>
   </div>
   <div class='ocr_carea' id='block_1_79' title="bbox 2017 3533 3609 3603">
    <p class='ocr_par' dir='ltr' id='par_1_79' title="bbox 2017 3533 3609 3603">
     <span class='ocr_line' id='line_1_79' title="bbox 2017 3533 3609 3603; baseline 0.001 -15"><span class='ocrx_word' id='word_1_622' title='bbox 2017 3534 2214 3600; x_wconf 88' lang='lat' dir='ltr'><strong>derint,</strong></span> <span class='ocrx_word' id='word_1_623' title='bbox 2237 3533 2407 3588; x_wconf 77' lang='lat' dir='ltr'><strong>sanCti</strong></span> <span class='ocrx_word' id='word_1_624' title='bbox 2431 3533 2706 3587; x_wconf 85' lang='lat' dir='ltr'><strong>Athanasii</strong></span> <span class='ocrx_word' id='word_1_625' title='bbox 2725 3533 3086 3588; x_wconf 90' lang='lat' dir='ltr'><strong>testimonium</strong></span> <span class='ocrx_word' id='word_1_626' title='bbox 3109 3543 3296 3590; x_wconf 88' lang='lat' dir='ltr'><strong>contra</strong></span> <span class='ocrx_word' id='word_1_627' title='bbox 3317 3551 3396 3600; x_wconf 88' lang='lat' dir='ltr'><strong>se,</strong></span> <span class='ocrx_word' id='word_1_628' title='bbox 3423 3552 3609 3603; x_wconf 87' lang='lat' dir='ltr'><strong>quem-</strong></span> 
     </span>
    </p>
   </div>
   <div class='ocr_carea' id='block_1_80' title="bbox 2015 3625 3612 3698">
    <p class='ocr_par' dir='ltr' id='par_1_80' title="bbox 2015 3625 3612 3698">
     <span class='ocr_line' id='line_1_80' title="bbox 2015 3625 3612 3698; baseline 0.001 -17"><span class='ocrx_word' id='word_1_629' title='bbox 2015 3625 2302 3682; x_wconf 86' lang='lat' dir='ltr'><strong>admodum</strong></span> <span class='ocrx_word' id='word_1_630' title='bbox 2352 3641 2512 3697; x_wconf 89' lang='lat' dir='ltr'><strong>supra</strong></span> <span class='ocrx_word' id='word_1_631' title='bbox 2564 3627 2937 3692; x_wconf 85' lang='lat' dir='ltr'><strong>meminimus,</strong></span> <span class='ocrx_word' id='word_1_632' title='bbox 2992 3630 3355 3697; x_wconf 80' lang='lat' dir='ltr'><strong>prol’ercntes,</strong></span> <span class='ocrx_word' id='word_1_633' title='bbox 3406 3629 3462 3683; x_wconf 90' lang='lat' dir='ltr'><strong>in</strong></span> <span class='ocrx_word' id='word_1_634' title='bbox 3505 3645 3612 3698; x_wconf 88' lang='lat' dir='ltr'><strong>quo</strong></span> 
     </span>
    </p>
   </div>
   <div class='ocr_carea' id='block_1_81' title="bbox 2017 3715 3612 3787">
    <p class='ocr_par' dir='ltr' id='par_1_81' title="bbox 2017 3715 3612 3787">
     <span class='ocr_line' id='line_1_81' title="bbox 2017 3715 3612 3787; baseline 0 -15"><span class='ocrx_word' id='word_1_635' title='bbox 2017 3717 2132 3774; x_wconf 84' lang='lat' dir='ltr'><strong>ait:</strong></span> <span class='ocrx_word' id='word_1_636' title='bbox 2168 3735 2187 3769; x_wconf 74' lang='grc' dir='ltr'>ί</span> <span class='ocrx_word' id='word_1_637' title='bbox 2222 3715 2434 3772; x_wconf 85' lang='lat' dir='ltr'><strong>Etenim</strong></span> <span class='ocrx_word' id='word_1_638' title='bbox 2468 3715 2768 3787; x_wconf 89' lang='lat' dir='ltr'><strong>perturbari</strong></span> <span class='ocrx_word' id='word_1_639' title='bbox 2800 3717 2978 3772; x_wconf 87' lang='lat' dir='ltr'><strong>carnis</strong></span> <span class='ocrx_word' id='word_1_640' title='bbox 3006 3718 3280 3786; x_wconf 90' lang='lat' dir='ltr'><strong>proprium</strong></span> <span class='ocrx_word' id='word_1_641' title='bbox 3313 3729 3427 3784; x_wconf 75' lang='lat' dir='ltr'><strong>est,</strong></span> <span class='ocrx_word' id='word_1_642' title='bbox 3463 3729 3612 3786; x_wconf 86' lang='lat' dir='ltr'><strong>pote-</strong></span> 
     </span>
    </p>
   </div>
   <div class='ocr_carea' id='block_1_82' title="bbox 2019 3810 3615 3880">
    <p class='ocr_par' dir='ltr' id='par_1_82' title="bbox 2019 3810 3615 3880">
     <span class='ocr_line' id='line_1_82' title="bbox 2019 3810 3615 3880; baseline 0 -15"><span class='ocrx_word' id='word_1_643' title='bbox 2019 3819 2216 3865; x_wconf 87' lang='lat' dir='ltr'><strong>statem</strong></span> <span class='ocrx_word' id='word_1_644' title='bbox 2261 3820 2438 3864; x_wconf 88' lang='lat' dir='ltr'><strong>autem</strong></span> <span class='ocrx_word' id='word_1_645' title='bbox 2482 3810 2682 3866; x_wconf 86' lang='lat' dir='ltr'><strong>habere</strong></span> <span class='ocrx_word' id='word_1_646' title='bbox 2716 3810 2948 3880; x_wconf 85' lang='lat' dir='ltr'><strong>ponendi</strong></span> <span class='ocrx_word' id='word_1_647' title='bbox 2995 3820 3047 3864; x_wconf 88' lang='lat' dir='ltr'><strong>et</strong></span> <span class='ocrx_word' id='word_1_648' title='bbox 3088 3810 3360 3877; x_wconf 90' lang='lat' dir='ltr'><strong>sumendi,</strong></span> <span class='ocrx_word' id='word_1_649' title='bbox 3402 3810 3615 3877; x_wconf 88' lang='lat' dir='ltr'><strong>quando</strong></span> 
     </span>
    </p>
   </div>
   <div class='ocr_carea' id='block_1_83' title="bbox 2020 3900 3613 3970">
    <p class='ocr_par' dir='ltr' id='par_1_83' title="bbox 2020 3900 3613 3970">
     <span class='ocr_line' id='line_1_83' title="bbox 2020 3900 3613 3970; baseline 0 -14"><span class='ocrx_word' id='word_1_650' title='bbox 2020 3901 2152 3968; x_wconf 91' lang='lat' dir='ltr'><strong>vult,</strong></span> <span class='ocrx_word' id='word_1_651' title='bbox 2191 3900 2448 3970; x_wconf 86' lang='lat' dir='ltr'><strong>animam,</strong></span> <span class='ocrx_word' id='word_1_652' title='bbox 2497 3915 2606 3956; x_wconf 90' lang='lat' dir='ltr'><strong>non</strong></span> <span class='ocrx_word' id='word_1_653' title='bbox 2655 3909 2736 3956; x_wconf 90' lang='lat' dir='ltr'><strong>est</strong></span> <span class='ocrx_word' id='word_1_654' title='bbox 2787 3901 2890 3955; x_wconf 87' lang='lat' dir='ltr'><strong>hoe</strong></span> <span class='ocrx_word' id='word_1_655' title='bbox 2929 3900 3202 3969; x_wconf 81' lang='lat' dir='ltr'><strong>proprium</strong></span> <span class='ocrx_word' id='word_1_656' title='bbox 3231 3901 3486 3966; x_wconf 88' lang='lat' dir='ltr'><strong>hominis,</strong></span> <span class='ocrx_word' id='word_1_657' title='bbox 3519 3903 3613 3956; x_wconf 88' lang='lat' dir='ltr'><strong>sed</strong></span> 
     </span>
    </p>
   </div>
   <div class='ocr_carea' id='block_1_84' title="bbox 2025 3993 3612 4063">
    <p class='ocr_par' dir='ltr' id='par_1_84' title="bbox 2025 3993 3612 4063">
     <span class='ocr_line' id='line_1_84' title="bbox 2025 3993 3612 4063; baseline -0.001 -13"><span class='ocrx_word' id='word_1_658' title='bbox 2025 3994 2182 4050; x_wconf 85' lang='lat' dir='ltr'><strong>Verbi</strong></span> <span class='ocrx_word' id='word_1_659' title='bbox 2209 3994 2418 4048; x_wconf 90' lang='lat' dir='ltr'><strong>virtutis</strong></span> <span class='ocrx_word' id='word_1_660' title='bbox 2441 4003 2544 4050; x_wconf 90' lang='lat' dir='ltr'><strong>est.</strong></span> <span class='ocrx_word' id='word_1_661' title='bbox 2581 4013 2601 4048; x_wconf 74' lang='grc' dir='ltr'><strong><em>ι</em></strong></span> <span class='ocrx_word' id='word_1_662' title='bbox 2635 3993 2770 4061; x_wconf 90' lang='lat' dir='ltr'><strong>Quid</strong></span> <span class='ocrx_word' id='word_1_663' title='bbox 2799 3994 2960 4063; x_wconf 83' lang='lat' dir='ltr'><strong>igitur</strong></span> <span class='ocrx_word' id='word_1_664' title='bbox 2989 3993 3063 4048; x_wconf 88' lang='lat' dir='ltr'><strong>lbi</strong></span> <span class='ocrx_word' id='word_1_665' title='bbox 3089 4009 3120 4050; x_wconf 90' lang='lat' dir='ltr'><strong>e</strong></span> <span class='ocrx_word' id='word_1_666' title='bbox 3144 3995 3436 4059; x_wconf 82' lang='lat' dir='ltr'><strong>contrario,</strong></span> <span class='ocrx_word' id='word_1_667' title='bbox 3462 3998 3612 4062; x_wconf 87' lang='lat' dir='ltr'><strong>quasi</strong></span> 
     </span>
    </p>
   </div>
   <div class='ocr_carea' id='block_1_85' title="bbox 2018 4085 3615 4158">
    <p class='ocr_par' dir='ltr' id='par_1_85' title="bbox 2018 4085 3615 4158">
     <span class='ocr_line' id='line_1_85' title="bbox 2018 4085 3615 4158; baseline 0.001 -18"><span class='ocrx_word' id='word_1_668' title='bbox 2018 4085 2219 4157; x_wconf 88' lang='lat' dir='ltr'><strong>aliquid</strong></span> <span class='ocrx_word' id='word_1_669' title='bbox 2264 4101 2536 4158; x_wconf 83' lang='lat' dir='ltr'><strong>magnum,</strong></span> <span class='ocrx_word' id='word_1_670' title='bbox 2569 4087 2754 4143; x_wconf 88' lang='lat' dir='ltr'><strong>dicunt</strong></span> <span class='ocrx_word' id='word_1_671' title='bbox 2799 4087 3016 4142; x_wconf 90' lang='lat' dir='ltr'><strong>beatum</strong></span> <span class='ocrx_word' id='word_1_672' title='bbox 3063 4087 3413 4143; x_wconf 81' lang='lat' dir='ltr'><strong>Athanasium</strong></span> <span class='ocrx_word' id='word_1_673' title='bbox 3443 4089 3495 4142; x_wconf 90' lang='lat' dir='ltr'><strong>in</strong></span> <span class='ocrx_word' id='word_1_674' title='bbox 3523 4103 3615 4142; x_wconf 85' lang='lat' dir='ltr'><strong>eo-</strong></span> 
     </span>
    </p>
   </div>
   <div class='ocr_carea' id='block_1_86' title="bbox 2021 4177 3612 4243">
    <p class='ocr_par' dir='ltr' id='par_1_86' title="bbox 2021 4177 3612 4243">
     <span class='ocr_line' id='line_1_86' title="bbox 2021 4177 3612 4243; baseline -0.001 -9"><span class='ocrx_word' id='word_1_675' title='bbox 2021 4179 2141 4234; x_wconf 89' lang='lat' dir='ltr'><strong>dem</strong></span> <span class='ocrx_word' id='word_1_676' title='bbox 2172 4180 2330 4234; x_wconf 91' lang='lat' dir='ltr'><strong>tertio</strong></span> <span class='ocrx_word' id='word_1_677' title='bbox 2356 4177 2854 4234; x_wconf 84' lang='lat' dir='ltr'><strong>adversusArianos</strong></span> <span class='ocrx_word' id='word_1_678' title='bbox 2879 4177 3036 4243; x_wconf 87' lang='lat' dir='ltr'><strong>libro,</strong></span> <span class='ocrx_word' id='word_1_679' title='bbox 3053 4177 3119 4234; x_wconf 91' lang='lat' dir='ltr'><strong>de</strong></span> <span class='ocrx_word' id='word_1_680' title='bbox 3138 4177 3355 4232; x_wconf 86' lang='lat' dir='ltr'><strong>Christo</strong></span> <span class='ocrx_word' id='word_1_681' title='bbox 3371 4177 3571 4232; x_wconf 78' lang='lat' dir='ltr'><strong>dixisse</strong></span> <span class='ocrx_word' id='word_1_682' title='bbox 3600 4195 3612 4231; x_wconf 88' lang='lat'><strong>:</strong></span> 
     </span>
    </p>
   </div>
   <div class='ocr_carea' id='block_1_87' title="bbox 2027 4266 3612 4336">
    <p class='ocr_par' dir='ltr' id='par_1_87' title="bbox 2027 4266 3612 4336">
     <span class='ocr_line' id='line_1_87' title="bbox 2027 4266 3612 4336; baseline 0 -14"><span class='ocrx_word' id='word_1_683' title='bbox 2027 4286 2047 4322; x_wconf 76' lang='grc' dir='ltr'>ι</span> <span class='ocrx_word' id='word_1_684' title='bbox 2085 4268 2254 4336; x_wconf 89' lang='lat' dir='ltr'><strong>Quem</strong></span> <span class='ocrx_word' id='word_1_685' title='bbox 2300 4269 2441 4322; x_wconf 89' lang='lat' dir='ltr'><strong>Deus</strong></span> <span class='ocrx_word' id='word_1_686' title='bbox 2481 4268 2724 4324; x_wconf 82' lang='lat' dir='ltr'><strong>existens</strong></span> <span class='ocrx_word' id='word_1_687' title='bbox 2772 4266 3108 4335; x_wconf 79' lang='lat' dir='ltr'><strong>formidaret,</strong></span> <span class='ocrx_word' id='word_1_688' title='bbox 3142 4276 3231 4321; x_wconf 87' lang='lat' dir='ltr'><strong>aut</strong></span> <span class='ocrx_word' id='word_1_689' title='bbox 3260 4281 3358 4321; x_wconf 89' lang='lat' dir='ltr'><strong>cur</strong></span> <span class='ocrx_word' id='word_1_690' title='bbox 3385 4277 3612 4322; x_wconf 83' lang='lat' dir='ltr'><strong>urnrtem</strong></span> 
     </span>
    </p>
   </div>
   <div class='ocr_carea' id='block_1_88' title="bbox 2024 4359 3616 4430">
    <p class='ocr_par' dir='ltr' id='par_1_88' title="bbox 2024 4359 3616 4430">
     <span class='ocr_line' id='line_1_88' title="bbox 2024 4359 3616 4430; baseline -0.003 -13"><span class='ocrx_word' id='word_1_691' title='bbox 2024 4361 2450 4429; x_wconf 86' lang='lat' dir='ltr'><strong>pertimesceret,</strong></span> <span class='ocrx_word' id='word_1_692' title='bbox 2472 4359 2600 4415; x_wconf 89' lang='lat' dir='ltr'><strong>dum</strong></span> <span class='ocrx_word' id='word_1_693' title='bbox 2630 4369 2774 4416; x_wconf 81' lang='lat' dir='ltr'><strong>esset</strong></span> <span class='ocrx_word' id='word_1_694' title='bbox 2799 4360 2914 4430; x_wconf 84' lang='lat' dir='ltr'><strong>ipse</strong></span> <span class='ocrx_word' id='word_1_695' title='bbox 2943 4361 3071 4428; x_wconf 87' lang='lat' dir='ltr'><strong>vita,</strong></span> <span class='ocrx_word' id='word_1_696' title='bbox 3103 4368 3157 4414; x_wconf 92' lang='lat' dir='ltr'><strong>et</strong></span> <span class='ocrx_word' id='word_1_697' title='bbox 3187 4360 3321 4415; x_wconf 92' lang='lat' dir='ltr'><strong>alios</strong></span> <span class='ocrx_word' id='word_1_698' title='bbox 3345 4375 3413 4415; x_wconf 81' lang='lat' dir='ltr'><strong>ex</strong></span> <span class='ocrx_word' id='word_1_699' title='bbox 3444 4373 3616 4414; x_wconf 89' lang='lat' dir='ltr'><strong>morte</strong></span> 
     </span>
    </p>
   </div>
   <div class='ocr_carea' id='block_1_89' title="bbox 2025 4451 3614 4522">
    <p class='ocr_par' dir='ltr' id='par_1_89' title="bbox 2025 4451 3614 4522">
     <span class='ocr_line' id='line_1_89' title="bbox 2025 4451 3614 4522; baseline 0.001 -16"><span class='ocrx_word' id='word_1_700' title='bbox 2025 4453 2290 4520; x_wconf 88' lang='lat' dir='ltr'><strong>liberans;</strong></span> <span class='ocrx_word' id='word_1_701' title='bbox 2333 4462 2424 4507; x_wconf 91' lang='lat' dir='ltr'><strong>aut</strong></span> <span class='ocrx_word' id='word_1_702' title='bbox 2463 4451 2732 4522; x_wconf 88' lang='lat' dir='ltr'><strong>quomodo</strong></span> <span class='ocrx_word' id='word_1_703' title='bbox 2769 4452 2956 4508; x_wconf 88' lang='lat' dir='ltr'><strong>dicens</strong></span> <span class='ocrx_word' id='word_1_704' title='bbox 2989 4470 3002 4506; x_wconf 90' lang='lat'><strong>:</strong></span> <span class='ocrx_word' id='word_1_705' title='bbox 3034 4452 3210 4508; x_wconf 81' lang='lat' dir='ltr'><strong>Nolite</strong></span> <span class='ocrx_word' id='word_1_706' title='bbox 3253 4453 3443 4508; x_wconf 89' lang='lat' dir='ltr'><strong>timere</strong></span> <span class='ocrx_word' id='word_1_707' title='bbox 3471 4454 3614 4507; x_wconf 78' lang='lat' dir='ltr'><strong>orci-</strong></span> 
     </span>
    </p>
   </div>
   <div class='ocr_carea' id='block_1_90' title="bbox 2025 4543 3617 4615">
    <p class='ocr_par' dir='ltr' id='par_1_90' title="bbox 2025 4543 3617 4615">
     <span class='ocr_line' id='line_1_90' title="bbox 2025 4543 3617 4615; baseline 0 -17"><span class='ocrx_word' id='word_1_708' title='bbox 2025 4545 2239 4599; x_wconf 86' lang='lat' dir='ltr'><strong>dentem</strong></span> <span class='ocrx_word' id='word_1_709' title='bbox 2281 4557 2507 4614; x_wconf 89' lang='lat' dir='ltr'><strong>corpus,</strong></span> <span class='ocrx_word' id='word_1_710' title='bbox 2555 4543 2671 4612; x_wconf 89' lang='lat' dir='ltr'><strong>ipse</strong></span> <span class='ocrx_word' id='word_1_711' title='bbox 2711 4543 3055 4600; x_wconf 81' lang='lat' dir='ltr'><strong>formidaret?</strong></span> <span class='ocrx_word' id='word_1_712' title='bbox 3101 4563 3121 4598; x_wconf 71' lang='grc' dir='ltr'><strong><em>ι</em></strong></span> <span class='ocrx_word' id='word_1_713' title='bbox 3171 4545 3469 4615; x_wconf 89' lang='lat' dir='ltr'><strong>lntelligant</strong></span> <span class='ocrx_word' id='word_1_714' title='bbox 3517 4546 3617 4598; x_wconf 86' lang='lat' dir='ltr'><strong>hoc</strong></span> 
     </span>
    </p>
   </div>
   <div class='ocr_carea' id='block_1_91' title="bbox 321 4632 3618 4708">
    <p class='ocr_par' dir='ltr' id='par_1_91' title="bbox 321 4632 3618 4708">
     <span class='ocr_line' id='line_1_91' title="bbox 321 4632 3618 4708; baseline 0 -18"><span class='ocrx_word' id='word_1_715' title='bbox 321 4637 438 4690; x_wconf 85' lang='lat' dir='ltr'><strong>bata</strong></span> <span class='ocrx_word' id='word_1_716' title='bbox 476 4647 552 4690; x_wconf 87' lang='lat' dir='ltr'><strong>est</strong></span> <span class='ocrx_word' id='word_1_717' title='bbox 595 4635 776 4707; x_wconf 84' lang='lat' dir='ltr'><strong>(Joan.</strong></span> <span class='ocrx_word' id='word_1_718' title='bbox 804 4652 899 4703; x_wconf 79' lang='lat' dir='ltr'><strong>xu,</strong></span> <span class='ocrx_word' id='word_1_719' title='bbox 925 4636 1039 4706; x_wconf 73' lang='grc'><strong>27).</strong></span> <span class='ocrx_word' id='word_1_720' title='bbox 1072 4634 1343 4703; x_wconf 87' lang='lat' dir='ltr'><strong>Alioquin,</strong></span> <span class='ocrx_word' id='word_1_721' title='bbox 1377 4633 1475 4686; x_wconf 91' lang='lat' dir='ltr'><strong>nisi</strong></span> <span class='ocrx_word' id='word_1_722' title='bbox 1507 4632 1607 4686; x_wconf 91' lang='lat' dir='ltr'><strong>hoc</strong></span> <span class='ocrx_word' id='word_1_723' title='bbox 1631 4640 1734 4696; x_wconf 89' lang='lat' dir='ltr'><strong>est,</strong></span> <span class='ocrx_word' id='word_1_724' title='bbox 1761 4647 1919 4700; x_wconf 91' lang='lat' dir='ltr'><strong>quam</strong></span> <span class='ocrx_word' id='word_1_725' title='bbox 1947 4647 2002 4708; x_wconf 76' lang='grc' dir='ltr'><strong>ι)</strong></span> <span class='ocrx_word' id='word_1_726' title='bbox 2027 4650 2147 4690; x_wconf 86' lang='lat' dir='ltr'><strong>eum</strong></span> <span class='ocrx_word' id='word_1_727' title='bbox 2198 4635 2490 4690; x_wconf 88' lang='lat' dir='ltr'><strong>secundum</strong></span> <span class='ocrx_word' id='word_1_728' title='bbox 2541 4635 2658 4704; x_wconf 86' lang='lat' dir='ltr'><strong>ejus</strong></span> <span class='ocrx_word' id='word_1_729' title='bbox 2714 4635 3048 4692; x_wconf 87' lang='lat' dir='ltr'><strong>divinitatem</strong></span> <span class='ocrx_word' id='word_1_730' title='bbox 3101 4636 3303 4692; x_wconf 82' lang='lat' dir='ltr'><strong>dixisse</strong></span> <span class='ocrx_word' id='word_1_731' title='bbox 3361 4637 3618 4690; x_wconf 87' lang='lat' dir='ltr'><strong>adversus</strong></span> 
     </span>
    </p>
   </div>
   <div class='ocr_carea' id='block_1_92' title="bbox 321 4726 1918 4800">
    <p class='ocr_par' dir='ltr' id='par_1_92' title="bbox 321 4726 1918 4800">
     <span class='ocr_line' id='line_1_92' title="bbox 321 4726 1918 4800; baseline -0.004 -16"><span class='ocrx_word' id='word_1_732' title='bbox 321 4731 760 4800; x_wconf 88' lang='lat' dir='ltr'><strong>consequentiam</strong></span> <span class='ocrx_word' id='word_1_733' title='bbox 808 4729 966 4785; x_wconf 86' lang='lat' dir='ltr'><strong>habet</strong></span> <span class='ocrx_word' id='word_1_734' title='bbox 1014 4728 1156 4797; x_wconf 88' lang='lat' dir='ltr'><strong>quod</strong></span> <span class='ocrx_word' id='word_1_735' title='bbox 1199 4726 1400 4782; x_wconf 76' lang='lat' dir='ltr'><strong>dictant</strong></span> <span class='ocrx_word' id='word_1_736' title='bbox 1443 4735 1548 4790; x_wconf 89' lang='lat' dir='ltr'><strong>est,</strong></span> <span class='ocrx_word' id='word_1_737' title='bbox 1594 4735 1646 4780; x_wconf 86' lang='lat' dir='ltr'><strong>et</strong></span> <span class='ocrx_word' id='word_1_738' title='bbox 1691 4726 1918 4797; x_wconf 85' lang='lat' dir='ltr'><strong>dicere:</strong></span> 
     </span>
    </p>
   </div>
   <div class='ocr_carea' id='block_1_93' title="bbox 325 4817 1921 4889">
    <p class='ocr_par' dir='ltr' id='par_1_93' title="bbox 325 4817 1921 4889">
     <span class='ocr_line' id='line_1_93' title="bbox 325 4817 1921 4889; baseline -0.003 -16"><span class='ocrx_word' id='word_1_739' title='bbox 325 4819 506 4885; x_wconf 61' lang='lat' dir='ltr'><strong>Pater,</strong></span> <span class='ocrx_word' id='word_1_740' title='bbox 548 4821 775 4889; x_wconf 78' lang='lat' dir='ltr'><strong>salviﬁca</strong></span> <span class='ocrx_word' id='word_1_741' title='bbox 808 4836 890 4874; x_wconf 90' lang='lat' dir='ltr'><strong>me</strong></span> <span class='ocrx_word' id='word_1_742' title='bbox 917 4835 983 4873; x_wconf 78' lang='lat' dir='ltr'><strong>ea:</strong></span> <span class='ocrx_word' id='word_1_743' title='bbox 1011 4820 1107 4872; x_wconf 81' lang='lat' dir='ltr'><strong>hac</strong></span> <span class='ocrx_word' id='word_1_744' title='bbox 1137 4818 1302 4872; x_wconf 83' lang='lat' dir='ltr'><strong>hora?</strong></span> <span class='ocrx_word' id='word_1_745' title='bbox 1325 4818 1405 4872; x_wconf 86' lang='lat' dir='ltr'><strong>sic</strong></span> <span class='ocrx_word' id='word_1_746' title='bbox 1431 4817 1752 4885; x_wconf 84' lang='lat' dir='ltr'><strong>perturbari,</strong></span> <span class='ocrx_word' id='word_1_747' title='bbox 1785 4825 1842 4869; x_wconf 93' lang='lat' dir='ltr'><strong>ut</strong></span> <span class='ocrx_word' id='word_1_748' title='bbox 1868 4825 1921 4871; x_wconf 89' lang='lat' dir='ltr'><strong>et</strong></span> 
     </span>
    </p>
   </div>
   <div class='ocr_carea' id='block_1_94' title="bbox 328 4908 1920 4984">
    <p class='ocr_par' dir='ltr' id='par_1_94' title="bbox 328 4908 1920 4984">
     <span class='ocr_line' id='line_1_94' title="bbox 328 4908 1920 4984; baseline -0.004 -14"><span class='ocrx_word' id='word_1_749' title='bbox 328 4915 705 4970; x_wconf 75' lang='lat' dir='ltr'><strong>lberationem</strong></span> <span class='ocrx_word' id='word_1_750' title='bbox 750 4925 1049 4984; x_wconf 82' lang='lat' dir='ltr'><strong>quaereret,</strong></span> <span class='ocrx_word' id='word_1_751' title='bbox 1099 4913 1143 4966; x_wconf 89' lang='lat' dir='ltr'><strong>si</strong></span> <span class='ocrx_word' id='word_1_752' title='bbox 1193 4910 1408 4980; x_wconf 89' lang='lat' dir='ltr'><strong>quidem</strong></span> <span class='ocrx_word' id='word_1_753' title='bbox 1454 4918 1601 4965; x_wconf 88' lang='lat' dir='ltr'><strong>esset</strong></span> <span class='ocrx_word' id='word_1_754' title='bbox 1647 4908 1920 4980; x_wconf 67' lang='lat' dir='ltr'><strong>effugere?</strong></span> 
     </span>
    </p>
   </div>
   <div class='ocr_carea' id='block_1_95' title="bbox 326 5001 1920 5066">
    <p class='ocr_par' dir='ltr' id='par_1_95' title="bbox 326 5001 1920 5066">
     <span class='ocr_line' id='line_1_95' title="bbox 326 5001 1920 5066; baseline -0.004 -6"><span class='ocrx_word' id='word_1_755' title='bbox 326 5005 452 5062; x_wconf 79' lang='lat' dir='ltr'><strong>lla-c</strong></span> <span class='ocrx_word' id='word_1_756' title='bbox 500 5017 704 5061; x_wconf 72' lang='lat' dir='ltr'><strong>natura:</strong></span> <span class='ocrx_word' id='word_1_757' title='bbox 751 5007 999 5061; x_wconf 74' lang='lat' dir='ltr'><strong>humana:</strong></span> <span class='ocrx_word' id='word_1_758' title='bbox 1031 5002 1356 5057; x_wconf 82' lang='lat' dir='ltr'><strong>inﬁrmitatis</strong></span> <span class='ocrx_word' id='word_1_759' title='bbox 1380 5009 1526 5066; x_wconf 87' lang='lat' dir='ltr'><strong>sunt,</strong></span> <span class='ocrx_word' id='word_1_760' title='bbox 1557 5001 1650 5055; x_wconf 89' lang='lat' dir='ltr'><strong>sed</strong></span> <span class='ocrx_word' id='word_1_761' title='bbox 1684 5017 1790 5054; x_wconf 91' lang='lat' dir='ltr'><strong>non</strong></span> <span class='ocrx_word' id='word_1_762' title='bbox 1825 5001 1920 5055; x_wconf 87' lang='lat' dir='ltr'><strong>ha-</strong></span> 
     </span>
    </p>
   </div>
   <div class='ocr_carea' id='block_1_96' title="bbox 325 5094 1919 5167">
    <p class='ocr_par' dir='ltr' id='par_1_96' title="bbox 325 5094 1919 5167">
     <span class='ocr_line' id='line_1_96' title="bbox 325 5094 1919 5167; baseline -0.004 -15"><span class='ocrx_word' id='word_1_763' title='bbox 325 5096 427 5152; x_wconf 84' lang='lat' dir='ltr'><strong>beo</strong></span> <span class='ocrx_word' id='word_1_764' title='bbox 464 5098 587 5167; x_wconf 81' lang='lat' dir='ltr'><strong>quid</strong></span> <span class='ocrx_word' id='word_1_765' title='bbox 633 5099 821 5162; x_wconf 84' lang='lat' dir='ltr'><strong>dicam,</strong></span> <span class='ocrx_word' id='word_1_766' title='bbox 861 5097 1054 5166; x_wconf 89' lang='lat' dir='ltr'><strong>inquit,</strong></span> <span class='ocrx_word' id='word_1_767' title='bbox 1103 5094 1472 5151; x_wconf 90' lang='lat' dir='ltr'><strong>liberationem</strong></span> <span class='ocrx_word' id='word_1_768' title='bbox 1506 5107 1770 5161; x_wconf 87' lang='lat' dir='ltr'><strong>poscens:</strong></span> <span class='ocrx_word' id='word_1_769' title='bbox 1799 5109 1919 5163; x_wconf 86' lang='lat' dir='ltr'><strong>pro-</strong></span> 
     </span>
    </p>
   </div>
   <div class='ocr_carea' id='block_1_97' title="bbox 326 5183 1919 5257">
    <p class='ocr_par' dir='ltr' id='par_1_97' title="bbox 326 5183 1919 5257">
     <span class='ocr_line' id='line_1_97' title="bbox 326 5183 1919 5257; baseline -0.001 -17"><span class='ocrx_word' id='word_1_770' title='bbox 326 5199 435 5257; x_wconf 86' lang='lat' dir='ltr'><strong>pter</strong></span> <span class='ocrx_word' id='word_1_771' title='bbox 458 5190 553 5242; x_wconf 83' lang='lat' dir='ltr'><strong>ltoc</strong></span> <span class='ocrx_word' id='word_1_772' title='bbox 580 5190 603 5221; x_wconf 82' lang='grc'>⁸</span> <span class='ocrx_word' id='word_1_773' title='bbox 633 5191 744 5242; x_wconf 79' lang='lat' dir='ltr'><strong>veni</strong></span> <span class='ocrx_word' id='word_1_774' title='bbox 788 5191 841 5243; x_wconf 86' lang='lat' dir='ltr'><strong>in</strong></span> <span class='ocrx_word' id='word_1_775' title='bbox 887 5189 1066 5241; x_wconf 84' lang='lat' dir='ltr'><strong>horam</strong></span> <span class='ocrx_word' id='word_1_776' title='bbox 1094 5186 1261 5251; x_wconf 83' lang='lat' dir='ltr'><strong>hanc;</strong></span> <span class='ocrx_word' id='word_1_777' title='bbox 1284 5184 1436 5254; x_wconf 83' lang='lat' dir='ltr'><strong>quasi</strong></span> <span class='ocrx_word' id='word_1_778' title='bbox 1465 5183 1668 5238; x_wconf 87' lang='lat' dir='ltr'><strong>diceret</strong></span> <span class='ocrx_word' id='word_1_779' title='bbox 1697 5199 1713 5238; x_wconf 88' lang='lat'><strong>:</strong></span> <span class='ocrx_word' id='word_1_780' title='bbox 1750 5183 1841 5237; x_wconf 85' lang='lat' dir='ltr'><strong>Vel</strong></span> <span class='ocrx_word' id='word_1_781' title='bbox 1873 5184 1919 5238; x_wconf 87' lang='lat' dir='ltr'><strong>si</strong></span> 
     </span>
    </p>
   </div>
   <div class='ocr_carea' id='block_1_98' title="bbox 327 5273 1918 5349">
    <p class='ocr_par' dir='ltr' id='par_1_98' title="bbox 327 5273 1918 5349">
     <span class='ocr_line' id='line_1_98' title="bbox 327 5273 1918 5349; baseline -0.002 -15"><span class='ocrx_word' id='word_1_782' title='bbox 327 5281 604 5336; x_wconf 80' lang='lat' dir='ltr'><strong>turbamur</strong></span> <span class='ocrx_word' id='word_1_783' title='bbox 645 5294 709 5336; x_wconf 88' lang='lat' dir='ltr'><strong>ac</strong></span> <span class='ocrx_word' id='word_1_784' title='bbox 755 5279 1158 5349; x_wconf 87' lang='lat' dir='ltr'><strong>perturbamur,</strong></span> <span class='ocrx_word' id='word_1_785' title='bbox 1209 5291 1316 5330; x_wconf 92' lang='lat' dir='ltr'><strong>non</strong></span> <span class='ocrx_word' id='word_1_786' title='bbox 1363 5273 1629 5344; x_wconf 82' lang='lat' dir='ltr'><strong>fugiamus</strong></span> <span class='ocrx_word' id='word_1_787' title='bbox 1669 5283 1918 5331; x_wconf 89' lang='lat' dir='ltr'><strong>mortem.</strong></span> 
     </span>
    </p>
   </div>
   <div class='ocr_carea' id='block_1_99' title="bbox 325 5365 1914 5442">
    <p class='ocr_par' dir='ltr' id='par_1_99' title="bbox 325 5365 1914 5442">
     <span class='ocr_line' id='line_1_99' title="bbox 325 5365 1914 5442; baseline -0.003 -18"><span class='ocrx_word' id='word_1_788' title='bbox 325 5370 456 5425; x_wconf 75' lang='lat' dir='ltr'><strong>Nam</strong></span> <span class='ocrx_word' id='word_1_789' title='bbox 485 5386 532 5428; x_wconf 71' lang='lat' dir='ltr'><strong>et</strong></span> <span class='ocrx_word' id='word_1_790' title='bbox 581 5387 680 5442; x_wconf 86' lang='lat' dir='ltr'><strong>ego</strong></span> <span class='ocrx_word' id='word_1_791' title='bbox 716 5387 856 5428; x_wconf 91' lang='lat' dir='ltr'><strong>nunc</strong></span> <span class='ocrx_word' id='word_1_792' title='bbox 888 5371 1252 5440; x_wconf 88' lang='lat' dir='ltr'><strong>perturbatus,</strong></span> <span class='ocrx_word' id='word_1_793' title='bbox 1298 5382 1405 5421; x_wconf 88' lang='lat' dir='ltr'><strong>non</strong></span> <span class='ocrx_word' id='word_1_794' title='bbox 1452 5365 1572 5420; x_wconf 91' lang='lat' dir='ltr'><strong>dico</strong></span> <span class='ocrx_word' id='word_1_795' title='bbox 1602 5374 1658 5419; x_wconf 91' lang='lat' dir='ltr'><strong>ut</strong></span> <span class='ocrx_word' id='word_1_796' title='bbox 1689 5366 1914 5434; x_wconf 86' lang='lat' dir='ltr'><strong>fugiam;</strong></span> 
     </span>
    </p>
   </div>
   <div class='ocr_carea' id='block_1_100' title="bbox 325 5456 1918 5538">
    <p class='ocr_par' dir='ltr' id='par_1_100' title="bbox 325 5456 1918 5538">
     <span class='ocr_line' id='line_1_100' title="bbox 325 5456 1918 5538; baseline -0.001 -23"><span class='ocrx_word' id='word_1_797' title='bbox 325 5461 482 5519; x_wconf 86' lang='lat' dir='ltr'><strong>decet</strong></span> <span class='ocrx_word' id='word_1_798' title='bbox 509 5465 651 5517; x_wconf 88' lang='lat' dir='ltr'><strong>enim</strong></span> <span class='ocrx_word' id='word_1_799' title='bbox 683 5463 824 5519; x_wconf 83' lang='lat' dir='ltr'><strong>ferre</strong></span> <span class='ocrx_word' id='word_1_800' title='bbox 855 5462 994 5533; x_wconf 92' lang='lat' dir='ltr'><strong>quod</strong></span> <span class='ocrx_word' id='word_1_801' title='bbox 1027 5460 1360 5538; x_wconf 84' lang='lat' dir='ltr'><strong>supervenit.</strong></span> <span class='ocrx_word' id='word_1_802' title='bbox 1392 5459 1508 5512; x_wconf 81' lang='lat' dir='ltr'><strong>Non</strong></span> <span class='ocrx_word' id='word_1_803' title='bbox 1534 5457 1654 5511; x_wconf 90' lang='lat' dir='ltr'><strong>dico</strong></span> <span class='ocrx_word' id='word_1_804' title='bbox 1681 5474 1692 5510; x_wconf 87' lang='lat'><strong>:</strong></span> <span class='ocrx_word' id='word_1_805' title='bbox 1726 5456 1918 5513; x_wconf 86' lang='lat' dir='ltr'><strong>Libera</strong></span> 
     </span>
    </p>
   </div>
   <div class='ocr_carea' id='block_1_101' title="bbox 329 5548 1911 5622">
    <p class='ocr_par' dir='ltr' id='par_1_101' title="bbox 329 5548 1911 5622">
     <span class='ocr_line' id='line_1_101' title="bbox 329 5548 1911 5622; baseline -0.003 -14"><span class='ocrx_word' id='word_1_806' title='bbox 329 5571 413 5608; x_wconf 85' lang='lat' dir='ltr'><strong>tne</strong></span> <span class='ocrx_word' id='word_1_807' title='bbox 454 5571 518 5609; x_wconf 80' lang='lat' dir='ltr'><strong>ex</strong></span> <span class='ocrx_word' id='word_1_808' title='bbox 557 5555 684 5609; x_wconf 90' lang='lat' dir='ltr'><strong>hora</strong></span> <span class='ocrx_word' id='word_1_809' title='bbox 719 5555 847 5619; x_wconf 86' lang='lat' dir='ltr'><strong>hac;</strong></span> <span class='ocrx_word' id='word_1_810' title='bbox 881 5555 973 5609; x_wconf 88' lang='lat' dir='ltr'><strong>sed</strong></span> <span class='ocrx_word' id='word_1_811' title='bbox 1016 5552 1178 5622; x_wconf 87' lang='lat' dir='ltr'><strong>quid?</strong></span> <span class='ocrx_word' id='word_1_812' title='bbox 1210 5551 1386 5617; x_wconf 86' lang='lat' dir='ltr'><strong>Pater,</strong></span> <span class='ocrx_word' id='word_1_813' title='bbox 1421 5549 1654 5620; x_wconf 78' lang='lat' dir='ltr'><strong>glori/ica</strong></span> <span class='ocrx_word' id='word_1_814' title='bbox 1681 5548 1700 5579; x_wconf 84' lang='grc'><em>³</em></span> <span class='ocrx_word' id='word_1_815' title='bbox 1729 5565 1911 5605; x_wconf 79' lang='lat' dir='ltr'><strong>nomen</strong></span> 
     </span>
    </p>
   </div>
   <div class='ocr_carea' id='block_1_102' title="bbox 398 5771 1909 5839">
    <p class='ocr_par' dir='ltr' id='par_1_102' title="bbox 398 5771 1909 5839">
     <span class='ocr_line' id='line_1_102' title="bbox 398 5771 1909 5839; baseline -0.007 -5"><span class='ocrx_word' id='word_1_816' title='bbox 398 5782 412 5812; x_wconf 83' lang='lat'>&#39;</span> <span class='ocrx_word' id='word_1_817' title='bbox 439 5779 800 5836; x_wconf 77' lang='lat' dir='ltr'><strong>Cod.\&#39;erun.,</strong></span> <span class='ocrx_word' id='word_1_818' title='bbox 821 5787 990 5829; x_wconf 60' lang='lat' dir='ltr'><strong>etnon</strong></span> <span class='ocrx_word' id='word_1_819' title='bbox 1009 5777 1139 5828; x_wconf 71' lang='lat' dir='ltr'><strong>mori</strong></span> <span class='ocrx_word' id='word_1_820' title='bbox 1166 5772 1372 5833; x_wconf 68' lang='lat' dir='ltr'><strong>nollent,</strong></span> <span class='ocrx_word' id='word_1_821' title='bbox 1397 5772 1440 5822; x_wconf 72' lang='lat' dir='ltr'><strong>si</strong></span> <span class='ocrx_word' id='word_1_822' title='bbox 1465 5771 1576 5837; x_wconf 73' lang='lat' dir='ltr'><strong>[itri</strong></span> <span class='ocrx_word' id='word_1_823' title='bbox 1595 5782 1780 5839; x_wconf 71' lang='lat' dir='ltr'><strong>posset,</strong></span> <span class='ocrx_word' id='word_1_824' title='bbox 1806 5783 1909 5826; x_wconf 80' lang='lat' dir='ltr'><strong>etc.</strong></span> 
     </span>
    </p>
   </div>
   <div class='ocr_carea' id='block_1_103' title="bbox 396 5846 1414 5919">
    <p class='ocr_par' dir='ltr' id='par_1_103' title="bbox 396 5846 1414 5919">
     <span class='ocr_line' id='line_1_103' title="bbox 396 5846 1414 5919; baseline -0.01 -14"><span class='ocrx_word' id='word_1_825' title='bbox 396 5854 422 5885; x_wconf 76' lang='grc' dir='ltr'>ι</span> <span class='ocrx_word' id='word_1_826' title='bbox 440 5849 582 5908; x_wconf 82' lang='lat' dir='ltr'><strong>idem</strong></span> <span class='ocrx_word' id='word_1_827' title='bbox 609 5851 754 5916; x_wconf 73' lang='lat' dir='ltr'><strong>cod,</strong></span> <span class='ocrx_word' id='word_1_828' title='bbox 784 5858 986 5919; x_wconf 60' lang='lat' dir='ltr'><strong>propter</strong></span> <span class='ocrx_word' id='word_1_829' title='bbox 1013 5846 1106 5900; x_wconf 73' lang='lat' dir='ltr'><strong>hoc</strong></span> <span class='ocrx_word' id='word_1_830' title='bbox 1130 5846 1282 5909; x_wconf 78' lang='lat' dir='ltr'><strong>enim,</strong></span> <span class='ocrx_word' id='word_1_831' title='bbox 1310 5857 1414 5900; x_wconf 85' lang='lat' dir='ltr'><strong>etc.</strong></span> 
     </span>
    </p>
   </div>
   <div class='ocr_carea' id='block_1_104' title="bbox 2025 4725 3665 4794">
    <p class='ocr_par' dir='ltr' id='par_1_104' title="bbox 2025 4725 3665 4794">
     <span class='ocr_line' id='line_1_104' title="bbox 2025 4725 3665 4794; baseline -0.003 -11"><span class='ocrx_word' id='word_1_832' title='bbox 2025 4726 2277 4790; x_wconf 86' lang='lat' dir='ltr'><strong>Arianos,</strong></span> <span class='ocrx_word' id='word_1_833' title='bbox 2303 4725 2393 4794; x_wconf 91' lang='lat' dir='ltr'><strong>qui</strong></span> <span class='ocrx_word' id='word_1_834' title='bbox 2421 4739 2483 4779; x_wconf 91' lang='lat' dir='ltr'><strong>ea</strong></span> <span class='ocrx_word' id='word_1_835' title='bbox 2516 4739 2636 4794; x_wconf 66' lang='lat' dir='ltr'><strong>quae</strong></span> <span class='ocrx_word' id='word_1_836' title='bbox 2667 4725 3014 4781; x_wconf 88' lang='lat' dir='ltr'><strong>humanitatis</strong></span> <span class='ocrx_word' id='word_1_837' title='bbox 3044 4726 3254 4782; x_wconf 88' lang='lat' dir='ltr'><strong>fuerant</strong></span> <span class='ocrx_word' id='word_1_838' title='bbox 3278 4726 3344 4781; x_wconf 86' lang='lat' dir='ltr'><strong>ad</strong></span> <span class='ocrx_word' id='word_1_839' title='bbox 3370 4726 3619 4781; x_wconf 74' lang='lat' dir='ltr'><strong>divinita-</strong></span> <span class='ocrx_word' id='word_1_840' title='bbox 3663 4770 3665 4772; x_wconf 92' lang='lat'><strong>.</strong></span> 
     </span>
    </p>
   </div>
   <div class='ocr_carea' id='block_1_105' title="bbox 2026 4815 3616 4888">
    <p class='ocr_par' dir='ltr' id='par_1_105' title="bbox 2026 4815 3616 4888">
     <span class='ocr_line' id='line_1_105' title="bbox 2026 4815 3616 4888; baseline -0.001 -17"><span class='ocrx_word' id='word_1_841' title='bbox 2026 4818 2093 4871; x_wconf 92' lang='lat' dir='ltr'><strong>tis</strong></span> <span class='ocrx_word' id='word_1_842' title='bbox 2127 4815 2247 4886; x_wconf 86' lang='lat' dir='ltr'><strong>ejus</strong></span> <span class='ocrx_word' id='word_1_843' title='bbox 2284 4815 2531 4886; x_wconf 90' lang='lat' dir='ltr'><strong>injuriam</strong></span> <span class='ocrx_word' id='word_1_844' title='bbox 2577 4817 2989 4873; x_wconf 75' lang='lat' dir='ltr'><strong>transferebant.</strong></span> <span class='ocrx_word' id='word_1_845' title='bbox 3024 4818 3156 4873; x_wconf 85' lang='lat' dir='ltr'><strong>Nam</strong></span> <span class='ocrx_word' id='word_1_846' title='bbox 3199 4817 3471 4888; x_wconf 88' lang='lat' dir='ltr'><strong>quomodo</strong></span> <span class='ocrx_word' id='word_1_847' title='bbox 3508 4831 3616 4870; x_wconf 89' lang='lat' dir='ltr'><strong>non</strong></span> 
     </span>
    </p>
   </div>
   <div class='ocr_carea' id='block_1_106' title="bbox 2023 4906 3618 4978">
    <p class='ocr_par' dir='ltr' id='par_1_106' title="bbox 2023 4906 3618 4978">
     <span class='ocr_line' id='line_1_106' title="bbox 2023 4906 3618 4978; baseline -0.001 -18"><span class='ocrx_word' id='word_1_848' title='bbox 2023 4907 2194 4960; x_wconf 89' lang='lat' dir='ltr'><strong>solum</strong></span> <span class='ocrx_word' id='word_1_849' title='bbox 2228 4907 2278 4960; x_wconf 92' lang='lat' dir='ltr'><strong>in</strong></span> <span class='ocrx_word' id='word_1_850' title='bbox 2319 4906 2508 4963; x_wconf 79' lang='lat' dir='ltr'><strong>eodem</strong></span> <span class='ocrx_word' id='word_1_851' title='bbox 2554 4921 2736 4978; x_wconf 90' lang='lat' dir='ltr'><strong>opere,</strong></span> <span class='ocrx_word' id='word_1_852' title='bbox 2783 4909 2878 4964; x_wconf 90' lang='lat' dir='ltr'><strong>sed</strong></span> <span class='ocrx_word' id='word_1_853' title='bbox 2929 4909 2982 4964; x_wconf 92' lang='lat' dir='ltr'><strong>in</strong></span> <span class='ocrx_word' id='word_1_854' title='bbox 3029 4908 3217 4964; x_wconf 87' lang='lat' dir='ltr'><strong>eodem</strong></span> <span class='ocrx_word' id='word_1_855' title='bbox 3270 4911 3433 4963; x_wconf 66' lang='lat' dir='ltr'><strong>etiam</strong></span> <span class='ocrx_word' id='word_1_856' title='bbox 3481 4908 3618 4962; x_wconf 86' lang='lat' dir='ltr'><strong>libro</strong></span> 
     </span>
    </p>
   </div>
   <div class='ocr_carea' id='block_1_107' title="bbox 2025 4998 3613 5065">
    <p class='ocr_par' dir='ltr' id='par_1_107' title="bbox 2025 4998 3613 5065">
     <span class='ocr_line' id='line_1_107' title="bbox 2025 4998 3613 5065; baseline -0.001 -12"><span class='ocrx_word' id='word_1_857' title='bbox 2025 5007 2311 5065; x_wconf 85' lang='lat' dir='ltr'><strong>utrumque</strong></span> <span class='ocrx_word' id='word_1_858' title='bbox 2340 4998 2575 5054; x_wconf 76' lang='lat' dir='ltr'><strong>diceret?</strong></span> <span class='ocrx_word' id='word_1_859' title='bbox 2614 5000 2716 5054; x_wconf 86' lang='lat' dir='ltr'><strong>nisi</strong></span> <span class='ocrx_word' id='word_1_860' title='bbox 2758 4999 2905 5055; x_wconf 52' lang='lat' dir='ltr'><strong>forte.</strong></span> <span class='ocrx_word' id='word_1_861' title='bbox 2941 5001 3172 5055; x_wconf 87' lang='lat' dir='ltr'><strong>similem</strong></span> <span class='ocrx_word' id='word_1_862' title='bbox 3217 5001 3350 5054; x_wconf 84' lang='lat' dir='ltr'><strong>istis</strong></span> <span class='ocrx_word' id='word_1_863' title='bbox 3373 4999 3613 5054; x_wconf 83' lang='lat' dir='ltr'><strong>Athana-</strong></span> 
     </span>
    </p>
   </div>
   <div class='ocr_carea' id='block_1_108' title="bbox 2028 5091 3616 5161">
    <p class='ocr_par' dir='ltr' id='par_1_108' title="bbox 2028 5091 3616 5161">
     <span class='ocr_line' id='line_1_108' title="bbox 2028 5091 3616 5161; baseline 0.002 -15"><span class='ocrx_word' id='word_1_864' title='bbox 2028 5091 2166 5146; x_wconf 85' lang='lat' dir='ltr'><strong>simu</strong></span> <span class='ocrx_word' id='word_1_865' title='bbox 2193 5091 2483 5156; x_wconf 83' lang='lat' dir='ltr'><strong>credimus,</strong></span> <span class='ocrx_word' id='word_1_866' title='bbox 2517 5099 2574 5146; x_wconf 92' lang='lat' dir='ltr'><strong>ut</strong></span> <span class='ocrx_word' id='word_1_867' title='bbox 2605 5093 2636 5159; x_wconf 81' lang='grc' dir='ltr'><strong>ἰ,</strong></span> <span class='ocrx_word' id='word_1_868' title='bbox 2659 5107 2716 5147; x_wconf 84' lang='lat' dir='ltr'><strong>se</strong></span> <span class='ocrx_word' id='word_1_869' title='bbox 2748 5108 2960 5161; x_wconf 87' lang='lat' dir='ltr'><strong>quoque</strong></span> <span class='ocrx_word' id='word_1_870' title='bbox 2982 5094 3188 5146; x_wconf 89' lang='lat' dir='ltr'><strong>dicatur</strong></span> <span class='ocrx_word' id='word_1_871' title='bbox 3215 5094 3285 5146; x_wconf 89' lang='lat' dir='ltr'><strong>ita</strong></span> <span class='ocrx_word' id='word_1_872' title='bbox 3319 5093 3420 5148; x_wconf 88' lang='lat' dir='ltr'><strong>sibi</strong></span> <span class='ocrx_word' id='word_1_873' title='bbox 3451 5093 3616 5149; x_wconf 85' lang='lat' dir='ltr'><strong>fuisse</strong></span> 
     </span>
    </p>
   </div>
   <div class='ocr_carea' id='block_1_109' title="bbox 2029 5182 3614 5240">
    <p class='ocr_par' dir='ltr' id='par_1_109' title="bbox 2029 5182 3614 5240">
     <span class='ocr_line' id='line_1_109' title="bbox 2029 5182 3614 5240; baseline 0.001 -2"><span class='ocrx_word' id='word_1_874' title='bbox 2029 5183 2350 5238; x_wconf 89' lang='lat' dir='ltr'><strong>contrarius.</strong></span> <span class='ocrx_word' id='word_1_875' title='bbox 2392 5183 2507 5237; x_wconf 87' lang='lat' dir='ltr'><strong>lloc</strong></span> <span class='ocrx_word' id='word_1_876' title='bbox 2548 5192 2601 5237; x_wconf 86' lang='lat' dir='ltr'><strong>et</strong></span> <span class='ocrx_word' id='word_1_877' title='bbox 2641 5183 2707 5237; x_wconf 89' lang='lat' dir='ltr'><strong>de</strong></span> <span class='ocrx_word' id='word_1_878' title='bbox 2752 5185 2978 5238; x_wconf 86' lang='lat' dir='ltr'><strong>aliorum</strong></span> <span class='ocrx_word' id='word_1_879' title='bbox 3031 5182 3348 5238; x_wconf 89' lang='lat' dir='ltr'><strong>testimoniis</strong></span> <span class='ocrx_word' id='word_1_880' title='bbox 3397 5183 3614 5240; x_wconf 87' lang='lat' dir='ltr'><strong>Patrum</strong></span> 
     </span>
    </p>
   </div>
   <div class='ocr_carea' id='block_1_110' title="bbox 2028 5275 3616 5350">
    <p class='ocr_par' dir='ltr' id='par_1_110' title="bbox 2028 5275 3616 5350">
     <span class='ocr_line' id='line_1_110' title="bbox 2028 5275 3616 5350; baseline 0.002 -20"><span class='ocrx_word' id='word_1_881' title='bbox 2028 5275 2258 5332; x_wconf 83' lang='lat' dir='ltr'><strong>dixerim</strong></span> <span class='ocrx_word' id='word_1_882' title='bbox 2295 5291 2413 5346; x_wconf 80' lang='lat' dir='ltr'><strong>qua:</strong></span> <span class='ocrx_word' id='word_1_883' title='bbox 2458 5275 2528 5329; x_wconf 91' lang='lat' dir='ltr'><strong>ibi</strong></span> <span class='ocrx_word' id='word_1_884' title='bbox 2564 5290 2623 5330; x_wconf 93' lang='lat' dir='ltr'><strong>se</strong></span> <span class='ocrx_word' id='word_1_885' title='bbox 2661 5277 3222 5346; x_wconf 80' lang='lat' dir='ltr'><strong>congessisseeontra</strong></span> <span class='ocrx_word' id='word_1_886' title='bbox 3248 5279 3616 5350; x_wconf 81' lang='lat' dir='ltr'><strong>evangelieam</strong></span> 
     </span>
    </p>
   </div>
   <div class='ocr_carea' id='block_1_111' title="bbox 2028 5369 3616 5442">
    <p class='ocr_par' dir='ltr' id='par_1_111' title="bbox 2028 5369 3616 5442">
     <span class='ocr_line' id='line_1_111' title="bbox 2028 5369 3616 5442; baseline 0.004 -21"><span class='ocrx_word' id='word_1_887' title='bbox 2028 5369 2355 5426; x_wconf 90' lang='lat' dir='ltr'><strong>sententiam</strong></span> <span class='ocrx_word' id='word_1_888' title='bbox 2382 5371 2697 5440; x_wconf 87' lang='lat' dir='ltr'><strong>gloriantur.</strong></span> <span class='ocrx_word' id='word_1_889' title='bbox 2723 5371 2856 5425; x_wconf 88' lang='lat' dir='ltr'><strong>Sunt</strong></span> <span class='ocrx_word' id='word_1_890' title='bbox 2885 5380 2939 5426; x_wconf 88' lang='lat' dir='ltr'><strong>et</strong></span> <span class='ocrx_word' id='word_1_891' title='bbox 2976 5372 3075 5428; x_wconf 76' lang='lat' dir='ltr'><strong>alia</strong></span> <span class='ocrx_word' id='word_1_892' title='bbox 3109 5375 3271 5429; x_wconf 88' lang='lat' dir='ltr'><strong>multa</strong></span> <span class='ocrx_word' id='word_1_893' title='bbox 3300 5374 3354 5429; x_wconf 89' lang='lat' dir='ltr'><strong>in</strong></span> <span class='ocrx_word' id='word_1_894' title='bbox 3379 5375 3495 5442; x_wconf 86' lang='lat' dir='ltr'><strong>ipso</strong></span> <span class='ocrx_word' id='word_1_895' title='bbox 3515 5389 3616 5430; x_wconf 80' lang='lat' dir='ltr'><strong>eo-</strong></span> 
     </span>
    </p>
   </div>
   <div class='ocr_carea' id='block_1_112' title="bbox 2025 5459 3612 5535">
    <p class='ocr_par' dir='ltr' id='par_1_112' title="bbox 2025 5459 3612 5535">
     <span class='ocr_line' id='line_1_112' title="bbox 2025 5459 3612 5535; baseline 0.003 -22"><span class='ocrx_word' id='word_1_896' title='bbox 2025 5473 2143 5513; x_wconf 89' lang='lat' dir='ltr'><strong>rum</strong></span> <span class='ocrx_word' id='word_1_897' title='bbox 2169 5459 2308 5516; x_wconf 89' lang='lat' dir='ltr'><strong>libro</strong></span> <span class='ocrx_word' id='word_1_898' title='bbox 2327 5461 2519 5532; x_wconf 87' lang='lat' dir='ltr'><strong>quibus</strong></span> <span class='ocrx_word' id='word_1_899' title='bbox 2548 5462 2864 5532; x_wconf 74' lang='lat' dir='ltr'><strong>semetipsms</strong></span> <span class='ocrx_word' id='word_1_900' title='bbox 2896 5465 3227 5535; x_wconf 79' lang='lat' dir='ltr'><strong>intpngnant,</strong></span> <span class='ocrx_word' id='word_1_901' title='bbox 3261 5465 3482 5521; x_wconf 86' lang='lat' dir='ltr'><strong>adversa</strong></span> <span class='ocrx_word' id='word_1_902' title='bbox 3513 5464 3612 5519; x_wconf 85' lang='lat' dir='ltr'><strong>sibi</strong></span> 
     </span>
    </p>
   </div>
   <div class='ocr_carea' id='block_1_113' title="bbox 2032 5554 3618 5630">
    <p class='ocr_par' dir='ltr' id='par_1_113' title="bbox 2032 5554 3618 5630">
     <span class='ocr_line' id='line_1_113' title="bbox 2032 5554 3618 5630; baseline 0.004 -24"><span class='ocrx_word' id='word_1_903' title='bbox 2032 5554 2322 5625; x_wconf 84' lang='lat' dir='ltr'><strong>loquentes,</strong></span> <span class='ocrx_word' id='word_1_904' title='bbox 2356 5571 2476 5625; x_wconf 72' lang='lat' dir='ltr'><strong>qua:</strong></span> <span class='ocrx_word' id='word_1_905' title='bbox 2510 5570 2649 5608; x_wconf 86' lang='lat' dir='ltr'><strong>nunc</strong></span> <span class='ocrx_word' id='word_1_906' title='bbox 2681 5558 2928 5626; x_wconf 73' lang='lat' dir='ltr'><strong>persequi</strong></span> <span class='ocrx_word' id='word_1_907' title='bbox 2969 5558 3183 5630; x_wconf 86' lang='lat' dir='ltr'><strong>longum</strong></span> <span class='ocrx_word' id='word_1_908' title='bbox 3209 5567 3311 5626; x_wconf 85' lang='lat' dir='ltr'><strong>est,</strong></span> <span class='ocrx_word' id='word_1_909' title='bbox 3340 5568 3391 5614; x_wconf 90' lang='lat' dir='ltr'><strong>et</strong></span> <span class='ocrx_word' id='word_1_910' title='bbox 3428 5557 3618 5614; x_wconf 83' lang='lat' dir='ltr'><strong>melius</strong></span> 
     </span>
    </p>
   </div>
   <div class='ocr_carea' id='block_1_114' title="bbox 2101 5775 2753 5844">
    <p class='ocr_par' dir='ltr' id='par_1_114' title="bbox 2101 5775 2753 5844">
     <span class='ocr_line' id='line_1_114' title="bbox 2101 5775 2753 5844; baseline 0.002 -14"><span class='ocrx_word' id='word_1_911' title='bbox 2101 5776 2115 5805; x_wconf 78' lang='grc'>³</span> <span class='ocrx_word' id='word_1_912' title='bbox 2159 5775 2298 5831; x_wconf 78' lang='lat' dir='ltr'><strong>Idem</strong></span> <span class='ocrx_word' id='word_1_913' title='bbox 2328 5776 2472 5842; x_wconf 71' lang='grc' dir='ltr'><strong>ωδ..</strong></span> <span class='ocrx_word' id='word_1_914' title='bbox 2505 5777 2753 5844; x_wconf 77' lang='lat' dir='ltr'><strong>clari/ica.</strong></span> 
     </span>
    </p>
   </div>
  </div>
