3962 6196
388 367 488 425 595

1423 370 1722 428 FACUNDI
1764 371 1970 427 arise.
2004 332 2509 426 tIERMlattENSlS

3557 370 3665 425 59b

388 481 535 536 vobis
566 482 909 551 relinquimus
937 483 1228 555 arguenda,
1268 486 1519 554 quoniam
1572 484 1673 539 hoc
1715 484 1969 540 facillime
2004 488 2049 544 Λ
2083 498 2198 538 ram
2239 482 2644 547 subsistentem,
2691 490 2744 536 et
2795 484 3032 538 onmium
3077 500 3196 554 qua:
3236 495 3363 541 sunt
3389 487 3661 556 Opificem,

386 571 499 627 fieri
532 582 746 641 potest:
777 580 833 627 et
863 573 987 627 illud
1018 589 1150 643 opus
1179 590 1208 628 a
1237 574 1476 643 quoiibet
1505 574 1832 630 elaboratum
1860 590 1971 627 ma-

385 662 465 730 gis
492 665 667 717 ornari
696 662 855 719 debet
885 663 1036 718 titulo
1065 663 1293 718 nominis
1323 664 1505 731 vestri,
1552 679 1645 733 per
1684 664 1826 734 quod
1856 665 1971 717 eal-

388 753 491 807 fide
512 754 809 823 excogitata
837 756 887 809 in
920 755 1287 826 prmjudicium
1321 770 1523 825 magme
1555 754 1743 824 synodi
1770 754 1973 808 falsitas

387 841 673 898 refellitur.

994 935 1220 992 CAPUT
1264 936 1348 990 IV.

388 1049 539 1118 Quod
589 1050 922 1105 Theodorum
970 1054 1224 1105 immerito
1262 1054 1658 1115 cnlumnirntur,
1723 1054 1869 1122 quasi
1920 1055 1971 1105 in

452 1123 769 1188 expositione
823 1123 1051 1176 historia:
1101 1125 1408 1177 centurionis
1458 1124 1721 1177 Christum
1783 1140 1971 1191 purum

455 1194 713 1245 hominem
733 1208 842 1247 esse
868 1195 1117 1248 docuerit.

455 1301 607 1357 Nunc
629 1303 772 1357 aliud
804 1305 1126 1373 aperiamus,
1160 1305 1210 1359 in
1241 1320 1347 1373 quo
1387 1305 1576 1360 iterum
1607 1319 1705 1360 suo
1731 1306 1972 1360 testimo-

387 1395 476 1449 nio
503 1396 914 1463 convincuntur,
950 1396 1089 1451 beati
1133 1397 1340 1466 Cyrilli,
1371 1397 1512 1467 quod
1559 1406 1769 1451 secutos
1800 1412 1859 1451 se
1882 1396 1969 1465 ja-

385 1495 552 1552 ctant,
601 1487 942 1558 impugnasse
980 1487 1259 1557 judicium,
1302 1502 1445 1551 cum,
1487 1486 1551 1540 ad
1599 1486 1969 1557 praejudicium

388 1592 593 1649 magna:
619 1580 829 1650 Synodi,
862 1580 1115 1634 similiter
1145 1580 1388 1634 eumdem
1417 1579 1757 1635 Theodorum
1784 1579 1971 1634 crimi-

388 1681 580 1726 nantur
626 1672 1066 1740 interpretantem
1105 1669 1451 1740 Evangelium
1493 1670 1785 1725 seettndum
1835 1670 1967 1723 Mat-

386 1764 584 1817 thteum
617 1760 815 1818 dixiSse
848 1784 865 1816 ε
900 1764 1022 1834 quia
1048 1761 1341 1828 Christum,
1374 1778 1479 1817 non
1508 1774 1753 1832 Ianquam
1779 1761 1968 1816 Filium

2077 572 2279 629 adierat
2319 572 2585 627 centurio.
2637 570 2762 626 Hmc
2793 588 2859 626 ex
2904 587 3089 628 eorum
3138 576 3273 629 libro
3321 577 3376 630 in
3419 585 3664 632 nostrum

2077 663 2469 719 transtulimus.
2515 663 2582 717 Et
2624 662 2751 717 licet
2775 662 2825 717 in
2876 663 2958 718 his
3002 664 3160 718 etiam
3205 666 3384 720 verbis
3408 682 3529 735 qute
3570 681 3665 735 pro

2074 769 2174 808 suo
2204 754 2356 809 libitu
2385 764 2826 821 composuerunt,
2875 769 2978 808 non
3013 756 3225 824 penitus
3248 757 3526 812 obscurari
3572 773 3666 826 po.

2076 845 2239 899 tuerit
2269 841 2496 898 dicentis
2534 844 2784 911 intentio,
2831 846 3109 914 quoniam,
3148 847 3289 902 sicut
3315 848 3520 902 dictum
3554 857 3662 916 est,

2078 948 2185 990 non
2215 946 2368 986 suam
2400 930 2578 1000 fidem,
2610 932 2706 987 sed
2734 934 3185 990 existimationem
3218 936 3269 989 in
3309 936 3387 991 eis
3414 936 3669 1008 ignoratio

2077 1028 2142 1080 tis
2179 1022 2510 1081 centurionis
2550 1026 2837 1095 expressit,
2886 1035 3062 1082 tamen
3111 1036 3168 1080 ut
3217 1030 3319 1082 hoc
3362 1030 3668 1083 evident‘us

2074 1128 2354 1188 appareat,
2386 1119 2592 1189 integra
2642 1118 2809 1186 ipsius
2857 1118 3126 1174 Theodori
3170 1121 3329 1173 verba
3379 1135 3665 1186 ponamus.

2081 1228 2100 1262 ι
2130 1209 2474 1279 Supplicabat
2510 1220 2690 1265 autem
2737 1210 2810 1274 ei,
2842 1209 3036 1280 inquit,
3070 1223 3123 1265 ut
3174 1223 3383 1267 curaret
3417 1228 3665 1280 puerum.

2077 1306 2155 1359 Ad
2196 1320 2358 1374 quem
2387 1303 2644 1358 Dominus
2672 1303 2800 1358 dicit
2826 1321 2840 1356 :
2868 1304 2980 1374 Ego
3012 1304 3228 1363 veniem
3267 1306 3467 1360 curabo
3511 1320 3663 1360 eunt.

2076 1395 2363 1466 Propterea
2406 1394 2641 1450 maxime
2689 1395 2803 1463 ipse
2849 1398 3141 1465 promptius
3184 1396 3262 1452 ire
3305 1397 3570 1465 promisit,
3607 1404 3667 1449 ut

2076 1482 2247 1542 virtus
2282 1485 2611 1542 centurionis
2659 1484 2787 1541 cum'
2831 1487 3025 1559 refugit
3076 1500 3379 1556 appareret.
3428 1491 3663 1555 Etenim,

2076 1596 2179 1633 non
2210 1594 2327 1634 sum
2358 1579 2570 1650 dignus,
2600 1580 2747 1644 dicit,
2784 1588 2841 1634 ut
2872 1580 3037 1633 intres
3084 1582 3185 1634 sub
3223 1590 3417 1635 tectum
3451 1597 3665 1648 meum;

2076 1674 2232 1741 igitur
2277 1668 2444 1727 verbo
2483 1681 2686 1726 tantum
2737 1670 2842 1734 dic,
2891 1681 2945 1726 et
3000 1673 3101 1726 hoc
3146 1685 3251 1726 cur.
3278 1688 3336 1727 re
3370 1675 3381 1695 ”
3407 1673 3661 1730 sufficiet.

2078 1764 2312 1819 Primum
2348 1765 2511 1834 igitur
2538 1765 2894 1820 reverentiam
2938 1764 3185 1827 multam,
3220 1766 3457 1820 secundo
3483 1774 3663 1822 autem

389 1854 479 1908 Dei
510 1863 557 1922 ⁸,
592 1863 645 1908 et
672 1864 794 1908 ante
824 1862 1036 1909 onmem
1070 1855 1389 1909 existentem
1434 1864 1755 1918 creaturam,
1788 1866 1840 1909 et
1880 1870 1971 1908 eo-
2006 1873 2048 1931 Β
2082 1858 2364 1912 maximam
2406 1857 2566 1913 tidem
2593 1857 2848 1913 ostendit.
2887 1856 3088 1911 Deinde
3130 1867 3186 1912 et
3225 1872 3345 1912 cum
3378 1859 3662 1927 prudentia

386 1958 502 1995 rum
532 1958 650 2012 qua:
679 1951 802 1998 sunt
831 1945 1099 2015 opificem,
1132 1945 1267 1998 adiit
1306 1944 1547 1998 centurio
1581 1958 1677 2012 pro
1709 1945 1855 2011 pueri
1884 1945 1965 1998 sui

386 2035 580 2089 salute.
620 2053 639 2086 ι
677 2034 729 2088 in
773 2035 875 2090 hoc
913 2046 1092 2091 autem
1145 2036 1378 2104 capitulo
1425 2037 1585 2089 etiam
1633 2034 1968 2090 fraudulenta

386 2123 589 2177 falsitas
624 2138 809 2178 eorum
840 2126 971 2179 satis
1005 2134 1246 2194 apparet.
1282 2126 1410 2178 Nam
1443 2124 1567 2180 inde
1595 2125 1661 2179 ab
1689 2127 1766 2179 eis
1795 2124 1967 2181 Theo-

384 2208 550 2267 dorus
581 2223 880 2282 accusatur,
908 2216 1050 2270 unde
1092 2217 1262 2286 magis
1299 2217 1457 2271 debet
1493 2218 1560 2269 ab
1598 2232 1783 2271 eorum
1810 2232 1967 2272 accu-

384 2306 592 2360 satione
617 2305 852 2360 defendi.
895 2307 1009 2361 Non
1057 2308 1219 2373 enim,
1256 2308 1396 2362 sicut
1438 2309 1662 2378 lingunt,
1693 2325 1969 2379 exponens

387 2396 527 2450 hunc
557 2395 732 2452 locum
774 2398 1068 2468 Evangelii,
1100 2399 1223 2467 quid
1261 2400 1376 2468 ipse
1405 2400 1472 2454 de
1502 2402 1716 2455 Christo
1744 2402 1976 2457 sentiret

386 2487 639 2551 ostendit,
668 2489 759 2541 sed
792 2490 967 2557 potius
996 2489 1121 2559 quid
1166 2493 1411 2546 centurio
1454 2493 1523 2547 de
1556 2494 1650 2547 illo
1685 2496 1965 2562 putaverit.

386 2574 498 2634 lmo
536 2585 587 2632 et
629 2579 755 2648 quid
802 2581 915 2649 ipse
956 2581 1180 2637 sentiret
1216 2578 1467 2637 ostendit.
1513 2581 1646 2639 Nam
1704 2586 1793 2654 qui
1845 2601 1970 2640 cen-

386 2668 651 2723 turionem
690 2670 843 2736 dixit,
883 2671 1022 2739 quod
1067 2671 1367 2741 ignorantia
1401 2674 1413 2703 '
1450 2688 1553 2728 non
1602 2687 1656 2729 ut
1700 2676 1888 2741 Deum,
1916 2686 1972 2730 et

384 2770 509 2812 ante
542 2774 755 2813 omnem
796 2763 1114 2816 existentem
1164 2774 1496 2830 creaturam,
1527 2774 1579 2820 et
1620 2778 1807 2821 eorum
1851 2784 1969 2836 qua:

384 2860 508 2903 sunt
552 2850 823 2919 opificem,
864 2852 1134 2907 Christum
1184 2854 1395 2924 adierit,
1441 2860 1624 2926 procul
1665 2858 1825 2914 dubio
1857 2858 1971 2930 ipse

384 2956 489 2995 non
540 2940 811 2997 hominem
862 2944 1271 3015 tantummodo,
1321 2950 1461 3004 sicut
1511 2950 1817 3019 Nestorius,
1875 2956 1968 3010 sed

383 3033 544 3088 etiam
597 3033 806 3103 Deum,
848 3046 903 3092 et
949 3047 1074 3093 ante
1132 3053 1345 3095 omnem
1394 3042 1713 3098 existentem
1760 3044 1969 3101 creatu-

383 3139 499 3181 ram
525 3166 541 3193 ,
571 3137 623 3181 et
664 3142 849 3183 eorum
889 3142 1008 3199 qum
1055 3139 1182 3185 Sunt
1225 3132 1506 3201 Opificem,
1539 3133 1811 3189 Christum
1849 3151 1969 3192 esse

383 3219 653 3289 eognbvit.
697 3220 976 3288 Quomodo
1022 3228 1202 3278 autem
1238 3224 1337 3293 ipsi
1379 3235 1658 3293 consuete,
1694 3238 1849 3296 prout
1879 3242 1970 3281 vo—
1996 3250 2042 3312 ε

384 3311 621 3375 luerunt,
675 3322 980 3381 corruptam
1035 3312 1302 3369 Theodori
1352 3317 1669 3371 sententiam
1721 3317 1775 3372 in
1833 3310 1969 3374 libro

384 3415 484 3455 suo
532 3403 824 3470 posuerint,
863 3404 1229 3472 Ostendemus,
1272 3420 1337 3462 ac
1381 3407 1577 3464 deinde
1616 3410 1883 3479 quomodo
1912 3427 1971 3466 se

385 3493 616 3549 habeant
638 3494 753 3563 ejus
775 3496 933 3550 verba
955 3497 1248 3552 Secundum
1273 3499 1594 3569 scriptorum
1623 3514 1968 3559 monumenta

390 3585 728 3651 docebimus,
787 3594 839 3641 ut
890 3588 944 3641 in
1004 3588 1104 3644 hac
1161 3605 1261 3645 una
1293 3598 1640 3661 ‘cognoscere
1682 3595 1702 3625 ²
1746 3593 1971 3651 valeatis

386 3687 578 3747 quanta
611 3695 706 3749 per
736 3680 866 3735 alias
908 3681 1026 3753 ejus
1074 3680 1371 3740 sententias
1401 3685 1723 3742 immiserint
1772 3689 1971 3757 impor-

386 3783 513 3828 tuna
543 3788 663 3843 quae
689 3774 780 3828 ille
810 3789 919 3829 non
948 3775 1101 3841 dixit,
1135 3785 1332 3845 quanta
1376 3777 1737 3833 subtraxerint
1767 3786 1965 3849 Oppor-

385 3874 513 3916 tuna
538 3878 657 3932 qua:
686 3865 842 3918 dixit.
875 3864 965 3919 Sic
993 3866 1136 3919 enim
1161 3863 1411 3921 dixerunt
1437 3884 1447 3919 :
1482 3886 1499 3919 ί
1530 3866 1632 3923 Sed
1656 3877 1709 3923 et
1733 3868 1971 3924 residuas

385 3953 652 4009 Theodori
678 3954 1041 4025 blasphemias
1065 3958 1227 4012 simili
1257 3961 1639 4014 convlnCamus
1666 3961 1844 4015 modo.
1883 3962 1973 4017 Di-

385 4045 459 4098 cit
486 4046 627 4100 enim
662 4047 775 4115 ipse
815 4047 1013 4116 impius
1043 4048 1384 4115 Theodorus,
1418 4050 1674 4105 adversus
1705 4051 1971 4106 Christum

384 4135 686 4199 insaniens,
728 4142 784 4190 et
815 4150 990 4205 neque
1016 4137 1083 4192 ab
1112 4152 1177 4191 eo
1201 4137 1337 4192 facta
1365 4139 1630 4192 mirabilia
1665 4146 1915 4209 tanquam
1943 4156 1971 4194 a

388 4226 498 4280 Deo
531 4226 672 4281 facta
700 4227 857 4291 dans,
892 4228 1223 4282 centurionis
1269 4243 1452 4283 vocem
1484 4244 1643 4299 quam
1688 4231 1752 4283 ad
1797 4222 1973 4285 Domi-

385 4329 512 4368 num
548 4313 718 4383 dixit,
765 4315 818 4369 in
859 4317 1009 4386 pueri
1052 4315 1353 4384 curatione,
1393 4319 1662 4372 contrarie
1709 4319 1974 4389 interpre—

387 4413 508 4458 tans
536 4406 589 4459 in
628 4406 917 4475 Evangelio
962 4408 1257 4462 secundum
1304 4406 1565 4463 Joannem
1594 4408 1766 4464 8dicit
1814 4409 1968 4464 hazc:

388 4497 533 4552 Bene
581 4498 777 4567 adjecit
818 4498 949 4555 illud
982 4500 1151 4555 :Nam
1188 4510 1243 4556 et
1287 4516 1386 4572 ego
1417 4504 1575 4559 homo
1611 4514 1752 4575 sum,
1782 4506 1972 4575 quasi:

2075 1946 2233 2003 fidem
2267 1950 2538 2018 propriam
2572 1958 2880 2003 monstrans
2906 1963 2920 2000 :
2945 1946 3079 2000 Nam
3116 1956 3172 2001 et
3210 1962 3310 2016 ego
3342 1946 3503 2001 homo
3542 1964 3663 2002 sum

2071 2040 2171 2093 sub
2203 2048 2485 2108 potestate,
2521 2038 2727 2093 habens
2756 2034 2857 2092 sub
2883 2053 2968 2093 me
2996 2038 3213 2100 milites,
3250 2050 3301 2091 et
3330 2039 3450 2093 dico
3495 2039 3620 2093 huic
3648 2062 3662 2094 :

2074 2128 2239 2194 Vade,
2281 2138 2333 2183 et
2390 2128 2566 2193 vadit;
2600 2136 2657 2183 et
2708 2126 2853 2181 alio:
2883 2126 3037 2186 Veni.
3087 2139 3140 2179 et
3188 2129 3361 2193 venit;
3406 2137 3462 2182 et
3501 2143 3665 2183 servo

2074 2236 2193 2275 meo
2225 2221 2368 2277 :Fac
2396 2219 2518 2288 hoc,
2560 2231 2614 2276 et
2654 2218 2801 2275 facit.
2856 2220 3160 2275 Prudentia:
3199 2222 3342 2275 enim
3382 2232 3520 2288 erat,
3570 2238 3665 2277 se-

2074 2311 2307 2366 cundum
2340 2313 2604 2365 rationem
2634 2326 2752 2379 quae
2786 2312 2832 2365 ei
2866 2311 3167 2376 videbatur,
3199 2312 3321 2366 talia
3349 2312 3573 2367 credere
3592 2312 3665 2367 de

2074 2400 2311 2455 Christo.
2360 2396 2529 2454 Homo
2558 2399 2701 2455 enim
2740 2410 2792 2455 et
2824 2416 2954 2470 ego;
2981 2401 3074 2455 sed
3111 2412 3286 2455 tamen
3314 2417 3541 2471 quorum
3572 2419 3664 2457 ac-

2076 2493 2196 2562 Cepi
2224 2498 2562 2563 potestatem,
2598 2492 2786 2547 hormn
2816 2510 2931 2548 sum
2959 2492 3208 2547 dominus
3234 2512 3246 2546 ε
3272 2510 3391 2564 qua:
3424 2495 3551 2549 mihi
3584 2497 3665 2550 vi-

2072 2576 2287 2652 dentur,
2321 2584 2545 2639 ea-fiunt
2586 2602 2614 2640 a
2648 2586 2784 2640 meis
2827 2585 3103 2653 subjectis.
3137 2585 3276 2661 Ergo
3307 2587 3440 2641 nihil
3484 2588 3555 2641 ab
3602 2606 3665 2643 re

2074 2678 2177 2744 est,
2200 2684 2253 2732 et
2284 2680 2333 2733 te
2363 2676 2499 2731 hanc
2516 2684 2761 2731 sumente
2789 2694 2816 2731 a
2839 2674 2947 2732 Deo
2971 2686 3309 2746 potestatem,
3342 2678 3506 2733 verbo
3537 2690 3661 2733 tan-

2074 2768 2427 2836 tnmjubente
2462 2767 2655 2836 expelli
2687 2768 2982 2837 passiones.
3014 2768 3195 2837 Neque
3233 2770 3375 2824 enim
3411 2782 3665 2839 tanquam

2076 2859 2168 2912 Dei
2196 2854 2417 2924 Filium,
2451 2866 2503 2912 et
2537 2869 2660 2913 ante
2687 2874 2900 2913 omnem
2927 2869 3226 2914 creaturam
3254 2861 3664 2924 subsistentem,

2074 2958 2131 3007 et
2162 2953 2399 3006 (nimium
2430 2968 2546 3020 qua:
2574 2962 2693 3007 sunt
2720 2950 2987 3020 opificem,
3018 2951 3224 3006 adierat
3250 2953 3513 3007 centurio.
3541 2951 3666 3009 lianc

2075 3046 2217 3099 enim
2250 3046 2423 3113 neque
2463 3042 2849 3109 discipulorum
2894 3051 3010 3096 erat
3039 3050 3166 3096 tunc
3206 3041 3346 3096 scire
3374 3051 3500 3098 ante
3536 3058 3665 3097 cru-

2074 3136 2215 3203 cem,
2266 3135 2402 3190 sicut
2448 3134 2499 3189 iu
2544 3134 2763 3204 reliquis
2812 3135 3178 3199 ostendemus,
3228 3133 3453 3188 Domino
3505 3135 3661 3204 adju-

2074 3233 2253 3296 vante,
2286 3226 2552 3293 subtilius,
2589 3228 2682 3283 Sed
2709 3236 2956 3297 tanquam
2988 3228 3256 3282 hominem
3288 3241 3379 3295 per
3408 3227 3664 3283 virtutem

2075 3320 2326 3389 adeptum
2357 3335 2389 3375 a
2412 3316 2525 3374 Deo
2561 3320 2816 3388 majorem
2846 3334 3005 3390 quam
3037 3326 3120 3373 est
3164 3317 3392 3372 hominis
3426 3328 3666 3388 potesta-

2077 3416 2206 3466 tem.
2259 3409 2412 3467 Unde
2456 3412 2508 3467 ei
2555 3410 2723 3467 dixit:
2750 3411 2880 3466 Nam
2919 3420 2973 3467 et
3007 3427 3106 3483 ego
3138 3410 3296 3466 homo
3326 3426 3465 3466 sum.
3498 3429 3516 3462 ι
3552 3411 3667 3465 Hoc

2075 3502 2235 3558 modo
2264 3516 2324 3558 se
2363 3503 2566 3559 habent
2608 3505 2773 3560 verba
2802 3504 3092 3559 Theodori.
3139 3503 3257 3558 Jam
3298 3516 3441 3558 nunc
3476 3500 3668 3558 confer

2074 3600 2363 3666 Utrumque
2384 3595 2404 3625 ⁸
2429 3594 2568 3650 sicut
2597 3598 2650 3650 te
2689 3596 2908 3666 dignum
2946 3604 3049 3662 est,
3083 3594 3398 3666 imperator,
3431 3603 3487 3649 et
3516 3592 3670 3648 inve-

2077 3683 2199 3738 nies
2227 3656 2422 3753 qugnta
2450 3684 2517 3740 ab
2559 3685 2638 3739 eis
2666 3656 2861 3739 fuerint
2891 3656 3192 3755 supposita,
3220 3691 3274 3739 et
3303 3694 3500 3755 quanta
3539 3684 3668 3737 sub-

2075 3780 2261 3839 tracta,
2289 3791 2357 3831 ne
2380 3777 2578 3830 veritas
2600 3774 2903 3845 appareret.
2934 3773 3163 3830 Maxime
3184 3784 3384 3840 autem,
3409 3774 3528 3842 quis
3556 3791 3669 3827 non

2076 3864 2268 3919 videar
2292 3866 2415 3936 quia
2447 3880 2551 3921 non
2582 3867 2651 3922 ob
2691 3867 2833 3920 aliud
2884 3866 3269 3921 subtraiterunt
3295 3865 3435 3935 quod
3482 3864 3552 3919 ibi
3577 3863 3671 3917 di-

2077 3964 2221 4012 ctum
2269 3962 2390 4013 est:
2421 3976 2441 4010 σ
2470 3958 2773 4014 Prudentize
2805 3961 2943 4015 enim
2983 3959 3120 4025 erat,
3166 3959 3458 4014 secundum
3502 3958 3671 4012 ratio-

2077 4060 2199 4102 nem
2231 4062 2351 4118 quae
2390 4049 2440 4104 ei
2468 4049 2771 4117 videbatur,
2804 4051 2927 4104 talta
2976 4049 3200 4105 credere
3246 4048 3312 4105 de
3342 4048 3605 4116 Christo;
3642 4069 3665 4103 ο

2076 4139 2179 4193 nisi
2219 4147 2276 4192 ut
2307 4139 2360 4193 in
2399 4137 2504 4193 illis
2548 4136 2725 4195 verbis
2752 4140 3083 4195 centurioiiis
3109 4138 3129 4171 ⁸
3154 4138 3455 4209 ignorantis
3483 4139 3679 4196 existi-

2077 4234 2388 4295 mationem,
2430 4244 2587 4299 quam
2628 4246 2777 4287 suam
2809 4232 2988 4300 fidem,
3038 4233 3309 4287 videretur
3345 4228 3673 4288 Theodorus

2076 4327 2670 4397 magis’expressisse;
2701 4327 2782 4380 vel
2830 4326 2959 4381 iliud
3008 4334 3306 4381 extremum
3354 4327 3493 4395 quod
3546 4342 3673 4395 per-

2078 4417 2287 4488 tingere
2308 4418 2619 4484 noluerunt,
2655 4417 2743 4473 ubi
2775 4419 2850 4473 ait
2877 4435 2889 4472 :
2922 4439 2939 4469 ι
2973 4417 3095 4472 Haec
3126 4419 3268 4474 enim
3312 4433 3485 4489 neque
3514 4418 3679 4481 disci—

2077 4511 2327 4579 pulorum
2358 4519 2475 4565 erat
2524 4518 2649 4563 tunc
2679 4510 2819 4565 scire
2843 4519 2967 4563 ante
2988 4520 3224 4575 erucem,
3264 4510 3404 4564 sicut
3444 4510 3676 4565 inferius

389 4587 532 4642 mihi!
565 4588 829 4657 mirabile,
860 4593 905 4645 si
946 4592 1087 4646 istud
1122 4606 1280 4661 posse
1304 4596 1491 4662 habes,
1522 4594 1707 4663 homo,
1739 4612 1858 4652 cum
1898 4597 1974 4653 sis
2000 4628 2052 4689 Β
2081 4601 2452 4666 υςῑριιόυιιιυε,
2501 4599 2727 4654 Domino
2756 4600 3063 4667 adjuvante,
3108 4599 3390 4654 subtilius?
3420 4618 3439 4652 ι
3465 4597 3675 4669 Collige

387 4681 655 4757 accipiens
678 4697 706 4736 a
732 4684 871 4750 Deo;
904 4687 1155 4754 quoniam
1199 4701 1297 4756 ego
1327 4703 1447 4742 cum
1479 4688 1579 4741 sim
1614 4689 1795 4755 homo,
1830 4690 1971 4744 acci-

388 4773 474 4841 pio
494 4774 830 4839 obedientes,
868 4777 1033 4831 semel
1067 4774 1271 4832 habens
1292 4779 1517 4847 jubendi
1559 4789 1880 4847 potestatem
1913 4791 1972 4837 ut

386 4867 632 4934 voluero,
664 4883 759 4936 per
782 4871 959 4925 dantis
982 4868 1427 4924 munificentiam.
1460 4870 1687 4940 Propter
1713 4873 1853 4943 quod
1885 4874 2001 4952 ni-‘

389 4960 462 5014 hil
484 4958 553 5014 ab
578 4970 639 5014 re
668 4970 772 5026 est,
798 4970 850 5015 te
874 4968 929 5016 et
966 4962 1105 5016 hanc
1136 4971 1384 5016 sumente
1415 4977 1444 5014 a
1486 4963 1596 5017 Deo
1628 4972 1965 5031 potestatem,

387 5052 555 5108 verbo
594 5062 806 5107 tantum
856 5052 1083 5124 jubente
1133 5053 1328 5122 expelli
1381 5054 1729 5122 passiones.»
1788 5055 1969 5125 Neque

387 5145 529 5199 enim
556 5153 811 5217 tanquam
862 5146 958 5201 Dei
992 5145 1210 5214 Filium,
1258 5154 1312 5199 et
1340 5153 1465 5201 aute
1504 5159 1718 5199 omnem
1764 5155 1974 5200 creatu-

462 5336 490 5365 ι
529 5326 626 5382 llic
655 5330 812 5383 etiam
844 5332 992 5387 locus
1023 5334 1160 5387 inter
1192 5342 1387 5388 caetera
1435 5332 1708 5387 Theodori
1744 5331 1975 5384 reiectus

391 5409 476 5453 est
505 5400 557 5452 in
588 5400 777 5469 synodi
811 5417 837 5454 v
862 5403 1072 5458 actione
1100 5405 1151 5467 4,
1185 5419 1331 5458 num.
1366 5406 1430 5469 5;
1457 5403 1549 5457 sed
1576 5404 1675 5456 alia
1704 5412 1788 5456 est
1812 5403 1977 5454 inter-

395 5470 641 5539 pretatio,
672 5471 808 5524 sicut
838 5482 890 5526 et
931 5474 983 5528 in
1026 5474 1197 5544 Vigilii
1229 5475 1552 5541 Constituto,
1598 5488 1719 5543 cap.
1766 5473 1854 5537 55,
1892 5472 1974 5525 his

467 5665 480 5694 ¹
524 5659 655 5714 Cod.
692 5657 905 5717 Veram,
937 5662 1025 5725 per
1049 5656 1404 5726 ignorantiam.

465 5738 482 5762 ’
515 5732 655 5783 Idem
681 5728 827 5790 θρα..
862 5727 1017 5797 facile
1044 5744 1364 5797 cognoscere.

464 5797 480 5827 ³
515 5804 653 5855 ltlem
685 5800 780 5851 cod
814 5840 827 5862 ,
862 5795 1185 5862 Muttha’nm,
1220 5797 1423 5851 Scilicet
1449 5812 1566 5864 Cap.
1598 5809 1688 5855 vttt
1712 5804 1761 5846 ιι
1785 5810 1857 5845 tx.

466 5878 484 5905 ‘
512 5875 650 5931 idem
677 5870 821 5937 cuti,
851 5882 1003 5923 curw.

500 5959 559 5984 ."

2082 4694 2263 4760 itaque
2295 4693 2495 4761 pariter
2524 4702 2645 4746 eum
2679 4691 2761 4745 bis
2790 4694 2966 4746 verbis
2989 4695 3151 4747 linem
3174 4694 3473 4759 sententiae,
3507 4700 3561 4747 et
3587 4692 3676 4746 iu-

2079 4786 2262 4838 venies
2293 4784 2659 4851 Theodorum,
2692 4785 2779 4853 qui
2814 4783 3108 4849 Christum,
3147 4794 3251 4839 non
3288 4790 3539 4854 tanquam
3572 4786 3675 4840 ho-

2082 4879 2276 4930 minem
2299 4886 2392 4944 per
2424 4876 2673 4930 virtutem
2705 4876 2954 4945 adeptum
2987 4891 3017 4928 a
3048 4876 3158 4930 Deo
3198 4878 3475 4946 majorem,
3508 4892 3678 4947 quam

2080 4976 2161 5021 est
2195 4967 2374 5020 homin
2403 4982 2450 5033 s,
2487 4976 2825 5035 potestatem,
2857 4966 2951 5021 sed
2980 4982 3163 5021 verum
3197 4967 3287 5021 Dei
3319 4966 3508 5021 Filium
3550 4983 3677 5021 cre-

2079 5056 2237 5121 didit,
2294 5067 2349 5109 et
2397 5067 2521 5109 ante
2558 5070 2772 5110 onmem
2823 5065 3124 5112 creaturam
3176 5059 3581 5123 subsistentem,
3620 5066 3676 5114 et

2088 5149 2326 5201 ontuium
2355 5164 2470 5218 qua:
2502 5157 2626 5202 sunt
2670 5149 2935 5217 opificem.
2969 5146 3098 5203 Nam
3129 5148 3398 5218 quomodo
3423 5150 3673 5204 diceret:

2083 5329 2265 5383 verbis
2294 5345 2308 5384 :
2343 5328 2450 5382 Nec
2482 5330 2616 5383 enim
2645 5337 2889 5398 tanquam
2934 5326 3073 5383 Filio
3104 5316 3212 5395 Dei,
3243 5340 3287 5383 et
3316 5337 3438 5383 ante
3470 5330 3672 5384 univer-

2079 5416 2190 5453 sam
2219 5411 2513 5481 creaturam.
2539 5401 2802 5465 esistenti,
2836 5407 2882 5452 et
2920 5403 3137 5454 creatori
3168 5416 3342 5454 eorum
3381 5416 3498 5473 qua
3526 5411 3669 5468 sunt,

2080 5481 2289 5525 αιοεδδιι
2318 5482 2566 5526 “murto.

2160 5651 2179 5679 ⁵
2202 5650 2340 5704 Idem
2368 5649 2510 5715 cod.,
2544 5662 2774 5718 utraque.

2158 5720 2178 5753 ⁶
2202 5720 2342 5773 Idem
2375 5720 2517 5785 cud.,
2551 5737 2649 5773 non
2675 5732 2774 5771 tant
2803 5722 3126 5776 centurionis.

2156 5794 2173 5823 ⁷
2200 5794 2253 5845 ltt
2286 5792 2473 5846 eodem
2505 5792 2647 5856 cod.,
2684 5792 2833 5845 deest
2863 5792 2919 5847 τὸ
2951 5796 3130 5861 magis.
