  <div class='ocr_page' id='page_1' title='image "/cluster/home/n/w/nwhite01/storage/ocr_20150623/67/hvd.32044073505273/306.png"; bbox 0 0 3878 6194; ppageno 0'>
   <div class='ocr_carea' id='block_1_1' title="bbox 1702 188 1715 221">
    <p class='ocr_par' dir='ltr' id='par_1_1' title="bbox 1702 188 1715 221">
     <span class='ocr_line' id='line_1_1' title="bbox 1702 188 1715 221; baseline 0 0"><span class='ocrx_word' id='word_1_1' title='bbox 1702 188 1715 221; x_wconf 85' lang='lat'><strong><em>\</em></strong></span> 
     </span>
    </p>
   </div>
   <div class='ocr_carea' id='block_1_2' title="bbox 248 414 342 472">
    <p class='ocr_par' dir='ltr' id='par_1_2' title="bbox 248 414 342 472">
     <span class='ocr_line' id='line_1_2' title="bbox 248 414 342 472; baseline -0.064 0"><span class='ocrx_word' id='word_1_2' title='bbox 248 414 342 472; x_wconf 71' lang='lat'><strong>597</strong></span> 
     </span>
    </p>
   </div>
   <div class='ocr_carea' id='block_1_3' title="bbox 1116 405 2629 469">
    <p class='ocr_par' dir='ltr' id='par_1_3' title="bbox 1116 405 2629 469">
     <span class='ocr_line' id='line_1_3' title="bbox 1116 405 2629 469; baseline 0.001 -6"><span class='ocrx_word' id='word_1_3' title='bbox 1116 405 1261 466; x_wconf 78' lang='lat' dir='ltr'><strong>PRO</strong></span> <span class='ocrx_word' id='word_1_4' title='bbox 1302 406 1733 466; x_wconf 75' lang='lat' dir='ltr'><strong>DEFENSIONE</strong></span> <span class='ocrx_word' id='word_1_5' title='bbox 1766 407 1978 466; x_wconf 73' lang='lat' dir='ltr'><strong>TRIUM</strong></span> <span class='ocrx_word' id='word_1_6' title='bbox 2019 410 2333 469; x_wconf 83' lang='lat' dir='ltr'><strong>CAPITUL.</strong></span> <span class='ocrx_word' id='word_1_7' title='bbox 2380 411 2505 468; x_wconf 81' lang='lat' dir='ltr'><strong>LIB.</strong></span> <span class='ocrx_word' id='word_1_8' title='bbox 2549 410 2629 468; x_wconf 83' lang='lat' dir='ltr'><strong>lli.</strong></span> 
     </span>
    </p>
   </div>
   <div class='ocr_carea' id='block_1_4' title="bbox 3422 420 3528 480">
    <p class='ocr_par' dir='ltr' id='par_1_4' title="bbox 3422 420 3528 480">
     <span class='ocr_line' id='line_1_4' title="bbox 3422 420 3528 480; baseline 0 -1"><span class='ocrx_word' id='word_1_9' title='bbox 3422 420 3528 480; x_wconf 78' lang='lat'><strong>598</strong></span> 
     </span>
    </p>
   </div>
   <div class='ocr_carea' id='block_1_5' title="bbox 245 514 3523 611">
    <p class='ocr_par' dir='ltr' id='par_1_5' title="bbox 245 514 3523 611">
     <span class='ocr_line' id='line_1_5' title="bbox 245 514 3523 611; baseline 0.01 -49"><span class='ocrx_word' id='word_1_10' title='bbox 245 523 352 581; x_wconf 56' lang='lat' dir='ltr'><strong>Nec</strong></span> <span class='ocrx_word' id='word_1_11' title='bbox 376 519 763 590; x_wconf 70' lang='lat' dir='ltr'><strong>discipulorum</strong></span> <span class='ocrx_word' id='word_1_12' title='bbox 812 525 927 573; x_wconf 88' lang='lat' dir='ltr'><strong>erat</strong></span> <span class='ocrx_word' id='word_1_13' title='bbox 955 524 1084 574; x_wconf 91' lang='lat' dir='ltr'><strong>tunc</strong></span> <span class='ocrx_word' id='word_1_14' title='bbox 1126 520 1266 575; x_wconf 86' lang='lat' dir='ltr'><strong>scire</strong></span> <span class='ocrx_word' id='word_1_15' title='bbox 1297 528 1419 575; x_wconf 88' lang='lat' dir='ltr'><strong>ante</strong></span> <span class='ocrx_word' id='word_1_16' title='bbox 1448 535 1686 585; x_wconf 89' lang='lat' dir='ltr'><strong>crucem,</strong></span> <span class='ocrx_word' id='word_1_17' title='bbox 1736 520 1838 573; x_wconf 85' lang='lat' dir='ltr'><strong>nisi</strong></span> <span class='ocrx_word' id='word_1_18' title='bbox 1872 523 1915 580; x_wconf 82' lang='grc' dir='ltr'><strong>Λ</strong></span> <span class='ocrx_word' id='word_1_19' title='bbox 1948 527 2227 595; x_wconf 70' lang='lat' dir='ltr'><strong>epistolam</strong></span> <span class='ocrx_word' id='word_1_20' title='bbox 2252 528 2572 583; x_wconf 76' lang='lat' dir='ltr'><strong>venerabilis</strong></span> <span class='ocrx_word' id='word_1_21' title='bbox 2600 528 2722 595; x_wconf 69' lang='lat' dir='ltr'><strong>lbze,</strong></span> <span class='ocrx_word' id='word_1_22' title='bbox 2749 544 2904 601; x_wconf 90' lang='lat' dir='ltr'><strong>quam</strong></span> <span class='ocrx_word' id='word_1_23' title='bbox 2926 514 3162 603; x_wconf 77' lang='lat' dir='ltr'><strong>synodus</strong></span> <span class='ocrx_word' id='word_1_24' title='bbox 3188 539 3523 611; x_wconf 73' lang='lat' dir='ltr'><strong>approbavit,</strong></span> 
     </span>
    </p>
   </div>
   <div class='ocr_carea' id='block_1_6' title="bbox 245 608 1828 681">
    <p class='ocr_par' dir='ltr' id='par_1_6' title="bbox 245 608 1828 681">
     <span class='ocr_line' id='line_1_6' title="bbox 245 608 1828 681; baseline -0.002 -14"><span class='ocrx_word' id='word_1_25' title='bbox 245 613 358 669; x_wconf 73' lang='lat' dir='ltr'><strong>lure</strong></span> <span class='ocrx_word' id='word_1_26' title='bbox 399 612 516 681; x_wconf 86' lang='lat' dir='ltr'><strong>ipse</strong></span> <span class='ocrx_word' id='word_1_27' title='bbox 554 611 738 676; x_wconf 90' lang='lat' dir='ltr'><strong>sciret,</strong></span> <span class='ocrx_word' id='word_1_28' title='bbox 785 621 839 663; x_wconf 88' lang='lat' dir='ltr'><strong>et</strong></span> <span class='ocrx_word' id='word_1_29' title='bbox 878 608 1172 679; x_wconf 85' lang='lat' dir='ltr'><strong>discipulos</strong></span> <span class='ocrx_word' id='word_1_30' title='bbox 1197 623 1410 679; x_wconf 86' lang='lat' dir='ltr'><strong>quoque</strong></span> <span class='ocrx_word' id='word_1_31' title='bbox 1450 620 1569 679; x_wconf 87' lang='lat' dir='ltr'><strong>post</strong></span> <span class='ocrx_word' id='word_1_32' title='bbox 1616 624 1828 670; x_wconf 86' lang='lat' dir='ltr'><strong>crucem</strong></span> 
     </span>
    </p>
   </div>
   <div class='ocr_carea' id='block_1_7' title="bbox 245 698 1835 769">
    <p class='ocr_par' dir='ltr' id='par_1_7' title="bbox 245 698 1835 769">
     <span class='ocr_line' id='line_1_7' title="bbox 245 698 1835 769; baseline -0.003 -12"><span class='ocrx_word' id='word_1_33' title='bbox 245 704 490 760; x_wconf 84' lang='lat' dir='ltr'><strong>crederet</strong></span> <span class='ocrx_word' id='word_1_34' title='bbox 517 699 874 769; x_wconf 77' lang='lat' dir='ltr'><strong>cognovisse?</strong></span> <span class='ocrx_word' id='word_1_35' title='bbox 900 698 1030 766; x_wconf 83' lang='lat' dir='ltr'><strong>Quis</strong></span> <span class='ocrx_word' id='word_1_36' title='bbox 1056 713 1216 768; x_wconf 91' lang='lat' dir='ltr'><strong>porro</strong></span> <span class='ocrx_word' id='word_1_37' title='bbox 1248 700 1469 754; x_wconf 90' lang='lat' dir='ltr'><strong>istorum</strong></span> <span class='ocrx_word' id='word_1_38' title='bbox 1498 709 1668 754; x_wconf 84' lang='lat' dir='ltr'><strong>tantas</strong></span> <span class='ocrx_word' id='word_1_39' title='bbox 1692 702 1835 755; x_wconf 81' lang='lat' dir='ltr'><strong>frau-</strong></span> 
     </span>
    </p>
   </div>
   <div class='ocr_carea' id='block_1_8' title="bbox 247 788 1927 861">
    <p class='ocr_par' dir='ltr' id='par_1_8' title="bbox 247 788 1927 861">
     <span class='ocr_line' id='line_1_8' title="bbox 247 788 1927 861; baseline -0.005 -8"><span class='ocrx_word' id='word_1_40' title='bbox 247 798 340 854; x_wconf 84' lang='lat' dir='ltr'><strong>des</strong></span> <span class='ocrx_word' id='word_1_41' title='bbox 364 791 754 861; x_wconf 84' lang='lat' dir='ltr'><strong>mendaciaque</strong></span> <span class='ocrx_word' id='word_1_42' title='bbox 793 802 899 845; x_wconf 91' lang='lat' dir='ltr'><strong>nou</strong></span> <span class='ocrx_word' id='word_1_43' title='bbox 930 790 1181 845; x_wconf 87' lang='lat' dir='ltr'><strong>horreat?</strong></span> <span class='ocrx_word' id='word_1_44' title='bbox 1210 789 1266 847; x_wconf 87' lang='lat' dir='ltr'><strong>Si</strong></span> <span class='ocrx_word' id='word_1_45' title='bbox 1313 804 1421 845; x_wconf 91' lang='lat' dir='ltr'><strong>non</strong></span> <span class='ocrx_word' id='word_1_46' title='bbox 1463 791 1837 846; x_wconf 66' lang='lat' dir='ltr'><strong>consideratur</strong></span> <span class='ocrx_word' id='word_1_47' title='bbox 1920 788 1927 801; x_wconf 93' lang='lat'>&#39;</span> 
     </span>
    </p>
   </div>
   <div class='ocr_carea' id='block_1_9' title="bbox 244 881 1835 955">
    <p class='ocr_par' dir='ltr' id='par_1_9' title="bbox 244 881 1835 955">
     <span class='ocr_line' id='line_1_9' title="bbox 244 881 1835 955; baseline -0.004 -14"><span class='ocrx_word' id='word_1_48' title='bbox 244 886 385 955; x_wconf 84' lang='lat' dir='ltr'><strong>quod</strong></span> <span class='ocrx_word' id='word_1_49' title='bbox 418 884 682 952; x_wconf 85' lang='lat' dir='ltr'><strong>sc:iptum</strong></span> <span class='ocrx_word' id='word_1_50' title='bbox 710 892 813 946; x_wconf 84' lang='lat' dir='ltr'><strong>est,</strong></span> <span class='ocrx_word' id='word_1_51' title='bbox 848 881 1040 936; x_wconf 76' lang='lat' dir='ltr'><strong>Psrdes</strong></span> <span class='ocrx_word' id='word_1_52' title='bbox 1072 897 1245 935; x_wconf 81' lang='lat' dir='ltr'><strong>omnes</strong></span> <span class='ocrx_word' id='word_1_53' title='bbox 1273 883 1362 953; x_wconf 81' lang='lat' dir='ltr'><strong>qui</strong></span> <span class='ocrx_word' id='word_1_54' title='bbox 1393 883 1671 949; x_wconf 85' lang='lat' dir='ltr'><strong>loquuntur</strong></span> <span class='ocrx_word' id='word_1_55' title='bbox 1698 897 1835 935; x_wconf 85' lang='lat' dir='ltr'><strong>men-</strong></span> 
     </span>
    </p>
   </div>
   <div class='ocr_carea' id='block_1_10' title="bbox 247 973 1838 1044">
    <p class='ocr_par' dir='ltr' id='par_1_10' title="bbox 247 973 1838 1044">
     <span class='ocr_line' id='line_1_10' title="bbox 247 973 1838 1044; baseline -0.001 -16"><span class='ocrx_word' id='word_1_56' title='bbox 247 976 453 1030; x_wconf 82' lang='lat' dir='ltr'><strong>dacium</strong></span> <span class='ocrx_word' id='word_1_57' title='bbox 499 973 673 1044; x_wconf 85' lang='lat' dir='ltr'><strong>(Psat.</strong></span> <span class='ocrx_word' id='word_1_58' title='bbox 707 989 763 1040; x_wconf 72' lang='grc' dir='ltr'><strong>τ,</strong></span> <span class='ocrx_word' id='word_1_59' title='bbox 788 973 871 1041; x_wconf 84' lang='grc'><strong>7),</strong></span> <span class='ocrx_word' id='word_1_60' title='bbox 923 984 977 1027; x_wconf 93' lang='lat' dir='ltr'><strong>et</strong></span> <span class='ocrx_word' id='word_1_61' title='bbox 1004 973 1162 1027; x_wconf 85' lang='lat' dir='ltr'><strong>timor</strong></span> <span class='ocrx_word' id='word_1_62' title='bbox 1190 973 1286 1028; x_wconf 86' lang='lat' dir='ltr'><strong>Dei</strong></span> <span class='ocrx_word' id='word_1_63' title='bbox 1324 974 1709 1037; x_wconf 82' lang='lat' dir='ltr'><strong>contemnitur,</strong></span> <span class='ocrx_word' id='word_1_64' title='bbox 1742 988 1838 1042; x_wconf 88' lang='lat' dir='ltr'><strong>pro</strong></span> 
     </span>
    </p>
   </div>
   <div class='ocr_carea' id='block_1_11' title="bbox 246 1063 1838 1134">
    <p class='ocr_par' dir='ltr' id='par_1_11' title="bbox 246 1063 1838 1134">
     <span class='ocr_line' id='line_1_11' title="bbox 246 1063 1838 1134; baseline -0.001 -13"><span class='ocrx_word' id='word_1_65' title='bbox 246 1066 484 1121; x_wconf 86' lang='lat' dir='ltr'><strong>humano</strong></span> <span class='ocrx_word' id='word_1_66' title='bbox 521 1066 711 1119; x_wconf 80' lang='lat' dir='ltr'><strong>saltem</strong></span> <span class='ocrx_word' id='word_1_67' title='bbox 740 1064 967 1134; x_wconf 86' lang='lat' dir='ltr'><strong>pudore,</strong></span> <span class='ocrx_word' id='word_1_68' title='bbox 1011 1063 1102 1133; x_wconf 89' lang='lat' dir='ltr'><strong>qui</strong></span> <span class='ocrx_word' id='word_1_69' title='bbox 1138 1064 1300 1119; x_wconf 81' lang='lat' dir='ltr'><strong>facile</strong></span> <span class='ocrx_word' id='word_1_70' title='bbox 1330 1064 1659 1133; x_wconf 90' lang='lat' dir='ltr'><strong>deprehendi</strong></span> <span class='ocrx_word' id='word_1_71' title='bbox 1692 1074 1838 1133; x_wconf 89' lang='lat' dir='ltr'><strong>pote-</strong></span> 
     </span>
    </p>
   </div>
   <div class='ocr_carea' id='block_1_12' title="bbox 246 1155 1839 1222">
    <p class='ocr_par' dir='ltr' id='par_1_12' title="bbox 246 1155 1839 1222">
     <span class='ocr_line' id='line_1_12' title="bbox 246 1155 1839 1222; baseline -0.001 -9"><span class='ocrx_word' id='word_1_72' title='bbox 246 1168 388 1222; x_wconf 86' lang='lat' dir='ltr'><strong>rant,</strong></span> <span class='ocrx_word' id='word_1_73' title='bbox 425 1158 715 1213; x_wconf 86' lang='lat' dir='ltr'><strong>manifesto</strong></span> <span class='ocrx_word' id='word_1_74' title='bbox 764 1155 1044 1209; x_wconf 87' lang='lat' dir='ltr'><strong>mendacio</strong></span> <span class='ocrx_word' id='word_1_75' title='bbox 1084 1155 1384 1212; x_wconf 80' lang='lat' dir='ltr'><strong>debuerant</strong></span> <span class='ocrx_word' id='word_1_76' title='bbox 1433 1156 1743 1221; x_wconf 84' lang='lat' dir='ltr'><strong>abstinere;</strong></span> <span class='ocrx_word' id='word_1_77' title='bbox 1786 1166 1839 1212; x_wconf 90' lang='lat' dir='ltr'><strong>et</strong></span> 
     </span>
    </p>
   </div>
   <div class='ocr_carea' id='block_1_13' title="bbox 246 1247 1839 1319">
    <p class='ocr_par' dir='ltr' id='par_1_13' title="bbox 246 1247 1839 1319">
     <span class='ocr_line' id='line_1_13' title="bbox 246 1247 1839 1319; baseline -0.001 -15"><span class='ocrx_word' id='word_1_78' title='bbox 246 1259 429 1304; x_wconf 83' lang='lat' dir='ltr'><strong>tamen</strong></span> <span class='ocrx_word' id='word_1_79' title='bbox 455 1249 528 1305; x_wconf 88' lang='lat' dir='ltr'><strong>de</strong></span> <span class='ocrx_word' id='word_1_80' title='bbox 558 1251 674 1319; x_wconf 87' lang='lat' dir='ltr'><strong>ipso</strong></span> <span class='ocrx_word' id='word_1_81' title='bbox 705 1247 991 1305; x_wconf 82' lang='lat' dir='ltr'><strong>Theodoro</strong></span> <span class='ocrx_word' id='word_1_82' title='bbox 1034 1247 1315 1317; x_wconf 83' lang='lat' dir='ltr'><strong>loquentes</strong></span> <span class='ocrx_word' id='word_1_83' title='bbox 1342 1248 1559 1302; x_wconf 88' lang='lat' dir='ltr'><strong>dicunt:</strong></span> <span class='ocrx_word' id='word_1_84' title='bbox 1592 1268 1611 1300; x_wconf 75' lang='grc' dir='ltr'><strong>ι</strong></span> <span class='ocrx_word' id='word_1_85' title='bbox 1640 1248 1839 1304; x_wconf 86' lang='lat' dir='ltr'><strong>llorre-</strong></span> 
     </span>
    </p>
   </div>
   <div class='ocr_carea' id='block_1_14' title="bbox 245 1338 1841 1409">
    <p class='ocr_par' dir='ltr' id='par_1_14' title="bbox 245 1338 1841 1409">
     <span class='ocr_line' id='line_1_14' title="bbox 245 1338 1841 1409; baseline -0.001 -14"><span class='ocrx_word' id='word_1_86' title='bbox 245 1354 366 1395; x_wconf 88' lang='lat' dir='ltr'><strong>mus</strong></span> <span class='ocrx_word' id='word_1_87' title='bbox 394 1341 560 1396; x_wconf 89' lang='lat' dir='ltr'><strong>etiam</strong></span> <span class='ocrx_word' id='word_1_88' title='bbox 593 1341 770 1395; x_wconf 90' lang='lat' dir='ltr'><strong>solam</strong></span> <span class='ocrx_word' id='word_1_89' title='bbox 803 1338 1118 1393; x_wconf 83' lang='lat' dir='ltr'><strong>memoriam</strong></span> <span class='ocrx_word' id='word_1_90' title='bbox 1150 1339 1602 1409; x_wconf 82' lang='lat' dir='ltr'><strong>blasphemiarum</strong></span> <span class='ocrx_word' id='word_1_91' title='bbox 1625 1340 1765 1409; x_wconf 87' lang='lat' dir='ltr'><strong>ejus,</strong></span> <span class='ocrx_word' id='word_1_92' title='bbox 1788 1349 1841 1395; x_wconf 91' lang='lat' dir='ltr'><strong>et</strong></span> 
     </span>
    </p>
   </div>
   <div class='ocr_carea' id='block_1_15' title="bbox 245 1430 1843 1501">
    <p class='ocr_par' dir='ltr' id='par_1_15' title="bbox 245 1430 1843 1501">
     <span class='ocr_line' id='line_1_15' title="bbox 245 1430 1843 1501; baseline 0.001 -16"><span class='ocrx_word' id='word_1_93' title='bbox 245 1430 358 1486; x_wconf 85' lang='lat' dir='ltr'><strong>Deo</strong></span> <span class='ocrx_word' id='word_1_94' title='bbox 392 1431 781 1500; x_wconf 82' lang='lat' dir='ltr'><strong>supplicamus,</strong></span> <span class='ocrx_word' id='word_1_95' title='bbox 824 1438 883 1485; x_wconf 90' lang='lat' dir='ltr'><strong>ut</strong></span> <span class='ocrx_word' id='word_1_96' title='bbox 920 1430 1077 1485; x_wconf 86' lang='lat' dir='ltr'><strong>nobis</strong></span> <span class='ocrx_word' id='word_1_97' title='bbox 1128 1431 1217 1484; x_wconf 86' lang='lat' dir='ltr'><strong>liat</strong></span> <span class='ocrx_word' id='word_1_98' title='bbox 1249 1430 1511 1500; x_wconf 85' lang='lat' dir='ltr'><strong>propitius</strong></span> <span class='ocrx_word' id='word_1_99' title='bbox 1538 1432 1680 1501; x_wconf 91' lang='lat' dir='ltr'><strong>quod</strong></span> <span class='ocrx_word' id='word_1_100' title='bbox 1726 1446 1843 1487; x_wconf 89' lang='lat' dir='ltr'><strong>om-</strong></span> 
     </span>
    </p>
   </div>
   <div class='ocr_carea' id='block_1_16' title="bbox 248 1522 1844 1593">
    <p class='ocr_par' dir='ltr' id='par_1_16' title="bbox 248 1522 1844 1593">
     <span class='ocr_line' id='line_1_16' title="bbox 248 1522 1844 1593; baseline 0.002 -16"><span class='ocrx_word' id='word_1_101' title='bbox 248 1522 380 1578; x_wconf 84' lang='lat' dir='ltr'><strong>nino</strong></span> <span class='ocrx_word' id='word_1_102' title='bbox 410 1524 467 1577; x_wconf 89' lang='lat' dir='ltr'><strong>in</strong></span> <span class='ocrx_word' id='word_1_103' title='bbox 505 1522 685 1593; x_wconf 88' lang='lat' dir='ltr'><strong>lingua</strong></span> <span class='ocrx_word' id='word_1_104' title='bbox 732 1522 854 1576; x_wconf 90' lang='lat' dir='ltr'><strong>talia</strong></span> <span class='ocrx_word' id='word_1_105' title='bbox 899 1523 1246 1578; x_wconf 83' lang='lat' dir='ltr'><strong>sustinemus.</strong></span> <span class='ocrx_word' id='word_1_106' title='bbox 1287 1541 1304 1575; x_wconf 82' lang='grc' dir='ltr'><strong>ι</strong></span> <span class='ocrx_word' id='word_1_107' title='bbox 1335 1524 1546 1590; x_wconf 85' lang='lat' dir='ltr'><strong>Quanta</strong></span> <span class='ocrx_word' id='word_1_108' title='bbox 1567 1526 1844 1580; x_wconf 89' lang='lat' dir='ltr'><strong>conscien-</strong></span> 
     </span>
    </p>
   </div>
   <div class='ocr_carea' id='block_1_17' title="bbox 252 1615 1844 1687">
    <p class='ocr_par' dir='ltr' id='par_1_17' title="bbox 252 1615 1844 1687">
     <span class='ocr_line' id='line_1_17' title="bbox 252 1615 1844 1687; baseline 0 -16"><span class='ocrx_word' id='word_1_109' title='bbox 252 1618 340 1671; x_wconf 64' lang='lat' dir='ltr'><strong>tiae</strong></span> <span class='ocrx_word' id='word_1_110' title='bbox 366 1618 653 1682; x_wconf 87' lang='lat' dir='ltr'><strong>sanctitas,</strong></span> <span class='ocrx_word' id='word_1_111' title='bbox 682 1624 737 1670; x_wconf 90' lang='lat' dir='ltr'><strong>et</strong></span> <span class='ocrx_word' id='word_1_112' title='bbox 764 1625 965 1686; x_wconf 89' lang='lat' dir='ltr'><strong>quanta</strong></span> <span class='ocrx_word' id='word_1_113' title='bbox 991 1615 1303 1671; x_wconf 83' lang='lat' dir='ltr'><strong>sinceritas!</strong></span> <span class='ocrx_word' id='word_1_114' title='bbox 1330 1616 1611 1683; x_wconf 84' lang='lat' dir='ltr'><strong>Quomodo</strong></span> <span class='ocrx_word' id='word_1_115' title='bbox 1636 1632 1695 1671; x_wconf 91' lang='lat' dir='ltr'><strong>se</strong></span> <span class='ocrx_word' id='word_1_116' title='bbox 1723 1632 1844 1687; x_wconf 90' lang='lat' dir='ltr'><strong>pro-</strong></span> 
     </span>
    </p>
   </div>
   <div class='ocr_carea' id='block_1_18' title="bbox 248 1706 1844 1778">
    <p class='ocr_par' dir='ltr' id='par_1_18' title="bbox 248 1706 1844 1778">
     <span class='ocr_line' id='line_1_18' title="bbox 248 1706 1844 1778; baseline 0.001 -15"><span class='ocrx_word' id='word_1_117' title='bbox 248 1708 377 1763; x_wconf 89' lang='lat' dir='ltr'><strong>bant</strong></span> <span class='ocrx_word' id='word_1_118' title='bbox 405 1706 866 1778; x_wconf 78' lang='lat' dir='ltr'><strong>blasphemiarum</strong></span> <span class='ocrx_word' id='word_1_119' title='bbox 897 1723 1016 1778; x_wconf 67' lang='lat' dir='ltr'><strong>qua:</strong></span> <span class='ocrx_word' id='word_1_120' title='bbox 1044 1707 1113 1762; x_wconf 84' lang='lat' dir='ltr'><strong>ab</strong></span> <span class='ocrx_word' id='word_1_121' title='bbox 1152 1708 1255 1763; x_wconf 84' lang='lat' dir='ltr'><strong>alio</strong></span> <span class='ocrx_word' id='word_1_122' title='bbox 1284 1707 1442 1763; x_wconf 66' lang='lat' dir='ltr'><strong>dictae</strong></span> <span class='ocrx_word' id='word_1_123' title='bbox 1471 1718 1598 1762; x_wconf 86' lang='lat' dir='ltr'><strong>sunt</strong></span> <span class='ocrx_word' id='word_1_124' title='bbox 1625 1709 1844 1765; x_wconf 90' lang='lat' dir='ltr'><strong>horrere</strong></span> 
     </span>
    </p>
   </div>
   <div class='ocr_carea' id='block_1_19' title="bbox 247 1800 1845 1870">
    <p class='ocr_par' dir='ltr' id='par_1_19' title="bbox 247 1800 1845 1870">
     <span class='ocr_line' id='line_1_19' title="bbox 247 1800 1845 1870; baseline -0.003 -11"><span class='ocrx_word' id='word_1_125' title='bbox 247 1800 599 1866; x_wconf 72' lang='lat' dir='ltr'><strong>meritoriam,</strong></span> <span class='ocrx_word' id='word_1_126' title='bbox 641 1800 735 1870; x_wconf 90' lang='lat' dir='ltr'><strong>qui</strong></span> <span class='ocrx_word' id='word_1_127' title='bbox 775 1808 920 1854; x_wconf 86' lang='lat' dir='ltr'><strong>tanta</strong></span> <span class='ocrx_word' id='word_1_128' title='bbox 968 1815 1087 1868; x_wconf 66' lang='lat' dir='ltr'><strong>qua:</strong></span> <span class='ocrx_word' id='word_1_129' title='bbox 1131 1815 1236 1855; x_wconf 89' lang='lat' dir='ltr'><strong>non</strong></span> <span class='ocrx_word' id='word_1_130' title='bbox 1283 1809 1409 1855; x_wconf 88' lang='lat' dir='ltr'><strong>sunt</strong></span> <span class='ocrx_word' id='word_1_131' title='bbox 1460 1801 1604 1855; x_wconf 85' lang='lat' dir='ltr'><strong>dicta</strong></span> <span class='ocrx_word' id='word_1_132' title='bbox 1648 1800 1845 1856; x_wconf 84' lang='lat' dir='ltr'><strong>conlin-</strong></span> 
     </span>
    </p>
   </div>
   <div class='ocr_carea' id='block_1_20' title="bbox 1951 618 3335 687">
    <p class='ocr_par' dir='ltr' id='par_1_20' title="bbox 1951 618 3335 687">
     <span class='ocr_line' id='line_1_20' title="bbox 1951 618 3335 687; baseline 0.01 -17"><span class='ocrx_word' id='word_1_133' title='bbox 1951 619 2171 687; x_wconf 80' lang='lat' dir='ltr'><strong>indigne</strong></span> <span class='ocrx_word' id='word_1_134' title='bbox 2201 631 2296 687; x_wconf 89' lang='lat' dir='ltr'><strong>pro</strong></span> <span class='ocrx_word' id='word_1_135' title='bbox 2325 619 2478 673; x_wconf 86' lang='lat' dir='ltr'><strong>laude</strong></span> <span class='ocrx_word' id='word_1_136' title='bbox 2508 618 2779 675; x_wconf 87' lang='lat' dir='ltr'><strong>Theodori</strong></span> <span class='ocrx_word' id='word_1_137' title='bbox 2813 620 2975 679; x_wconf 80' lang='lat' dir='ltr'><strong>fuisse</strong></span> <span class='ocrx_word' id='word_1_138' title='bbox 3008 623 3335 684; x_wconf 86' lang='lat' dir='ltr'><strong>damnatam.</strong></span> 
     </span>
    </p>
   </div>
   <div class='ocr_carea' id='block_1_21' title="bbox 2571 843 2898 901">
    <p class='ocr_par' dir='ltr' id='par_1_21' title="bbox 2571 843 2898 901">
     <span class='ocr_line' id='line_1_21' title="bbox 2571 843 2898 901; baseline 0.012 -4"><span class='ocrx_word' id='word_1_139' title='bbox 2571 843 2796 901; x_wconf 70' lang='lat' dir='ltr'><strong>CAPUT</strong></span> <span class='ocrx_word' id='word_1_140' title='bbox 2838 846 2898 901; x_wconf 65' lang='grc' dir='ltr'><strong>Υ.</strong></span> 
     </span>
    </p>
   </div>
   <div class='ocr_carea' id='block_1_22' title="bbox 1950 970 3530 1053">
    <p class='ocr_par' dir='ltr' id='par_1_22' title="bbox 1950 970 3530 1053">
     <span class='ocr_line' id='line_1_22' title="bbox 1950 970 3530 1053; baseline 0.01 -29"><span class='ocrx_word' id='word_1_141' title='bbox 1950 970 2105 1053; x_wconf 45' lang='lat' dir='ltr'><strong>Quini</strong></span> <span class='ocrx_word' id='word_1_142' title='bbox 2157 976 2294 1053; x_wconf 70' lang='lat' dir='ltr'><strong>falso</strong></span> <span class='ocrx_word' id='word_1_143' title='bbox 2342 975 2972 1053; x_wconf 66' lang='lat' dir='ltr'><strong>Theodoruntoccusent,</strong></span> <span class='ocrx_word' id='word_1_144' title='bbox 3018 983 3167 1051; x_wconf 77' lang='lat' dir='ltr'><strong>quasi</strong></span> <span class='ocrx_word' id='word_1_145' title='bbox 3194 998 3530 1053; x_wconf 82' lang='lat' dir='ltr'><strong>personarum</strong></span> 
     </span>
    </p>
   </div>
   <div class='ocr_carea' id='block_1_23' title="bbox 2021 1043 3531 1121">
    <p class='ocr_par' dir='ltr' id='par_1_23' title="bbox 2021 1043 3531 1121">
     <span class='ocr_line' id='line_1_23' title="bbox 2021 1043 3531 1121; baseline 0.012 -26"><span class='ocrx_word' id='word_1_146' title='bbox 2021 1043 2480 1121; x_wconf 68' lang='lat' dir='ltr'><strong>Trinitu_tettt_cum</strong></span> <span class='ocrx_word' id='word_1_147' title='bbox 2521 1049 2751 1104; x_wconf 80' lang='lat' dir='ltr'><strong>Sabellio</strong></span> <span class='ocrx_word' id='word_1_148' title='bbox 2791 1043 3310 1121; x_wconf 26' lang='lat' dir='ltr'><strong>negaritfunan&#39;tque</strong></span> <span class='ocrx_word' id='word_1_149' title='bbox 3354 1055 3531 1112; x_wconf 73' lang='lat' dir='ltr'><strong>Patris</strong></span> 
     </span>
    </p>
   </div>
   <div class='ocr_carea' id='block_1_24' title="bbox 2018 1112 3458 1190">
    <p class='ocr_par' dir='ltr' id='par_1_24' title="bbox 2018 1112 3458 1190">
     <span class='ocr_line' id='line_1_24' title="bbox 2018 1112 3458 1190; baseline 0.01 -23"><span class='ocrx_word' id='word_1_150' title='bbox 2018 1124 2065 1167; x_wconf 81' lang='lat' dir='ltr'><strong>et</strong></span> <span class='ocrx_word' id='word_1_151' title='bbox 2099 1112 2226 1170; x_wconf 77' lang='lat' dir='ltr'><strong>Filii</strong></span> <span class='ocrx_word' id='word_1_152' title='bbox 2254 1129 2297 1170; x_wconf 89' lang='lat' dir='ltr'><strong>et</strong></span> <span class='ocrx_word' id='word_1_153' title='bbox 2326 1119 2556 1188; x_wconf 75' lang='lat' dir='ltr'><strong>Spiritus</strong></span> <span class='ocrx_word' id='word_1_154' title='bbox 2585 1123 2750 1175; x_wconf 78' lang='lat' dir='ltr'><strong>sancti</strong></span> <span class='ocrx_word' id='word_1_155' title='bbox 2775 1112 3043 1190; x_wconf 60' lang='lat' dir='ltr'><strong>personant</strong></span> <span class='ocrx_word' id='word_1_156' title='bbox 3071 1141 3182 1180; x_wconf 74' lang='lat' dir='ltr'><strong>esse</strong></span> <span class='ocrx_word' id='word_1_157' title='bbox 3204 1112 3458 1182; x_wconf 68' lang='lat' dir='ltr'><strong>docuerit.</strong></span> 
     </span>
    </p>
   </div>
   <div class='ocr_carea' id='block_1_25' title="bbox 2020 1251 3531 1327">
    <p class='ocr_par' dir='ltr' id='par_1_25' title="bbox 2020 1251 3531 1327">
     <span class='ocr_line' id='line_1_25' title="bbox 2020 1251 3531 1327; baseline 0.009 -23"><span class='ocrx_word' id='word_1_158' title='bbox 2020 1251 2153 1317; x_wconf 88' lang='lat' dir='ltr'><strong>Quid</strong></span> <span class='ocrx_word' id='word_1_159' title='bbox 2187 1254 2348 1306; x_wconf 76' lang='lat' dir='ltr'><strong>etiam</strong></span> <span class='ocrx_word' id='word_1_160' title='bbox 2375 1253 2514 1321; x_wconf 90' lang='lat' dir='ltr'><strong>quod</strong></span> <span class='ocrx_word' id='word_1_161' title='bbox 2548 1268 2699 1322; x_wconf 58' lang='lat' dir='ltr'><strong>atque</strong></span> <span class='ocrx_word' id='word_1_162' title='bbox 2725 1251 2793 1310; x_wconf 89' lang='lat' dir='ltr'><strong>ad</strong></span> <span class='ocrx_word' id='word_1_163' title='bbox 2825 1258 3252 1327; x_wconf 79' lang='lat' dir='ltr'><strong>exaggerandam</strong></span> <span class='ocrx_word' id='word_1_164' title='bbox 3277 1262 3531 1317; x_wconf 81' lang='lat' dir='ltr'><strong>invidiam</strong></span> 
     </span>
    </p>
   </div>
   <div class='ocr_carea' id='block_1_26' title="bbox 1948 1344 3533 1418">
    <p class='ocr_par' dir='ltr' id='par_1_26' title="bbox 1948 1344 3533 1418">
     <span class='ocr_line' id='line_1_26' title="bbox 1948 1344 3533 1418; baseline 0.008 -21"><span class='ocrx_word' id='word_1_165' title='bbox 1948 1355 2147 1398; x_wconf 65' lang='lat' dir='ltr'><strong>sancta:</strong></span> <span class='ocrx_word' id='word_1_166' title='bbox 2183 1344 2391 1414; x_wconf 85' lang='lat' dir='ltr'><strong>synodo</strong></span> <span class='ocrx_word' id='word_1_167' title='bbox 2432 1344 2705 1414; x_wconf 84' lang='lat' dir='ltr'><strong>injuriam,</strong></span> <span class='ocrx_word' id='word_1_168' title='bbox 2755 1348 2809 1401; x_wconf 90' lang='lat' dir='ltr'><strong>in</strong></span> <span class='ocrx_word' id='word_1_169' title='bbox 2860 1362 2963 1418; x_wconf 89' lang='lat' dir='ltr'><strong>qua</strong></span> <span class='ocrx_word' id='word_1_170' title='bbox 3011 1349 3138 1405; x_wconf 90' lang='lat' dir='ltr'><strong>dum</strong></span> <span class='ocrx_word' id='word_1_171' title='bbox 3178 1351 3533 1409; x_wconf 86' lang='lat' dir='ltr'><strong>recitarentur</strong></span> 
     </span>
    </p>
   </div>
   <div class='ocr_carea' id='block_1_27' title="bbox 1951 1435 3534 1508">
    <p class='ocr_par' dir='ltr' id='par_1_27' title="bbox 1951 1435 3534 1508">
     <span class='ocr_line' id='line_1_27' title="bbox 1951 1435 3534 1508; baseline 0.008 -20"><span class='ocrx_word' id='word_1_172' title='bbox 1951 1435 2141 1489; x_wconf 83' lang='lat' dir='ltr'><strong>laudes</strong></span> <span class='ocrx_word' id='word_1_173' title='bbox 2169 1435 2334 1504; x_wconf 83' lang='lat' dir='ltr'><strong>ipsius</strong></span> <span class='ocrx_word' id='word_1_174' title='bbox 2363 1435 2655 1505; x_wconf 89' lang='lat' dir='ltr'><strong>Theodori,</strong></span> <span class='ocrx_word' id='word_1_175' title='bbox 2680 1438 3168 1498; x_wconf 79' lang='lat' dir='ltr'><strong>anathematizatus</strong></span> <span class='ocrx_word' id='word_1_176' title='bbox 3194 1457 3298 1497; x_wconf 91' lang='lat' dir='ltr'><strong>non</strong></span> <span class='ocrx_word' id='word_1_177' title='bbox 3327 1454 3430 1508; x_wconf 88' lang='lat' dir='ltr'><strong>est.</strong></span> <span class='ocrx_word' id='word_1_178' title='bbox 3454 1444 3534 1499; x_wconf 91' lang='lat' dir='ltr'><strong>di-</strong></span> 
     </span>
    </p>
   </div>
   <div class='ocr_carea' id='block_1_28' title="bbox 1950 1527 3534 1603">
    <p class='ocr_par' dir='ltr' id='par_1_28' title="bbox 1950 1527 3534 1603">
     <span class='ocr_line' id='line_1_28' title="bbox 1950 1527 3534 1603; baseline 0.006 -24"><span class='ocrx_word' id='word_1_179' title='bbox 1950 1535 2074 1580; x_wconf 91' lang='lat' dir='ltr'><strong>cunt</strong></span> <span class='ocrx_word' id='word_1_180' title='bbox 2105 1542 2229 1581; x_wconf 91' lang='lat' dir='ltr'><strong>eum</strong></span> <span class='ocrx_word' id='word_1_181' title='bbox 2271 1527 2589 1583; x_wconf 82' lang='lat' dir='ltr'><strong>Trinitatem</strong></span> <span class='ocrx_word' id='word_1_182' title='bbox 2621 1543 2835 1598; x_wconf 89' lang='lat' dir='ltr'><strong>quoque</strong></span> <span class='ocrx_word' id='word_1_183' title='bbox 2879 1545 3125 1601; x_wconf 77' lang='lat' dir='ltr'><strong>negasse,</strong></span> <span class='ocrx_word' id='word_1_184' title='bbox 3160 1540 3215 1587; x_wconf 92' lang='lat' dir='ltr'><strong>et</strong></span> <span class='ocrx_word' id='word_1_185' title='bbox 3240 1530 3393 1603; x_wconf 86' lang='lat' dir='ltr'><strong>juxta</strong></span> <span class='ocrx_word' id='word_1_186' title='bbox 3439 1534 3534 1590; x_wconf 89' lang='lat' dir='ltr'><strong>Sa-</strong></span> 
     </span>
    </p>
   </div>
   <div class='ocr_carea' id='block_1_29' title="bbox 1925 1618 3536 1699">
    <p class='ocr_par' dir='ltr' id='par_1_29' title="bbox 1925 1618 3536 1699">
     <span class='ocr_line' id='line_1_29' title="bbox 1925 1618 3536 1699; baseline 0.007 -28"><span class='ocrx_word' id='word_1_187' title='bbox 1925 1618 2166 1680; x_wconf 19' lang='lat' dir='ltr'><strong>,bellium</strong></span> <span class='ocrx_word' id='word_1_188' title='bbox 2192 1635 2350 1673; x_wconf 83' lang='lat' dir='ltr'><strong>unam</strong></span> <span class='ocrx_word' id='word_1_189' title='bbox 2376 1619 2571 1689; x_wconf 86' lang='lat' dir='ltr'><strong>Patris,</strong></span> <span class='ocrx_word' id='word_1_190' title='bbox 2603 1632 2657 1677; x_wconf 90' lang='lat' dir='ltr'><strong>et</strong></span> <span class='ocrx_word' id='word_1_191' title='bbox 2680 1621 2822 1689; x_wconf 87' lang='lat' dir='ltr'><strong>Filii,</strong></span> <span class='ocrx_word' id='word_1_192' title='bbox 2854 1622 3167 1699; x_wconf 76' lang='lat' dir='ltr'><strong>etSpiritus</strong></span> <span class='ocrx_word' id='word_1_193' title='bbox 3198 1627 3371 1681; x_wconf 88' lang='lat' dir='ltr'><strong>sancti</strong></span> <span class='ocrx_word' id='word_1_194' title='bbox 3416 1634 3536 1682; x_wconf 86' lang='lat' dir='ltr'><strong>cre-</strong></span> 
     </span>
    </p>
   </div>
   <div class='ocr_carea' id='block_1_30' title="bbox 1950 1711 3535 1789">
    <p class='ocr_par' dir='ltr' id='par_1_30' title="bbox 1950 1711 3535 1789">
     <span class='ocr_line' id='line_1_30' title="bbox 1950 1711 3535 1789; baseline 0.006 -24"><span class='ocrx_word' id='word_1_195' title='bbox 1950 1711 2149 1767; x_wconf 90' lang='lat' dir='ltr'><strong>didisse</strong></span> <span class='ocrx_word' id='word_1_196' title='bbox 2173 1714 2496 1782; x_wconf 87' lang='lat' dir='ltr'><strong>personam?</strong></span> <span class='ocrx_word' id='word_1_197' title='bbox 2522 1713 2772 1784; x_wconf 81' lang='lat' dir='ltr'><strong>Nunquid</strong></span> <span class='ocrx_word' id='word_1_198' title='bbox 2799 1724 2852 1770; x_wconf 91' lang='lat' dir='ltr'><strong>et</strong></span> <span class='ocrx_word' id='word_1_199' title='bbox 2882 1715 2983 1771; x_wconf 89' lang='lat' dir='ltr'><strong>hoc</strong></span> <span class='ocrx_word' id='word_1_200' title='bbox 3008 1724 3193 1772; x_wconf 87' lang='lat' dir='ltr'><strong>contra</strong></span> <span class='ocrx_word' id='word_1_201' title='bbox 3220 1717 3237 1749; x_wconf 86' lang='grc'>¹</span> <span class='ocrx_word' id='word_1_202' title='bbox 3264 1717 3405 1774; x_wconf 88' lang='lat' dir='ltr'><strong>beati</strong></span> <span class='ocrx_word' id='word_1_203' title='bbox 3434 1718 3535 1789; x_wconf 83' lang='lat' dir='ltr'><strong>Cy-</strong></span> 
     </span>
    </p>
   </div>
   <div class='ocr_carea' id='block_1_31' title="bbox 1951 1803 3535 1880">
    <p class='ocr_par' dir='ltr' id='par_1_31' title="bbox 1951 1803 3535 1880">
     <span class='ocr_line' id='line_1_31' title="bbox 1951 1803 3535 1880; baseline 0.005 -23"><span class='ocrx_word' id='word_1_204' title='bbox 1951 1803 2055 1859; x_wconf 91' lang='lat' dir='ltr'><strong>rilli</strong></span> <span class='ocrx_word' id='word_1_205' title='bbox 2089 1806 2412 1861; x_wconf 88' lang='lat' dir='ltr'><strong>sententiam</strong></span> <span class='ocrx_word' id='word_1_206' title='bbox 2443 1804 2650 1875; x_wconf 91' lang='lat' dir='ltr'><strong>dicunt,</strong></span> <span class='ocrx_word' id='word_1_207' title='bbox 2682 1808 2727 1861; x_wconf 91' lang='lat' dir='ltr'><strong>si</strong></span> <span class='ocrx_word' id='word_1_208' title='bbox 2761 1807 2950 1877; x_wconf 89' lang='lat' dir='ltr'><strong>ipsein</strong></span> <span class='ocrx_word' id='word_1_209' title='bbox 2977 1807 3072 1863; x_wconf 90' lang='lat' dir='ltr'><strong>illo</strong></span> <span class='ocrx_word' id='word_1_210' title='bbox 3101 1823 3267 1880; x_wconf 90' lang='lat' dir='ltr'><strong>opere</strong></span> <span class='ocrx_word' id='word_1_211' title='bbox 3293 1812 3535 1880; x_wconf 64' lang='lat' dir='ltr'><strong>quaedam</strong></span> 
     </span>
    </p>
   </div>
   <div class='ocr_carea' id='block_1_32' title="bbox 246 1890 3534 1971">
    <p class='ocr_par' dir='ltr' id='par_1_32' title="bbox 246 1890 3534 1971">
     <span class='ocr_line' id='line_1_32' title="bbox 246 1890 3534 1971; baseline 0.002 -26"><span class='ocrx_word' id='word_1_212' title='bbox 246 1892 418 1964; x_wconf 76' lang='lat' dir='ltr'><strong>gunt?</strong></span> <span class='ocrx_word' id='word_1_213' title='bbox 470 1900 566 1946; x_wconf 81' lang='lat' dir='ltr'><strong>aut</strong></span> <span class='ocrx_word' id='word_1_214' title='bbox 595 1890 865 1961; x_wconf 89' lang='lat' dir='ltr'><strong>quomodo</strong></span> <span class='ocrx_word' id='word_1_215' title='bbox 910 1890 989 1945; x_wconf 88' lang='lat' dir='ltr'><strong>eis</strong></span> <span class='ocrx_word' id='word_1_216' title='bbox 1038 1902 1144 1945; x_wconf 89' lang='lat' dir='ltr'><strong>non</strong></span> <span class='ocrx_word' id='word_1_217' title='bbox 1198 1890 1517 1959; x_wconf 86' lang='lat' dir='ltr'><strong>propitietur</strong></span> <span class='ocrx_word' id='word_1_218' title='bbox 1564 1890 1730 1953; x_wconf 85' lang='lat' dir='ltr'><strong>Deus,</strong></span> <span class='ocrx_word' id='word_1_219' title='bbox 1771 1892 1840 1945; x_wconf 89' lang='lat' dir='ltr'><strong>ita</strong></span> <span class='ocrx_word' id='word_1_220' title='bbox 1877 1910 1921 1971; x_wconf 72' lang='grc' dir='ltr'><strong><em>Β</em></strong></span> <span class='ocrx_word' id='word_1_221' title='bbox 1951 1897 2148 1966; x_wconf 90' lang='lat' dir='ltr'><strong>scripta</strong></span> <span class='ocrx_word' id='word_1_222' title='bbox 2203 1897 2375 1953; x_wconf 83' lang='lat' dir='ltr'><strong>sancti</strong></span> <span class='ocrx_word' id='word_1_223' title='bbox 2419 1896 2658 1965; x_wconf 83' lang='lat' dir='ltr'><strong>Diodori,</strong></span> <span class='ocrx_word' id='word_1_224' title='bbox 2699 1907 2753 1955; x_wconf 90' lang='lat' dir='ltr'><strong>et</strong></span> <span class='ocrx_word' id='word_1_225' title='bbox 2799 1898 3048 1968; x_wconf 88' lang='lat' dir='ltr'><strong>discipuli</strong></span> <span class='ocrx_word' id='word_1_226' title='bbox 3092 1899 3209 1969; x_wconf 86' lang='lat' dir='ltr'><strong>ejus</strong></span> <span class='ocrx_word' id='word_1_227' title='bbox 3244 1900 3534 1965; x_wconf 89' lang='lat' dir='ltr'><strong>Theodori,</strong></span> 
     </span>
    </p>
   </div>
   <div class='ocr_carea' id='block_1_33' title="bbox 245 1982 1847 2053">
    <p class='ocr_par' dir='ltr' id='par_1_33' title="bbox 245 1982 1847 2053">
     <span class='ocr_line' id='line_1_33' title="bbox 245 1982 1847 2053; baseline -0.001 -14"><span class='ocrx_word' id='word_1_228' title='bbox 245 1984 574 2052; x_wconf 85' lang='lat' dir='ltr'><strong>simpliciter</strong></span> <span class='ocrx_word' id='word_1_229' title='bbox 593 1998 659 2039; x_wconf 80' lang='lat' dir='ltr'><strong>ac</strong></span> <span class='ocrx_word' id='word_1_230' title='bbox 698 1984 960 2039; x_wconf 86' lang='lat' dir='ltr'><strong>veraciter</strong></span> <span class='ocrx_word' id='word_1_231' title='bbox 998 1982 1320 2037; x_wconf 84' lang='lat' dir='ltr'><strong>invocatus?</strong></span> <span class='ocrx_word' id='word_1_232' title='bbox 1343 1982 1435 2037; x_wconf 87' lang='lat' dir='ltr'><strong>Isti</strong></span> <span class='ocrx_word' id='word_1_233' title='bbox 1477 1990 1605 2038; x_wconf 85' lang='lat' dir='ltr'><strong>sunt</strong></span> <span class='ocrx_word' id='word_1_234' title='bbox 1632 1983 1722 2053; x_wconf 87' lang='lat' dir='ltr'><strong>qui</strong></span> <span class='ocrx_word' id='word_1_235' title='bbox 1751 1982 1847 2038; x_wconf 87' lang='lat' dir='ltr'><strong>do-</strong></span> 
     </span>
    </p>
   </div>
   <div class='ocr_carea' id='block_1_34' title="bbox 244 2073 1843 2141">
    <p class='ocr_par' dir='ltr' id='par_1_34' title="bbox 244 2073 1843 2141">
     <span class='ocr_line' id='line_1_34' title="bbox 244 2073 1843 2141; baseline -0.003 -9"><span class='ocrx_word' id='word_1_236' title='bbox 244 2087 370 2132; x_wconf 87' lang='lat' dir='ltr'><strong>cent</strong></span> <span class='ocrx_word' id='word_1_237' title='bbox 423 2092 646 2141; x_wconf 87' lang='lat' dir='ltr'><strong>novam,</strong></span> <span class='ocrx_word' id='word_1_238' title='bbox 678 2086 732 2130; x_wconf 89' lang='lat' dir='ltr'><strong>et</strong></span> <span class='ocrx_word' id='word_1_239' title='bbox 760 2085 866 2130; x_wconf 85' lang='lat' dir='ltr'><strong>tam</strong></span> <span class='ocrx_word' id='word_1_240' title='bbox 897 2075 1061 2130; x_wconf 81' lang='lat' dir='ltr'><strong>Leoni</strong></span> <span class='ocrx_word' id='word_1_241' title='bbox 1094 2073 1362 2139; x_wconf 80' lang='lat' dir='ltr'><strong>Romano,</strong></span> <span class='ocrx_word' id='word_1_242' title='bbox 1407 2074 1579 2131; x_wconf 89' lang='lat' dir='ltr'><strong>donec</strong></span> <span class='ocrx_word' id='word_1_243' title='bbox 1620 2074 1843 2141; x_wconf 78' lang='lat' dir='ltr'><strong>advixit,</strong></span> 
     </span>
    </p>
   </div>
   <div class='ocr_carea' id='block_1_35' title="bbox 247 2160 1843 2237">
    <p class='ocr_par' dir='ltr' id='par_1_35' title="bbox 247 2160 1843 2237">
     <span class='ocr_line' id='line_1_35' title="bbox 247 2160 1843 2237; baseline 0 -18"><span class='ocrx_word' id='word_1_244' title='bbox 247 2184 410 2237; x_wconf 89' lang='lat' dir='ltr'><strong>quam</strong></span> <span class='ocrx_word' id='word_1_245' title='bbox 442 2168 544 2222; x_wconf 90' lang='lat' dir='ltr'><strong>toti</strong></span> <span class='ocrx_word' id='word_1_246' title='bbox 578 2167 839 2222; x_wconf 86' lang='lat' dir='ltr'><strong>hactenus</strong></span> <span class='ocrx_word' id='word_1_247' title='bbox 882 2160 1140 2221; x_wconf 65' lang='lat' dir='ltr'><strong>Ecclesiae</strong></span> <span class='ocrx_word' id='word_1_248' title='bbox 1184 2166 1508 2234; x_wconf 78' lang='lat' dir='ltr'><strong>incognitam</strong></span> <span class='ocrx_word' id='word_1_249' title='bbox 1538 2168 1843 2222; x_wconf 87' lang='lat' dir='ltr'><strong>veritatem.</strong></span> 
     </span>
    </p>
   </div>
   <div class='ocr_carea' id='block_1_36' title="bbox 244 2260 1851 2331">
    <p class='ocr_par' dir='ltr' id='par_1_36' title="bbox 244 2260 1851 2331">
     <span class='ocr_line' id='line_1_36' title="bbox 244 2260 1851 2331; baseline 0 -16"><span class='ocrx_word' id='word_1_250' title='bbox 244 2261 613 2331; x_wconf 81' lang='lat' dir='ltr'><strong>Abjiciantur,</strong></span> <span class='ocrx_word' id='word_1_251' title='bbox 644 2262 890 2327; x_wconf 90' lang='lat' dir='ltr'><strong>obsecro,</strong></span> <span class='ocrx_word' id='word_1_252' title='bbox 939 2260 1096 2324; x_wconf 92' lang='lat' dir='ltr'><strong>tales,</strong></span> <span class='ocrx_word' id='word_1_253' title='bbox 1129 2268 1183 2314; x_wconf 90' lang='lat' dir='ltr'><strong>et</strong></span> <span class='ocrx_word' id='word_1_254' title='bbox 1228 2260 1579 2331; x_wconf 85' lang='lat' dir='ltr'><strong>profugentur</strong></span> <span class='ocrx_word' id='word_1_255' title='bbox 1609 2262 1678 2315; x_wconf 91' lang='lat' dir='ltr'><strong>ab</strong></span> <span class='ocrx_word' id='word_1_256' title='bbox 1707 2266 1851 2316; x_wconf 88' lang='lat' dir='ltr'><strong>auri-</strong></span> 
     </span>
    </p>
   </div>
   <div class='ocr_carea' id='block_1_37' title="bbox 244 2352 1849 2420">
    <p class='ocr_par' dir='ltr' id='par_1_37' title="bbox 244 2352 1849 2420">
     <span class='ocr_line' id='line_1_37' title="bbox 244 2352 1849 2420; baseline -0.002 -11"><span class='ocrx_word' id='word_1_257' title='bbox 244 2353 341 2409; x_wconf 84' lang='lat' dir='ltr'><strong>bus</strong></span> <span class='ocrx_word' id='word_1_258' title='bbox 375 2354 602 2420; x_wconf 77' lang='lat' dir='ltr'><strong>vestris,</strong></span> <span class='ocrx_word' id='word_1_259' title='bbox 637 2369 732 2409; x_wconf 90' lang='lat' dir='ltr'><strong>nec</strong></span> <span class='ocrx_word' id='word_1_260' title='bbox 762 2354 841 2407; x_wconf 90' lang='lat' dir='ltr'><strong>eis</strong></span> <span class='ocrx_word' id='word_1_261' title='bbox 868 2352 1006 2407; x_wconf 88' lang='lat' dir='ltr'><strong>ultra</strong></span> <span class='ocrx_word' id='word_1_262' title='bbox 1034 2352 1104 2407; x_wconf 90' lang='lat' dir='ltr'><strong>sit</strong></span> <span class='ocrx_word' id='word_1_263' title='bbox 1126 2352 1353 2407; x_wconf 90' lang='lat' dir='ltr'><strong>liberum</strong></span> <span class='ocrx_word' id='word_1_264' title='bbox 1388 2353 1541 2407; x_wconf 89' lang='lat' dir='ltr'><strong>titulo</strong></span> <span class='ocrx_word' id='word_1_265' title='bbox 1570 2354 1736 2408; x_wconf 77' lang='lat' dir='ltr'><strong>vestri</strong></span> <span class='ocrx_word' id='word_1_266' title='bbox 1760 2370 1849 2407; x_wconf 86' lang='lat' dir='ltr'><strong>no-</strong></span> 
     </span>
    </p>
   </div>
   <div class='ocr_carea' id='block_1_38' title="bbox 244 2444 1853 2514">
    <p class='ocr_par' dir='ltr' id='par_1_38' title="bbox 244 2444 1853 2514">
     <span class='ocr_line' id='line_1_38' title="bbox 244 2444 1853 2514; baseline -0.001 -15"><span class='ocrx_word' id='word_1_267' title='bbox 244 2446 409 2500; x_wconf 79' lang='lat' dir='ltr'><strong>minis</strong></span> <span class='ocrx_word' id='word_1_268' title='bbox 434 2460 536 2500; x_wconf 84' lang='lat' dir='ltr'><strong>sua</strong></span> <span class='ocrx_word' id='word_1_269' title='bbox 568 2446 850 2500; x_wconf 83' lang='lat' dir='ltr'><strong>mendacia</strong></span> <span class='ocrx_word' id='word_1_270' title='bbox 894 2452 1220 2514; x_wconf 65' lang='lat' dir='ltr'><strong>praenotare.</strong></span> <span class='ocrx_word' id='word_1_271' title='bbox 1254 2444 1386 2498; x_wconf 82' lang='lat' dir='ltr'><strong>Nam</strong></span> <span class='ocrx_word' id='word_1_272' title='bbox 1431 2444 1477 2499; x_wconf 89' lang='lat' dir='ltr'><strong>si</strong></span> <span class='ocrx_word' id='word_1_273' title='bbox 1508 2445 1643 2499; x_wconf 86' lang='lat' dir='ltr'><strong>hanc</strong></span> <span class='ocrx_word' id='word_1_274' title='bbox 1684 2445 1853 2499; x_wconf 75' lang='lat' dir='ltr'><strong>mani—</strong></span> 
     </span>
    </p>
   </div>
   <div class='ocr_carea' id='block_1_39' title="bbox 244 2537 1850 2607">
    <p class='ocr_par' dir='ltr' id='par_1_39' title="bbox 244 2537 1850 2607">
     <span class='ocr_line' id='line_1_39' title="bbox 244 2537 1850 2607; baseline 0 -16"><span class='ocrx_word' id='word_1_275' title='bbox 244 2538 444 2593; x_wconf 85' lang='lat' dir='ltr'><strong>festam</strong></span> <span class='ocrx_word' id='word_1_276' title='bbox 468 2538 739 2593; x_wconf 83' lang='lat' dir='ltr'><strong>Theodori</strong></span> <span class='ocrx_word' id='word_1_277' title='bbox 770 2537 834 2593; x_wconf 89' lang='lat' dir='ltr'><strong>de</strong></span> <span class='ocrx_word' id='word_1_278' title='bbox 857 2538 1171 2592; x_wconf 89' lang='lat' dir='ltr'><strong>centurione</strong></span> <span class='ocrx_word' id='word_1_279' title='bbox 1202 2537 1548 2605; x_wconf 88' lang='lat' dir='ltr'><strong>sententiam,</strong></span> <span class='ocrx_word' id='word_1_280' title='bbox 1579 2552 1672 2607; x_wconf 91' lang='lat' dir='ltr'><strong>per</strong></span> <span class='ocrx_word' id='word_1_281' title='bbox 1694 2554 1850 2607; x_wconf 86' lang='lat' dir='ltr'><strong>quam</strong></span> 
     </span>
    </p>
   </div>
   <div class='ocr_carea' id='block_1_40' title="bbox 244 2614 1848 2700">
    <p class='ocr_par' dir='ltr' id='par_1_40' title="bbox 244 2614 1848 2700">
     <span class='ocr_line' id='line_1_40' title="bbox 244 2614 1848 2700; baseline 0 -17"><span class='ocrx_word' id='word_1_282' title='bbox 244 2632 422 2700; x_wconf 83' lang='lat' dir='ltr'><strong>magis</strong></span> <span class='ocrx_word' id='word_1_283' title='bbox 449 2645 599 2696; x_wconf 87' lang='lat' dir='ltr'><strong>eum,</strong></span> <span class='ocrx_word' id='word_1_284' title='bbox 628 2614 899 2698; x_wconf 77' lang='lat' dir='ltr'><strong>quomodo</strong></span> <span class='ocrx_word' id='word_1_285' title='bbox 930 2630 1371 2697; x_wconf 82' lang='lat' dir='ltr'><strong>pronilseramus,</strong></span> <span class='ocrx_word' id='word_1_286' title='bbox 1414 2630 1748 2684; x_wconf 87' lang='lat' dir='ltr'><strong>ostendimus</strong></span> <span class='ocrx_word' id='word_1_287' title='bbox 1779 2630 1848 2683; x_wconf 89' lang='lat' dir='ltr'><strong>ab</strong></span> 
     </span>
    </p>
   </div>
   <div class='ocr_carea' id='block_1_41' title="bbox 246 2717 1845 2791">
    <p class='ocr_par' dir='ltr' id='par_1_41' title="bbox 246 2717 1845 2791">
     <span class='ocr_line' id='line_1_41' title="bbox 246 2717 1845 2791; baseline 0 -16"><span class='ocrx_word' id='word_1_288' title='bbox 246 2734 442 2775; x_wconf 86' lang='lat' dir='ltr'><strong>eorum</strong></span> <span class='ocrx_word' id='word_1_289' title='bbox 486 2720 832 2775; x_wconf 85' lang='lat' dir='ltr'><strong>accusatione</strong></span> <span class='ocrx_word' id='word_1_290' title='bbox 858 2717 1096 2787; x_wconf 86' lang='lat' dir='ltr'><strong>defendi,</strong></span> <span class='ocrx_word' id='word_1_291' title='bbox 1128 2720 1205 2773; x_wconf 90' lang='lat' dir='ltr'><strong>sic</strong></span> <span class='ocrx_word' id='word_1_292' title='bbox 1257 2719 1596 2791; x_wconf 86' lang='lat' dir='ltr'><strong>impudenter</strong></span> <span class='ocrx_word' id='word_1_293' title='bbox 1627 2736 1845 2775; x_wconf 78' lang='lat' dir='ltr'><strong>accusa-</strong></span> 
     </span>
    </p>
   </div>
   <div class='ocr_carea' id='block_1_42' title="bbox 242 2811 1853 2881">
    <p class='ocr_par' dir='ltr' id='par_1_42' title="bbox 242 2811 1853 2881">
     <span class='ocr_line' id='line_1_42' title="bbox 242 2811 1853 2881; baseline 0.004 -18"><span class='ocrx_word' id='word_1_294' title='bbox 242 2822 465 2877; x_wconf 78' lang='lat' dir='ltr'><strong>verunt,</strong></span> <span class='ocrx_word' id='word_1_295' title='bbox 513 2813 592 2867; x_wconf 82' lang='lat' dir='ltr'><strong>sic</strong></span> <span class='ocrx_word' id='word_1_296' title='bbox 622 2812 745 2866; x_wconf 77' lang='lat' dir='ltr'><strong>aliis</strong></span> <span class='ocrx_word' id='word_1_297' title='bbox 785 2811 1078 2881; x_wconf 82' lang='lat' dir='ltr'><strong>suppositis</strong></span> <span class='ocrx_word' id='word_1_298' title='bbox 1125 2811 1364 2881; x_wconf 88' lang='lat' dir='ltr'><strong>quidem,</strong></span> <span class='ocrx_word' id='word_1_299' title='bbox 1408 2813 1528 2867; x_wconf 90' lang='lat' dir='ltr'><strong>aliis</strong></span> <span class='ocrx_word' id='word_1_300' title='bbox 1559 2828 1688 2868; x_wconf 87' lang='lat' dir='ltr'><strong>vero</strong></span> <span class='ocrx_word' id='word_1_301' title='bbox 1732 2815 1853 2870; x_wconf 85' lang='lat' dir='ltr'><strong>sub-</strong></span> 
     </span>
    </p>
   </div>
   <div class='ocr_carea' id='block_1_43' title="bbox 242 2903 1851 2971">
    <p class='ocr_par' dir='ltr' id='par_1_43' title="bbox 242 2903 1851 2971">
     <span class='ocr_line' id='line_1_43' title="bbox 242 2903 1851 2971; baseline 0.002 -12"><span class='ocrx_word' id='word_1_302' title='bbox 242 2905 462 2971; x_wconf 82' lang='lat' dir='ltr'><strong>tractis,</strong></span> <span class='ocrx_word' id='word_1_303' title='bbox 488 2903 783 2960; x_wconf 89' lang='lat' dir='ltr'><strong>obscurare</strong></span> <span class='ocrx_word' id='word_1_304' title='bbox 814 2904 993 2959; x_wconf 88' lang='lat' dir='ltr'><strong>conati</strong></span> <span class='ocrx_word' id='word_1_305' title='bbox 1042 2912 1185 2971; x_wconf 89' lang='lat' dir='ltr'><strong>sunt,</strong></span> <span class='ocrx_word' id='word_1_306' title='bbox 1233 2916 1293 2961; x_wconf 90' lang='lat' dir='ltr'><strong>ut</strong></span> <span class='ocrx_word' id='word_1_307' title='bbox 1336 2920 1397 2960; x_wconf 88' lang='lat' dir='ltr'><strong>ea</strong></span> <span class='ocrx_word' id='word_1_308' title='bbox 1444 2907 1495 2961; x_wconf 90' lang='lat' dir='ltr'><strong>in</strong></span> <span class='ocrx_word' id='word_1_309' title='bbox 1524 2908 1851 2962; x_wconf 86' lang='lat' dir='ltr'><strong>contrarium</strong></span> 
     </span>
    </p>
   </div>
   <div class='ocr_carea' id='block_1_44' title="bbox 243 2984 1853 3069">
    <p class='ocr_par' dir='ltr' id='par_1_44' title="bbox 243 2984 1853 3069">
     <span class='ocr_line' id='line_1_44' title="bbox 243 2984 1853 3069; baseline 0.003 -18"><span class='ocrx_word' id='word_1_310' title='bbox 243 3010 473 3053; x_wconf 85' lang='lat' dir='ltr'><strong>sensum</strong></span> <span class='ocrx_word' id='word_1_311' title='bbox 502 3012 647 3053; x_wconf 84' lang='lat' dir='ltr'><strong>saeva</strong></span> <span class='ocrx_word' id='word_1_312' title='bbox 682 2984 1120 3068; x_wconf 80' lang='lat' dir='ltr'><strong>interpretatione</strong></span> <span class='ocrx_word' id='word_1_313' title='bbox 1145 3006 1548 3065; x_wconf 84' lang='lat' dir='ltr'><strong>converterent;</strong></span> <span class='ocrx_word' id='word_1_314' title='bbox 1576 3000 1701 3069; x_wconf 89' lang='lat' dir='ltr'><strong>quid</strong></span> <span class='ocrx_word' id='word_1_315' title='bbox 1736 3001 1853 3056; x_wconf 90' lang='lat' dir='ltr'><strong>illos</strong></span> 
     </span>
    </p>
   </div>
   <div class='ocr_carea' id='block_1_45' title="bbox 243 3088 1853 3161">
    <p class='ocr_par' dir='ltr' id='par_1_45' title="bbox 243 3088 1853 3161">
     <span class='ocr_line' id='line_1_45' title="bbox 243 3088 1853 3161; baseline 0.001 -16"><span class='ocrx_word' id='word_1_316' title='bbox 243 3090 295 3145; x_wconf 91' lang='lat' dir='ltr'><strong>in</strong></span> <span class='ocrx_word' id='word_1_317' title='bbox 345 3090 570 3146; x_wconf 71' lang='lat' dir='ltr'><strong>caeteris</strong></span> <span class='ocrx_word' id='word_1_318' title='bbox 633 3089 825 3146; x_wconf 88' lang='lat' dir='ltr'><strong>fecisse</strong></span> <span class='ocrx_word' id='word_1_319' title='bbox 874 3088 1201 3146; x_wconf 87' lang='lat' dir='ltr'><strong>credendum</strong></span> <span class='ocrx_word' id='word_1_320' title='bbox 1256 3100 1363 3160; x_wconf 87' lang='lat' dir='ltr'><strong>est,</strong></span> <span class='ocrx_word' id='word_1_321' title='bbox 1417 3091 1505 3146; x_wconf 89' lang='lat' dir='ltr'><strong>ubi</strong></span> <span class='ocrx_word' id='word_1_322' title='bbox 1565 3091 1853 3161; x_wconf 82' lang='lat' dir='ltr'><strong>praedictus</strong></span> 
     </span>
    </p>
   </div>
   <div class='ocr_carea' id='block_1_46' title="bbox 243 3180 1855 3254">
    <p class='ocr_par' dir='ltr' id='par_1_46' title="bbox 243 3180 1855 3254">
     <span class='ocr_line' id='line_1_46' title="bbox 243 3180 1855 3254; baseline 0.002 -18"><span class='ocrx_word' id='word_1_323' title='bbox 243 3180 594 3247; x_wconf 83' lang='lat' dir='ltr'><strong>Theodorus,</strong></span> <span class='ocrx_word' id='word_1_324' title='bbox 628 3181 1008 3252; x_wconf 84' lang='lat' dir='ltr'><strong>Apoliuaristis</strong></span> <span class='ocrx_word' id='word_1_325' title='bbox 1039 3182 1436 3251; x_wconf 90' lang='lat' dir='ltr'><strong>contradiccns,</strong></span> <span class='ocrx_word' id='word_1_326' title='bbox 1471 3184 1711 3254; x_wconf 79' lang='lat' dir='ltr'><strong>quaedam</strong></span> <span class='ocrx_word' id='word_1_327' title='bbox 1736 3199 1855 3240; x_wconf 84' lang='lat' dir='ltr'><strong>cer-</strong></span> 
     </span>
    </p>
   </div>
   <div class='ocr_carea' id='block_1_47' title="bbox 1948 1986 3534 2061">
    <p class='ocr_par' dir='ltr' id='par_1_47' title="bbox 1948 1986 3534 2061">
     <span class='ocr_line' id='line_1_47' title="bbox 1948 1986 3534 2061; baseline 0.001 -18"><span class='ocrx_word' id='word_1_328' title='bbox 1948 1987 2161 2058; x_wconf 90' lang='lat' dir='ltr'><strong>culpat?</strong></span> <span class='ocrx_word' id='word_1_329' title='bbox 2194 1987 2325 2043; x_wconf 87' lang='lat' dir='ltr'><strong>Nam</strong></span> <span class='ocrx_word' id='word_1_330' title='bbox 2357 1989 2661 2058; x_wconf 88' lang='lat' dir='ltr'><strong>quicunque</strong></span> <span class='ocrx_word' id='word_1_331' title='bbox 2697 1986 2787 2054; x_wconf 91' lang='lat' dir='ltr'><strong>sit,</strong></span> <span class='ocrx_word' id='word_1_332' title='bbox 2822 1989 3135 2045; x_wconf 74' lang='lat' dir='ltr'><strong>teatiilcatur</strong></span> <span class='ocrx_word' id='word_1_333' title='bbox 3165 1989 3367 2046; x_wconf 77' lang='lat' dir='ltr'><strong>interea</strong></span> <span class='ocrx_word' id='word_1_334' title='bbox 3400 2007 3534 2061; x_wconf 85' lang='lat' dir='ltr'><strong>quo-</strong></span> 
     </span>
    </p>
   </div>
   <div class='ocr_carea' id='block_1_48' title="bbox 1951 2082 3536 2141">
    <p class='ocr_par' dir='ltr' id='par_1_48' title="bbox 1951 2082 3536 2141">
     <span class='ocr_line' id='line_1_48' title="bbox 1951 2082 3536 2141; baseline 0.003 -4"><span class='ocrx_word' id='word_1_335' title='bbox 1951 2082 2091 2137; x_wconf 89' lang='lat' dir='ltr'><strong>niam</strong></span> <span class='ocrx_word' id='word_1_336' title='bbox 2113 2082 2429 2139; x_wconf 82' lang='lat' dir='ltr'><strong>Theodorus</strong></span> <span class='ocrx_word' id='word_1_337' title='bbox 2458 2084 2720 2139; x_wconf 88' lang='lat' dir='ltr'><strong>adversus</strong></span> <span class='ocrx_word' id='word_1_338' title='bbox 2746 2083 3071 2139; x_wconf 84' lang='lat' dir='ltr'><strong>Arianorum</strong></span> <span class='ocrx_word' id='word_1_339' title='bbox 3096 2096 3151 2141; x_wconf 92' lang='lat' dir='ltr'><strong>et</strong></span> <span class='ocrx_word' id='word_1_340' title='bbox 3172 2085 3536 2141; x_wconf 81' lang='lat' dir='ltr'><strong>Eunomiana-</strong></span> 
     </span>
    </p>
   </div>
   <div class='ocr_carea' id='block_1_49' title="bbox 1951 2175 3534 2246">
    <p class='ocr_par' dir='ltr' id='par_1_49' title="bbox 1951 2175 3534 2246">
     <span class='ocr_line' id='line_1_49' title="bbox 1951 2175 3534 2246; baseline 0.001 -16"><span class='ocrx_word' id='word_1_341' title='bbox 1951 2192 2067 2231; x_wconf 90' lang='lat' dir='ltr'><strong>rum</strong></span> <span class='ocrx_word' id='word_1_342' title='bbox 2100 2175 2333 2231; x_wconf 84' lang='lat' dir='ltr'><strong>haereses</strong></span> <span class='ocrx_word' id='word_1_343' title='bbox 2361 2175 2547 2246; x_wconf 84' lang='lat' dir='ltr'><strong>viginti</strong></span> <span class='ocrx_word' id='word_1_344' title='bbox 2589 2184 2643 2231; x_wconf 91' lang='lat' dir='ltr'><strong>et</strong></span> <span class='ocrx_word' id='word_1_345' title='bbox 2673 2176 2902 2245; x_wconf 90' lang='lat' dir='ltr'><strong>amplius</strong></span> <span class='ocrx_word' id='word_1_346' title='bbox 2930 2176 3097 2232; x_wconf 83' lang='lat' dir='ltr'><strong>libros</strong></span> <span class='ocrx_word' id='word_1_347' title='bbox 3137 2177 3534 2246; x_wconf 88' lang='lat' dir='ltr'><strong>irreprebensi-</strong></span> 
     </span>
    </p>
   </div>
   <div class='ocr_carea' id='block_1_50' title="bbox 1952 2265 3535 2337">
    <p class='ocr_par' dir='ltr' id='par_1_50' title="bbox 1952 2265 3535 2337">
     <span class='ocr_line' id='line_1_50' title="bbox 1952 2265 3535 2337; baseline 0.003 -17"><span class='ocrx_word' id='word_1_348' title='bbox 1952 2267 2130 2323; x_wconf 88' lang='lat' dir='ltr'><strong>biliter</strong></span> <span class='ocrx_word' id='word_1_349' title='bbox 2159 2265 2405 2336; x_wconf 89' lang='lat' dir='ltr'><strong>scripsit;</strong></span> <span class='ocrx_word' id='word_1_350' title='bbox 2431 2266 2569 2337; x_wconf 90' lang='lat' dir='ltr'><strong>quod</strong></span> <span class='ocrx_word' id='word_1_351' title='bbox 2598 2281 2701 2321; x_wconf 94' lang='lat' dir='ltr'><strong>non</strong></span> <span class='ocrx_word' id='word_1_352' title='bbox 2730 2266 2887 2322; x_wconf 89' lang='lat' dir='ltr'><strong>aliter</strong></span> <span class='ocrx_word' id='word_1_353' title='bbox 2908 2276 3106 2337; x_wconf 86' lang='lat' dir='ltr'><strong>posset,</strong></span> <span class='ocrx_word' id='word_1_354' title='bbox 3137 2268 3240 2323; x_wconf 89' lang='lat' dir='ltr'><strong>nisi</strong></span> <span class='ocrx_word' id='word_1_355' title='bbox 3270 2269 3535 2324; x_wconf 83' lang='lat' dir='ltr'><strong>confitens</strong></span> 
     </span>
    </p>
   </div>
   <div class='ocr_carea' id='block_1_51' title="bbox 1953 2358 3535 2429">
    <p class='ocr_par' dir='ltr' id='par_1_51' title="bbox 1953 2358 3535 2429">
     <span class='ocr_line' id='line_1_51' title="bbox 1953 2358 3535 2429; baseline 0.002 -17"><span class='ocrx_word' id='word_1_356' title='bbox 1953 2360 2269 2414; x_wconf 70' lang='lat' dir='ltr'><strong>Trinitatem</strong></span> <span class='ocrx_word' id='word_1_357' title='bbox 2297 2374 2309 2411; x_wconf 90' lang='lat'><strong>:</strong></span> <span class='ocrx_word' id='word_1_358' title='bbox 2335 2358 2588 2427; x_wconf 91' lang='lat' dir='ltr'><strong>quoniam</strong></span> <span class='ocrx_word' id='word_1_359' title='bbox 2620 2366 2673 2412; x_wconf 91' lang='lat' dir='ltr'><strong>et</strong></span> <span class='ocrx_word' id='word_1_360' title='bbox 2700 2360 3009 2429; x_wconf 87' lang='lat' dir='ltr'><strong>evangelica</strong></span> <span class='ocrx_word' id='word_1_361' title='bbox 3054 2369 3213 2429; x_wconf 88' lang='lat' dir='ltr'><strong>atque</strong></span> <span class='ocrx_word' id='word_1_362' title='bbox 3241 2361 3535 2427; x_wconf 85' lang='lat' dir='ltr'><strong>apostolica</strong></span> 
     </span>
    </p>
   </div>
   <div class='ocr_carea' id='block_1_52' title="bbox 1954 2450 3537 2521">
    <p class='ocr_par' dir='ltr' id='par_1_52' title="bbox 1954 2450 3537 2521">
     <span class='ocr_line' id='line_1_52' title="bbox 1954 2450 3537 2521; baseline 0.003 -19"><span class='ocrx_word' id='word_1_363' title='bbox 1954 2453 2150 2520; x_wconf 87' lang='lat' dir='ltr'><strong>scripta</strong></span> <span class='ocrx_word' id='word_1_364' title='bbox 2184 2458 2327 2505; x_wconf 91' lang='lat' dir='ltr'><strong>rccte</strong></span> <span class='ocrx_word' id='word_1_365' title='bbox 2374 2450 2760 2519; x_wconf 85' lang='lat' dir='ltr'><strong>interpretatus</strong></span> <span class='ocrx_word' id='word_1_366' title='bbox 2807 2458 2910 2515; x_wconf 90' lang='lat' dir='ltr'><strong>est,</strong></span> <span class='ocrx_word' id='word_1_367' title='bbox 2964 2454 3017 2506; x_wconf 90' lang='lat' dir='ltr'><strong>in</strong></span> <span class='ocrx_word' id='word_1_368' title='bbox 3062 2452 3257 2521; x_wconf 87' lang='lat' dir='ltr'><strong>quibus</strong></span> <span class='ocrx_word' id='word_1_369' title='bbox 3303 2462 3357 2507; x_wconf 90' lang='lat' dir='ltr'><strong>et</strong></span> <span class='ocrx_word' id='word_1_370' title='bbox 3408 2454 3537 2507; x_wconf 72' lang='lat' dir='ltr'><strong>Mat-</strong></span> 
     </span>
    </p>
   </div>
   <div class='ocr_carea' id='block_1_53' title="bbox 1958 2541 3538 2609">
    <p class='ocr_par' dir='ltr' id='par_1_53' title="bbox 1958 2541 3538 2609">
     <span class='ocr_line' id='line_1_53' title="bbox 1958 2541 3538 2609; baseline 0.005 -17"><span class='ocrx_word' id='word_1_371' title='bbox 1958 2541 2125 2594; x_wconf 68' lang='lat' dir='ltr'><strong>threus</strong></span> <span class='ocrx_word' id='word_1_372' title='bbox 2176 2541 2497 2609; x_wconf 74' lang='lat' dir='ltr'><strong>prmcepissc</strong></span> <span class='ocrx_word' id='word_1_373' title='bbox 2556 2541 2836 2595; x_wconf 89' lang='lat' dir='ltr'><strong>Dominum</strong></span> <span class='ocrx_word' id='word_1_374' title='bbox 2886 2542 3306 2599; x_wconf 83' lang='lat' dir='ltr'><strong>refert:Euntes</strong></span> <span class='ocrx_word' id='word_1_375' title='bbox 3366 2546 3538 2600; x_wconf 81' lang='lat' dir='ltr'><strong>docete</strong></span> 
     </span>
    </p>
   </div>
   <div class='ocr_carea' id='block_1_54' title="bbox 1955 2632 3536 2702">
    <p class='ocr_par' dir='ltr' id='par_1_54' title="bbox 1955 2632 3536 2702">
     <span class='ocr_line' id='line_1_54' title="bbox 1955 2632 3536 2702; baseline 0.006 -20"><span class='ocrx_word' id='word_1_376' title='bbox 1955 2644 2127 2685; x_wconf 78' lang='lat' dir='ltr'><strong>omnes</strong></span> <span class='ocrx_word' id='word_1_377' title='bbox 2152 2641 2346 2701; x_wconf 79' lang='lat' dir='ltr'><strong>gentes,</strong></span> <span class='ocrx_word' id='word_1_378' title='bbox 2376 2632 2690 2701; x_wconf 51' lang='lat' dir='ltr'><strong>baptizv/ntes</strong></span> <span class='ocrx_word' id='word_1_379' title='bbox 2720 2650 2806 2685; x_wconf 83' lang='lat' dir='ltr'><strong>cos</strong></span> <span class='ocrx_word' id='word_1_380' title='bbox 2836 2633 2887 2686; x_wconf 85' lang='lat' dir='ltr'><strong>in</strong></span> <span class='ocrx_word' id='word_1_381' title='bbox 2918 2636 3122 2687; x_wconf 81' lang='lat' dir='ltr'><strong>nomine</strong></span> <span class='ocrx_word' id='word_1_382' title='bbox 3156 2633 3348 2702; x_wconf 83' lang='lat' dir='ltr'><strong>I&#39;atris,</strong></span> <span class='ocrx_word' id='word_1_383' title='bbox 3378 2649 3423 2690; x_wconf 82' lang='lat' dir='ltr'><strong>et</strong></span> <span class='ocrx_word' id='word_1_384' title='bbox 3456 2636 3536 2691; x_wconf 65' lang='lat' dir='ltr'><strong>Ft.</strong></span> 
     </span>
    </p>
   </div>
   <div class='ocr_carea' id='block_1_55' title="bbox 1957 2708 3539 2796">
    <p class='ocr_par' dir='ltr' id='par_1_55' title="bbox 1957 2708 3539 2796">
     <span class='ocr_line' id='line_1_55' title="bbox 1957 2708 3539 2796; baseline 0.005 -23"><span class='ocrx_word' id='word_1_385' title='bbox 1957 2721 2037 2786; x_wconf 84' lang='lat' dir='ltr'><strong>lii,</strong></span> <span class='ocrx_word' id='word_1_386' title='bbox 2066 2732 2112 2776; x_wconf 86' lang='lat' dir='ltr'><strong>et</strong></span> <span class='ocrx_word' id='word_1_387' title='bbox 2145 2721 2371 2791; x_wconf 78' lang='lat' dir='ltr'><strong>Spiritus</strong></span> <span class='ocrx_word' id='word_1_388' title='bbox 2416 2724 2581 2777; x_wconf 81' lang='lat' dir='ltr'><strong>sancti</strong></span> <span class='ocrx_word' id='word_1_389' title='bbox 2613 2708 2825 2792; x_wconf 70' lang='lat' dir='ltr'><strong>(Matth.</strong></span> <span class='ocrx_word' id='word_1_390' title='bbox 2875 2740 3057 2789; x_wconf 84' lang='lat' dir='ltr'><strong>xxvnt,</strong></span> <span class='ocrx_word' id='word_1_391' title='bbox 3095 2727 3208 2796; x_wconf 81' lang='grc'><strong>19).</strong></span> <span class='ocrx_word' id='word_1_392' title='bbox 3254 2727 3317 2781; x_wconf 89' lang='lat' dir='ltr'><strong>Et</strong></span> <span class='ocrx_word' id='word_1_393' title='bbox 3345 2728 3539 2783; x_wconf 66' lang='lat' dir='ltr'><strong>Paulus</strong></span> 
     </span>
    </p>
   </div>
   <div class='ocr_carea' id='block_1_56' title="bbox 1958 2813 3538 2884">
    <p class='ocr_par' dir='ltr' id='par_1_56' title="bbox 1958 2813 3538 2884">
     <span class='ocr_line' id='line_1_56' title="bbox 1958 2813 3538 2884; baseline 0.003 -15"><span class='ocrx_word' id='word_1_394' title='bbox 1958 2813 2245 2869; x_wconf 86' lang='lat' dir='ltr'><strong>Corinthiis</strong></span> <span class='ocrx_word' id='word_1_395' title='bbox 2275 2814 2409 2869; x_wconf 81' lang='lat' dir='ltr'><strong>dixit</strong></span> <span class='ocrx_word' id='word_1_396' title='bbox 2438 2834 2448 2868; x_wconf 93' lang='lat'>:</span> <span class='ocrx_word' id='word_1_397' title='bbox 2474 2813 2655 2869; x_wconf 81' lang='lat' dir='ltr'><strong>Gratia</strong></span> <span class='ocrx_word' id='word_1_398' title='bbox 2678 2814 2889 2869; x_wconf 87' lang='lat' dir='ltr'><strong>Domini</strong></span> <span class='ocrx_word' id='word_1_399' title='bbox 2919 2818 3080 2871; x_wconf 86' lang='lat' dir='ltr'><strong>nostri</strong></span> <span class='ocrx_word' id='word_1_400' title='bbox 3101 2817 3229 2872; x_wconf 82' lang='lat' dir='ltr'><strong>Jesu</strong></span> <span class='ocrx_word' id='word_1_401' title='bbox 3254 2819 3462 2884; x_wconf 75' lang='lat' dir='ltr'><strong>Christi,</strong></span> <span class='ocrx_word' id='word_1_402' title='bbox 3495 2833 3538 2874; x_wconf 78' lang='lat' dir='ltr'><strong>ct</strong></span> 
     </span>
    </p>
   </div>
   <div class='ocr_carea' id='block_1_57' title="bbox 1957 2905 3537 2979">
    <p class='ocr_par' dir='ltr' id='par_1_57' title="bbox 1957 2905 3537 2979">
     <span class='ocr_line' id='line_1_57' title="bbox 1957 2905 3537 2979; baseline 0.004 -22"><span class='ocrx_word' id='word_1_403' title='bbox 1957 2905 2185 2960; x_wconf 83' lang='lat' dir='ltr'><strong>charitas</strong></span> <span class='ocrx_word' id='word_1_404' title='bbox 2231 2905 2346 2971; x_wconf 85' lang='lat' dir='ltr'><strong>Dei,</strong></span> <span class='ocrx_word' id='word_1_405' title='bbox 2404 2916 2450 2961; x_wconf 86' lang='lat' dir='ltr'><strong>et</strong></span> <span class='ocrx_word' id='word_1_406' title='bbox 2499 2908 2889 2963; x_wconf 82' lang='lat' dir='ltr'><strong>communicatio</strong></span> <span class='ocrx_word' id='word_1_407' title='bbox 2939 2913 3105 2964; x_wconf 85' lang='lat' dir='ltr'><strong>sancti</strong></span> <span class='ocrx_word' id='word_1_408' title='bbox 3144 2910 3395 2979; x_wconf 75' lang='lat' dir='ltr'><strong>Spiritus,</strong></span> <span class='ocrx_word' id='word_1_409' title='bbox 3424 2931 3537 2967; x_wconf 85' lang='lat' dir='ltr'><strong>cum</strong></span> 
     </span>
    </p>
   </div>
   <div class='ocr_carea' id='block_1_58' title="bbox 1958 2998 3539 3077">
    <p class='ocr_par' dir='ltr' id='par_1_58' title="bbox 1958 2998 3539 3077">
     <span class='ocr_line' id='line_1_58' title="bbox 1958 2998 3539 3077; baseline 0.004 -25"><span class='ocrx_word' id='word_1_410' title='bbox 1958 3001 2189 3053; x_wconf 75' lang='lat' dir='ltr'><strong>omnibus</strong></span> <span class='ocrx_word' id='word_1_411' title='bbox 2216 2998 2357 3055; x_wconf 79' lang='lat' dir='ltr'><strong>vobis</strong></span> <span class='ocrx_word' id='word_1_412' title='bbox 2390 2998 2475 3071; x_wconf 87' lang='lat' dir='ltr'><strong>(II</strong></span> <span class='ocrx_word' id='word_1_413' title='bbox 2501 2999 2621 3056; x_wconf 80' lang='lat' dir='ltr'><strong>Cor.</strong></span> <span class='ocrx_word' id='word_1_414' title='bbox 2651 3017 2766 3068; x_wconf 77' lang='lat' dir='ltr'><strong>xm,</strong></span> <span class='ocrx_word' id='word_1_415' title='bbox 2802 3005 2911 3072; x_wconf 77' lang='lat' dir='ltr'><strong>l3),</strong></span> <span class='ocrx_word' id='word_1_416' title='bbox 2948 3014 3002 3058; x_wconf 90' lang='lat' dir='ltr'><strong>et</strong></span> <span class='ocrx_word' id='word_1_417' title='bbox 3026 3005 3224 3059; x_wconf 89' lang='lat' dir='ltr'><strong>similia</strong></span> <span class='ocrx_word' id='word_1_418' title='bbox 3242 3009 3282 3072; x_wconf 79' lang='grc'><strong>³,</strong></span> <span class='ocrx_word' id='word_1_419' title='bbox 3312 3016 3405 3076; x_wconf 78' lang='lat' dir='ltr'><strong>per</strong></span> <span class='ocrx_word' id='word_1_420' title='bbox 3424 3024 3539 3077; x_wconf 77' lang='lat' dir='ltr'><strong>qum</strong></span> 
     </span>
    </p>
   </div>
   <div class='ocr_carea' id='block_1_59' title="bbox 1959 3089 3539 3165">
    <p class='ocr_par' dir='ltr' id='par_1_59' title="bbox 1959 3089 3539 3165">
     <span class='ocr_line' id='line_1_59' title="bbox 1959 3089 3539 3165; baseline 0.003 -20"><span class='ocrx_word' id='word_1_421' title='bbox 1959 3089 2113 3146; x_wconf 91' lang='lat' dir='ltr'><strong>nobis</strong></span> <span class='ocrx_word' id='word_1_422' title='bbox 2157 3092 2208 3146; x_wconf 92' lang='lat' dir='ltr'><strong>in</strong></span> <span class='ocrx_word' id='word_1_423' title='bbox 2238 3092 2559 3162; x_wconf 86' lang='lat' dir='ltr'><strong>evangelicis</strong></span> <span class='ocrx_word' id='word_1_424' title='bbox 2606 3101 2766 3163; x_wconf 90' lang='lat' dir='ltr'><strong>atque</strong></span> <span class='ocrx_word' id='word_1_425' title='bbox 2806 3095 3116 3163; x_wconf 84' lang='lat' dir='ltr'><strong>apostolicis</strong></span> <span class='ocrx_word' id='word_1_426' title='bbox 3146 3096 3362 3165; x_wconf 85' lang='lat' dir='ltr'><strong>scriptis</strong></span> <span class='ocrx_word' id='word_1_427' title='bbox 3411 3096 3539 3151; x_wconf 84' lang='lat' dir='ltr'><strong>iusi-</strong></span> 
     </span>
    </p>
   </div>
   <div class='ocr_carea' id='block_1_60' title="bbox 1960 3183 3537 3256">
    <p class='ocr_par' dir='ltr' id='par_1_60' title="bbox 1960 3183 3537 3256">
     <span class='ocr_line' id='line_1_60' title="bbox 1960 3183 3537 3256; baseline 0.006 -21"><span class='ocrx_word' id='word_1_428' title='bbox 1960 3192 2118 3239; x_wconf 85' lang='lat' dir='ltr'><strong>nuata</strong></span> <span class='ocrx_word' id='word_1_429' title='bbox 2147 3192 2231 3239; x_wconf 86' lang='lat' dir='ltr'><strong>est</strong></span> <span class='ocrx_word' id='word_1_430' title='bbox 2258 3183 2515 3239; x_wconf 86' lang='lat' dir='ltr'><strong>Trinitas.</strong></span> <span class='ocrx_word' id='word_1_431' title='bbox 2549 3184 2679 3240; x_wconf 90' lang='lat' dir='ltr'><strong>Cum</strong></span> <span class='ocrx_word' id='word_1_432' title='bbox 2723 3185 2882 3256; x_wconf 86' lang='lat' dir='ltr'><strong>igitur</strong></span> <span class='ocrx_word' id='word_1_433' title='bbox 2911 3186 3044 3253; x_wconf 71' lang='lat' dir='ltr'><strong>hare,</strong></span> <span class='ocrx_word' id='word_1_434' title='bbox 3081 3196 3138 3240; x_wconf 90' lang='lat' dir='ltr'><strong>ut</strong></span> <span class='ocrx_word' id='word_1_435' title='bbox 3165 3188 3368 3255; x_wconf 90' lang='lat' dir='ltr'><strong>dicunt,</strong></span> <span class='ocrx_word' id='word_1_436' title='bbox 3413 3190 3537 3245; x_wconf 86' lang='lat' dir='ltr'><strong>bea-</strong></span> 
     </span>
    </p>
   </div>
   <div class='ocr_carea' id='block_1_61' title="bbox 245 3274 3540 3359">
    <p class='ocr_par' dir='ltr' id='par_1_61' title="bbox 245 3274 3540 3359">
     <span class='ocr_line' id='line_1_61' title="bbox 245 3274 3540 3359; baseline 0.002 -29"><span class='ocrx_word' id='word_1_437' title='bbox 245 3278 414 3333; x_wconf 80' lang='lat' dir='ltr'><strong>tative</strong></span> <span class='ocrx_word' id='word_1_438' title='bbox 447 3276 619 3347; x_wconf 85' lang='lat' dir='ltr'><strong>magis</strong></span> <span class='ocrx_word' id='word_1_439' title='bbox 644 3290 801 3346; x_wconf 91' lang='lat' dir='ltr'><strong>quam</strong></span> <span class='ocrx_word' id='word_1_440' title='bbox 832 3276 1075 3332; x_wconf 86' lang='lat' dir='ltr'><strong>modeste</strong></span> <span class='ocrx_word' id='word_1_441' title='bbox 1101 3286 1363 3347; x_wconf 80' lang='lat' dir='ltr'><strong>cauteque</strong></span> <span class='ocrx_word' id='word_1_442' title='bbox 1390 3277 1601 3332; x_wconf 87' lang='lat' dir='ltr'><strong>locutus</strong></span> <span class='ocrx_word' id='word_1_443' title='bbox 1632 3278 1749 3333; x_wconf 79' lang='lat' dir='ltr'><strong>est?</strong></span> <span class='ocrx_word' id='word_1_444' title='bbox 1773 3279 1848 3333; x_wconf 82' lang='lat' dir='ltr'><strong>Ac</strong></span> <span class='ocrx_word' id='word_1_445' title='bbox 1878 3296 1924 3359; x_wconf 75' lang='grc' dir='ltr'>ο</span> <span class='ocrx_word' id='word_1_446' title='bbox 1962 3283 2049 3331; x_wconf 90' lang='lat' dir='ltr'><strong>tus</strong></span> <span class='ocrx_word' id='word_1_447' title='bbox 2098 3274 2331 3346; x_wconf 88' lang='lat' dir='ltr'><strong>Cyrillus</strong></span> <span class='ocrx_word' id='word_1_448' title='bbox 2379 3276 2722 3331; x_wconf 89' lang='lat' dir='ltr'><strong>Theodorum</strong></span> <span class='ocrx_word' id='word_1_449' title='bbox 2773 3276 3311 3347; x_wconf 79' lang='lat' dir='ltr'><strong>irreprehensibihter</strong></span> <span class='ocrx_word' id='word_1_450' title='bbox 3376 3297 3540 3351; x_wconf 77' lang='lat' dir='ltr'><strong>espo-</strong></span> 
     </span>
    </p>
   </div>
   <div class='ocr_carea' id='block_1_62' title="bbox 244 3365 1851 3438">
    <p class='ocr_par' dir='ltr' id='par_1_62' title="bbox 244 3365 1851 3438">
     <span class='ocr_line' id='line_1_62' title="bbox 244 3365 1851 3438; baseline 0.002 -18"><span class='ocrx_word' id='word_1_451' title='bbox 244 3370 288 3421; x_wconf 84' lang='lat' dir='ltr'><strong>si</strong></span> <span class='ocrx_word' id='word_1_452' title='bbox 322 3368 474 3423; x_wconf 75' lang='lat' dir='ltr'><strong>beati</strong></span> <span class='ocrx_word' id='word_1_453' title='bbox 514 3365 726 3438; x_wconf 81' lang='lat' dir='ltr'><strong>Cyrilli,</strong></span> <span class='ocrx_word' id='word_1_454' title='bbox 768 3367 1218 3438; x_wconf 82' lang='lat' dir='ltr'><strong>quemadmodum</strong></span> <span class='ocrx_word' id='word_1_455' title='bbox 1244 3367 1472 3437; x_wconf 73' lang='lat' dir='ltr'><strong>jactant,</strong></span> <span class='ocrx_word' id='word_1_456' title='bbox 1512 3384 1607 3424; x_wconf 88' lang='lat' dir='ltr'><strong>eos</strong></span> <span class='ocrx_word' id='word_1_457' title='bbox 1640 3378 1851 3424; x_wconf 88' lang='lat' dir='ltr'><strong>teneret</strong></span> 
     </span>
    </p>
   </div>
   <div class='ocr_carea' id='block_1_63' title="bbox 243 3458 1851 3531">
    <p class='ocr_par' dir='ltr' id='par_1_63' title="bbox 243 3458 1851 3531">
     <span class='ocr_line' id='line_1_63' title="bbox 243 3458 1851 3531; baseline 0.003 -19"><span class='ocrx_word' id='word_1_458' title='bbox 243 3458 575 3526; x_wconf 79' lang='lat' dir='ltr'><strong>auctoritas,</strong></span> <span class='ocrx_word' id='word_1_459' title='bbox 601 3473 707 3513; x_wconf 92' lang='lat' dir='ltr'><strong>nou</strong></span> <span class='ocrx_word' id='word_1_460' title='bbox 738 3460 910 3514; x_wconf 89' lang='lat' dir='ltr'><strong>solum</strong></span> <span class='ocrx_word' id='word_1_461' title='bbox 941 3461 1247 3531; x_wconf 83' lang='lat' dir='ltr'><strong>evangelica</strong></span> <span class='ocrx_word' id='word_1_462' title='bbox 1287 3460 1487 3531; x_wconf 91' lang='lat' dir='ltr'><strong>scripta</strong></span> <span class='ocrx_word' id='word_1_463' title='bbox 1518 3463 1657 3517; x_wconf 90' lang='lat' dir='ltr'><strong>male</strong></span> <span class='ocrx_word' id='word_1_464' title='bbox 1689 3462 1851 3517; x_wconf 87' lang='lat' dir='ltr'><strong>fuisse</strong></span> 
     </span>
    </p>
   </div>
   <div class='ocr_carea' id='block_1_64' title="bbox 248 3549 1852 3622">
    <p class='ocr_par' dir='ltr' id='par_1_64' title="bbox 248 3549 1852 3622">
     <span class='ocr_line' id='line_1_64' title="bbox 248 3549 1852 3622; baseline 0.004 -21"><span class='ocrx_word' id='word_1_465' title='bbox 248 3563 276 3601; x_wconf 83' lang='lat' dir='ltr'><strong>a</strong></span> <span class='ocrx_word' id='word_1_466' title='bbox 297 3549 605 3605; x_wconf 80' lang='lat' dir='ltr'><strong>Theodoro</strong></span> <span class='ocrx_word' id='word_1_467' title='bbox 634 3552 981 3620; x_wconf 88' lang='lat' dir='ltr'><strong>interpretata</strong></span> <span class='ocrx_word' id='word_1_468' title='bbox 1014 3567 1117 3604; x_wconf 91' lang='lat' dir='ltr'><strong>non</strong></span> <span class='ocrx_word' id='word_1_469' title='bbox 1152 3553 1416 3617; x_wconf 88' lang='lat' dir='ltr'><strong>dicereut,</strong></span> <span class='ocrx_word' id='word_1_470' title='bbox 1452 3551 1502 3605; x_wconf 92' lang='lat' dir='ltr'><strong>in</strong></span> <span class='ocrx_word' id='word_1_471' title='bbox 1536 3553 1732 3622; x_wconf 90' lang='lat' dir='ltr'><strong>quibus</strong></span> <span class='ocrx_word' id='word_1_472' title='bbox 1762 3554 1852 3608; x_wconf 93' lang='lat' dir='ltr'><strong>ille</strong></span> 
     </span>
    </p>
   </div>
   <div class='ocr_carea' id='block_1_65' title="bbox 244 3641 1851 3710">
    <p class='ocr_par' dir='ltr' id='par_1_65' title="bbox 244 3641 1851 3710">
     <span class='ocr_line' id='line_1_65' title="bbox 244 3641 1851 3710; baseline 0.004 -17"><span class='ocrx_word' id='word_1_473' title='bbox 244 3641 530 3710; x_wconf 83' lang='lat' dir='ltr'><strong>perbibet,</strong></span> <span class='ocrx_word' id='word_1_474' title='bbox 564 3641 704 3695; x_wconf 87' lang='lat' dir='ltr'><strong>sicut</strong></span> <span class='ocrx_word' id='word_1_475' title='bbox 742 3641 1030 3709; x_wconf 76' lang='lat' dir='ltr'><strong>affirmant,</strong></span> <span class='ocrx_word' id='word_1_476' title='bbox 1067 3642 1278 3697; x_wconf 90' lang='lat' dir='ltr'><strong>labores</strong></span> <span class='ocrx_word' id='word_1_477' title='bbox 1305 3642 1425 3710; x_wconf 90' lang='lat' dir='ltr'><strong>ejus</strong></span> <span class='ocrx_word' id='word_1_478' title='bbox 1454 3642 1656 3697; x_wconf 76' lang='lat' dir='ltr'><strong>nullum</strong></span> <span class='ocrx_word' id='word_1_479' title='bbox 1688 3641 1851 3699; x_wconf 83' lang='lat' dir='ltr'><strong>fuisse</strong></span> 
     </span>
    </p>
   </div>
   <div class='ocr_carea' id='block_1_66' title="bbox 244 3732 1853 3801">
    <p class='ocr_par' dir='ltr' id='par_1_66' title="bbox 244 3732 1853 3801">
     <span class='ocr_line' id='line_1_66' title="bbox 244 3732 1853 3801; baseline 0.003 -16"><span class='ocrx_word' id='word_1_480' title='bbox 244 3747 447 3787; x_wconf 85' lang='lat' dir='ltr'><strong>ausum</strong></span> <span class='ocrx_word' id='word_1_481' title='bbox 490 3733 794 3801; x_wconf 89' lang='lat' dir='ltr'><strong>increpare,</strong></span> <span class='ocrx_word' id='word_1_482' title='bbox 827 3734 922 3788; x_wconf 89' lang='lat' dir='ltr'><strong>sed</strong></span> <span class='ocrx_word' id='word_1_483' title='bbox 967 3732 1156 3787; x_wconf 81' lang='lat' dir='ltr'><strong>dextro</strong></span> <span class='ocrx_word' id='word_1_484' title='bbox 1184 3733 1403 3789; x_wconf 88' lang='lat' dir='ltr'><strong>decreto</strong></span> <span class='ocrx_word' id='word_1_485' title='bbox 1432 3733 1699 3789; x_wconf 88' lang='lat' dir='ltr'><strong>honorare</strong></span> <span class='ocrx_word' id='word_1_486' title='bbox 1741 3746 1853 3790; x_wconf 82' lang='lat' dir='ltr'><strong>stu-</strong></span> 
     </span>
    </p>
   </div>
   <div class='ocr_carea' id='block_1_67' title="bbox 245 3822 1849 3895">
    <p class='ocr_par' dir='ltr' id='par_1_67' title="bbox 245 3822 1849 3895">
     <span class='ocr_line' id='line_1_67' title="bbox 245 3822 1849 3895; baseline 0.004 -20"><span class='ocrx_word' id='word_1_487' title='bbox 245 3823 400 3879; x_wconf 85' lang='lat' dir='ltr'><strong>dium</strong></span> <span class='ocrx_word' id='word_1_488' title='bbox 452 3835 728 3879; x_wconf 88' lang='lat' dir='ltr'><strong>rectorum</strong></span> <span class='ocrx_word' id='word_1_489' title='bbox 777 3822 1082 3893; x_wconf 78' lang='lat' dir='ltr'><strong>dogmatum</strong></span> <span class='ocrx_word' id='word_1_490' title='bbox 1110 3825 1251 3895; x_wconf 89' lang='lat' dir='ltr'><strong>quod</strong></span> <span class='ocrx_word' id='word_1_491' title='bbox 1304 3826 1355 3879; x_wconf 89' lang='lat' dir='ltr'><strong>in</strong></span> <span class='ocrx_word' id='word_1_492' title='bbox 1388 3824 1466 3880; x_wconf 88' lang='lat' dir='ltr'><strong>eis</strong></span> <span class='ocrx_word' id='word_1_493' title='bbox 1501 3834 1623 3895; x_wconf 71' lang='lat' dir='ltr'><strong>est;</strong></span> <span class='ocrx_word' id='word_1_494' title='bbox 1669 3843 1849 3881; x_wconf 85' lang='lat' dir='ltr'><strong>verum</strong></span> 
     </span>
    </p>
   </div>
   <div class='ocr_carea' id='block_1_68' title="bbox 248 3914 1853 3989">
    <p class='ocr_par' dir='ltr' id='par_1_68' title="bbox 248 3914 1853 3989">
     <span class='ocr_line' id='line_1_68' title="bbox 248 3914 1853 3989; baseline 0.002 -19"><span class='ocrx_word' id='word_1_495' title='bbox 248 3916 424 3970; x_wconf 87' lang='lat' dir='ltr'><strong>etiam</strong></span> <span class='ocrx_word' id='word_1_496' title='bbox 461 3930 801 3986; x_wconf 70' lang='lat' dir='ltr'><strong>qumcunque</strong></span> <span class='ocrx_word' id='word_1_497' title='bbox 834 3917 886 3970; x_wconf 90' lang='lat' dir='ltr'><strong>in</strong></span> <span class='ocrx_word' id='word_1_498' title='bbox 911 3916 1034 3972; x_wconf 86' lang='lat' dir='ltr'><strong>aliis</strong></span> <span class='ocrx_word' id='word_1_499' title='bbox 1064 3916 1306 3985; x_wconf 83' lang='lat' dir='ltr'><strong>ejusdem</strong></span> <span class='ocrx_word' id='word_1_500' title='bbox 1337 3914 1609 3972; x_wconf 88' lang='lat' dir='ltr'><strong>Theodori</strong></span> <span class='ocrx_word' id='word_1_501' title='bbox 1639 3920 1853 3989; x_wconf 90' lang='lat' dir='ltr'><strong>scriptis</strong></span> 
     </span>
    </p>
   </div>
   <div class='ocr_carea' id='block_1_69' title="bbox 244 4006 1854 4077">
    <p class='ocr_par' dir='ltr' id='par_1_69' title="bbox 244 4006 1854 4077">
     <span class='ocr_line' id='line_1_69' title="bbox 244 4006 1854 4077; baseline 0.002 -16"><span class='ocrx_word' id='word_1_502' title='bbox 244 4006 454 4061; x_wconf 79' lang='lat' dir='ltr'><strong>similia</strong></span> <span class='ocrx_word' id='word_1_503' title='bbox 480 4020 589 4061; x_wconf 92' lang='lat' dir='ltr'><strong>non</strong></span> <span class='ocrx_word' id='word_1_504' title='bbox 622 4008 917 4077; x_wconf 90' lang='lat' dir='ltr'><strong>culparent,</strong></span> <span class='ocrx_word' id='word_1_505' title='bbox 952 4007 1045 4062; x_wconf 87' lang='lat' dir='ltr'><strong>sed</strong></span> <span class='ocrx_word' id='word_1_506' title='bbox 1082 4008 1258 4077; x_wconf 91' lang='lat' dir='ltr'><strong>potius</strong></span> <span class='ocrx_word' id='word_1_507' title='bbox 1277 4021 1337 4063; x_wconf 90' lang='lat' dir='ltr'><strong>se</strong></span> <span class='ocrx_word' id='word_1_508' title='bbox 1368 4007 1652 4063; x_wconf 90' lang='lat' dir='ltr'><strong>crederent</strong></span> <span class='ocrx_word' id='word_1_509' title='bbox 1677 4009 1854 4065; x_wconf 89' lang='lat' dir='ltr'><strong>minus</strong></span> 
     </span>
    </p>
   </div>
   <div class='ocr_carea' id='block_1_70' title="bbox 244 4099 1855 4169">
    <p class='ocr_par' dir='ltr' id='par_1_70' title="bbox 244 4099 1855 4169">
     <span class='ocr_line' id='line_1_70' title="bbox 244 4099 1855 4169; baseline 0.002 -16"><span class='ocrx_word' id='word_1_510' title='bbox 244 4112 447 4154; x_wconf 87' lang='lat' dir='ltr'><strong>eorum</strong></span> <span class='ocrx_word' id='word_1_511' title='bbox 474 4100 741 4155; x_wconf 88' lang='lat' dir='ltr'><strong>rationem</strong></span> <span class='ocrx_word' id='word_1_512' title='bbox 776 4100 1012 4168; x_wconf 88' lang='lat' dir='ltr'><strong>potuisse</strong></span> <span class='ocrx_word' id='word_1_513' title='bbox 1039 4113 1399 4169; x_wconf 87' lang='lat' dir='ltr'><strong>cognoscere;</strong></span> <span class='ocrx_word' id='word_1_514' title='bbox 1431 4113 1519 4165; x_wconf 89' lang='lat' dir='ltr'><strong>ne,</strong></span> <span class='ocrx_word' id='word_1_515' title='bbox 1550 4099 1743 4154; x_wconf 80' lang='lat' dir='ltr'><strong>talibus</strong></span> <span class='ocrx_word' id='word_1_516' title='bbox 1776 4109 1855 4156; x_wconf 86' lang='lat' dir='ltr'><strong>te-</strong></span> 
     </span>
    </p>
   </div>
   <div class='ocr_carea' id='block_1_71' title="bbox 246 4190 1854 4261">
    <p class='ocr_par' dir='ltr' id='par_1_71' title="bbox 246 4190 1854 4261">
     <span class='ocr_line' id='line_1_71' title="bbox 246 4190 1854 4261; baseline 0.001 -17"><span class='ocrx_word' id='word_1_517' title='bbox 246 4206 405 4245; x_wconf 82' lang='lat' dir='ltr'><strong>mere</strong></span> <span class='ocrx_word' id='word_1_518' title='bbox 442 4191 780 4260; x_wconf 87' lang='lat' dir='ltr'><strong>improbatis,</strong></span> <span class='ocrx_word' id='word_1_519' title='bbox 814 4199 1212 4261; x_wconf 87' lang='lat' dir='ltr'><strong>consequenter</strong></span> <span class='ocrx_word' id='word_1_520' title='bbox 1250 4202 1304 4247; x_wconf 89' lang='lat' dir='ltr'><strong>et</strong></span> <span class='ocrx_word' id='word_1_521' title='bbox 1335 4190 1426 4245; x_wconf 91' lang='lat' dir='ltr'><strong>illa</strong></span> <span class='ocrx_word' id='word_1_522' title='bbox 1455 4204 1574 4261; x_wconf 74' lang='lat' dir='ltr'><strong>quze</strong></span> <span class='ocrx_word' id='word_1_523' title='bbox 1606 4190 1659 4245; x_wconf 92' lang='lat' dir='ltr'><strong>in</strong></span> <span class='ocrx_word' id='word_1_524' title='bbox 1708 4190 1854 4246; x_wconf 82' lang='lat' dir='ltr'><strong>labo-</strong></span> 
     </span>
    </p>
   </div>
   <div class='ocr_carea' id='block_1_72' title="bbox 245 4282 1856 4353">
    <p class='ocr_par' dir='ltr' id='par_1_72' title="bbox 245 4282 1856 4353">
     <span class='ocr_line' id='line_1_72' title="bbox 245 4282 1856 4353; baseline 0.002 -17"><span class='ocrx_word' id='word_1_525' title='bbox 245 4284 405 4337; x_wconf 81' lang='lat' dir='ltr'><strong>ribus</strong></span> <span class='ocrx_word' id='word_1_526' title='bbox 440 4282 563 4352; x_wconf 87' lang='lat' dir='ltr'><strong>ejus</strong></span> <span class='ocrx_word' id='word_1_527' title='bbox 593 4297 621 4337; x_wconf 91' lang='lat' dir='ltr'><strong>a</strong></span> <span class='ocrx_word' id='word_1_528' title='bbox 655 4285 812 4339; x_wconf 89' lang='lat' dir='ltr'><strong>beato</strong></span> <span class='ocrx_word' id='word_1_529' title='bbox 847 4282 1050 4353; x_wconf 82' lang='lat' dir='ltr'><strong>Cyrillo</strong></span> <span class='ocrx_word' id='word_1_530' title='bbox 1082 4283 1375 4353; x_wconf 84' lang='lat' dir='ltr'><strong>approbata</strong></span> <span class='ocrx_word' id='word_1_531' title='bbox 1401 4296 1523 4339; x_wconf 88' lang='lat' dir='ltr'><strong>esse</strong></span> <span class='ocrx_word' id='word_1_532' title='bbox 1556 4298 1660 4339; x_wconf 92' lang='lat' dir='ltr'><strong>non</strong></span> <span class='ocrx_word' id='word_1_533' title='bbox 1692 4282 1856 4339; x_wconf 86' lang='lat' dir='ltr'><strong>dene-</strong></span> 
     </span>
    </p>
   </div>
   <div class='ocr_carea' id='block_1_73' title="bbox 246 4376 1857 4446">
    <p class='ocr_par' dir='ltr' id='par_1_73' title="bbox 246 4376 1857 4446">
     <span class='ocr_line' id='line_1_73' title="bbox 246 4376 1857 4446; baseline 0.002 -17"><span class='ocrx_word' id='word_1_534' title='bbox 246 4386 402 4445; x_wconf 74' lang='lat' dir='ltr'><strong>gant,</strong></span> <span class='ocrx_word' id='word_1_535' title='bbox 457 4376 684 4446; x_wconf 90' lang='lat' dir='ltr'><strong>culpare</strong></span> <span class='ocrx_word' id='word_1_536' title='bbox 740 4391 837 4446; x_wconf 92' lang='lat' dir='ltr'><strong>pro</strong></span> <span class='ocrx_word' id='word_1_537' title='bbox 881 4376 1235 4432; x_wconf 90' lang='lat' dir='ltr'><strong>similitudine</strong></span> <span class='ocrx_word' id='word_1_538' title='bbox 1276 4377 1607 4433; x_wconf 85' lang='lat' dir='ltr'><strong>viderentur.</strong></span> <span class='ocrx_word' id='word_1_539' title='bbox 1660 4377 1717 4433; x_wconf 89' lang='lat' dir='ltr'><strong>Si</strong></span> <span class='ocrx_word' id='word_1_540' title='bbox 1761 4390 1857 4432; x_wconf 89' lang='lat' dir='ltr'><strong>au-</strong></span> 
     </span>
    </p>
   </div>
   <div class='ocr_carea' id='block_1_74' title="bbox 245 4468 1851 4541">
    <p class='ocr_par' dir='ltr' id='par_1_74' title="bbox 245 4468 1851 4541">
     <span class='ocr_line' id='line_1_74' title="bbox 245 4468 1851 4541; baseline 0.002 -18"><span class='ocrx_word' id='word_1_541' title='bbox 245 4478 356 4525; x_wconf 83' lang='lat' dir='ltr'><strong>tem</strong></span> <span class='ocrx_word' id='word_1_542' title='bbox 386 4470 520 4540; x_wconf 84' lang='lat' dir='ltr'><strong>quia</strong></span> <span class='ocrx_word' id='word_1_543' title='bbox 550 4469 894 4525; x_wconf 77' lang='lat' dir='ltr'><strong>Nestorianus</strong></span> <span class='ocrx_word' id='word_1_544' title='bbox 928 4485 1082 4526; x_wconf 87' lang='lat' dir='ltr'><strong>error</strong></span> <span class='ocrx_word' id='word_1_545' title='bbox 1110 4468 1409 4537; x_wconf 86' lang='lat' dir='ltr'><strong>Christum,</strong></span> <span class='ocrx_word' id='word_1_546' title='bbox 1445 4485 1551 4525; x_wconf 90' lang='lat' dir='ltr'><strong>non</strong></span> <span class='ocrx_word' id='word_1_547' title='bbox 1599 4480 1851 4541; x_wconf 86' lang='lat' dir='ltr'><strong>tanquam</strong></span> 
     </span>
    </p>
   </div>
   <div class='ocr_carea' id='block_1_75' title="bbox 246 4560 1851 4629">
    <p class='ocr_par' dir='ltr' id='par_1_75' title="bbox 246 4560 1851 4629">
     <span class='ocr_line' id='line_1_75' title="bbox 246 4560 1851 4629; baseline -0.004 -10"><span class='ocrx_word' id='word_1_548' title='bbox 246 4560 347 4619; x_wconf 84' lang='lat' dir='ltr'><strong>Dei</strong></span> <span class='ocrx_word' id='word_1_549' title='bbox 381 4561 609 4629; x_wconf 82' lang='lat' dir='ltr'><strong>Filium,</strong></span> <span class='ocrx_word' id='word_1_550' title='bbox 651 4570 706 4617; x_wconf 89' lang='lat' dir='ltr'><strong>et</strong></span> <span class='ocrx_word' id='word_1_551' title='bbox 734 4572 857 4618; x_wconf 90' lang='lat' dir='ltr'><strong>ante</strong></span> <span class='ocrx_word' id='word_1_552' title='bbox 900 4577 1115 4617; x_wconf 90' lang='lat' dir='ltr'><strong>omnem</strong></span> <span class='ocrx_word' id='word_1_553' title='bbox 1162 4571 1462 4617; x_wconf 90' lang='lat' dir='ltr'><strong>creaturam</strong></span> <span class='ocrx_word' id='word_1_554' title='bbox 1508 4562 1851 4627; x_wconf 79' lang='lat' dir='ltr'><strong>existentem,</strong></span> 
     </span>
    </p>
   </div>
   <div class='ocr_carea' id='block_1_76' title="bbox 243 4652 1935 4735">
    <p class='ocr_par' dir='ltr' id='par_1_76' title="bbox 243 4652 1935 4735">
     <span class='ocr_line' id='line_1_76' title="bbox 243 4652 1935 4735; baseline 0 -27"><span class='ocrx_word' id='word_1_555' title='bbox 243 4665 302 4708; x_wconf 89' lang='lat' dir='ltr'><strong>et</strong></span> <span class='ocrx_word' id='word_1_556' title='bbox 346 4653 597 4708; x_wconf 87' lang='lat' dir='ltr'><strong>omnium</strong></span> <span class='ocrx_word' id='word_1_557' title='bbox 634 4668 755 4722; x_wconf 75' lang='lat' dir='ltr'><strong>qua:</strong></span> <span class='ocrx_word' id='word_1_558' title='bbox 782 4664 905 4707; x_wconf 89' lang='lat' dir='ltr'><strong>sunt</strong></span> <span class='ocrx_word' id='word_1_559' title='bbox 951 4653 1197 4723; x_wconf 72' lang='lat' dir='ltr'><strong>opificem</strong></span> <span class='ocrx_word' id='word_1_560' title='bbox 1226 4652 1423 4719; x_wconf 90' lang='lat' dir='ltr'><strong>credit,</strong></span> <span class='ocrx_word' id='word_1_561' title='bbox 1453 4654 1575 4709; x_wconf 90' lang='lat' dir='ltr'><strong>ideo</strong></span> <span class='ocrx_word' id='word_1_562' title='bbox 1604 4653 1852 4709; x_wconf 86' lang='lat' dir='ltr'><strong>Theodu-</strong></span> <span class='ocrx_word' id='word_1_563' title='bbox 1882 4675 1935 4735; x_wconf 69' lang='grc' dir='ltr'><strong>Β</strong></span> 
     </span>
    </p>
   </div>
   <div class='ocr_carea' id='block_1_77' title="bbox 245 4745 1853 4817">
    <p class='ocr_par' dir='ltr' id='par_1_77' title="bbox 245 4745 1853 4817">
     <span class='ocr_line' id='line_1_77' title="bbox 245 4745 1853 4817; baseline 0.003 -18"><span class='ocrx_word' id='word_1_564' title='bbox 245 4760 373 4800; x_wconf 87' lang='lat' dir='ltr'><strong>rum</strong></span> <span class='ocrx_word' id='word_1_565' title='bbox 420 4745 945 4812; x_wconf 89' lang='lat' dir='ltr'><strong>condemnaverunt,</strong></span> <span class='ocrx_word' id='word_1_566' title='bbox 980 4747 1126 4801; x_wconf 76' lang='lat' dir='ltr'><strong>velut</strong></span> <span class='ocrx_word' id='word_1_567' title='bbox 1164 4746 1359 4802; x_wconf 88' lang='lat' dir='ltr'><strong>similia</strong></span> <span class='ocrx_word' id='word_1_568' title='bbox 1392 4748 1710 4817; x_wconf 83' lang='lat' dir='ltr'><strong>sapientem,</strong></span> <span class='ocrx_word' id='word_1_569' title='bbox 1755 4764 1853 4805; x_wconf 91' lang='lat' dir='ltr'><strong>ne-</strong></span> 
     </span>
    </p>
   </div>
   <div class='ocr_carea' id='block_1_78' title="bbox 245 4838 1855 4909">
    <p class='ocr_par' dir='ltr' id='par_1_78' title="bbox 245 4838 1855 4909">
     <span class='ocr_line' id='line_1_78' title="bbox 245 4838 1855 4909; baseline 0.006 -18"><span class='ocrx_word' id='word_1_570' title='bbox 245 4838 496 4893; x_wconf 81' lang='lat' dir='ltr'><strong>cessario</strong></span> <span class='ocrx_word' id='word_1_571' title='bbox 526 4841 765 4908; x_wconf 87' lang='lat' dir='ltr'><strong>sequitur</strong></span> <span class='ocrx_word' id='word_1_572' title='bbox 797 4847 855 4891; x_wconf 92' lang='lat' dir='ltr'><strong>ut</strong></span> <span class='ocrx_word' id='word_1_573' title='bbox 875 4842 995 4909; x_wconf 89' lang='lat' dir='ltr'><strong>quia</strong></span> <span class='ocrx_word' id='word_1_574' title='bbox 1024 4840 1279 4909; x_wconf 82' lang='lat' dir='ltr'><strong>probatus</strong></span> <span class='ocrx_word' id='word_1_575' title='bbox 1309 4850 1392 4896; x_wconf 89' lang='lat' dir='ltr'><strong>est</strong></span> <span class='ocrx_word' id='word_1_576' title='bbox 1432 4841 1573 4896; x_wconf 88' lang='lat' dir='ltr'><strong>idem</strong></span> <span class='ocrx_word' id='word_1_577' title='bbox 1606 4843 1855 4899; x_wconf 84' lang='lat' dir='ltr'><strong>Theodo-</strong></span> 
     </span>
    </p>
   </div>
   <div class='ocr_carea' id='block_1_79' title="bbox 246 4929 1849 4994">
    <p class='ocr_par' dir='ltr' id='par_1_79' title="bbox 246 4929 1849 4994">
     <span class='ocr_line' id='line_1_79' title="bbox 246 4929 1849 4994; baseline 0.005 -12"><span class='ocrx_word' id='word_1_578' title='bbox 246 4944 369 4994; x_wconf 86' lang='lat' dir='ltr'><strong>rus,</strong></span> <span class='ocrx_word' id='word_1_579' title='bbox 406 4929 681 4984; x_wconf 80' lang='lat' dir='ltr'><strong>Christum</strong></span> <span class='ocrx_word' id='word_1_580' title='bbox 716 4929 805 4985; x_wconf 89' lang='lat' dir='ltr'><strong>Dei</strong></span> <span class='ocrx_word' id='word_1_581' title='bbox 838 4929 1049 4992; x_wconf 76' lang='lat' dir='ltr'><strong>Filium.</strong></span> <span class='ocrx_word' id='word_1_582' title='bbox 1085 4940 1138 4985; x_wconf 87' lang='lat' dir='ltr'><strong>et</strong></span> <span class='ocrx_word' id='word_1_583' title='bbox 1163 4941 1286 4986; x_wconf 91' lang='lat' dir='ltr'><strong>ante</strong></span> <span class='ocrx_word' id='word_1_584' title='bbox 1309 4948 1519 4987; x_wconf 84' lang='lat' dir='ltr'><strong>onmem</strong></span> <span class='ocrx_word' id='word_1_585' title='bbox 1550 4944 1849 4991; x_wconf 88' lang='lat' dir='ltr'><strong>creaturam</strong></span> 
     </span>
    </p>
   </div>
   <div class='ocr_carea' id='block_1_80' title="bbox 246 5023 1853 5094">
    <p class='ocr_par' dir='ltr' id='par_1_80' title="bbox 246 5023 1853 5094">
     <span class='ocr_line' id='line_1_80' title="bbox 246 5023 1853 5094; baseline 0.004 -20"><span class='ocrx_word' id='word_1_586' title='bbox 246 5023 669 5089; x_wconf 83' lang='lat' dir='ltr'><strong>subsistentem,</strong></span> <span class='ocrx_word' id='word_1_587' title='bbox 709 5031 763 5076; x_wconf 91' lang='lat' dir='ltr'><strong>et</strong></span> <span class='ocrx_word' id='word_1_588' title='bbox 802 5024 1039 5076; x_wconf 75' lang='lat' dir='ltr'><strong>omnium</strong></span> <span class='ocrx_word' id='word_1_589' title='bbox 1082 5038 1201 5093; x_wconf 66' lang='lat' dir='ltr'><strong>qua:</strong></span> <span class='ocrx_word' id='word_1_590' title='bbox 1230 5033 1354 5077; x_wconf 85' lang='lat' dir='ltr'><strong>sunt</strong></span> <span class='ocrx_word' id='word_1_591' title='bbox 1397 5025 1643 5094; x_wconf 89' lang='lat' dir='ltr'><strong>opilicem</strong></span> <span class='ocrx_word' id='word_1_592' title='bbox 1674 5027 1853 5082; x_wconf 81' lang='lat' dir='ltr'><strong>credi-</strong></span> 
     </span>
    </p>
   </div>
   <div class='ocr_carea' id='block_1_81' title="bbox 247 5111 1853 5183">
    <p class='ocr_par' dir='ltr' id='par_1_81' title="bbox 247 5111 1853 5183">
     <span class='ocr_line' id='line_1_81' title="bbox 247 5111 1853 5183; baseline 0.006 -20"><span class='ocrx_word' id='word_1_593' title='bbox 247 5111 427 5176; x_wconf 60' lang='lat' dir='ltr'><strong>disse,</strong></span> <span class='ocrx_word' id='word_1_594' title='bbox 461 5112 643 5181; x_wconf 83' lang='lat' dir='ltr'><strong>inique</strong></span> <span class='ocrx_word' id='word_1_595' title='bbox 669 5112 827 5167; x_wconf 84' lang='lat' dir='ltr'><strong>fuerit</strong></span> <span class='ocrx_word' id='word_1_596' title='bbox 869 5113 1280 5178; x_wconf 86' lang='lat' dir='ltr'><strong>condemnatus,</strong></span> <span class='ocrx_word' id='word_1_597' title='bbox 1321 5114 1472 5183; x_wconf 82' lang='lat' dir='ltr'><strong>quasi</strong></span> <span class='ocrx_word' id='word_1_598' title='bbox 1503 5114 1731 5171; x_wconf 86' lang='lat' dir='ltr'><strong>Ncstorii</strong></span> <span class='ocrx_word' id='word_1_599' title='bbox 1754 5116 1853 5172; x_wconf 90' lang='lat' dir='ltr'><strong>d0-</strong></span> 
     </span>
    </p>
   </div>
   <div class='ocr_carea' id='block_1_82' title="bbox 244 5202 1847 5272">
    <p class='ocr_par' dir='ltr' id='par_1_82' title="bbox 244 5202 1847 5272">
     <span class='ocr_line' id='line_1_82' title="bbox 244 5202 1847 5272; baseline 0.002 -13"><span class='ocrx_word' id='word_1_600' title='bbox 244 5214 397 5268; x_wconf 85' lang='lat' dir='ltr'><strong>ctor,</strong></span> <span class='ocrx_word' id='word_1_601' title='bbox 424 5202 579 5272; x_wconf 81' lang='lat' dir='ltr'><strong>cujus</strong></span> <span class='ocrx_word' id='word_1_602' title='bbox 614 5206 783 5259; x_wconf 77' lang='lat' dir='ltr'><strong>errori</strong></span> <span class='ocrx_word' id='word_1_603' title='bbox 811 5206 1034 5260; x_wconf 91' lang='lat' dir='ltr'><strong>multum</strong></span> <span class='ocrx_word' id='word_1_604' title='bbox 1076 5205 1290 5261; x_wconf 88' lang='lat' dir='ltr'><strong>videtur</strong></span> <span class='ocrx_word' id='word_1_605' title='bbox 1321 5205 1487 5261; x_wconf 87' lang='lat' dir='ltr'><strong>fuisse</strong></span> <span class='ocrx_word' id='word_1_606' title='bbox 1526 5207 1847 5262; x_wconf 83' lang='lat' dir='ltr'><strong>contrarius.</strong></span> 
     </span>
    </p>
   </div>
   <div class='ocr_carea' id='block_1_83' title="bbox 245 5297 1851 5368">
    <p class='ocr_par' dir='ltr' id='par_1_83' title="bbox 245 5297 1851 5368">
     <span class='ocr_line' id='line_1_83' title="bbox 245 5297 1851 5368; baseline 0.001 -16"><span class='ocrx_word' id='word_1_607' title='bbox 245 5298 454 5353; x_wconf 83' lang='lat' dir='ltr'><strong>Cernis</strong></span> <span class='ocrx_word' id='word_1_608' title='bbox 481 5297 676 5367; x_wconf 87' lang='lat' dir='ltr'><strong>itaque,</strong></span> <span class='ocrx_word' id='word_1_609' title='bbox 726 5299 810 5368; x_wconf 88' lang='lat' dir='ltr'><strong>pie</strong></span> <span class='ocrx_word' id='word_1_610' title='bbox 856 5300 1123 5367; x_wconf 82' lang='lat' dir='ltr'><strong>princeps,</strong></span> <span class='ocrx_word' id='word_1_611' title='bbox 1155 5299 1447 5366; x_wconf 88' lang='lat' dir='ltr'><strong>quomodo,</strong></span> <span class='ocrx_word' id='word_1_612' title='bbox 1483 5298 1527 5353; x_wconf 88' lang='lat' dir='ltr'><strong>si</strong></span> <span class='ocrx_word' id='word_1_613' title='bbox 1558 5300 1711 5353; x_wconf 90' lang='lat' dir='ltr'><strong>nobis</strong></span> <span class='ocrx_word' id='word_1_614' title='bbox 1750 5298 1851 5354; x_wconf 89' lang='lat' dir='ltr'><strong>alia</strong></span> 
     </span>
    </p>
   </div>
   <div class='ocr_carea' id='block_1_84' title="bbox 246 5387 1849 5455">
    <p class='ocr_par' dir='ltr' id='par_1_84' title="bbox 246 5387 1849 5455">
     <span class='ocr_line' id='line_1_84' title="bbox 246 5387 1849 5455; baseline 0.003 -12"><span class='ocrx_word' id='word_1_615' title='bbox 246 5387 585 5453; x_wconf 73' lang='lat' dir='ltr'><strong>defuissent,</strong></span> <span class='ocrx_word' id='word_1_616' title='bbox 628 5387 732 5443; x_wconf 91' lang='lat' dir='ltr'><strong>hoc</strong></span> <span class='ocrx_word' id='word_1_617' title='bbox 762 5406 867 5443; x_wconf 92' lang='lat' dir='ltr'><strong>uno</strong></span> <span class='ocrx_word' id='word_1_618' title='bbox 912 5389 1044 5443; x_wconf 89' lang='lat' dir='ltr'><strong>satis</strong></span> <span class='ocrx_word' id='word_1_619' title='bbox 1077 5389 1269 5445; x_wconf 89' lang='lat' dir='ltr'><strong>idonee</strong></span> <span class='ocrx_word' id='word_1_620' title='bbox 1310 5390 1647 5455; x_wconf 88' lang='lat' dir='ltr'><strong>doceremus,</strong></span> <span class='ocrx_word' id='word_1_621' title='bbox 1689 5391 1849 5448; x_wconf 88' lang='lat' dir='ltr'><strong>etiam</strong></span> 
     </span>
    </p>
   </div>
   <div class='ocr_carea' id='block_1_85' title="bbox 327 5552 1855 5624">
    <p class='ocr_par' dir='ltr' id='par_1_85' title="bbox 327 5552 1855 5624">
     <span class='ocr_line' id='line_1_85' title="bbox 327 5552 1855 5624; baseline 0.005 -18"><span class='ocrx_word' id='word_1_622' title='bbox 327 5562 357 5590; x_wconf 78' lang='grc'><strong><em>⁸</em></strong></span> <span class='ocrx_word' id='word_1_623' title='bbox 392 5552 448 5607; x_wconf 82' lang='grc' dir='ltr'><strong>1η</strong></span> <span class='ocrx_word' id='word_1_624' title='bbox 492 5555 699 5624; x_wconf 77' lang='lat' dir='ltr'><strong>synodo</strong></span> <span class='ocrx_word' id='word_1_625' title='bbox 740 5555 1030 5622; x_wconf 69' lang='lat' dir='ltr'><strong>Ephesius,</strong></span> <span class='ocrx_word' id='word_1_626' title='bbox 1082 5558 1171 5611; x_wconf 90' lang='lat' dir='ltr'><strong>ubi</strong></span> <span class='ocrx_word' id='word_1_627' title='bbox 1213 5569 1427 5612; x_wconf 76' lang='lat' dir='ltr'><strong>essmre</strong></span> <span class='ocrx_word' id='word_1_628' title='bbox 1466 5558 1700 5612; x_wconf 71' lang='lat' dir='ltr'><strong>diximus</strong></span> <span class='ocrx_word' id='word_1_629' title='bbox 1753 5557 1855 5613; x_wconf 86' lang='lat' dir='ltr'><strong>hoc</strong></span> 
     </span>
    </p>
   </div>
   <div class='ocr_carea' id='block_1_86' title="bbox 244 5624 1853 5701">
    <p class='ocr_par' dir='ltr' id='par_1_86' title="bbox 244 5624 1853 5701">
     <span class='ocr_line' id='line_1_86' title="bbox 244 5624 1853 5701; baseline 0.002 -23"><span class='ocrx_word' id='word_1_630' title='bbox 244 5624 567 5701; x_wconf 79' lang='lat' dir='ltr'><strong>symbolum</strong></span> <span class='ocrx_word' id='word_1_631' title='bbox 594 5643 606 5676; x_wconf 92' lang='lat'>:</span> <span class='ocrx_word' id='word_1_632' title='bbox 637 5628 1002 5698; x_wconf 59' lang='lat' dir='ltr'><strong>‘Oyoh-ya-Sysv</strong></span> <span class='ocrx_word' id='word_1_633' title='bbox 1023 5626 1308 5701; x_wconf 65' lang='lat' dir='ltr'><strong>3é_llatrépct</strong></span> <span class='ocrx_word' id='word_1_634' title='bbox 1352 5630 1536 5682; x_wconf 67' lang='grc' dir='ltr'><strong>τέλειον</strong></span> <span class='ocrx_word' id='word_1_635' title='bbox 1565 5633 1853 5699; x_wconf 62' lang='grc' dir='ltr'><strong>προσώπῳ,</strong></span> 
     </span>
    </p>
   </div>
   <div class='ocr_carea' id='block_1_87' title="bbox 244 5697 1849 5771">
    <p class='ocr_par' dir='ltr' id='par_1_87' title="bbox 244 5697 1849 5771">
     <span class='ocr_line' id='line_1_87' title="bbox 244 5697 1849 5771; baseline 0.002 -23"><span class='ocrx_word' id='word_1_636' title='bbox 244 5702 339 5750; x_wconf 66' lang='grc' dir='ltr'><strong>καὶ</strong></span> <span class='ocrx_word' id='word_1_637' title='bbox 368 5698 478 5751; x_wconf 76' lang='grc' dir='ltr'><strong>Ϊὲὀν</strong></span> <span class='ocrx_word' id='word_1_638' title='bbox 506 5697 710 5765; x_wconf 61' lang='grc' dir='ltr'><strong>ὁμοίως,</strong></span> <span class='ocrx_word' id='word_1_639' title='bbox 745 5697 830 5751; x_wconf 72' lang='grc' dir='ltr'><strong>καί</strong></span> <span class='ocrx_word' id='word_1_640' title='bbox 852 5704 1049 5767; x_wconf 69' lang='grc' dir='ltr'><strong>Πνεῦμα</strong></span> <span class='ocrx_word' id='word_1_641' title='bbox 1080 5698 1131 5752; x_wconf 74' lang='grc' dir='ltr'><strong>δὲ</strong></span> <span class='ocrx_word' id='word_1_642' title='bbox 1163 5697 1296 5771; x_wconf 58' lang='grc' dir='ltr'><strong>ἅγιον</strong></span> <span class='ocrx_word' id='word_1_643' title='bbox 1321 5697 1729 5759; x_wconf 63' lang='grc' dir='ltr'><strong>ὡσαύτως.ἸΤο</strong></span> <span class='ocrx_word' id='word_1_644' title='bbox 1756 5701 1849 5753; x_wconf 52' lang='lat' dir='ltr'><strong>ilii-</strong></span> 
     </span>
    </p>
   </div>
   <div class='ocr_carea' id='block_1_88' title="bbox 332 5857 1120 5917">
    <p class='ocr_par' dir='ltr' id='par_1_88' title="bbox 332 5857 1120 5917">
     <span class='ocr_line' id='line_1_88' title="bbox 332 5857 1120 5917; baseline 0.009 -10"><span class='ocrx_word' id='word_1_645' title='bbox 332 5860 349 5886; x_wconf 86' lang='grc'>¹</span> <span class='ocrx_word' id='word_1_646' title='bbox 382 5857 509 5909; x_wconf 83' lang='lat' dir='ltr'><strong>Cod.</strong></span> <span class='ocrx_word' id='word_1_647' title='bbox 548 5859 764 5917; x_wconf 67' lang='lat' dir='ltr'><strong>Verum,</strong></span> <span class='ocrx_word' id='word_1_648' title='bbox 800 5876 896 5911; x_wconf 78' lang='lat' dir='ltr'><strong>non</strong></span> <span class='ocrx_word' id='word_1_649' title='bbox 926 5871 1120 5914; x_wconf 70' lang='lat' dir='ltr'><strong>contra.</strong></span> 
     </span>
    </p>
   </div>
   <div class='ocr_carea' id='block_1_89' title="bbox 332 5928 1130 5993">
    <p class='ocr_par' dir='ltr' id='par_1_89' title="bbox 332 5928 1130 5993">
     <span class='ocr_line' id='line_1_89' title="bbox 332 5928 1130 5993; baseline 0.004 -12"><span class='ocrx_word' id='word_1_650' title='bbox 332 5930 354 5959; x_wconf 86' lang='lat'><strong>’</strong></span> <span class='ocrx_word' id='word_1_651' title='bbox 384 5928 523 5983; x_wconf 78' lang='lat' dir='ltr'><strong>Idem</strong></span> <span class='ocrx_word' id='word_1_652' title='bbox 558 5930 700 5993; x_wconf 65' lang='lat' dir='ltr'><strong>cod,</strong></span> <span class='ocrx_word' id='word_1_653' title='bbox 737 5933 895 5985; x_wconf 73' lang='lat' dir='ltr'><strong>multa</strong></span> <span class='ocrx_word' id='word_1_654' title='bbox 923 5932 1130 5985; x_wconf 83' lang='lat' dir='ltr'><strong>similia.</strong></span> 
     </span>
    </p>
   </div>
   <div class='ocr_carea' id='block_1_90' title="bbox 1957 3365 3541 3439">
    <p class='ocr_par' dir='ltr' id='par_1_90' title="bbox 1957 3365 3541 3439">
     <span class='ocr_line' id='line_1_90' title="bbox 1957 3365 3541 3439; baseline 0.003 -18"><span class='ocrx_word' id='word_1_655' title='bbox 1957 3366 2131 3422; x_wconf 87' lang='lat' dir='ltr'><strong>suisse</strong></span> <span class='ocrx_word' id='word_1_656' title='bbox 2160 3365 2459 3435; x_wconf 78' lang='lat' dir='ltr'><strong>perhibent,</strong></span> <span class='ocrx_word' id='word_1_657' title='bbox 2490 3368 2763 3435; x_wconf 91' lang='lat' dir='ltr'><strong>quomodo</strong></span> <span class='ocrx_word' id='word_1_658' title='bbox 2794 3382 2900 3421; x_wconf 91' lang='lat' dir='ltr'><strong>non</strong></span> <span class='ocrx_word' id='word_1_659' title='bbox 2942 3377 3128 3422; x_wconf 90' lang='lat' dir='ltr'><strong>contra</strong></span> <span class='ocrx_word' id='word_1_660' title='bbox 3157 3368 3275 3439; x_wconf 89' lang='lat' dir='ltr'><strong>ejus</strong></span> <span class='ocrx_word' id='word_1_661' title='bbox 3305 3371 3541 3426; x_wconf 66' lang='lat' dir='ltr'><strong>testimo-</strong></span> 
     </span>
    </p>
   </div>
   <div class='ocr_carea' id='block_1_91' title="bbox 1958 3457 3540 3531">
    <p class='ocr_par' dir='ltr' id='par_1_91' title="bbox 1958 3457 3540 3531">
     <span class='ocr_line' id='line_1_91' title="bbox 1958 3457 3540 3531; baseline 0.003 -19"><span class='ocrx_word' id='word_1_662' title='bbox 1958 3459 2103 3512; x_wconf 88' lang='lat' dir='ltr'><strong>nium</strong></span> <span class='ocrx_word' id='word_1_663' title='bbox 2157 3457 2455 3513; x_wconf 81' lang='lat' dir='ltr'><strong>ailirmatnr</strong></span> <span class='ocrx_word' id='word_1_664' title='bbox 2510 3459 2650 3527; x_wconf 89' lang='lat' dir='ltr'><strong>quod</strong></span> <span class='ocrx_word' id='word_1_665' title='bbox 2713 3459 2852 3514; x_wconf 90' lang='lat' dir='ltr'><strong>idem</strong></span> <span class='ocrx_word' id='word_1_666' title='bbox 2899 3458 3216 3515; x_wconf 83' lang='lat' dir='ltr'><strong>Theodorus</strong></span> <span class='ocrx_word' id='word_1_667' title='bbox 3267 3463 3540 3531; x_wconf 85' lang='lat' dir='ltr'><strong>negaverit</strong></span> 
     </span>
    </p>
   </div>
   <div class='ocr_carea' id='block_1_92' title="bbox 1956 3547 3541 3621">
    <p class='ocr_par' dir='ltr' id='par_1_92' title="bbox 1956 3547 3541 3621">
     <span class='ocr_line' id='line_1_92' title="bbox 1956 3547 3541 3621; baseline 0.001 -18"><span class='ocrx_word' id='word_1_668' title='bbox 1956 3547 2294 3613; x_wconf 79' lang='lat' dir='ltr'><strong>Trinitatem,</strong></span> <span class='ocrx_word' id='word_1_669' title='bbox 2324 3559 2378 3603; x_wconf 92' lang='lat' dir='ltr'><strong>et</strong></span> <span class='ocrx_word' id='word_1_670' title='bbox 2404 3563 2559 3603; x_wconf 88' lang='lat' dir='ltr'><strong>uuam</strong></span> <span class='ocrx_word' id='word_1_671' title='bbox 2593 3549 2752 3604; x_wconf 92' lang='lat' dir='ltr'><strong>trium</strong></span> <span class='ocrx_word' id='word_1_672' title='bbox 2784 3550 3029 3605; x_wconf 82' lang='lat' dir='ltr'><strong>docuerit</strong></span> <span class='ocrx_word' id='word_1_673' title='bbox 3061 3566 3182 3607; x_wconf 90' lang='lat' dir='ltr'><strong>esse</strong></span> <span class='ocrx_word' id='word_1_674' title='bbox 3222 3554 3541 3621; x_wconf 86' lang='lat' dir='ltr'><strong>personam?</strong></span> 
     </span>
    </p>
   </div>
   <div class='ocr_carea' id='block_1_93' title="bbox 1964 3640 3540 3711">
    <p class='ocr_par' dir='ltr' id='par_1_93' title="bbox 1964 3640 3540 3711">
     <span class='ocr_line' id='line_1_93' title="bbox 1964 3640 3540 3711; baseline 0.004 -18"><span class='ocrx_word' id='word_1_675' title='bbox 1964 3658 1983 3693; x_wconf 73' lang='grc' dir='ltr'><strong>ι</strong></span> <span class='ocrx_word' id='word_1_676' title='bbox 2018 3640 2276 3695; x_wconf 79' lang='lat' dir='ltr'><strong>Dixerunt</strong></span> <span class='ocrx_word' id='word_1_677' title='bbox 2297 3641 2471 3696; x_wconf 87' lang='lat' dir='ltr'><strong>enim:</strong></span> <span class='ocrx_word' id='word_1_678' title='bbox 2497 3641 2898 3708; x_wconf 79' lang='lat' dir='ltr'><strong>Verumtamen,</strong></span> <span class='ocrx_word' id='word_1_679' title='bbox 2931 3653 2987 3697; x_wconf 88' lang='lat' dir='ltr'><strong>ut</strong></span> <span class='ocrx_word' id='word_1_680' title='bbox 3017 3660 3203 3699; x_wconf 87' lang='lat' dir='ltr'><strong>omnes</strong></span> <span class='ocrx_word' id='word_1_681' title='bbox 3230 3645 3540 3711; x_wconf 87' lang='lat' dir='ltr'><strong>Christiani,</strong></span> 
     </span>
    </p>
   </div>
   <div class='ocr_carea' id='block_1_94' title="bbox 1957 3731 3541 3803">
    <p class='ocr_par' dir='ltr' id='par_1_94' title="bbox 1957 3731 3541 3803">
     <span class='ocr_line' id='line_1_94' title="bbox 1957 3731 3541 3803; baseline 0.004 -17"><span class='ocrx_word' id='word_1_682' title='bbox 1957 3731 2233 3787; x_wconf 86' lang='lat' dir='ltr'><strong>Theodori</strong></span> <span class='ocrx_word' id='word_1_683' title='bbox 2265 3733 2522 3787; x_wconf 89' lang='lat' dir='ltr'><strong>insaniam</strong></span> <span class='ocrx_word' id='word_1_684' title='bbox 2554 3743 2964 3803; x_wconf 83' lang='lat' dir='ltr'><strong>cognoscentes,</strong></span> <span class='ocrx_word' id='word_1_685' title='bbox 3013 3752 3117 3790; x_wconf 91' lang='lat' dir='ltr'><strong>non</strong></span> <span class='ocrx_word' id='word_1_686' title='bbox 3162 3736 3541 3792; x_wconf 84' lang='lat' dir='ltr'><strong>circumferan-</strong></span> 
     </span>
    </p>
   </div>
   <div class='ocr_carea' id='block_1_95' title="bbox 1958 3823 3541 3898">
    <p class='ocr_par' dir='ltr' id='par_1_95' title="bbox 1958 3823 3541 3898">
     <span class='ocr_line' id='line_1_95' title="bbox 1958 3823 3541 3898; baseline 0.004 -22"><span class='ocrx_word' id='word_1_687' title='bbox 1958 3830 2043 3877; x_wconf 91' lang='lat' dir='ltr'><strong>tur</strong></span> <span class='ocrx_word' id='word_1_688' title='bbox 2072 3824 2246 3893; x_wconf 90' lang='lat' dir='ltr'><strong>impiis</strong></span> <span class='ocrx_word' id='word_1_689' title='bbox 2279 3824 2421 3878; x_wconf 89' lang='lat' dir='ltr'><strong>illius</strong></span> <span class='ocrx_word' id='word_1_690' title='bbox 2451 3823 2734 3887; x_wconf 85' lang='lat' dir='ltr'><strong>doctrinis,</strong></span> <span class='ocrx_word' id='word_1_691' title='bbox 2769 3841 2927 3894; x_wconf 83' lang='lat' dir='ltr'><strong>parva</strong></span> <span class='ocrx_word' id='word_1_692' title='bbox 2958 3840 3021 3881; x_wconf 81' lang='lat' dir='ltr'><strong>ex</strong></span> <span class='ocrx_word' id='word_1_693' title='bbox 3049 3827 3166 3894; x_wconf 90' lang='lat' dir='ltr'><strong>ejus</strong></span> <span class='ocrx_word' id='word_1_694' title='bbox 3194 3826 3541 3898; x_wconf 83' lang='lat' dir='ltr'><strong>blasphcmils</strong></span> 
     </span>
    </p>
   </div>
   <div class='ocr_carea' id='block_1_96' title="bbox 1959 3912 3542 3984">
    <p class='ocr_par' dir='ltr' id='par_1_96' title="bbox 1959 3912 3542 3984">
     <span class='ocr_line' id='line_1_96' title="bbox 1959 3912 3542 3984; baseline 0.006 -19"><span class='ocrx_word' id='word_1_695' title='bbox 1959 3912 2302 3979; x_wconf 86' lang='lat' dir='ltr'><strong>conscriptis,</strong></span> <span class='ocrx_word' id='word_1_696' title='bbox 2337 3913 2390 3966; x_wconf 91' lang='lat' dir='ltr'><strong>in</strong></span> <span class='ocrx_word' id='word_1_697' title='bbox 2423 3914 2654 3967; x_wconf 89' lang='lat' dir='ltr'><strong>coulicto</strong></span> <span class='ocrx_word' id='word_1_698' title='bbox 2683 3914 2751 3968; x_wconf 89' lang='lat' dir='ltr'><strong>ab</strong></span> <span class='ocrx_word' id='word_1_699' title='bbox 2783 3929 2847 3969; x_wconf 89' lang='lat' dir='ltr'><strong>eo</strong></span> <span class='ocrx_word' id='word_1_700' title='bbox 2876 3915 3145 3984; x_wconf 86' lang='lat' dir='ltr'><strong>symbolo,</strong></span> <span class='ocrx_word' id='word_1_701' title='bbox 3176 3918 3426 3984; x_wconf 76' lang='lat' dir='ltr'><strong>przesenti</strong></span> <span class='ocrx_word' id='word_1_702' title='bbox 3451 3934 3542 3973; x_wconf 77' lang='lat' dir='ltr'><strong>nu-</strong></span> 
     </span>
    </p>
   </div>
   <div class='ocr_carea' id='block_1_97' title="bbox 1959 4002 3543 4077">
    <p class='ocr_par' dir='ltr' id='par_1_97' title="bbox 1959 4002 3543 4077">
     <span class='ocr_line' id='line_1_97' title="bbox 1959 4002 3543 4077; baseline 0.005 -22"><span class='ocrx_word' id='word_1_703' title='bbox 1959 4011 2073 4056; x_wconf 88' lang='lat' dir='ltr'><strong>stro</strong></span> <span class='ocrx_word' id='word_1_704' title='bbox 2105 4002 2394 4057; x_wconf 88' lang='lat' dir='ltr'><strong>indidimus</strong></span> <span class='ocrx_word' id='word_1_705' title='bbox 2426 4003 2582 4068; x_wconf 88' lang='lat' dir='ltr'><strong>libro,</strong></span> <span class='ocrx_word' id='word_1_706' title='bbox 2607 4018 2726 4072; x_wconf 80' lang='lat' dir='ltr'><strong>quae</strong></span> <span class='ocrx_word' id='word_1_707' title='bbox 2754 4012 3001 4059; x_wconf 87' lang='lat' dir='ltr'><strong>constant</strong></span> <span class='ocrx_word' id='word_1_708' title='bbox 3032 4005 3082 4060; x_wconf 91' lang='lat' dir='ltr'><strong>in</strong></span> <span class='ocrx_word' id='word_1_709' title='bbox 3108 4005 3236 4077; x_wconf 90' lang='lat' dir='ltr'><strong>ipsis</strong></span> <span class='ocrx_word' id='word_1_710' title='bbox 3273 4008 3543 4063; x_wconf 85' lang='lat' dir='ltr'><strong>sermoni-</strong></span> 
     </span>
    </p>
   </div>
   <div class='ocr_carea' id='block_1_98' title="bbox 1958 4091 3546 4169">
    <p class='ocr_par' dir='ltr' id='par_1_98' title="bbox 1958 4091 3546 4169">
     <span class='ocr_line' id='line_1_98' title="bbox 1958 4091 3546 4169; baseline 0.004 -20"><span class='ocrx_word' id='word_1_711' title='bbox 1958 4094 2058 4149; x_wconf 88' lang='lat' dir='ltr'><strong>bus</strong></span> <span class='ocrx_word' id='word_1_712' title='bbox 2084 4112 2095 4147; x_wconf 88' lang='lat'><strong>:</strong></span> <span class='ocrx_word' id='word_1_713' title='bbox 2120 4091 2449 4150; x_wconf 74' lang='lat' dir='ltr'><strong>Confitentur</strong></span> <span class='ocrx_word' id='word_1_714' title='bbox 2478 4094 2689 4150; x_wconf 81' lang='lat' dir='ltr'><strong>Patrem</strong></span> <span class='ocrx_word' id='word_1_715' title='bbox 2718 4105 2742 4133; x_wconf 71' lang='grc' dir='ltr'>α</span> <span class='ocrx_word' id='word_1_716' title='bbox 2772 4097 3066 4166; x_wconf 85' lang='lat' dir='ltr'><strong>perfectum</strong></span> <span class='ocrx_word' id='word_1_717' title='bbox 3100 4114 3353 4169; x_wconf 87' lang='lat' dir='ltr'><strong>persona,</strong></span> <span class='ocrx_word' id='word_1_718' title='bbox 3378 4112 3431 4155; x_wconf 91' lang='lat' dir='ltr'><strong>et</strong></span> <span class='ocrx_word' id='word_1_719' title='bbox 3458 4101 3546 4156; x_wconf 79' lang='lat' dir='ltr'><strong>Fi-</strong></span> 
     </span>
    </p>
   </div>
   <div class='ocr_carea' id='block_1_99' title="bbox 1960 4186 3547 4257">
    <p class='ocr_par' dir='ltr' id='par_1_99' title="bbox 1960 4186 3547 4257">
     <span class='ocr_line' id='line_1_99' title="bbox 1960 4186 3547 4257; baseline 0.006 -16"><span class='ocrx_word' id='word_1_720' title='bbox 1960 4186 2089 4242; x_wconf 88' lang='lat' dir='ltr'><strong>lium</strong></span> <span class='ocrx_word' id='word_1_721' title='bbox 2141 4187 2407 4252; x_wconf 84' lang='lat' dir='ltr'><strong>similiter,</strong></span> <span class='ocrx_word' id='word_1_722' title='bbox 2463 4197 2515 4241; x_wconf 91' lang='lat' dir='ltr'><strong>et</strong></span> <span class='ocrx_word' id='word_1_723' title='bbox 2574 4188 2831 4257; x_wconf 85' lang='lat' dir='ltr'><strong>Spiritum</strong></span> <span class='ocrx_word' id='word_1_724' title='bbox 2879 4200 3121 4245; x_wconf 88' lang='lat' dir='ltr'><strong>sanctum</strong></span> <span class='ocrx_word' id='word_1_725' title='bbox 3174 4190 3370 4246; x_wconf 88' lang='lat' dir='ltr'><strong>ibidem</strong></span> <span class='ocrx_word' id='word_1_726' title='bbox 3396 4190 3437 4248; x_wconf 86' lang='grc'><strong>³.</strong></span> <span class='ocrx_word' id='word_1_727' title='bbox 3482 4191 3547 4251; x_wconf 83' lang='lat' dir='ltr'><strong>Et</strong></span> 
     </span>
    </p>
   </div>
   <div class='ocr_carea' id='block_1_100' title="bbox 1962 4278 3546 4351">
    <p class='ocr_par' dir='ltr' id='par_1_100' title="bbox 1962 4278 3546 4351">
     <span class='ocr_line' id='line_1_100' title="bbox 1962 4278 3546 4351; baseline 0.003 -19"><span class='ocrx_word' id='word_1_728' title='bbox 1962 4279 2078 4335; x_wconf 67' lang='lat' dir='ltr'><strong>haec</strong></span> <span class='ocrx_word' id='word_1_729' title='bbox 2105 4278 2318 4350; x_wconf 91' lang='lat' dir='ltr'><strong>quidem</strong></span> <span class='ocrx_word' id='word_1_730' title='bbox 2349 4278 2663 4337; x_wconf 85' lang='lat' dir='ltr'><strong>Theodorus</strong></span> <span class='ocrx_word' id='word_1_731' title='bbox 2693 4278 2907 4351; x_wconf 79' lang='lat' dir='ltr'><strong>impius.</strong></span> <span class='ocrx_word' id='word_1_732' title='bbox 2939 4280 3162 4348; x_wconf 86' lang='lat' dir='ltr'><strong>Oportet</strong></span> <span class='ocrx_word' id='word_1_733' title='bbox 3199 4290 3375 4336; x_wconf 87' lang='lat' dir='ltr'><strong>autem</strong></span> <span class='ocrx_word' id='word_1_734' title='bbox 3406 4282 3546 4337; x_wconf 86' lang='lat' dir='ltr'><strong>audi-</strong></span> 
     </span>
    </p>
   </div>
   <div class='ocr_carea' id='block_1_101' title="bbox 1962 4371 3548 4445">
    <p class='ocr_par' dir='ltr' id='par_1_101' title="bbox 1962 4371 3548 4445">
     <span class='ocr_line' id='line_1_101' title="bbox 1962 4371 3548 4445; baseline 0.003 -19"><span class='ocrx_word' id='word_1_735' title='bbox 1962 4381 2131 4428; x_wconf 91' lang='lat' dir='ltr'><strong>torem</strong></span> <span class='ocrx_word' id='word_1_736' title='bbox 2160 4372 2430 4441; x_wconf 87' lang='lat' dir='ltr'><strong>inspicere</strong></span> <span class='ocrx_word' id='word_1_737' title='bbox 2458 4371 2578 4442; x_wconf 91' lang='lat' dir='ltr'><strong>quia</strong></span> <span class='ocrx_word' id='word_1_738' title='bbox 2601 4372 2653 4426; x_wconf 92' lang='lat' dir='ltr'><strong>in</strong></span> <span class='ocrx_word' id='word_1_739' title='bbox 2682 4381 2866 4427; x_wconf 87' lang='lat' dir='ltr'><strong>sancta</strong></span> <span class='ocrx_word' id='word_1_740' title='bbox 2895 4371 3173 4429; x_wconf 87' lang='lat' dir='ltr'><strong>Trinitatis</strong></span> <span class='ocrx_word' id='word_1_741' title='bbox 3202 4388 3429 4445; x_wconf 88' lang='lat' dir='ltr'><strong>persona</strong></span> <span class='ocrx_word' id='word_1_742' title='bbox 3462 4376 3548 4431; x_wconf 90' lang='lat' dir='ltr'><strong>di-</strong></span> 
     </span>
    </p>
   </div>
   <div class='ocr_carea' id='block_1_102' title="bbox 1963 4463 3550 4536">
    <p class='ocr_par' dir='ltr' id='par_1_102' title="bbox 1963 4463 3550 4536">
     <span class='ocr_line' id='line_1_102' title="bbox 1963 4463 3550 4536; baseline 0.003 -17"><span class='ocrx_word' id='word_1_743' title='bbox 1963 4480 2090 4519; x_wconf 90' lang='lat' dir='ltr'><strong>cens</strong></span> <span class='ocrx_word' id='word_1_744' title='bbox 2118 4464 2367 4519; x_wconf 89' lang='lat' dir='ltr'><strong>similiter</strong></span> <span class='ocrx_word' id='word_1_745' title='bbox 2409 4472 2464 4519; x_wconf 89' lang='lat' dir='ltr'><strong>et</strong></span> <span class='ocrx_word' id='word_1_746' title='bbox 2493 4463 2691 4520; x_wconf 90' lang='lat' dir='ltr'><strong>ibidem</strong></span> <span class='ocrx_word' id='word_1_747' title='bbox 2716 4463 2759 4530; x_wconf 73' lang='grc'><strong>⁸,</strong></span> <span class='ocrx_word' id='word_1_748' title='bbox 2784 4480 2947 4519; x_wconf 86' lang='lat' dir='ltr'><strong>unam</strong></span> <span class='ocrx_word' id='word_1_749' title='bbox 2987 4479 3272 4536; x_wconf 89' lang='lat' dir='ltr'><strong>personam</strong></span> <span class='ocrx_word' id='word_1_750' title='bbox 3303 4467 3550 4525; x_wconf 88' lang='lat' dir='ltr'><strong>ostendi-</strong></span> 
     </span>
    </p>
   </div>
   <div class='ocr_carea' id='block_1_103' title="bbox 1965 4554 3550 4625">
    <p class='ocr_par' dir='ltr' id='par_1_103' title="bbox 1965 4554 3550 4625">
     <span class='ocr_line' id='line_1_103' title="bbox 1965 4554 3550 4625; baseline 0.003 -15"><span class='ocrx_word' id='word_1_751' title='bbox 1965 4565 2051 4611; x_wconf 93' lang='lat' dir='ltr'><strong>tur</strong></span> <span class='ocrx_word' id='word_1_752' title='bbox 2081 4556 2263 4611; x_wconf 89' lang='lat' dir='ltr'><strong>dicere</strong></span> <span class='ocrx_word' id='word_1_753' title='bbox 2296 4554 2457 4610; x_wconf 90' lang='lat' dir='ltr'><strong>trium</strong></span> <span class='ocrx_word' id='word_1_754' title='bbox 2489 4557 2763 4611; x_wconf 92' lang='lat' dir='ltr'><strong>nominum</strong></span> <span class='ocrx_word' id='word_1_755' title='bbox 2797 4564 2997 4613; x_wconf 64' lang='lat' dir='ltr'><strong>sanctae</strong></span> <span class='ocrx_word' id='word_1_756' title='bbox 3026 4556 3325 4625; x_wconf 88' lang='lat' dir='ltr'><strong>Trinitatis,</strong></span> <span class='ocrx_word' id='word_1_757' title='bbox 3356 4574 3550 4615; x_wconf 88' lang='lat' dir='ltr'><strong>secun-</strong></span> 
     </span>
    </p>
   </div>
   <div class='ocr_carea' id='block_1_104' title="bbox 1963 4646 3546 4715">
    <p class='ocr_par' dir='ltr' id='par_1_104' title="bbox 1963 4646 3546 4715">
     <span class='ocr_line' id='line_1_104' title="bbox 1963 4646 3546 4715; baseline 0.003 -16"><span class='ocrx_word' id='word_1_758' title='bbox 1963 4652 2088 4703; x_wconf 89' lang='lat' dir='ltr'><strong>dum</strong></span> <span class='ocrx_word' id='word_1_759' title='bbox 2138 4646 2355 4703; x_wconf 89' lang='lat' dir='ltr'><strong>Sabellii</strong></span> <span class='ocrx_word' id='word_1_760' title='bbox 2403 4647 2685 4702; x_wconf 88' lang='lat' dir='ltr'><strong>insaniam.</strong></span> <span class='ocrx_word' id='word_1_761' title='bbox 2721 4665 2739 4699; x_wconf 79' lang='lat' dir='ltr'><strong>t</strong></span> <span class='ocrx_word' id='word_1_762' title='bbox 2774 4648 3037 4715; x_wconf 81' lang='lat' dir='ltr'><strong>Qucuiam</strong></span> <span class='ocrx_word' id='word_1_763' title='bbox 3076 4664 3209 4715; x_wconf 70' lang='lat' dir='ltr'><strong>ergo</strong></span> <span class='ocrx_word' id='word_1_764' title='bbox 3254 4648 3546 4712; x_wconf 79' lang='lat' dir='ltr'><strong>dixerunt;</strong></span> 
     </span>
    </p>
   </div>
   <div class='ocr_carea' id='block_1_105' title="bbox 1959 4739 3550 4810">
    <p class='ocr_par' dir='ltr' id='par_1_105' title="bbox 1959 4739 3550 4810">
     <span class='ocr_line' id='line_1_105' title="bbox 1959 4739 3550 4810; baseline 0 -16"><span class='ocrx_word' id='word_1_765' title='bbox 1959 4740 2184 4809; x_wconf 86' lang='lat' dir='ltr'><strong>Oportet</strong></span> <span class='ocrx_word' id='word_1_766' title='bbox 2223 4747 2401 4795; x_wconf 88' lang='lat' dir='ltr'><strong>autem</strong></span> <span class='ocrx_word' id='word_1_767' title='bbox 2434 4740 2728 4793; x_wconf 84' lang='lat' dir='ltr'><strong>auditorem</strong></span> <span class='ocrx_word' id='word_1_768' title='bbox 2760 4739 3049 4810; x_wconf 84' lang='lat' dir='ltr'><strong>inspicere,</strong></span> <span class='ocrx_word' id='word_1_769' title='bbox 3094 4757 3201 4796; x_wconf 91' lang='lat' dir='ltr'><strong>non</strong></span> <span class='ocrx_word' id='word_1_770' title='bbox 3250 4743 3380 4795; x_wconf 90' lang='lat' dir='ltr'><strong>mihi</strong></span> <span class='ocrx_word' id='word_1_771' title='bbox 3421 4756 3550 4795; x_wconf 84' lang='lat' dir='ltr'><strong>con—</strong></span> 
     </span>
    </p>
   </div>
   <div class='ocr_carea' id='block_1_106' title="bbox 1961 4830 3548 4905">
    <p class='ocr_par' dir='ltr' id='par_1_106' title="bbox 1961 4830 3548 4905">
     <span class='ocr_line' id='line_1_106' title="bbox 1961 4830 3548 4905; baseline 0.003 -20"><span class='ocrx_word' id='word_1_772' title='bbox 1961 4831 2238 4887; x_wconf 89' lang='lat' dir='ltr'><strong>temnendi</strong></span> <span class='ocrx_word' id='word_1_773' title='bbox 2269 4830 2539 4900; x_wconf 81' lang='lat' dir='ltr'><strong>videntur,</strong></span> <span class='ocrx_word' id='word_1_774' title='bbox 2577 4831 2695 4899; x_wconf 91' lang='lat' dir='ltr'><strong>sed,</strong></span> <span class='ocrx_word' id='word_1_775' title='bbox 2724 4843 2781 4887; x_wconf 89' lang='lat' dir='ltr'><strong>ut</strong></span> <span class='ocrx_word' id='word_1_776' title='bbox 2823 4842 3165 4903; x_wconf 90' lang='lat' dir='ltr'><strong>monuerunt,</strong></span> <span class='ocrx_word' id='word_1_777' title='bbox 3215 4835 3548 4905; x_wconf 89' lang='lat' dir='ltr'><strong>inspicienda</strong></span> 
     </span>
    </p>
   </div>
   <div class='ocr_carea' id='block_1_107' title="bbox 1961 4922 3551 4993">
    <p class='ocr_par' dir='ltr' id='par_1_107' title="bbox 1961 4922 3551 4993">
     <span class='ocr_line' id='line_1_107' title="bbox 1961 4922 3551 4993; baseline 0.001 -16"><span class='ocrx_word' id='word_1_778' title='bbox 1961 4922 2113 4977; x_wconf 90' lang='lat' dir='ltr'><strong>nobis</strong></span> <span class='ocrx_word' id='word_1_779' title='bbox 2142 4932 2304 4993; x_wconf 87' lang='lat' dir='ltr'><strong>atque</strong></span> <span class='ocrx_word' id='word_1_780' title='bbox 2332 4922 2618 4993; x_wconf 87' lang='lat' dir='ltr'><strong>aperienda</strong></span> <span class='ocrx_word' id='word_1_781' title='bbox 2649 4932 2774 4978; x_wconf 85' lang='lat' dir='ltr'><strong>sunt</strong></span> <span class='ocrx_word' id='word_1_782' title='bbox 2802 4932 2857 4980; x_wconf 91' lang='lat' dir='ltr'><strong>et</strong></span> <span class='ocrx_word' id='word_1_783' title='bbox 2901 4924 2988 4979; x_wconf 90' lang='lat' dir='ltr'><strong>illa</strong></span> <span class='ocrx_word' id='word_1_784' title='bbox 3020 4925 3181 4980; x_wconf 88' lang='lat' dir='ltr'><strong>verba</strong></span> <span class='ocrx_word' id='word_1_785' title='bbox 3211 4938 3329 4993; x_wconf 78' lang='lat' dir='ltr'><strong>qua:</strong></span> <span class='ocrx_word' id='word_1_786' title='bbox 3366 4924 3551 4979; x_wconf 90' lang='lat' dir='ltr'><strong>dicunt</strong></span> 
     </span>
    </p>
   </div>
   <div class='ocr_carea' id='block_1_108' title="bbox 1961 5013 3548 5087">
    <p class='ocr_par' dir='ltr' id='par_1_108' title="bbox 1961 5013 3548 5087">
     <span class='ocr_line' id='line_1_108' title="bbox 1961 5013 3548 5087; baseline 0.001 -18"><span class='ocrx_word' id='word_1_787' title='bbox 1961 5029 2081 5069; x_wconf 86' lang='lat' dir='ltr'><strong>esse</strong></span> <span class='ocrx_word' id='word_1_788' title='bbox 2105 5013 2373 5070; x_wconf 83' lang='lat' dir='ltr'><strong>Theodori</strong></span> <span class='ocrx_word' id='word_1_789' title='bbox 2407 5025 2461 5071; x_wconf 90' lang='lat' dir='ltr'><strong>et</strong></span> <span class='ocrx_word' id='word_1_790' title='bbox 2490 5015 2729 5087; x_wconf 91' lang='lat' dir='ltr'><strong>ipsorum</strong></span> <span class='ocrx_word' id='word_1_791' title='bbox 2758 5014 2954 5085; x_wconf 90' lang='lat' dir='ltr'><strong>quibus</strong></span> <span class='ocrx_word' id='word_1_792' title='bbox 2984 5030 3045 5069; x_wconf 89' lang='lat' dir='ltr'><strong>ea</strong></span> <span class='ocrx_word' id='word_1_793' title='bbox 3076 5013 3325 5069; x_wconf 83' lang='lat' dir='ltr'><strong>refellere</strong></span> <span class='ocrx_word' id='word_1_794' title='bbox 3356 5015 3548 5070; x_wconf 86' lang='lat' dir='ltr'><strong>volue-</strong></span> 
     </span>
    </p>
   </div>
   <div class='ocr_carea' id='block_1_109' title="bbox 1962 5104 3553 5177">
    <p class='ocr_par' dir='ltr' id='par_1_109' title="bbox 1962 5104 3553 5177">
     <span class='ocr_line' id='line_1_109' title="bbox 1962 5104 3553 5177; baseline 0.002 -18"><span class='ocrx_word' id='word_1_795' title='bbox 1962 5114 2108 5171; x_wconf 88' lang='lat' dir='ltr'><strong>runt,</strong></span> <span class='ocrx_word' id='word_1_796' title='bbox 2163 5114 2222 5160; x_wconf 89' lang='lat' dir='ltr'><strong>ut</strong></span> <span class='ocrx_word' id='word_1_797' title='bbox 2252 5106 2493 5177; x_wconf 88' lang='lat' dir='ltr'><strong>dignosci</strong></span> <span class='ocrx_word' id='word_1_798' title='bbox 2524 5107 2773 5163; x_wconf 89' lang='lat' dir='ltr'><strong>facillime</strong></span> <span class='ocrx_word' id='word_1_799' title='bbox 2813 5112 2971 5174; x_wconf 87' lang='lat' dir='ltr'><strong>queat</strong></span> <span class='ocrx_word' id='word_1_800' title='bbox 3002 5104 3097 5173; x_wconf 89' lang='lat' dir='ltr'><strong>qui</strong></span> <span class='ocrx_word' id='word_1_801' title='bbox 3126 5106 3299 5176; x_wconf 88' lang='lat' dir='ltr'><strong>magis</strong></span> <span class='ocrx_word' id='word_1_802' title='bbox 3328 5106 3553 5161; x_wconf 84' lang='lat' dir='ltr'><strong>vidcan-</strong></span> 
     </span>
    </p>
   </div>
   <div class='ocr_carea' id='block_1_110' title="bbox 1961 5199 3551 5273">
    <p class='ocr_par' dir='ltr' id='par_1_110' title="bbox 1961 5199 3551 5273">
     <span class='ocr_line' id='line_1_110' title="bbox 1961 5199 3551 5273; baseline 0.004 -20"><span class='ocrx_word' id='word_1_803' title='bbox 1961 5210 2048 5253; x_wconf 87' lang='lat' dir='ltr'><strong>tur</strong></span> <span class='ocrx_word' id='word_1_804' title='bbox 2078 5200 2224 5269; x_wconf 90' lang='lat' dir='ltr'><strong>loqui</strong></span> <span class='ocrx_word' id='word_1_805' title='bbox 2258 5202 2549 5255; x_wconf 88' lang='lat' dir='ltr'><strong>secundum</strong></span> <span class='ocrx_word' id='word_1_806' title='bbox 2596 5199 2923 5256; x_wconf 89' lang='lat' dir='ltr'><strong>Sabellium:</strong></span> <span class='ocrx_word' id='word_1_807' title='bbox 2957 5207 3134 5253; x_wconf 91' lang='lat' dir='ltr'><strong>utrum</strong></span> <span class='ocrx_word' id='word_1_808' title='bbox 3164 5200 3274 5268; x_wconf 92' lang='lat' dir='ltr'><strong>ille,</strong></span> <span class='ocrx_word' id='word_1_809' title='bbox 3305 5202 3551 5273; x_wconf 83' lang='lat' dir='ltr'><strong>quisquis</strong></span> 
     </span>
    </p>
   </div>
   <div class='ocr_carea' id='block_1_111' title="bbox 1960 5290 3553 5366">
    <p class='ocr_par' dir='ltr' id='par_1_111' title="bbox 1960 5290 3553 5366">
     <span class='ocr_line' id='line_1_111' title="bbox 1960 5290 3553 5366; baseline 0.004 -21"><span class='ocrx_word' id='word_1_810' title='bbox 1960 5303 2059 5357; x_wconf 85' lang='lat' dir='ltr'><strong>est,</strong></span> <span class='ocrx_word' id='word_1_811' title='bbox 2092 5293 2177 5361; x_wconf 87' lang='lat' dir='ltr'><strong>qui</strong></span> <span class='ocrx_word' id='word_1_812' title='bbox 2213 5291 2385 5346; x_wconf 82' lang='lat' dir='ltr'><strong>dixit:</strong></span> <span class='ocrx_word' id='word_1_813' title='bbox 2419 5310 2435 5343; x_wconf 80' lang='grc' dir='ltr'><strong>ι</strong></span> <span class='ocrx_word' id='word_1_814' title='bbox 2465 5291 2800 5347; x_wconf 87' lang='lat' dir='ltr'><strong>Conlitemur</strong></span> <span class='ocrx_word' id='word_1_815' title='bbox 2846 5290 3059 5346; x_wconf 88' lang='lat' dir='ltr'><strong>Patrem</strong></span> <span class='ocrx_word' id='word_1_816' title='bbox 3102 5291 3396 5362; x_wconf 86' lang='lat' dir='ltr'><strong>perlectum</strong></span> <span class='ocrx_word' id='word_1_817' title='bbox 3429 5311 3553 5366; x_wconf 85' lang='lat' dir='ltr'><strong>per-</strong></span> 
     </span>
    </p>
   </div>
   <div class='ocr_carea' id='block_1_112' title="bbox 1961 5385 3551 5457">
    <p class='ocr_par' dir='ltr' id='par_1_112' title="bbox 1961 5385 3551 5457">
     <span class='ocr_line' id='line_1_112' title="bbox 1961 5385 3551 5457; baseline 0 -11"><span class='ocrx_word' id='word_1_818' title='bbox 1961 5405 2114 5453; x_wconf 87' lang='lat' dir='ltr'><strong>sona,</strong></span> <span class='ocrx_word' id='word_1_819' title='bbox 2144 5397 2198 5443; x_wconf 91' lang='lat' dir='ltr'><strong>et</strong></span> <span class='ocrx_word' id='word_1_820' title='bbox 2231 5388 2418 5441; x_wconf 83' lang='lat' dir='ltr'><strong>Filium</strong></span> <span class='ocrx_word' id='word_1_821' title='bbox 2472 5385 2740 5452; x_wconf 82' lang='lat' dir='ltr'><strong>similiter,</strong></span> <span class='ocrx_word' id='word_1_822' title='bbox 2786 5396 2842 5440; x_wconf 88' lang='lat' dir='ltr'><strong>et</strong></span> <span class='ocrx_word' id='word_1_823' title='bbox 2886 5385 3143 5457; x_wconf 89' lang='lat' dir='ltr'><strong>Spiritum</strong></span> <span class='ocrx_word' id='word_1_824' title='bbox 3176 5398 3416 5445; x_wconf 89' lang='lat' dir='ltr'><strong>sanctum</strong></span> <span class='ocrx_word' id='word_1_825' title='bbox 3449 5389 3551 5446; x_wconf 90' lang='lat' dir='ltr'><strong>ibi-</strong></span> 
     </span>
    </p>
   </div>
   <div class='ocr_carea' id='block_1_113' title="bbox 1967 5550 3552 5624">
    <p class='ocr_par' dir='ltr' id='par_1_113' title="bbox 1967 5550 3552 5624">
     <span class='ocr_line' id='line_1_113' title="bbox 1967 5550 3552 5624; baseline -0.003 -14"><span class='ocrx_word' id='word_1_826' title='bbox 1967 5559 2101 5619; x_wconf 78' lang='lat' dir='ltr'><strong>dcm,</strong></span> <span class='ocrx_word' id='word_1_827' title='bbox 2132 5555 2270 5623; x_wconf 87' lang='lat' dir='ltr'><strong>quod</strong></span> <span class='ocrx_word' id='word_1_828' title='bbox 2300 5566 2377 5607; x_wconf 72' lang='grc' dir='ltr'><strong>ρει</strong></span> <span class='ocrx_word' id='word_1_829' title='bbox 2408 5552 2545 5620; x_wconf 89' lang='lat' dir='ltr'><strong>apud</strong></span> <span class='ocrx_word' id='word_1_830' title='bbox 2574 5550 2907 5624; x_wconf 79' lang='lat' dir='ltr'><strong>Facundum,</strong></span> <span class='ocrx_word' id='word_1_831' title='bbox 2942 5552 3202 5624; x_wconf 86' lang='lat' dir='ltr'><strong>suspicari</strong></span> <span class='ocrx_word' id='word_1_832' title='bbox 3230 5554 3391 5609; x_wconf 89' lang='lat' dir='ltr'><strong>liceat</strong></span> <span class='ocrx_word' id='word_1_833' title='bbox 3420 5553 3552 5607; x_wconf 72' lang='lat' dir='ltr'><strong>Scri-</strong></span> 
     </span>
    </p>
   </div>
   <div class='ocr_carea' id='block_1_114' title="bbox 1968 5623 3551 5697">
    <p class='ocr_par' dir='ltr' id='par_1_114' title="bbox 1968 5623 3551 5697">
     <span class='ocr_line' id='line_1_114' title="bbox 1968 5623 3551 5697; baseline -0.003 -18"><span class='ocrx_word' id='word_1_834' title='bbox 1968 5637 2115 5696; x_wconf 86' lang='lat' dir='ltr'><strong>ptum</strong></span> <span class='ocrx_word' id='word_1_835' title='bbox 2152 5623 2713 5697; x_wconf 11' lang='lat' dir='ltr'><strong>fuisseitidem,‘quod</strong></span> <span class='ocrx_word' id='word_1_836' title='bbox 2754 5631 2836 5680; x_wconf 83' lang='lat' dir='ltr'><strong>est</strong></span> <span class='ocrx_word' id='word_1_837' title='bbox 2886 5623 3157 5687; x_wconf 66' lang='grc' dir='ltr'><strong>ὡσαύαινως.</strong></span> <span class='ocrx_word' id='word_1_838' title='bbox 3189 5623 3389 5697; x_wconf 81' lang='lat' dir='ltr'><strong>Synodi</strong></span> <span class='ocrx_word' id='word_1_839' title='bbox 3416 5638 3447 5677; x_wconf 79' lang='grc' dir='ltr'>ν</span> <span class='ocrx_word' id='word_1_840' title='bbox 3473 5624 3551 5676; x_wconf 84' lang='lat' dir='ltr'><strong>in-</strong></span> 
     </span>
    </p>
   </div>
   <div class='ocr_carea' id='block_1_115' title="bbox 1970 5695 2611 5765">
    <p class='ocr_par' dir='ltr' id='par_1_115' title="bbox 1970 5695 2611 5765">
     <span class='ocr_line' id='line_1_115' title="bbox 1970 5695 2611 5765; baseline -0.006 -14"><span class='ocrx_word' id='word_1_841' title='bbox 1970 5695 2203 5765; x_wconf 65' lang='lat' dir='ltr'><strong>terpres,</strong></span> <span class='ocrx_word' id='word_1_842' title='bbox 2236 5696 2411 5747; x_wconf 80' lang='lat' dir='ltr'><strong>eodem</strong></span> <span class='ocrx_word' id='word_1_843' title='bbox 2441 5695 2611 5747; x_wconf 82' lang='lat' dir='ltr'><strong>modo.</strong></span> 
     </span>
    </p>
   </div>
   <div class='ocr_carea' id='block_1_116' title="bbox 2039 5856 2625 5922">
    <p class='ocr_par' dir='ltr' id='par_1_116' title="bbox 2039 5856 2625 5922">
     <span class='ocr_line' id='line_1_116' title="bbox 2039 5856 2625 5922; baseline 0.009 -13"><span class='ocrx_word' id='word_1_844' title='bbox 2039 5864 2055 5889; x_wconf 70' lang='grc'><strong>³</strong></span> <span class='ocrx_word' id='word_1_845' title='bbox 2084 5860 2227 5913; x_wconf 73' lang='lat' dir='ltr'><strong>Mem</strong></span> <span class='ocrx_word' id='word_1_846' title='bbox 2259 5856 2401 5922; x_wconf 74' lang='lat' dir='ltr'><strong>rod.,</strong></span> <span class='ocrx_word' id='word_1_847' title='bbox 2436 5858 2625 5914; x_wconf 82' lang='lat' dir='ltr'><strong>itidem.</strong></span> 
     </span>
    </p>
   </div>
   <div class='ocr_carea' id='block_1_117' title="bbox 2039 5927 2625 5995">
    <p class='ocr_par' dir='ltr' id='par_1_117' title="bbox 2039 5927 2625 5995">
     <span class='ocr_line' id='line_1_117' title="bbox 2039 5927 2625 5995; baseline 0.005 -10"><span class='ocrx_word' id='word_1_848' title='bbox 2039 5934 2051 5961; x_wconf 68' lang='grc' dir='ltr'><strong>ἰ</strong></span> <span class='ocrx_word' id='word_1_849' title='bbox 2078 5933 2225 5987; x_wconf 57' lang='grc' dir='ltr'><strong>ιιι-ιιι</strong></span> <span class='ocrx_word' id='word_1_850' title='bbox 2257 5927 2401 5995; x_wconf 88' lang='lat' dir='ltr'><strong>cod.,</strong></span> <span class='ocrx_word' id='word_1_851' title='bbox 2434 5930 2625 5988; x_wconf 79' lang='lat' dir='ltr'><strong>itidem.</strong></span> 
     </span>
    </p>
   </div>
  </div>
