3962 6196
425 364 529 422 539

1497 375 1720 432 FACUN
1729 376 1787 432 Di
1824 378 2032 437 EPISC.
2075 378 2586 443 [IERMIANENSIS
3560 405 3647 461 080

425 480 545 535 dem
569 481 616 547 ';
652 498 671 533 ι
705 496 772 537 an
804 483 911 549 isti,
947 484 1036 553 qui
1066 483 1289 541 dicunt:
1320 486 1546 558 Oportet
1584 498 1761 546 autem
1801 491 2006 546 audito-
2038 496 2086 556 Α
2115 508 2419 553 asseruerat
2449 498 2672 554 alterius
2701 513 2823 555 esse
2853 500 3187 572 substantiae,
3218 516 3273 562 et
3302 524 3401 565 non
3439 512 3646 582 ejusdem

425 583 540 624 rem
575 570 836 639 inspicere
864 574 989 644 quia
1037 574 1091 629 in
1124 587 1323 633 sanctas
1362 579 1639 636 Trinitatis
1669 597 1896 650 persona
1927 585 2008 638 di-

426 675 555 715 cens
584 661 832 718 similiter
861 673 915 718 et
964 666 1159 722 ibidem
1184 670 1227 722 ³.
1263 669 1326 723 lli
1366 670 1510 726 enim
1544 674 1714 743 magis
1756 674 2011 731 videntur

425 748 574 818 juxta
604 750 825 807 Sabellii
868 769 1132 823 errorem,
1164 773 1323 826 quem
1353 761 1505 829 quasi
1538 763 1887 832 redarguunt,
1926 765 2007 819 lo-

426 842 543 911 qui,
578 844 667 913 qui
706 846 892 902 dicunt
917 847 969 903 in
1000 861 1183 905 sancta
1214 851 1492 908 Trinitatis
1530 870 1777 924 persona,
1822 867 1876 912 et
1904 873 2008 913 non

424 936 563 993 sicut
603 939 803 995 veritas
860 941 1041 1008 habet,
1068 943 1121 999 in
1167 956 1367 1002 sancta:
1421 948 1697 1004 Trinitatis
1744 951 2008 1019 personis.

426 1026 553 1084 iitec
580 1039 755 1086 autem
784 1031 930 1100 prius
961 1032 1360 1091 inconsiderate
1395 1037 1692 1107 loquentes,
1726 1050 1910 1109 postea
1936 1041 2013 1095 la-

426 1119 618 1174 borant
644 1121 951 1191 ostendere,
971 1133 1025 1179 et
1051 1124 1228 1189 nobis,
1259 1138 1509 1198 tanquam
1534 1129 1658 1185 hinc
1678 1131 2007 1199 dubitemus,

426 1213 660 1280 probare
690 1224 954 1271 conantur
992 1218 1134 1284 quod
1166 1227 1274 1273 tres
1308 1234 1553 1287 persoum
1583 1221 1709 1286 sint,
1745 1222 1926 1291 Pater,
1958 1233 2013 1278 et

426 1303 618 1370 Filius,
649 1314 703 1359 et
730 1305 962 1374 Spiritus
991 1317 1225 1362 sanctus.
1264 1309 1467 1377 Quibus
1497 1312 1599 1365 hoc
1628 1326 1728 1380 ego
1754 1325 2013 1382 compen-

427 1393 579 1448 diose
609 1395 931 1464 respondeo,
974 1397 1116 1466 quod
1154 1398 1292 1453 istud
1339 1400 1665 1469 symbolum,
1697 1400 1749 1455 in
1781 1416 1886 1471 quo
1911 1418 2010 1457 ne-

427 1493 606 1552 gatam
636 1484 919 1553 pet-bibent
947 1486 1289 1552 Trinitatem,
1322 1490 1557 1559 priorum
1591 1490 1897 1547 testimonio
1928 1491 2010 1545 af-

427 1571 671 1629 ﬁrmetur
699 1590 807 1630 non
829 1589 951 1631 esse
974 1575 1247 1634 Theodori
1275 1596 1287 1632 :
1314 1580 1441 1647 quia
1469 1578 1783 1635 Trinitatem
1815 1595 2013 1651 negare

428 1681 535 1723 non
565 1677 768 1737 posset,
801 1683 959 1739 quem
989 1668 1178 1724 beatus
1202 1670 1458 1742 Cyrinus,
1488 1681 1547 1726 ut
1586 1672 1784 1741 ferunt,
1817 1673 2013 1728 adver-

425 1774 522 1813 sus
562 1759 884 1815 Arianorum
933 1770 988 1816 et
1030 1760 1489 1817 Eunomianorum
1542 1761 1778 1818 haereses
1826 1763 2010 1834 viginti

2115 586 2271 656 cujus
2300 598 2381 644 est
2402 588 2601 657 deitas,
2629 600 2689 646 ut
2715 602 2890 647 tamen
2921 608 3039 649 eam
3081 595 3247 653 solam
3285 611 3465 658 contra
3491 605 3651 665 Nesto-

2116 682 2255 736 rium
2288 691 2467 752 neget,
2497 682 2645 738 velut
2674 684 2728 739 in
2760 685 2976 754 propria
3008 701 3253 759 persona,
3280 705 3395 749 esse
3426 695 3650 768 divisam,

2115 783 2368 844 tanquam
2398 776 2575 832 sciens
2618 778 2683 832 ad
2715 793 2875 833 unam
2907 794 2974 835 ex
3004 781 3269 840 Trinitate
3294 788 3652 849 subsistentiatn

2119 867 2410 933 pertinere.
2441 867 2593 933 Quod
2617 869 2663 923 si
2694 879 2748 924 et
2781 869 2895 926 brec
2922 872 3079 928 nobis
3116 887 3179 929 ex
3208 875 3293 931 his
3319 893 3432 946 qua!
3468 883 3655 953 scripsit

2115 957 2418 1012 testimonia
2450 958 2768 1025 defuissent,
2800 970 2857 1017 et
2897 962 3002 1017 alia
3032 965 3196 1020 multa
3222 981 3338 1037 qua:
3357 983 3527 1039 postea
3556 989 3655 1043 pro-

2117 1049 2372 1112 feremus,
2424 1050 2628 1119 pudere
2674 1051 2861 1108 debuit
2908 1053 3027 1125 ejus
3069 1070 3404 1117 accusatores
3443 1072 3540 1118 tam
3578 1067 3655 1121 ab-

2115 1139 2279 1196 surda
2331 1141 2543 1212 sibique
2591 1146 2860 1202 contraria
2910 1146 2978 1201 de
3004 1164 3323 1220 quocunque
3361 1155 3654 1225 contingere.

2117 1233 2249 1288 Nam
2291 1249 2413 1290 cum
2470 1237 2572 1306 ipsi
2616 1237 2797 1305 dicant
2844 1241 2987 1310 quod
3033 1242 3347 1299 Trinitatem
3398 1251 3657 1316 negaverit,

2118 1333 2366 1393 tanquam
2418 1327 2561 1384 Deus
2608 1330 2902 1398 solitarius,
2953 1347 3053 1388 nec
3093 1332 3285 1389 Filium
3335 1335 3534 1404 habeat,
3575 1354 3657 1398 nec

2116 1417 2372 1489 Spiritum
2412 1430 2676 1489 sanctum,
2722 1434 2909 1480 contra
2959 1424 3153 1481 iterum
3205 1427 3304 1498 ipsi
3341 1429 3514 1486 dicunt
3538 1434 3656 1502 quod

2117 1509 2251 1565 duos
2277 1508 2647 1579 prazdicaverit
2677 1513 2835 1569 ﬁlios.
2865 1514 2976 1572 Sed
3009 1520 3280 1588 quomodo
3318 1530 3369 1575 et
3410 1537 3558 1576 unum
3582 1539 3657 1580 ne-

2118 1614 2298 1670 gasse,
2329 1610 2385 1658 et
2425 1603 2560 1658 duos
2591 1604 2915 1673 praedicasse
2958 1606 3191 1671 dicatur.
3227 1608 3427 1677 ignoro.
3473 1611 3659 1668 Ridicu-

2119 1692 2252 1756 lum,
2287 1695 2373 1762 pie
2394 1693 2707 1763 imperator,
2729 1697 3041 1768 ridiculum,
3077 1699 3173 1755 sed
3203 1700 3499 1755 dolendum.
3548 1704 3659 1761 Ecce

2118 1784 2306 1854 quales
2336 1799 2493 1855 nugas
2521 1797 2670 1855 sunt,
2699 1788 2893 1859 quibus
2918 1791 3265 1848 subscribere
3295 1805 3545 1862 coguntur
3562 1797 3659 1865 epi-

427 1848 564 1904 ίοτίθ
603 1860 667 1953 εξ.
698 1849 873 1953 εάίιξιο
919 1851 1154 1953 δηξρξξυε
1206 1852 1373 1953 libros
1419 1862 1475 1953 et
1516 1853 1620 1953 alia
1674 1863 1869 1953 pratlel'
1896 1854 2012 1911 hac
2042 1872 2088 1931 Β
2114 1848 2282 1946 scopi,
2315 1886 2370 1932 et
2393 1848 2494 1931 nisi
2522 1848 2767 1943 fecerint,
2797 1880 2944 1950 digni
2984 1881 3176 1937 exsilio
3200 1848 3661 1953 “dicamut—[idm

428 1936 731 2007 evangelica
774 1948 829 1995 et
856 1940 1151 2011 apostolica
1204 1941 1404 2011 scripta
1452 1943 1861 2012 interpretatum
1892 1957 2014 1999 esse

428 2030 648 2096 indicat,
678 2041 727 2087 et
755 2032 854 2089 hos
881 2032 1095 2102 quidem
1125 2034 1338 2089 labores
1364 2035 1480 2098 ejus
1504 2036 1705 2089 nullum
1730 2034 1893 2090 fuisse
1920 2050 2014 2090 au-

428 2135 547 2173 sum
577 2120 876 2191 increpare,
908 2124 1005 2178 sed
1031 2124 1221 2179 dextro
1243 2124 1461 2180 decreto
1483 2125 1751 2182 honorare
1776 2127 2012 2183 studium

430 2220 699 2266 rectorum
730 2212 1039 2283 dogmatum
1070 2214 1213 2281 quod
1247 2216 1299 2270 in
1344 2217 1423 2271 eis
1452 2227 1553 2273 est.
1603 2216 1842 2289 Denique
1871 2218 2013 2273 idem

431 2300 753 2359 Theodorus
782 2305 835 2359 in
884 2306 1108 2375 epistola
1139 2306 1207 2363 ad
1249 2306 1548 2363 Artemium
1592 2308 2012 2365 Alexandrinum

430 2394 809 2466 presbyterum
831 2397 1085 2464 secunda,
1103 2398 1182 2453 sic
1206 2398 1368 2452 dicit:
1400 2418 1418 2451 ι
1450 2400 1596 2465 Quos
1613 2400 1848 2469 oportuit
1873 2402 2016 2457 scire

429 2483 556 2552 quia
585 2486 816 2551 l‘atrem,
847 2495 900 2540 et
932 2487 1149 2552 Filium,
1180 2497 1235 2542 et
1255 2488 1509 2557 Spiritum
1541 2499 1786 2545 sanctum
1817 2491 2012 2546 adora-

430 2589 572 2642 mus,
601 2574 654 2629 in
686 2575 803 2630 istis
832 2577 1065 2632 divinam
1099 2589 1155 2634 et
1187 2588 1441 2634 azternam
1465 2588 1519 2634 et
1548 2581 1837 2637 increatam
1869 2597 2016 2637 com-

433 2667 569 2735 pleri
597 2667 841 2724 dicentes
873 2669 1211 2727 Trinitatem.
1244 2672 1504 2739 Quoniam
1545 2674 1784 2743 ejusdem
1828 2690 2014 2731 essen-

431 2760 520 2817 tia:
550 2771 632 2815 est
659 2754 1078 2833 unumquodque
1126 2764 1339 2829 horum,
1384 2765 1486 2819 boc
1528 2774 1613 2821 est
1654 2776 1869 2821 acterna:
1898 2782 2016 2821 om-

432 2856 580 2911 nium
630 2854 890 2910 factorum
934 2871 1131 2922 causae,
1183 2869 1238 2912 et
1267 2872 1454 2913 revera
1495 2857 1707 2915 divinae.
1744 2852 1809 2914 Et
1854 2859 2012 2917 Pater

432 2954 796 3015 non,pr0pter
835 2946 1004 3013 aliud,
1035 2947 1130 3002 sed
1170 2956 1391 3018 propter
1420 2947 1688 3017 propriam
1722 2951 2010 3005 essentiam

430 3034 737 3092 adorandus
770 3048 870 3092 est.
906 3037 983 3092 Ita
1011 3038 1172 3093 etiam
1197 3047 1250 3095 et
1287 3039 1473 3104 Filius,
1506 3053 1612 3093 non
1644 3052 1740 3107 pro
1767 3039 1873 3096 alio
1914 3040 2015 3096 hoc

430 3127 723 3196 accipiens,
756 3128 855 3184 sed
882 3129 1002 3195 quia
1035 3129 1179 3184 illius
1216 3138 1272 3185 et
1302 3130 1423 3184 talis
1451 3128 1699 3185 essentia:
1735 3139 1837 3197 est,
1872 3132 2012 3187 circa

2116 1965 2184 2019 ad
2212 1967 2352 2035 quod
2412 1968 2836 2026 conﬁrmandum
2891 1971 3177 2029 adducitur
3222 1974 3379 2031 etiam
3428 1977 3660 2035 Romanus

2117 2056 2420 2127 episcopus,
2456 2075 2524 2116 ne
2549 2060 2677 2131 quid
2707 2063 2951 2118 inausum
2982 2063 3258 2121 videretur
3285 2066 3548 2124 ambitiosa
3573 2069 3662 2125 bte-

2118 2148 2408 2205 reticorum
2439 2151 2720 2221 subreptio
2745 2154 3046 2225 reliquisse.

2728 2309 2953 2367 CAPUT
2994 2313 3078 2368 Vl.

2120 2416 2283 2499 Quod.
2303 2418 2603 2499 Theodorus
2631 2428 2929 2492 prophetias
2950 2430 3013 2481 de
3039 2428 3247 2485 Christo
3276 2448 3375 2486 non
3417 2437 3662 2499 (secuerit,

2186 2489 2283 2543 etsi
2313 2493 2523 2574 aliqua:
2569 2489 3011 2574 interdum-etiarn
3060 2503 3328 2574 moraliter
3349 2490 3586 2574 exponat;
3626 2489 3663 2561 et

2188 2562 2326 2629 quod
2349 2574 2639 2619 constanter
2667 2583 2698 2619 a
2727 2567 2922 2638 Cyrillo
2953 2571 3202 2627 laudatus
3226 2574 3311 2627 sit.

2197 2674 2388 2730 Verum
2422 2677 2581 2731 etiam
2621 2688 2676 2733 et
2716 2679 2860 2735 aliud
2890 2682 3074 2752 accipe
3094 2722 3112 2749 ,
3144 2685 3198 2738 in
3229 2700 3335 2754 quo
3377 2686 3599 2742 sit-iiiiter
3622 2696 3664 2740 ut

2118 2769 2351 2838 amplius
2382 2771 2671 2826 notabilem
2702 2771 2943 2829 facerent
2986 2790 3235 2846 magnam
3266 2778 3543 2848 synodum,
3573 2788 3666 2832 tau-

2118 2875 2278 2929 quam
2308 2876 2415 2916 non
2447 2863 2603 2917 unius
2634 2871 2836 2920 tantum
2865 2865 3110 2932 haresis,
3142 2878 3234 2923 aut
3256 2868 3493 2933 duarum,
3516 2868 3668 2924 crimi—

2119 2950 2277 3006 nibus
2320 2951 2615 3007 involutum
2646 2954 2986 3011 Theodorum
3023 2958 3232 3013 laudari
3279 2961 3538 3029 pertulerit
3564 2959 3600 3026 ³,
3625 2965 3669 3014 et

2118 3041 2254 3107 sibi,
2300 3053 2350 3097 et
2378 3043 2584 3113 judicio
2612 3044 2754 3101 beati
2784 3046 2989 3119 Cyrilli,
3019 3062 3117 3103 suo
3150 3050 3451 3105 tesrimonio
3477 3050 3669 3106 convin-

2120 3143 2315 3187 cuntur
2345 3149 2465 3193 esse
2491 3137 2768 3205 contrarii,
2819 3139 3060 3196 dicentes
3088 3143 3337 3197 eumdem
3367 3142 3670 3201 Theodorum

430 3234 588 3292 quam
638 3222 967 3292 congruebat
1015 3221 1129 3276 hate
1171 3221 1406 3292 impleri.
1459 3221 1718 3278 Similiter
1755 3222 1915 3277 etiam
1962 3234 2016 3280 et
2045 3241 2091 3305 ο
2123 3235 2399 3294 amputare
2427 3242 2641 3298 quoque
2685 3244 2874 3287 omnes
2904 3232 2956 3286 iu
2995 3232 3216 3290 Christo
3264 3234 3427 3291 factas
3470 3235 3669 3305 prophe-

431 3312 690 3379 Spiritum
740 3325 983 3368 sanetum
1028 3313 1267 3381 ejusdem
1314 3313 1561 3368 essentia:
1601 3323 2012 3383 cognoscentes,

433 3414 654 3472 propter
686 3404 955 3472 proliriam
988 3406 1277 3460 essentiam
1326 3405 1636 3461 adoramus.
1686 3406 1775 3462 Sic
1821 3417 1876 3462 et
1908 3416 2017 3467 tres

432 3508 690 3563 personas
719 3496 970 3562 dicimus,
996 3512 1429 3566 unamquamque
1455 3496 1767 3567 perfectam,
1802 3508 1857 3555 et
1874 3500 2017 3569 ejus-

430 3585 552 3639 dem
584 3585 853 3649 essentire,
886 3597 1102 3641 aeternae
1128 3600 1191 3640 ac
1219 3586 1433 3656 divinae,
1464 3597 1518 3643 et
1548 3602 1733 3643 eorum
1781 3606 1899 3658 quae
1929 3591 2019 3647 fa-

430 3681 514 3728 cta
545 3683 669 3728 sunt
711 3688 924 3728 causam
957 3675 1281 3731 arbitrantes
1323 3692 1465 3744 esse,
1498 3688 1552 3733 et
1584 3686 1693 3734 tres
1732 3680 2018 3735 adoramus

432 3777 713 3831 personas,
752 3764 907 3819 unius
936 3779 1029 3820 eas
1076 3766 1322 3822 essentia
1352 3768 1632 3823 credentes
1662 3782 1848 3823 revera
1880 3769 2017 3824 divi-

431 3869 535 3911 nae.
567 3852 850 3923 Quomodo
881 3857 1059 3923 itaque
1098 3857 1353 3924 possibile
1399 3868 1482 3913 est
1528 3869 1772 3929 quartam
1824 3876 2020 3930 perso-

433 3960 553 3999 nam
583 3960 746 4022 super
780 3948 873 4001 bas
903 3946 1102 4002 addere
1134 3950 1277 4003 illam
1311 3965 1429 4019 quae
1460 3961 1739 4019 assixmpta
1764 3961 1847 4006 est
1875 3955 2016 4008 Servi

427 4035 692 4091 formam?
727 4053 885 4108 quam
939 4054 1115 4109 neque
1144 4040 1386 4109 ejusdem
1428 4041 1741 4098 substantia“:
1785 4043 2016 4098 arbitra-

430 4142 551 4185 mur
580 4141 720 4194 esse,
753 4131 837 4185 cui
868 4144 1043 4200 neque
1084 4140 1305 4199 propter
1348 4146 1407 4185 se
1438 4133 1616 4187 cultus
1645 4134 1891 4201 debetur,
1926 4150 2019 4190 ne-

430 4236 536 4290 que
574 4231 793 4292 prepter
845 4224 1115 4293 propriam
1164 4224 1456 4280 essentiam
1505 4226 1703 4280 debere
1746 4226 2018 4294 suscipere

426 4311 798 4381 adorationum
849 4316 1213 4389 agnoscimus,
1246 4330 1419 4387 neque
1460 4317 1629 4385 ipsam
1681 4318 1848 4372 solam
1880 4319 2019 4386 apud

428 4418 488 4463 se
517 4404 690 4460 divise
721 4406 773 4459 in
804 4408 1017 4484 propria
1047 4423 1277 4477 persona
1321 4410 1631 4477 adoramus,
1665 4411 1820 4466 sicuti
1849 4412 2013 4467 dividi

429 4512 548 4551 eam
581 4506 789 4567 putant.
823 4518 842 4550 ι
878 4500 1254 4570 Nunquidnam
1301 4510 1420 4569 post
1470 4502 1662 4559 horum
1694 4517 2021 4560 commemo-

2122 3315 2225 3370 tias
2251 3325 2296 3371 ι.
2330 3317 2500 3385 Quem
2531 3334 2653 3375 eum
2698 3319 2935 3392 indigne,
2979 3324 3125 3381 velut
3158 3341 3255 3395 pro
3280 3327 3488 3382 Judaica
3514 3327 3666 3393 impie-

2121 3413 2251 3475 tate,
2286 3408 2676 3478 damnaverint,
2706 3412 2945 3468 dicentes
2972 3415 3113 3485 quod
3146 3431 3253 3471 non
3282 3417 3443 3473 Deum
3467 3415 3672 3472 credide-

2123 3502 2194 3556 rit
2223 3500 2492 3558 Christum
2524 3502 2574 3572 ιι,
2610 3520 2796 3561 rursus
2825 3522 2891 3564 es
2940 3508 3170 3565 adverso
3198 3512 3358 3567 etiam
3391 3511 3673 3567 Manichac-

2120 3608 2239 3647 rum
2283 3594 2331 3647 ei
2363 3594 2566 3650 crimen
2595 3596 2913 3669 impingunt,
2946 3615 3080 3671 quos
3125 3604 3377 3659 novimus
3409 3603 3559 3657 Vetus
3586 3618 3672 3656 non

2120 3684 2367 3753 accipere
2383 3685 2805 3744 Testamentum.
2835 3690 2967 3745 Nam
2996 3691 3173 3748 Judaei
3201 3709 3412 3765 quoque
3438 3692 3674 3748 Christum

2122 3791 2218 3846 per
2247 3778 2535 3847 prophetas
2576 3780 2949 3838 annuntiatum
2982 3796 3104 3840 esse
3135 3800 3245 3841 non
3274 3786 3528 3858 denegant
3554 3801 3568 3840 :
3593 3780 3675 3836 sed

2122 3868 2296 3923 adhuc
2334 3884 2454 3923 eum
2484 3878 2768 3926 venturum
2810 3870 3157 3942 exspectant,
3191 3890 3349 3946 quem
3372 3877 3570 3931 venisse
3595 3887 3676 3926 nos

2119 3960 2412 4015 credimus.
2434 3961 2532 4015 Cui
2556 3976 2687 4017 vero
2707 3965 2778 4018 sit
2800 3964 2881 4019 vel
2903 3979 3088 4034 parum
3115 3966 3430 4035 intelligenti
3452 3961 3675 4020 credibile

2122 4059 2181 4104 ut
2210 4051 2423 4107 dicatur
2447 4054 2733 4123 episcopus
2763 4056 2815 4109 in
2844 4054 3081 4110 Ecclesia
3126 4057 3391 4112 catholica
3417 4053 3677 4111 credidisse

2120 4158 2184 4197 ac
2219 4143 2465 4200 docuisse
2494 4146 2635 4214 quod
2678 4145 2814 4200 nihil
2858 4147 3343 4216 prirnuntiaverint
3387 4147 3453 4201 de
3492 4144 3676 4197 t.bristo

2122 4240 2430 4306 prophetat,
2462 4248 2518 4293 et
2560 4239 2612 4293 in
2641 4239 2756 4310 ejus
2784 4241 3162 4295 communione
3194 4240 3490 4297 mansisse?
3518 4238 3678 4306 Neque

2121 4328 2286 4398 enim,
2314 4331 2455 4385 sicut
2484 4332 2774 4386 multorum
2804 4331 3205 4401 htereticorum,
3237 4335 3474 4388 occultus
3502 4330 3581 4385 bic
3603 4343 3675 4383 er-

2120 4441 2208 4479 ror
2234 4433 2337 4488 est,
2368 4433 2459 4479 aut
2485 4424 2662 4494 aliqua
2693 4424 3160 4481 verisimilitudine
3183 4426 3471 4489 coloratus,
3502 4432 3554 4477 ut
3588 4434 3676 4475 non

2123 4516 2295 4584 primo
2325 4516 2601 4586 religiosas
2626 4531 2783 4571 aures
2812 4516 3050 4571 olTendat
3077 4518 3296 4583 auditu,
3336 4532 3455 4572 cum
3486 4513 3675 4575 dicitur,

429 4595 691 4654 rationem
719 4597 923 4665 jactare
952 4598 1172 4670 debent,
1199 4616 1227 4654 a
1256 4600 1543 4657 Theodoro
1571 4603 1871 4675 symbolum
1895 4618 2017 4658 esse
2046 4606 2097 4668 D
2124 4607 2254 4660 nihil
2298 4605 2366 4659 de
2395 4606 2609 4661 Christo
2638 4606 2991 4676 prophetasse
3025 4608 3339 4678 prophetas.
3373 4608 3481 4662 Hoc
3506 4605 3678 4675 quippe

428 4688 713 4749 ronlicturn
753 4689 804 4743 in
837 4704 945 4758 quo
976 4698 1217 4759 negatam
1248 4704 1496 4746 asserunt
1519 4692 1875 4749 Trinitatem?
1908 4695 2014 4749 Aut

428 4781 509 4834 vel
545 4796 641 4836 nos
676 4782 921 4838 dubitare
948 4782 1209 4847 debemus
1239 4787 1443 4841 sanctis
1482 4784 1733 4849 Patribus
1767 4789 2010 4854 credere,

428 4876 568 4941 quod
605 4874 813 4928 alienus
842 4876 1000 4933 fuerit
1023 4889 1052 4927 a
1079 4889 1239 4931 sensu
1268 4876 1539 4933 Nestorii?
1563 4877 1692 4931 Nam
1724 4879 1776 4933 in
1811 4879 1912 4933 hoc
1936 4890 2013 4934 te-

426 4966 679 5028 stimonio
706 4982 815 5019 non
848 4968 1020 5025 solum
1054 4976 1162 5023 tres
1185 4983 1442 5036 personas
1465 4979 1520 5029 et
1546 4970 1859 5025 Trinitatem
1884 4986 2012 5027 con-

428 5057 632 5124 litetur,
684 5058 918 5126 Patrem,
971 5069 1026 5114 et
1058 5058 1272 5124 Filium,
1320 5067 1379 5114 et
1425 5059 1682 5129 Spiritum
1727 5072 2008 5127 sanctum;

426 5150 521 5203 sed
551 5153 709 5204 etiam
745 5161 900 5221 negat
921 5168 1043 5208 esse
1075 5152 1330 5223 possibile
1372 5152 1515 5207 velut
1546 5161 1787 5221 quartam
1824 5170 2009 5222 perso-

428 5253 552 5297 nam
582 5254 741 5309 super
771 5241 866 5296 bas
897 5242 1096 5297 addere
1122 5243 1267 5297 illaut
1300 5259 1420 5313 quae
1456 5253 1728 5311 assumpta
1758 5254 1841 5298 est
1870 5246 2012 5299 servi

428 5331 650 5394 turmam
676 5350 690 5387 :
717 5351 873 5403 quam
914 5337 990 5390 sic
1019 5345 1207 5397 contra
1235 5336 1578 5406 Apolinarem
1616 5348 1669 5393 et
1718 5338 2011 5409 Eutyehem

498 5519 525 5549 ³
563 5512 656 5587 A__d_
688 5512 790 5587 hoc
821 5524 985 5583 caput
1038 5520 1305 5585 pertinent
1334 5533 1451 5587 quae
1497 5517 1547 5570 in
1579 5517 1767 5573 eadem
1797 5517 2008 5572 actione

426 5583 615 5656 pyttodi
644 5583 903 5656 habentur
934 5583 1076 5639 num.
1101 5589 1172 5644 20
1201 5602 1252 5642 et
1279 5583 1646 5656 sequentibus.

499 5649 526 5690 ⁵
566 5653 621 5707 lu
654 5653 828 5731 edicto
857 5656 1158 5721 Justiniani,
1190 5676 1336 5712 num.
1358 5649 1422 5713 Ἠ
1455 5676 1466 5710 :
1500 5658 1627 5715 Οὐδὲ
1648 5663 1755 5737 γὰρ
1786 5656 1906 5714 εἶναι
1928 5660 2009 5714 τὸν

499 5813 515 5844 ¹
543 5811 674 5866 Cod.
708 5811 927 5876 Verum,
952 5813 1143 5867 itidem.

502 5884 683 5943 ‘ldetu
714 5883 858 5957 C0d.,
887 5881 1075 5935 itidem.

2122 4708 2206 4751 eSt
2248 4711 2510 4751 evacuare
2557 4711 2747 4753 omnes
2790 4697 2844 4750 in
2891 4696 3108 4752 Christo
3158 4698 3327 4753 factas
3372 4694 3676 4765 prephetias,

2122 4786 2263 4857 quod
2287 4786 2521 4855 jactatur
2546 4786 2735 4842 fecisse
2764 4786 3103 4842 Theodorus.
3133 4787 3387 4854 Quamvis
3410 4789 3576 4855 itaque
3596 4795 3677 4837 sua

2122 4887 2313 4946 sponte
2352 4879 2490 4947 quod
2523 4877 2611 4931 hic
2637 4877 2705 4932 de
2738 4878 2828 4933 illo
2853 4877 3141 4933 conﬁctum
3172 4888 3257 4933 est
3286 4876 3587 4933 incredibile
3613 4872 3678 4925 vi-

2120 4971 2330 5035 deatur,
2374 4979 2550 5023 tamen
2581 4979 2638 5024 et
2681 4970 2782 5025 hoc
2809 4971 3104 5026 secundum
3148 4970 3294 5040 ipsos
3337 4979 3514 5026 contra
3554 4963 3676 5022 beati

2123 5058 2306 5130 Cyrilli
2337 5060 2657 5115 sententiam
2679 5060 2891 5116 dicitur.
2920 5064 3053 5116 Nam
3076 5063 3117 5116 si
3142 5056 3331 5117 omnes
3353 5062 3403 5117 in
3433 5060 3674 5118 Christum

2124 5154 2290 5207 factas
2340 5151 2647 5220 prophetias
2697 5152 3012 5209 Theodorus
3059 5154 3383 5222 amputavit,
3418 5165 3519 5206 non
3549 5155 3675 5203 recte

2120 5244 2426 5313 evangelica
2449 5242 2644 5313 scripta
2677 5243 3056 5313 interpretatus
3081 5254 3194 5311 est,
3225 5245 3277 5298 in
3305 5242 3497 5313 quibus
3525 5238 3674 5294 Lucas

2125 5335 2404 5394 Dominum
2434 5334 2635 5397 dixisse
2660 5343 3048 5391 commemorat
3075 5351 3087 5388 :
3122 5332 3250 5389 [hac
3272 5342 3388 5387 sunt
3414 5330 3554 5386 verba
3574 5339 3673 5398 quis

2117 5521 2295 5643 33pm:
2324 5517 2467 5578 Θεόν.
2514 5518 2630 5575 Nec
2674 5519 2809 5575 enim
2861 5520 2984 5575 dicit
3038 5519 3330 5581 Theodorus
3379 5516 3538 5575 Deum
3580 5525 3671 5568 esss

2175 5607 2263 5643 ms
2290 5606 2394 5641 ttm.

2175 5606 2394 5646 malum.

2190 5814 2207 5843 ³
2251 5812 2390 5868 Idem
2424 5811 2569 5877 cod.,
2596 5811 2913 5881 pertulerint.
