3962 6196
224 370 306 426 6M
620 360 621 363 “
1040 366 1173 423 PRO
1215 362 1638 423 DEFENSIONE
1688 358 1909 437 TRIUM
1947 357 2263 415 CAPITUL.
2304 358 2433 415 LIB.
2464 359 2548 415 lll.

3341 364 3448 417 (ἱυέ

221 489 400 541 locutus
427 499 537 539 sum
564 484 633 537 ad
675 496 783 550 vos,
815 498 929 553 cum
955 482 1129 537 adhuc
1153 499 1307 538 essent
1338 482 1590 537 vobiscum
1613 496 1633 532 :
1658 462 1779 548 quo.
1814 479 1857 537 A
1889 478 1941 531 in
1970 484 2202 547 utroque
2232 476 2546 533 Theodorus
2591 484 2645 531 et
2690 490 2796 529 non
2844 476 3067 533 altermn
3089 519 3104 544 ,
3144 492 3265 535 esse
3311 475 3468 529 tiocth

220 580 343 633 nium
364 592 559 630 necesse
577 586 647 630 est
668 576 867 646 impleri
893 577 1065 629 omnia
1090 592 1201 647 quae
1224 576 1413 644 scripta
1434 584 1553 629 sunt
1578 576 1629 628 in
1654 574 1781 626 libro

224 669 394 739 Moysi,
419 678 464 721 et
489 665 778 737 Prop/retis,
807 677 853 721 et
881 666 1107 722 Psalmis
1128 669 1191 721 de
1213 683 1291 721 me
1315 665 1467 737 (Luc.
1489 681 1639 730 xxiv,
1664 665 1777 732 Η).

221 762 316 818 Sed
339 776 506 830 neque
532 760 844 830 Apostolum
871 771 1017 818 recte
1036 765 1306 830 exposuit,
1330 761 1418 832 qii
1447 762 1500 816 in
1521 762 1783 831 Epistola-

220 868 322 907 rum
361 866 575 906 suarum
620 852 882 922 principio
924 853 1054 908 dicit
1091 871 1106 907 :
1154 852 1351 908 Paulus
1392 869 1564 907 seruus
1593 853 1781 907 Chriin

216 946 347 1015 Iesu,
378 957 580 1000 vocatus
596 946 878 1015 apostolus,
907 956 1199 1018 segregatus
1220 949 1273 1001 in
1302 946 1637 1020 Evangelium
1662 946 1779 1013 Dei,

215 1040 335 1108 quod
360 1049 477 1092 ante
500 1041 800 1107 promiserat
831 1056 922 1108 per
942 1041 1211 1111 prapltetas
1233 1054 1352 1094 suos
1369 1081 1382 1103 ,
1410 1041 1463 1093 in
1495 1039 1781 1107 Scripturis

215 1130 385 1183 sauciis
413 1129 475 1181 de
507 1128 644 1183 Filio
670 1146 797 1195 suo,
837 1136 922 1200 qui
950 1132 1117 1200 factus
1141 1141 1212 1184 est
1235 1131 1279 1184 ei
1305 1145 1369 1184 ea:
1406 1131 1594 1185 semine
1616 1131 1781 1183 David

213 1220 469 1273 secundum
496 1234 701 1273 carnem
724 1219 901 1288 (Rom.
924 1235 963 1283 ι,
993 1220 1075 1290 l);
1109 1228 1164 1276 et
1189 1220 1292 1274 alia
1319 1229 1567 1275 sexcenta
1597 1220 1782 1285 hujus-

214 1310 377 1376 ntodi,
426 1310 623 1379 quibus
672 1310 826 1379 plena
870 1320 997 1364 sunt
1039 1310 1343 1379 evangelica
1388 1318 1445 1366 et
1486 1312 1781 1380 apostolica

211 1403 413 1470 scripta.
445 1400 583 1468 Quid
626 1410 806 1456 autem
852 1400 993 1456 idem
1031 1400 1345 1456 Theodorus
1391 1402 1444 1456 in
1474 1412 1779 1457 commento

211 1492 452 1562 Epistulze
473 1492 537 1547 ad
564 1491 832 1546 Romanos
855 1492 1167 1562 praedictum
1190 1493 1480 1562 capitulum
1503 1507 1780 1561 exponens

210 1583 418 1651 dixerit,
448 1582 785 1637 attendamus
813 1601 826 1637 :
863 1602 881 1635 ε
915 1585 977 1638 Et
1008 1584 1259 1654 quoniam
1290 1599 1483 1637 novum
1514 1585 1777 1653 quoiam-

210 1674 351 1728 modo
372 1688 497 1729 esse
517 1673 793 1728 videbatur
813 1675 954 1744 quod
972 1675 1040 1729 ab
1059 1674 1139 1729 eis
1155 1675 1220 1729 de
1240 1674 1454 1729 Christo
1476 1674 1776 1739 dicebatur,

209 1762 457 1835 adiungit,
489 1765 626 1835 quod
653 1775 773 1820 ante
798 1766 1097 1836 promiserat
1129 1783 1217 1836 per
1242 1766 1515 1836 prophetas
1543 1782 1683 1832 suos,
1711 1782 1777 1820 ex

1888 568 2078 622 Fi’ium
2108 569 2224 624 Dei.
2254 568 2367 622 Non
2393 568 2551 638 igitur
2575 568 2801 623 alterum
2827 582 2947 623 esse
2977 583 3200 635 persona
3231 568 3314 621 vel
3343 570 3469 621 sub-

1884 659 2149 728 sistentia,
2178 660 2314 715 sicut
2335 660 2642 726 Nestorius,
2673 660 2897 715 credidit
2926 660 3220 715 secundum
3250 674 3463 713 carnem

1883 769 1950 809 ex
1979 756 2185 811 semine
2216 755 2380 809 David
2409 755 2607 811 factum
2628 796 2643 822 ,
2689 764 2746 811 et
2772 756 2998 809 alterum
3041 755 3334 810 secundum
3359 754 3463 806 dei-

1887 855 2045 898 tatem
2080 846 2267 900 Filinm
2303 848 2424 912 Dei,
2456 847 2547 916 qui
2592 858 2643 900 et
2686 846 2976 902 secundum
3006 860 3254 911 carnem,
3300 854 3354 900 et
3383 861 3462 900 so-

1883 939 2117 995 cundum
2147 940 2431 1006 deitatem,
2480 940 2729 995 eumdem
2771 940 2963 995 Filiqu
2994 939 3123 994 dicit
3155 939 3464 1009 Apostolum

1883 1034 2219 1101 cognovisse.
2246 1035 2399 1091 Unde
2426 1045 2645 1092 secutus
2663 1035 2894 1104 adjecit:
2925 1037 3047 1090 Dum
3070 1035 3213 1091 enim
3240 1047 3463 1103 naturai,

1884 1141 2049 1180 unum
2081 1137 2259 1181 autem
2302 1128 2555 1195 quiddam
2602 1128 2937 1183 connexione
2983 1128 3367 1199 intelliguntur.
3404 1130 3468 1183 Et

1884 1218 2129 1286 quamvis
2158 1219 2326 1272 altera
2367 1219 2438 1272 sit
2476 1220 2744 1285 hominis,
2796 1220 2964 1275 altera
3002 1235 3130 1274 vero
3180 1220 3271 1275 Dei
3313 1221 3468 1275 Verbi

1883 1319 2104 1376 natura,
2130 1321 2460 1366 concurrunt
2504 1322 2679 1367 tamen
2723 1314 2774 1366 in
2808 1328 2969 1367 unum
3015 1313 3216 1383 ambm,
3249 1325 3468 1384 propter

1884 1400 2300 1470 assumptionem
2331 1411 2387 1457 et
2433 1411 2651 1472 propter
2693 1404 3071 1458 adunationem
3108 1421 3226 1472 qua:
3271 1420 3336 1459 ev
3383 1420 3470 1458 as-

1883 1492 2190 1561 sumptione
2216 1492 2357 1549 facta
2387 1504 2485 1548 est.
2525 1496 2741 1549 Fatetur
2769 1506 2972 1561 autem,
3003 1496 3295 1550 secundum
3328 1497 3469 1564 Apo-

1881 1582 2113 1648 stolum,
2144 1584 2286 1654 quod
2324 1595 2451 1640 ante
2494 1584 2633 1640 Deus
2683 1603 2776 1655 per
2825 1587 3114 1657 pr0pbetas
3164 1589 3469 1657 promiserit

1882 1668 2177 1739 Chrismm,
2204 1683 2259 1728 et
2285 1675 2407 1745 quia
2437 1675 2503 1729 de
2535 1674 2671 1730 Filio
2699 1677 2815 1746 ejus
2840 1679 3112 1748 propheta:
3136 1680 3299 1734 locuti
3321 1689 3505 1734 sunt.‘

1883 1764 1999 1821 Non
2029 1782 2160 1837 ergo
2192 1778 2419 1823 evacuat
2462 1771 2564 1826 iste
2592 1784 2780 1826 omnes
2807 1766 2975 1827 factas
3021 1774 3075 1827 in
3106 1772 3321 1827 Christo
3348 1789 3469 1842 pro-

210 1855 475 1927 propbetia
517 1858 704 1911 volens
744 1858 1004 1912 doctrinre
1053 1860 1421 1929 antiquitatem
1468 1859 1774 1913 ostendere.
1813 1848 1853 1903 Β
1886 1857 2115 1926 phetias.
2168 1859 2309 1914 Sane
2338 1864 2459 1929 quia
2490 1876 2671 1915 verum
2703 1872 2785 1917 est
2825 1863 3223 1933 impognatores
3269 1872 3471 1917 sauctze

212 1946 343 2005 Uade
369 1957 426 2004 et
448 1950 796 2017 magniﬁcans
846 1949 1180 2019 prophetiam
1201 1990 1216 2015 ,
1266 1950 1403 2005 bene
1430 1950 1695 2021 adiunxit,
1724 1949 1779 2003 in

208 2038 475 2110 Scripturis
499 2042 707 2096 sanctis.
740 2041 924 2111 Neque
945 2043 1088 2097 enim
1114 2043 1364 2108 litteram,
1391 2044 1474 2098 vel
1504 2043 1780 2099 characte-

209 2144 306 2185 rem
334 2141 581 2188 sanctum
613 2132 827 2188 volebat
854 2134 1061 2202 dicere;
1094 2136 1187 2191 sed
1220 2136 1552 2206 prophetiam
1584 2136 1775 2205 ipsam,

208 2236 311 2291 qua
348 2231 471 2278 erat
506 2222 709 2292 Spiritu
753 2235 940 2281 sancto
981 2226 1363 2282 revelationem
1392 2228 1471 2282 eis
1520 2226 1777 2282 donante.

206 2312 361 2383 ipsam
406 2329 534 2386 ergo
562 2316 897 2385 prophetiam
929 2325 1078 2373 recte
1104 2319 1183 2372 sic
1224 2318 1534 2388 appellavit.
1566 2317 1695 2373 Sic‘
1727 2326 1781 2370 et

207 2407 311 2462 alibi
334 2406 473 2463 dixit
500 2425 513 2460 :
551 2407 730 2462 Omnis
759 2408 1032 2479 Scriptura
1059 2410 1301 2463 divinitus
1343 2410 1600 2479 inspirata
1638 2410 1779 2463 utilis

207 2508 265 2549 rst
291 2495 378 2567 (Η
411 2496 543 2551 Tim.
583 2498 685 2568 nt).
728 2498 865 2565 Quid
916 2500 1097 2569 itaque
1140 2500 1257 2554 ista:
1284 2500 1512 2554 dicunt?
1539 2500 1601 2554 de
1638 2497 1781 2553 Filio

206 2591 320 2658 ejus.
354 2590 424 2643 Et
449 2590 702 2659 quoniam
730 2604 1016 2646 commune
1060 2600 1143 2645 cst
1183 2591 1272 2645 ﬁlii
1302 2605 1536 2654 nomen,
1567 2600 1618 2645 et
1657 2605 1777 2644 cum

205 2682 262 2735 de
283 2681 561 2737 divinitate
588 2682 808 2751 dicitur,
839 2682 1000 2737 etiam
1026 2682 1091 2736 de
1119 2682 1451 2737 humanitate
1476 2681 1736 2751 accipitur
1762 2674 1777 2737 Ξ

206 2772 528 2828 manifestius
562 2775 774 2843 aperire
800 2774 986 2830 volens
1016 2775 1159 2830 unde
1185 2776 1233 2829 ei
1265 2791 1405 2829 nunc
1435 2775 1617 2831 dicere
1656 2791 1781 2844 pro-

206 2863 423 2932 positum
454 2865 561 2930 sit,
589 2866 671 2920 vel
699 2866 851 2935 cujus
896 2866 970 2921 rei
1001 2866 1173 2934 gratia
1217 2865 1599 2935 prophetarum
1632 2868 1780 2920 testi-

204 2957 427 3011 monium
456 2956 738 3027 adjunxit;
772 2954 873 3020 Qui
915 2957 1079 3025 factus
1121 2966 1194 3010 est
1221 2957 1266 3008 ei
1291 2972 1353 3011 ea:
1384 2957 1572 3010 semine
1612 2954 1781 3010 David

206 3048 467 3102 secundum
496 3065 719 3114 carnem,
748 3058 932 3117 aperte
958 3048 1170 3117 quidem
1208 3048 1500 3103 ostendens
1526 3048 1777 3119 quoniam

205 3138 262 3194 de
287 3152 564 3211 assumpto
607 3142 821 3197 homine
862 3158 1167 3197 sermonem
1198 3143 1429 3209 inducit;
1462 3154 1636 3198 tamen
1682 3156 1779 3196 nec

1882 1951 2072 2019 synodi
2100 1953 2169 2005 ob
2198 1951 2301 2007 hoc
2329 1952 2398 2008 de
2427 1954 2516 2007 illo
2545 1954 2643 2008 ista
2669 1954 2904 2024 jactare,
2936 1957 3077 2027 quod
3124 1960 3176 2011 in
3209 1958 3472 2027 interpre-

1884 2054 1932 2097 la
1962 2044 2085 2099 ione
2116 2044 2444 2099 Psalmorum
2470 2048 2712 2116 qumdam
2741 2050 3017 2105 moraliter
3047 2052 3362 2118 exposuisse
3391 2051 3473 2106 di-

1882 2150 2055 2206 eatur,
2089 2155 2205 2211 quae
2234 2140 2289 2194 in
2316 2140 2583 2195 Christum
2617 2143 2785 2213 magis
2824 2144 2966 2198 dicta
2996 2144 3194 2197 debent
3222 2144 3471 2215 intelligi,

1883 2243 1941 2286 ut
1989 2248 2092 2287 non
2144 2233 2492 2289 discutiamus
2536 2236 2804 2303 quomodo
2843 2234 2946 2303 ipsi
2976 2249 3035 2289 ea
3067 2236 3375 2303 posuerint,
3418 2244 3472 2291 et

1883 2325 2155 2392 quomodo
2181 2326 2249 2377 ab
2278 2325 2370 2380 illo
2398 2335 2523 2380 sunt
2552 2325 2574 2356 ⁸
2605 2326 2772 2394 posita
2797 2343 2810 2391 ;
2841 2342 3014 2395 neque
3036 2326 3144 2396 jam
3185 2326 3473 2394 probemus

1882 2416 2024 2483 quod
2060 2417 2156 2471 ista
2188 2431 2274 2470 res
2303 2415 2614 2470 htcreticum
2656 2432 2762 2470 non
2804 2415 2993 2482 faciat,
3035 2432 3154 2470 cum
3187 2432 3331 2485 saepe
3361 2417 3473 2471 lau-

1884 2506 2060 2560 dabile
2085 2506 2375 2575 judicetur,
2416 2505 2461 2560 si
2490 2508 2650 2560 etiam
2683 2505 2957 2561 moraliter
2987 2516 3322 2574 exponuntur
3352 2523 3473 2574 qua

1885 2598 2202 2668 prophetice
2230 2598 2370 2652 dicta
2398 2608 2523 2653 sunt
2550 2614 2569 2652 ;
2602 2596 2685 2651 his
2723 2598 3007 2653 terminum
3036 2599 3473 2654 contentionibus

1885 2692 2011 2744 dant
2038 2706 2156 2760 quxe
2184 2691 2204 2721 ⁵
2236 2691 2375 2744 idem
2421 2688 2738 2743 Theodorus
2779 2689 2829 2744 in
2859 2689 2998 2744 libro
3034 2689 3102 2743 de
3140 2689 3392 2756 allegoria
3420 2696 3474 2742 et

1886 2780 2108 2835 historia
2160 2796 2319 2848 quem
2371 2788 2554 2833 contra
2604 2780 2889 2848 Origenem
2937 2779 3151 2847 scripsit
3198 2779 3215 2847 (
3229 2778 3372 2832 unde
3421 2787 3475 2832 et

1888 2874 2067 2927 odium
2111 2870 2555 2940 Origenianurum
2587 2868 2831 2938 incurrit)
2860 2869 2989 2923 dicit
3027 2869 3093 2922 ad
3124 2869 3421 2923 Cerdonem
3456 2886 3471 2921 :

1891 2982 1912 3014 ι
1950 2963 2063 3030 Ego
2084 2960 2300 3029 quidem
2322 2999 2338 3024 ,
2366 2959 2507 3028 quod
2540 2969 2719 3012 nostra
2745 2960 2823 3013 sic
2852 2960 3035 3014 laudes
3056 3002 3070 3027 ,
3109 2973 3213 3011 non
3243 2957 3328 3011 alii
3359 2959 3471 3011 cui-

1883 3055 2026 3123 piam
2055 3052 2281 3122 imputo,
2312 3067 2470 3122 quam
2495 3051 2743 3104 amicitiae
2774 3065 2931 3117 quam
2972 3050 3110 3103 circa
3144 3064 3242 3104 nos
3274 3049 3469 3115 habes,

1884 3162 2042 3217 quam
2075 3147 2236 3201 etiam
2267 3146 2317 3200 in
2342 3144 2521 3198 multis
2548 3152 2601 3197 et
2631 3143 2839 3213 magnis
2869 3142 3030 3196 rebus
3053 3156 3269 3212 semper
3292 3151 3474 3196 osten-

204 3230 486 3288 divinitatis
531 3234 785 3291 indicium
824 3249 929 3289 non
972 3235 1325 3303 signiﬁcatum
1358 3235 1591 3304 reliquit.
1626 3235 1683 3288 In
1711 3250 1777 3288 eo
1802 3221 1851 3285 C
1882 3238 2043 3302 disti;
2088 3246 2143 3293 et
2179 3238 2411 3292 maxime
2437 3236 2687 3305 quoniam
2716 3235 2737 3265 ⁸
2767 3249 2829 3289 ea
2872 3248 2991 3303 quae
3028 3232 3221 3303 scripta
3254 3244 3381 3288 sunt
3420 3234 3474 3287 in

205 3327 328 3383 enim
370 3329 517 3396 quod
565 3327 803 3394 addidit,
849 3330 1125 3384 secundum
1170 3345 1400 3395 carnem,
1449 3327 1780 3383 sufﬁcienter

203 3421 426 3476 ostendit
452 3420 579 3490 quia
602 3432 653 3475 et
685 3421 840 3476 aliter
871 3422 966 3476 lilii
996 3420 1436 3490 signiﬁcationem
1465 3425 1614 3475 nov;t
1634 3422 1780 3474 acci-

205 3523 344 3577 pere,
375 3510 642 3580 siquidem
689 3512 982 3567 secundum
1022 3512 1125 3566 hoc
1164 3513 1269 3565 scit
1306 3526 1427 3566 eum
1472 3525 1535 3565 ex
1579 3511 1781 3565 semine

207 3600 353 3658 David
388 3602 610 3670 factum,
646 3612 892 3674 tanquam
923 3603 1214 3659 secundum
1248 3602 1390 3657 aliud
1422 3617 1527 3655 non
1558 3602 1625 3656 ita
1656 3615 1778 3655 eum

204 3706 545 3762 cognoscens.
567 3695 694 3749 Dure
718 3695 859 3749 enim
886 3706 1108 3761 naturae,
1134 3710 1298 3748 unum
1320 3703 1498 3748 autem
1526 3692 1779 3763 quiddam

203 3786 523 3841 connexione
555 3786 862 3856 intelligunt
892 3789 935 3841 ’.
962 3787 1144 3841 Altera
1172 3785 1382 3853 quidem
1411 3792 1495 3839 est
1521 3784 1777 3851 assumpti

202 3874 448 3942 hominis,
476 3876 643 3933 altera
668 3893 795 3933 vero
820 3877 913 3931 Dei
941 3876 1122 3931 Verbi.
1152 3876 1489 3931 Concurrunt
1518 3882 1696 3929 autem
1725 3874 1778 3928 in

202 3982 349 4022 unum
382 3968 555 4024 amba:
585 3978 804 4037 propter
834 3968 1288 4036 assumptionem,
1322 3976 1379 4023 et
1406 3976 1619 4037 propter
1647 3966 1780 4018 adu-

201 4060 486 4127 nationem,
515 4076 634 4130 qua:
664 4075 727 4116 ex
760 4061 1126 4128 assumptione
1153 4059 1291 4113 facta
1341 4068 1456 4123 est,
1507 4074 1663 4128 quam
1711 4059 1778 4114 ad

201 4149 357 4207 Deum
390 4151 413 4184 ³
466 4152 625 4208 habet
663 4153 805 4209 servi
853 4151 1041 4207 forma.
1078 4173 1097 4204 ι
1149 4152 1285 4207 Ecce
1328 4152 1677 4215 Theodorus,
1726 4160 1780 4205 rt

200 4244 486 4314 prophetas
511 4244 579 4299 de
608 4243 835 4299 Domino
865 4244 1083 4299 Christo
1116 4245 1351 4308 locutus,
1385 4254 1437 4298 et
1467 4244 1636 4312 ipsum
1672 4243 1779 4297 Do-

199 4334 395 4390 minam
441 4334 714 4389 Christum
747 4335 1018 4390 hominem
1051 4337 1335 4390 conﬁtetur
1365 4346 1419 4390 et
1452 4335 1620 4390 Deum
1647 4354 1661 4393 :
1688 4337 1778 4406 qui

199 4424 269 4476 sic
295 4425 613 4495 Apostolum
651 4424 781 4480 dicit
809 4426 1067 4481 doctrina:
1111 4440 1221 4479 sua:
1264 4426 1631 4495 antiquitatem
1679 4443 1779 4497 per

198 4516 523 4584 prOphetiatn
574 4516 628 4571 in
657 4515 873 4569 Christo
921 4512 1114 4571 factam
1162 4516 1479 4584 ostendere,
1531 4518 1774 4571 utetiam

197 4604 329 4662 dicat
354 4612 499 4677 quod
529 4607 618 4662 ﬁlii
660 4624 888 4674 nomen,
916 4625 1034 4663 cum
1064 4608 1130 4664 de
1153 4608 1435 4663 divinitate
1462 4609 1676 4675 dicitur,
1709 4611 1776 4665 de

196 4694 521 4754 humanitate
565 4714 778 4769 quoque
821 4697 1142 4768 accipiatur;
1174 4709 1228 4753 et
1267 4699 1385 4768 quia
1426 4714 1547 4753 cum
1590 4700 1658 4755 de
1684 4715 1776 4754 as-

196 4799 401 4858 sumpto
438 4789 658 4844 homine
705 4805 1010 4845 sermonem
1070 4790 1306 4857 inducit,
1354 4806 1452 4845 nec
1482 4790 1777 4846 divinitatis

196 4878 446 4937 indicium
472 4897 579 4936 non
619 4881 973 4951 signiﬁcatum
1007 4881 1251 4947 reliquit;
1282 4882 1529 4951 quodque
1556 4893 1637 4937 est
1666 4884 1778 4938 evi-

193 4969 424 5036 dentius,
448 4984 502 5027 et
531 4974 671 5044 quod
702 4974 843 5027 nulla
870 4984 1049 5042 posset
1091 4974 1141 5026 in
1171 4973 1380 5027 drvium
1413 4988 1628 5028 sensum
1662 4989 1779 5027 nia-

195 5062 329 5134 ligna
373 5065 816 5137 interpretatione
846 5067 1116 5131 converti,
1150 5066 1279 5121 dicit
1305 5067 1444 5135 quod
1490 5067 1778 5137 Apostolus

194 5155 382 5213 Filium
409 5159 504 5214 Dei
553 5160 848 5215 secundum
892 5175 1106 5215 carnem
1139 5160 1352 5228 quidem
1382 5160 1516 5214 sciat
1557 5177 1680 5215 eum
1710 5176 1774 5216 ex

190 5251 398 5307 semine
424 5252 587 5307 David
616 5250 849 5319 factum,
881 5252 1128 5323 tanquam
1158 5254 1450 5309 secundum
1480 5255 1621 5308 aliud
1668 5271 1774 5309 non

190 5341 259 5396 ita
286 5358 412 5399 eum
459 5359 826 5415 cognoscens,
878 5346 929 5399 id
977 5355 1095 5411 est,
1143 5347 1437 5401 secundum
1493 5345 1771 5401 deitatem.

190 5432 441 5499 Quamvis
469 5434 648 5506 itaque
675 5436 967 5491 secundum
1000 5436 1143 5491 aliud
1171 5447 1225 5493 et
1247 5436 1413 5504 aliud,
1443 5454 1563 5494 eum
1589 5446 1773 5494 tamen

262 5640 279 5673 ⁸
321 5639 433 5694 Cod
467 5643 694 5705 Verum,
722 5643 874 5698 sicut.

260 5709 283 5783 ξ
326 5711 467 5783 idem
492 5713 638 5776 cod.,
669 5714 1040 5783 intelliguntur.

262 5779 284 5809 ³
329 5780 466 5836 Idem
497 5783 643 5845 cod.,
670 5779 849 5836 Denm'
871 5783 1101 5839 Varium.

260 5850 284 5880 ‘
328 5850 470 5911 idem
491 5853 639 5915 cud.,
669 5855 790 5909 sint.

1885 3330 2127 3386 Psalmos
2187 3329 2443 3395 miraris,
2506 3343 2623 3399 qua:
2690 3328 2853 3382 etiam
2923 3328 3093 3395 prima
3154 3337 3472 3383 caeterorum

1883 3422 2122 3479 omnium
2148 3420 2481 3491 scripsimus.
2520 3419 2634 3474 Non
2666 3428 2845 3473 autem
2873 3428 3127 3488 quantam
3155 3425 3475 3487 oportuerat

1885 3515 2170 3571 habuimus
2196 3514 2340 3568 circa
2386 3512 2541 3566 istam
2592 3526 2703 3566 rem
2753 3511 3116 3581 diligentiam;
3159 3510 3297 3578 passi
3320 3510 3473 3563 enim

1883 3622 2070 3663 sumus
2094 3620 2429 3677 quaecunque
2454 3603 2794 3673 incipientes,
2824 3614 2879 3658 ut
2902 3605 3101 3670 evenit,
3132 3604 3182 3655 in
3211 3603 3473 3671 imperitia

1885 3699 2156 3755 scribendi
2186 3697 2483 3753 constituti.
2518 3696 2792 3765 Siquidem
2824 3705 2877 3749 et
2909 3696 3103 3749 multas
3150 3695 3476 3749 immutatio-

1884 3809 1983 3849 nes
2012 3795 2102 3849 illo
2131 3802 2372 3861 tempore
2413 3806 2532 3858 qua:
2562 3798 2745 3843 nostra
2787 3796 2912 3841 sunt
2940 3797 3309 3854 susceperunt,
3341 3800 3475 3855 quas

1885 3875 2103 3941 nutPest
2134 3882 2415 3953 praesentis
2459 3881 2713 3949 temporis
2741 3892 3029 3942 enarrare;
3070 3893 3135 3931 ex
3166 3893 3268 3945 qua
3316 3892 3472 3931 causa

1884 3976 2052 4045 magis
2080 3974 2411 4043 negligenter
2434 3988 2463 4026 a
2491 3970 2646 4025 nobis
2672 3968 2966 4037 composita
2997 3976 3121 4021 sunt
3150 3968 3394 4035 plurima,
3419 3977 3474 4021 et

1883 4067 2117 4123 maxime
2146 4065 2234 4118 illa
2277 4078 2395 4133 quae
2445 4062 2616 4131 prima
2662 4070 2807 4116 sunt.
2842 4078 2859 4111 ι
2896 4059 2973 4113 Ec
3008 4074 3039 4114 e
3066 4060 3149 4113 vel
3181 4060 3224 4113 si
3258 4061 3471 4113 ha’rvti-

1882 4171 2005 4210 cum
2037 4154 2277 4209 lacerent
2320 4166 2381 4207 ea
2425 4166 2545 4221 quas
2574 4151 2627 4204 in
2670 4151 2760 4205 illo
2792 4149 3248 4220 reprehenderunt
3296 4150 3476 4204 inter-

1884 4256 2127 4318 pretante
2158 4244 2474 4299 Psalterium
2495 4285 2508 4306 ,
2544 4245 2660 4312 ipse
2688 4251 2861 4296 semet
2903 4252 3198 4296 retractans
3228 4242 3470 4295 eamdem

1884 4338 2379 4408 interpretationem
2411 4351 2559 4388 suam
2588 4334 2877 4403 displicere
2902 4334 3003 4389 sibi
3030 4333 3244 4398 fatetur,
3264 4341 3317 4388 et
3342 4333 3474 4387 levia

1882 4432 2199 4487 conﬁcientis
2227 4428 2607 4484 adolescentia:
2636 4428 2776 4483 dicta
2820 4428 3124 4482 maturioris
3154 4432 3323 4481 :etatis
3352 4443 3477 4496 gra-

1884 4525 2047 4577 vitate
2095 4522 2338 4589 castigat.
2373 4519 2536 4587 Magis
2569 4520 2728 4588 igitur
2771 4519 2932 4573 etiam
2970 4518 3022 4572 in
3073 4520 3172 4573 huc
3204 4519 3320 4587 ipso
3353 4535 3467 4585 pro-

1806 4593 1859 4654 Ῑ)
1884 4615 2123 4679 bandus,
2159 4628 2257 4667 nec
2285 4621 2490 4665 tantum
2518 4610 2809 4679 vituperari
2854 4627 2949 4679 pro
2980 4626 3186 4676 errore,
3218 4618 3475 4679 quantum

1884 4707 2046 4762 debet
2087 4721 2182 4774 pro
2214 4704 2551 4759 correctione
2577 4702 2817 4771 laudari,
2862 4704 3044 4757 divina
3086 4701 3358 4771 Scriptura
3390 4701 3475 4754 tli-

1884 4811 2075 4856 cente:
2109 4799 2209 4864 Qui
2239 4798 2449 4857 labitur,
2481 4798 2570 4850 sed
2597 4812 2697 4849 non
2727 4811 2790 4849 ea:
2818 4795 3025 4860 animo;
3069 4804 3116 4846 et
3153 4794 3263 4861 quis
3294 4802 3365 4844 est
3389 4791 3476 4857 qui

1885 4910 1987 4948 non
2038 4892 2257 4960 peccarit
2305 4892 2359 4943 in
2408 4889 2587 4959 lingua
2618 4890 2748 4943 sua?
2780 4889 2845 4941 Et
2894 4889 2979 4942 hic
3029 4888 3206 4957 itaque
3255 4901 3359 4939 non
3410 4899 3474 4938 ex

1885 4985 2067 5038 animo
2096 4998 2155 5038 se
2185 4983 2391 5051 lapsum
2424 4992 2715 5050 spontaneo
2751 4981 2831 5035 sui
2873 4979 3290 5048 reprehensione
3319 4990 3474 5026 umn-

1882 5075 2089 5137 stravit,
2114 5080 2168 5127 et
2190 5074 2328 5141 quod
2354 5082 2436 5126 est
2460 5072 2711 5140 amplius,
2741 5072 2791 5123 in
2820 5086 2985 5140 opere
3014 5071 3064 5121 in
3087 5082 3194 5136 quo
3216 5067 3283 5120 ab
3304 5066 3476 5119 amico

1881 5166 2126 5220 laudatus
2166 5176 2271 5219 est.
2329 5165 2540 5220 Utinam
2590 5164 2732 5217 hunc
2766 5162 2964 5216 imitari
2997 5160 3078 5214 vel
3127 5161 3193 5212 ab
3224 5160 3340 5213 aliis
3389 5175 3474 5212 re-

1882 5256 2133 5326 prehensi
2174 5256 2481 5325 dignentur,
2526 5255 2615 5324 qui
2659 5255 2890 5309 scicntes
2918 5269 2978 5306 ac
3010 5254 3253 5307 volentes
3289 5253 3475 5307 riccle~

1878 5346 2013 5401 siam
2048 5345 2423 5414 prodiderunt!
2464 5346 2529 5399 Et
2566 5344 2682 5400 htec
2728 5345 2945 5415 quidem
2974 5342 3246 5401 Theodori
3281 5362 3475 5417 purga-

1880 5440 2010 5494 tioni
2042 5440 2335 5496 sufﬁciunt.
2384 5439 2490 5495 Sed
2542 5438 2663 5505 isti,
2715 5439 2805 5507 qui
2860 5437 3056 5494 baresi
3113 5440 3400 5509 deputant,
3430 5438 3480 5495 si

1950 5642 1974 5675 ⁸
2012 5642 2153 5697 Idem
2185 5643 2334 5709 cod.,
2366 5643 2498 5696 hunc
2530 5645 2797 5699 terminum
2830 5647 3231 5701 contentionibus
3274 5647 3481 5712 «ιμπςιιδ,

1883 5713 2177 5785 (Ῑιιοάίὶᾱεηι
2193 5758 2206 5779 ,
2237 5724 2339 5767 etc.

1958 5785 1977 5814 ⁸
2021 5784 2164 5840 idem
2193 5788 2336 5849 cud.,
2367 5787 2591 5853 quando.
