  <div class='ocr_page' id='page_1' title='image "/cluster/home/n/w/nwhite01/storage/ocr_20150623/67/hvd.32044073505273/309.png"; bbox 0 0 3962 6196; ppageno 0'>
   <div class='ocr_carea' id='block_1_1' title="bbox 496 378 596 436">
    <p class='ocr_par' dir='ltr' id='par_1_1' title="bbox 496 378 596 436">
     <span class='ocr_line' id='line_1_1' title="bbox 496 378 596 436; baseline -0.03 0"><span class='ocrx_word' id='word_1_1' title='bbox 496 378 596 436; x_wconf 76' lang='lat'><strong>603</strong></span> 
     </span>
    </p>
   </div>
   <div class='ocr_carea' id='block_1_2' title="bbox 1556 366 2604 428">
    <p class='ocr_par' dir='ltr' id='par_1_2' title="bbox 1556 366 2604 428">
     <span class='ocr_line' id='line_1_2' title="bbox 1556 366 2604 428; baseline -0.003 0"><span class='ocrx_word' id='word_1_2' title='bbox 1556 369 1841 428; x_wconf 76' lang='lat' dir='ltr'><strong>FACUNDI</strong></span> <span class='ocrx_word' id='word_1_3' title='bbox 1870 366 2077 425; x_wconf 80' lang='lat' dir='ltr'><strong>EPISC.</strong></span> <span class='ocrx_word' id='word_1_4' title='bbox 2114 366 2604 426; x_wconf 69' lang='lat' dir='ltr'><strong>HERlIlANENSIS</strong></span> 
     </span>
    </p>
   </div>
   <div class='ocr_carea' id='block_1_3' title="bbox 3666 375 3761 431">
    <p class='ocr_par' dir='ltr' id='par_1_3' title="bbox 3666 375 3761 431">
     <span class='ocr_line' id='line_1_3' title="bbox 3666 375 3761 431; baseline 0 0"><span class='ocrx_word' id='word_1_5' title='bbox 3666 375 3761 431; x_wconf 69' lang='grc' dir='ltr'><strong>6οι</strong></span> 
     </span>
    </p>
   </div>
   <div class='ocr_carea' id='block_1_4' title="bbox 498 477 3762 563">
    <p class='ocr_par' dir='ltr' id='par_1_4' title="bbox 498 477 3762 563">
     <span class='ocr_line' id='line_1_4' title="bbox 498 477 3762 563; baseline -0 -19"><span class='ocrx_word' id='word_1_6' title='bbox 498 492 742 563; x_wconf 73' lang='lat' dir='ltr'><strong>qttmdam</strong></span> <span class='ocrx_word' id='word_1_7' title='bbox 772 490 1083 561; x_wconf 79' lang='lat' dir='ltr'><strong>prophetica</strong></span> <span class='ocrx_word' id='word_1_8' title='bbox 1115 488 1165 541; x_wconf 89' lang='lat' dir='ltr'><strong>in</strong></span> <span class='ocrx_word' id='word_1_9' title='bbox 1194 485 1466 541; x_wconf 75' lang='lat' dir='ltr'><strong>Christum</strong></span> <span class='ocrx_word' id='word_1_10' title='bbox 1497 484 1637 539; x_wconf 85' lang='lat' dir='ltr'><strong>dicta</strong></span> <span class='ocrx_word' id='word_1_11' title='bbox 1668 483 1826 539; x_wconf 88' lang='lat' dir='ltr'><strong>etiam</strong></span> <span class='ocrx_word' id='word_1_12' title='bbox 1859 480 2077 536; x_wconf 88' lang='lat' dir='ltr'><strong>morali-</strong></span> <span class='ocrx_word' id='word_1_13' title='bbox 2111 480 2165 540; x_wconf 72' lang='grc' dir='ltr'>Α</span> <span class='ocrx_word' id='word_1_14' title='bbox 2190 477 2416 534; x_wconf 85' lang='lat' dir='ltr'><strong>titiciose</strong></span> <span class='ocrx_word' id='word_1_15' title='bbox 2443 480 2607 550; x_wconf 74' lang='lat' dir='ltr'><strong>magis</strong></span> <span class='ocrx_word' id='word_1_16' title='bbox 2650 496 2807 552; x_wconf 84' lang='lat' dir='ltr'><strong>quam</strong></span> <span class='ocrx_word' id='word_1_17' title='bbox 2853 482 3142 549; x_wconf 71' lang='lat' dir='ltr'><strong>veraciter,</strong></span> <span class='ocrx_word' id='word_1_18' title='bbox 3187 483 3472 556; x_wconf 73' lang='lat' dir='ltr'><strong>aliquoties</strong></span> <span class='ocrx_word' id='word_1_19' title='bbox 3499 486 3567 541; x_wconf 89' lang='lat' dir='ltr'><strong>ad</strong></span> <span class='ocrx_word' id='word_1_20' title='bbox 3610 489 3762 543; x_wconf 79' lang='lat' dir='ltr'><strong>utant-</strong></span> 
     </span>
    </p>
   </div>
   <div class='ocr_carea' id='block_1_5' title="bbox 500 575 2081 663">
    <p class='ocr_par' dir='ltr' id='par_1_5' title="bbox 500 575 2081 663">
     <span class='ocr_line' id='line_1_5' title="bbox 500 575 2081 663; baseline -0.008 -23"><span class='ocrx_word' id='word_1_21' title='bbox 500 600 580 642; x_wconf 85' lang='lat' dir='ltr'><strong>tor</strong></span> <span class='ocrx_word' id='word_1_22' title='bbox 626 593 979 655; x_wconf 70' lang='lat' dir='ltr'><strong>exponentur.</strong></span> <span class='ocrx_word' id='word_1_23' title='bbox 1028 582 1270 653; x_wconf 73' lang='lat' dir='ltr'><strong>cogitare</strong></span> <span class='ocrx_word' id='word_1_24' title='bbox 1308 580 1508 635; x_wconf 67' lang='lat' dir='ltr'><strong>debent</strong></span> <span class='ocrx_word' id='word_1_25' title='bbox 1555 578 1823 649; x_wconf 91' lang='lat' dir='ltr'><strong>quomodo</strong></span> <span class='ocrx_word' id='word_1_26' title='bbox 1858 575 2081 663; x_wconf 86' lang='lat' dir='ltr'><strong>beatum</strong></span> 
     </span>
    </p>
   </div>
   <div class='ocr_carea' id='block_1_6' title="bbox 496 666 2082 747">
    <p class='ocr_par' dir='ltr' id='par_1_6' title="bbox 496 666 2082 747">
     <span class='ocr_line' id='line_1_6' title="bbox 496 666 2082 747; baseline -0.01 -12"><span class='ocrx_word' id='word_1_27' title='bbox 496 680 754 747; x_wconf 79' lang='lat' dir='ltr'><strong>Cyrillum</strong></span> <span class='ocrx_word' id='word_1_28' title='bbox 783 678 985 747; x_wconf 85' lang='lat' dir='ltr'><strong>possint</strong></span> <span class='ocrx_word' id='word_1_29' title='bbox 1009 673 1323 730; x_wconf 86' lang='lat' dir='ltr'><strong>deiendere.</strong></span> <span class='ocrx_word' id='word_1_30' title='bbox 1351 673 1407 726; x_wconf 91' lang='lat' dir='ltr'><strong>lu</strong></span> <span class='ocrx_word' id='word_1_31' title='bbox 1436 672 1525 726; x_wconf 91' lang='lat' dir='ltr'><strong>illo</strong></span> <span class='ocrx_word' id='word_1_32' title='bbox 1554 672 1699 726; x_wconf 87' lang='lat' dir='ltr'><strong>enim</strong></span> <span class='ocrx_word' id='word_1_33' title='bbox 1727 683 1912 737; x_wconf 81' lang='lat' dir='ltr'><strong>opere,</strong></span> <span class='ocrx_word' id='word_1_34' title='bbox 1941 666 2082 735; x_wconf 91' lang='lat' dir='ltr'><strong>quod</strong></span> 
     </span>
    </p>
   </div>
   <div class='ocr_carea' id='block_1_7' title="bbox 494 741 2082 837">
    <p class='ocr_par' dir='ltr' id='par_1_7' title="bbox 494 741 2082 837">
     <span class='ocr_line' id='line_1_7' title="bbox 494 741 2082 837; baseline -0.007 -13"><span class='ocrx_word' id='word_1_35' title='bbox 494 741 616 825; x_wconf 78' lang='lat' dir='ltr'><strong>eum</strong></span> <span class='ocrx_word' id='word_1_36' title='bbox 645 770 924 837; x_wconf 78' lang='lat' dir='ltr'><strong>scripsisse</strong></span> <span class='ocrx_word' id='word_1_37' title='bbox 947 768 1132 821; x_wconf 90' lang='lat' dir='ltr'><strong>dicunt</strong></span> <span class='ocrx_word' id='word_1_38' title='bbox 1153 767 1204 820; x_wconf 91' lang='lat' dir='ltr'><strong>in</strong></span> <span class='ocrx_word' id='word_1_39' title='bbox 1233 765 1704 834; x_wconf 79' lang='lat' dir='ltr'><strong>reprehensimtem</strong></span> <span class='ocrx_word' id='word_1_40' title='bbox 1727 760 2082 831; x_wconf 82' lang='lat' dir='ltr'><strong>quorumdam</strong></span> 
     </span>
    </p>
   </div>
   <div class='ocr_carea' id='block_1_8' title="bbox 492 849 2081 925">
    <p class='ocr_par' dir='ltr' id='par_1_8' title="bbox 492 849 2081 925">
     <span class='ocr_line' id='line_1_8' title="bbox 492 849 2081 925; baseline -0.008 -10"><span class='ocrx_word' id='word_1_41' title='bbox 492 863 759 915; x_wconf 89' lang='lat' dir='ltr'><strong>dictorum</strong></span> <span class='ocrx_word' id='word_1_42' title='bbox 792 859 1007 912; x_wconf 85' lang='lat' dir='ltr'><strong>Diodori</strong></span> <span class='ocrx_word' id='word_1_43' title='bbox 1049 864 1207 925; x_wconf 77' lang='lat' dir='ltr'><strong>atque</strong></span> <span class='ocrx_word' id='word_1_44' title='bbox 1236 854 1525 919; x_wconf 86' lang='lat' dir='ltr'><strong>Theodori,</strong></span> <span class='ocrx_word' id='word_1_45' title='bbox 1560 853 1664 907; x_wconf 87' lang='lat' dir='ltr'><strong>tale</strong></span> <span class='ocrx_word' id='word_1_46' title='bbox 1694 851 1896 921; x_wconf 89' lang='lat' dir='ltr'><strong>aliquid</strong></span> <span class='ocrx_word' id='word_1_47' title='bbox 1929 849 2081 904; x_wconf 86' lang='lat' dir='ltr'><strong>iuve—</strong></span> 
     </span>
    </p>
   </div>
   <div class='ocr_carea' id='block_1_9' title="bbox 496 946 2076 1019">
    <p class='ocr_par' dir='ltr' id='par_1_9' title="bbox 496 946 2076 1019">
     <span class='ocr_line' id='line_1_9' title="bbox 496 946 2076 1019; baseline -0.005 -12"><span class='ocrx_word' id='word_1_48' title='bbox 496 957 659 1019; x_wconf 87' lang='lat' dir='ltr'><strong>nitur,</strong></span> <span class='ocrx_word' id='word_1_49' title='bbox 695 962 750 1006; x_wconf 93' lang='lat' dir='ltr'><strong>ut</strong></span> <span class='ocrx_word' id='word_1_50' title='bbox 780 955 824 1007; x_wconf 89' lang='lat' dir='ltr'><strong>si</strong></span> <span class='ocrx_word' id='word_1_51' title='bbox 846 951 1020 1007; x_wconf 88' lang='lat' dir='ltr'><strong>adhuc.</strong></span> <span class='ocrx_word' id='word_1_52' title='bbox 1049 952 1116 1003; x_wconf 87' lang='lat' dir='ltr'><strong>ab</strong></span> <span class='ocrx_word' id='word_1_53' title='bbox 1147 952 1263 1018; x_wconf 88' lang='lat' dir='ltr'><strong>ipso</strong></span> <span class='ocrx_word' id='word_1_54' title='bbox 1288 949 1641 1016; x_wconf 87' lang='lat' dir='ltr'><strong>compositum</strong></span> <span class='ocrx_word' id='word_1_55' title='bbox 1672 946 1877 1010; x_wconf 76' lang='lat' dir='ltr'><strong>dicant,</strong></span> <span class='ocrx_word' id='word_1_56' title='bbox 1912 946 2076 999; x_wconf 75' lang='lat' dir='ltr'><strong>luere-</strong></span> 
     </span>
    </p>
   </div>
   <div class='ocr_carea' id='block_1_10' title="bbox 498 1036 2079 1108">
    <p class='ocr_par' dir='ltr' id='par_1_10' title="bbox 498 1036 2079 1108">
     <span class='ocr_line' id='line_1_10' title="bbox 498 1036 2079 1108; baseline -0.007 -9"><span class='ocrx_word' id='word_1_57' title='bbox 498 1047 658 1100; x_wconf 87' lang='lat' dir='ltr'><strong>ticum</strong></span> <span class='ocrx_word' id='word_1_58' title='bbox 684 1062 803 1100; x_wconf 89' lang='lat' dir='ltr'><strong>eum</strong></span> <span class='ocrx_word' id='word_1_59' title='bbox 829 1043 991 1099; x_wconf 80' lang='lat' dir='ltr'><strong>fuisse</strong></span> <span class='ocrx_word' id='word_1_60' title='bbox 1010 1044 1348 1096; x_wconf 89' lang='lat' dir='ltr'><strong>conﬁrment.</strong></span> <span class='ocrx_word' id='word_1_61' title='bbox 1370 1041 1610 1108; x_wconf 84' lang='lat' dir='ltr'><strong>Namque</strong></span> <span class='ocrx_word' id='word_1_62' title='bbox 1632 1047 1819 1093; x_wconf 81' lang='lat' dir='ltr'><strong>auctor</strong></span> <span class='ocrx_word' id='word_1_63' title='bbox 1840 1036 2079 1105; x_wconf 76' lang='lat' dir='ltr'><strong>ejusdem</strong></span> 
     </span>
    </p>
   </div>
   <div class='ocr_carea' id='block_1_11' title="bbox 444 1125 2082 1207">
    <p class='ocr_par' dir='ltr' id='par_1_11' title="bbox 444 1125 2082 1207">
     <span class='ocr_line' id='line_1_11' title="bbox 444 1125 2082 1207; baseline -0.009 -15"><span class='ocrx_word' id='word_1_64' title='bbox 444 1176 447 1177; x_wconf 49' lang='grc' dir='ltr'><em>ν</em></span> <span class='ocrx_word' id='word_1_65' title='bbox 490 1140 672 1207; x_wconf 75' lang='grc' dir='ltr'><strong>ονρτίς</strong></span> <span class='ocrx_word' id='word_1_66' title='bbox 706 1145 898 1191; x_wconf 80' lang='lat' dir='ltr'><strong>tractat</strong></span> <span class='ocrx_word' id='word_1_67' title='bbox 924 1136 991 1189; x_wconf 88' lang='lat' dir='ltr'><strong>ibi</strong></span> <span class='ocrx_word' id='word_1_68' title='bbox 1020 1133 1330 1202; x_wconf 84' lang='lat' dir='ltr'><strong>capitulum,</strong></span> <span class='ocrx_word' id='word_1_69' title='bbox 1361 1132 1411 1185; x_wconf 90' lang='lat' dir='ltr'><strong>in</strong></span> <span class='ocrx_word' id='word_1_70' title='bbox 1442 1144 1549 1197; x_wconf 90' lang='lat' dir='ltr'><strong>quo</strong></span> <span class='ocrx_word' id='word_1_71' title='bbox 1578 1129 1643 1184; x_wconf 90' lang='lat' dir='ltr'><strong>ad</strong></span> <span class='ocrx_word' id='word_1_72' title='bbox 1675 1128 1927 1183; x_wconf 61' lang='lat' dir='ltr'><strong>Hebreos</strong></span> <span class='ocrx_word' id='word_1_73' title='bbox 1953 1125 2082 1180; x_wconf 88' lang='lat' dir='ltr'><strong>dicit</strong></span> 
     </span>
    </p>
   </div>
   <div class='ocr_carea' id='block_1_12' title="bbox 496 1223 2082 1301">
    <p class='ocr_par' dir='ltr' id='par_1_12' title="bbox 496 1223 2082 1301">
     <span class='ocr_line' id='line_1_12' title="bbox 496 1223 2082 1301; baseline -0.008 -16"><span class='ocrx_word' id='word_1_74' title='bbox 496 1232 783 1301; x_wconf 75' lang='lat' dir='ltr'><strong>Apostolus</strong></span> <span class='ocrx_word' id='word_1_75' title='bbox 808 1247 823 1283; x_wconf 84' lang='lat'><strong>:</strong></span> <span class='ocrx_word' id='word_1_76' title='bbox 855 1228 977 1283; x_wconf 87' lang='lat' dir='ltr'><strong>Non</strong></span> <span class='ocrx_word' id='word_1_77' title='bbox 1004 1228 1139 1281; x_wconf 87' lang='lat' dir='ltr'><strong>enim</strong></span> <span class='ocrx_word' id='word_1_78' title='bbox 1166 1226 1355 1297; x_wconf 80' lang='lat' dir='ltr'><strong>angelis</strong></span> <span class='ocrx_word' id='word_1_79' title='bbox 1382 1223 1595 1295; x_wconf 74' lang='lat' dir='ltr'><strong>subjecit</strong></span> <span class='ocrx_word' id='word_1_80' title='bbox 1623 1224 1792 1275; x_wconf 84' lang='lat' dir='ltr'><strong>orbem</strong></span> <span class='ocrx_word' id='word_1_81' title='bbox 1816 1233 1959 1275; x_wconf 77' lang='lat' dir='ltr'><strong>terra:</strong></span> <span class='ocrx_word' id='word_1_82' title='bbox 1992 1224 2082 1289; x_wconf 79' lang='lat' dir='ltr'><strong>fu-</strong></span> 
     </span>
    </p>
   </div>
   <div class='ocr_carea' id='block_1_13' title="bbox 495 1312 2083 1388">
    <p class='ocr_par' dir='ltr' id='par_1_13' title="bbox 495 1312 2083 1388">
     <span class='ocr_line' id='line_1_13' title="bbox 495 1312 2083 1388; baseline -0.008 -14"><span class='ocrx_word' id='word_1_83' title='bbox 495 1332 699 1388; x_wconf 77' lang='lat' dir='ltr'><strong>turum,</strong></span> <span class='ocrx_word' id='word_1_84' title='bbox 715 1326 777 1373; x_wconf 85' lang='lat' dir='ltr'><strong>de</strong></span> <span class='ocrx_word' id='word_1_85' title='bbox 797 1334 895 1385; x_wconf 85' lang='lat' dir='ltr'><strong>quo</strong></span> <span class='ocrx_word' id='word_1_86' title='bbox 915 1319 1189 1387; x_wconf 81' lang='lat' dir='ltr'><strong>loquimur.</strong></span> <span class='ocrx_word' id='word_1_87' title='bbox 1218 1316 1452 1370; x_wconf 77' lang='lat' dir='ltr'><strong>Testatus</strong></span> <span class='ocrx_word' id='word_1_88' title='bbox 1476 1324 1547 1367; x_wconf 83' lang='lat' dir='ltr'><strong>est</strong></span> <span class='ocrx_word' id='word_1_89' title='bbox 1578 1324 1748 1365; x_wconf 85' lang='lat' dir='ltr'><strong>autent</strong></span> <span class='ocrx_word' id='word_1_90' title='bbox 1778 1312 1828 1365; x_wconf 88' lang='lat' dir='ltr'><strong>in</strong></span> <span class='ocrx_word' id='word_1_91' title='bbox 1859 1312 2083 1377; x_wconf 86' lang='lat' dir='ltr'><strong>quodam</strong></span> 
     </span>
    </p>
   </div>
   <div class='ocr_carea' id='block_1_14' title="bbox 496 1402 2081 1482">
    <p class='ocr_par' dir='ltr' id='par_1_14' title="bbox 496 1402 2081 1482">
     <span class='ocr_line' id='line_1_14' title="bbox 496 1402 2081 1482; baseline -0.007 -16"><span class='ocrx_word' id='word_1_92' title='bbox 496 1414 607 1466; x_wconf 84' lang='lat' dir='ltr'><strong>loco</strong></span> <span class='ocrx_word' id='word_1_93' title='bbox 650 1414 765 1482; x_wconf 79' lang='lat' dir='ltr'><strong>quis</strong></span> <span class='ocrx_word' id='word_1_94' title='bbox 808 1412 978 1463; x_wconf 85' lang='lat' dir='ltr'><strong>dicens</strong></span> <span class='ocrx_word' id='word_1_95' title='bbox 1037 1408 1236 1478; x_wconf 79' lang='lat' dir='ltr'><strong>(Hebr.</strong></span> <span class='ocrx_word' id='word_1_96' title='bbox 1270 1424 1337 1473; x_wconf 90' lang='lat' dir='ltr'><strong>ll,</strong></span> <span class='ocrx_word' id='word_1_97' title='bbox 1370 1408 1423 1473; x_wconf 82' lang='lat'><strong>5,</strong></span> <span class='ocrx_word' id='word_1_98' title='bbox 1455 1406 1521 1476; x_wconf 88' lang='lat'><strong>9)</strong></span> <span class='ocrx_word' id='word_1_99' title='bbox 1557 1423 1570 1459; x_wconf 88' lang='lat'><strong>:</strong></span> <span class='ocrx_word' id='word_1_100' title='bbox 1608 1406 1742 1471; x_wconf 83' lang='lat' dir='ltr'><strong>Quid</strong></span> <span class='ocrx_word' id='word_1_101' title='bbox 1790 1414 1861 1457; x_wconf 86' lang='lat' dir='ltr'><strong>est</strong></span> <span class='ocrx_word' id='word_1_102' title='bbox 1904 1402 2081 1469; x_wconf 81' lang='lat' dir='ltr'><strong>homo,</strong></span> 
     </span>
    </p>
   </div>
   <div class='ocr_carea' id='block_1_15' title="bbox 497 1496 2082 1572">
    <p class='ocr_par' dir='ltr' id='par_1_15' title="bbox 497 1496 2082 1572">
     <span class='ocr_line' id='line_1_15' title="bbox 497 1496 2082 1572; baseline -0.006 -15"><span class='ocrx_word' id='word_1_103' title='bbox 497 1504 632 1571; x_wconf 82' lang='lat' dir='ltr'><strong>quod</strong></span> <span class='ocrx_word' id='word_1_104' title='bbox 672 1519 860 1557; x_wconf 84' lang='lat' dir='ltr'><strong>memor</strong></span> <span class='ocrx_word' id='word_1_105' title='bbox 887 1518 939 1555; x_wconf 82' lang='lat' dir='ltr'><strong>es</strong></span> <span class='ocrx_word' id='word_1_106' title='bbox 967 1504 1103 1572; x_wconf 78' lang='lat' dir='ltr'><strong>ejus,</strong></span> <span class='ocrx_word' id='word_1_107' title='bbox 1135 1511 1225 1554; x_wconf 89' lang='lat' dir='ltr'><strong>aut</strong></span> <span class='ocrx_word' id='word_1_108' title='bbox 1252 1501 1388 1569; x_wconf 75' lang='lat' dir='ltr'><strong>[ilius</strong></span> <span class='ocrx_word' id='word_1_109' title='bbox 1414 1498 1656 1562; x_wconf 76' lang='lat' dir='ltr'><strong>hominis,</strong></span> <span class='ocrx_word' id='word_1_110' title='bbox 1687 1496 1929 1566; x_wconf 82' lang='lat' dir='ltr'><strong>quoniam</strong></span> <span class='ocrx_word' id='word_1_111' title='bbox 1960 1496 2082 1549; x_wconf 84' lang='lat' dir='ltr'><strong>risi-</strong></span> 
     </span>
    </p>
   </div>
   <div class='ocr_carea' id='block_1_16' title="bbox 498 1575 2085 1661">
    <p class='ocr_par' dir='ltr' id='par_1_16' title="bbox 498 1575 2085 1661">
     <span class='ocr_line' id='line_1_16' title="bbox 498 1575 2085 1661; baseline -0.004 -14"><span class='ocrx_word' id='word_1_112' title='bbox 498 1606 575 1647; x_wconf 89' lang='lat' dir='ltr'><strong>tas</strong></span> <span class='ocrx_word' id='word_1_113' title='bbox 602 1595 757 1649; x_wconf 68' lang='lat' dir='ltr'><strong>eum?</strong></span> <span class='ocrx_word' id='word_1_114' title='bbox 783 1575 1017 1647; x_wconf 80' lang='lat' dir='ltr'><strong>Minuisti</strong></span> <span class='ocrx_word' id='word_1_115' title='bbox 1038 1608 1151 1645; x_wconf 79' lang='lat' dir='ltr'><strong>eum</strong></span> <span class='ocrx_word' id='word_1_116' title='bbox 1184 1592 1335 1661; x_wconf 88' lang='lat' dir='ltr'><strong>paulo</strong></span> <span class='ocrx_word' id='word_1_117' title='bbox 1370 1591 1538 1643; x_wconf 83' lang='lat' dir='ltr'><strong>minus</strong></span> <span class='ocrx_word' id='word_1_118' title='bbox 1565 1589 1628 1642; x_wconf 81' lang='lat' dir='ltr'><strong>ab</strong></span> <span class='ocrx_word' id='word_1_119' title='bbox 1656 1588 1851 1657; x_wconf 79' lang='lat' dir='ltr'><strong>angelis</strong></span> <span class='ocrx_word' id='word_1_120' title='bbox 1872 1625 1887 1653; x_wconf 91' lang='lat'><strong>,</strong></span> <span class='ocrx_word' id='word_1_121' title='bbox 1919 1587 2085 1656; x_wconf 80' lang='lat' dir='ltr'><strong>gloria</strong></span> 
     </span>
    </p>
   </div>
   <div class='ocr_carea' id='block_1_17' title="bbox 496 1680 2083 1749">
    <p class='ocr_par' dir='ltr' id='par_1_17' title="bbox 496 1680 2083 1749">
     <span class='ocr_line' id='line_1_17' title="bbox 496 1680 2083 1749; baseline -0.004 -12"><span class='ocrx_word' id='word_1_122' title='bbox 496 1694 543 1737; x_wconf 86' lang='lat' dir='ltr'><strong>et</strong></span> <span class='ocrx_word' id='word_1_123' title='bbox 576 1686 767 1738; x_wconf 82' lang='lat' dir='ltr'><strong>honore</strong></span> <span class='ocrx_word' id='word_1_124' title='bbox 786 1684 1039 1737; x_wconf 82' lang='lat' dir='ltr'><strong>ooronasti</strong></span> <span class='ocrx_word' id='word_1_125' title='bbox 1062 1699 1198 1747; x_wconf 83' lang='lat' dir='ltr'><strong>eum,</strong></span> <span class='ocrx_word' id='word_1_126' title='bbox 1223 1690 1267 1736; x_wconf 89' lang='lat' dir='ltr'><strong>et</strong></span> <span class='ocrx_word' id='word_1_127' title='bbox 1287 1680 1594 1735; x_wconf 84' lang='lat' dir='ltr'><strong>constituisti</strong></span> <span class='ocrx_word' id='word_1_128' title='bbox 1619 1695 1733 1733; x_wconf 86' lang='lat' dir='ltr'><strong>eum</strong></span> <span class='ocrx_word' id='word_1_129' title='bbox 1753 1693 1906 1743; x_wconf 80' lang='lat' dir='ltr'><strong>super</strong></span> <span class='ocrx_word' id='word_1_130' title='bbox 1927 1692 2083 1749; x_wconf 86' lang='lat' dir='ltr'><strong><em>opera</em></strong></span> 
     </span>
    </p>
   </div>
   <div class='ocr_carea' id='block_1_18' title="bbox 499 1768 2082 1843">
    <p class='ocr_par' dir='ltr' id='par_1_18' title="bbox 499 1768 2082 1843">
     <span class='ocr_line' id='line_1_18' title="bbox 499 1768 2082 1843; baseline -0.003 -16"><span class='ocrx_word' id='word_1_131' title='bbox 499 1790 741 1827; x_wconf 83' lang='lat' dir='ltr'><strong>manuum</strong></span> <span class='ocrx_word' id='word_1_132' title='bbox 784 1783 987 1829; x_wconf 85' lang='lat' dir='ltr'><strong>tuorum</strong></span> <span class='ocrx_word' id='word_1_133' title='bbox 1024 1792 1044 1828; x_wconf 89' lang='lat'><strong><em>:</em></strong></span> <span class='ocrx_word' id='word_1_134' title='bbox 1076 1774 1245 1827; x_wconf 82' lang='lat' dir='ltr'><strong><em>omnia</em></strong></span> <span class='ocrx_word' id='word_1_135' title='bbox 1283 1772 1542 1843; x_wconf 82' lang='lat' dir='ltr'><strong>subjecisti</strong></span> <span class='ocrx_word' id='word_1_136' title='bbox 1586 1771 1676 1825; x_wconf 80' lang='lat' dir='ltr'><strong>sub</strong></span> <span class='ocrx_word' id='word_1_137' title='bbox 1716 1768 1929 1839; x_wconf 82' lang='lat' dir='ltr'><strong>pedibus</strong></span> <span class='ocrx_word' id='word_1_138' title='bbox 1970 1770 2082 1838; x_wconf 78' lang='lat' dir='ltr'><strong>ejus</strong></span> 
     </span>
    </p>
   </div>
   <div class='ocr_carea' id='block_1_19' title="bbox 2187 569 3764 644">
    <p class='ocr_par' dir='ltr' id='par_1_19' title="bbox 2187 569 3764 644">
     <span class='ocr_line' id='line_1_19' title="bbox 2187 569 3764 644; baseline 0.008 -22"><span class='ocrx_word' id='word_1_139' title='bbox 2187 569 2486 625; x_wconf 82' lang='lat' dir='ltr'><strong>festandum</strong></span> <span class='ocrx_word' id='word_1_140' title='bbox 2515 581 2905 629; x_wconf 73' lang='lat' dir='ltr'><strong>sacramentum</strong></span> <span class='ocrx_word' id='word_1_141' title='bbox 2935 574 3053 644; x_wconf 86' lang='lat' dir='ltr'><strong>ejus</strong></span> <span class='ocrx_word' id='word_1_142' title='bbox 3082 574 3298 630; x_wconf 86' lang='lat' dir='ltr'><strong>induci?</strong></span> <span class='ocrx_word' id='word_1_143' title='bbox 3334 576 3497 644; x_wconf 83' lang='lat' dir='ltr'><strong>Quasi</strong></span> <span class='ocrx_word' id='word_1_144' title='bbox 3529 587 3672 632; x_wconf 83' lang='lat' dir='ltr'><strong>tanta</strong></span> <span class='ocrx_word' id='word_1_145' title='bbox 3700 582 3764 635; x_wconf 88' lang='lat' dir='ltr'><strong>sit</strong></span> 
     </span>
    </p>
   </div>
   <div class='ocr_carea' id='block_1_20' title="bbox 2186 660 3762 740">
    <p class='ocr_par' dir='ltr' id='par_1_20' title="bbox 2186 660 3762 740">
     <span class='ocr_line' id='line_1_20' title="bbox 2186 660 3762 740; baseline 0.008 -26"><span class='ocrx_word' id='word_1_146' title='bbox 2186 660 2475 730; x_wconf 73' lang='lat' dir='ltr'><strong>Scriptum</strong></span> <span class='ocrx_word' id='word_1_147' title='bbox 2522 665 2720 719; x_wconf 74' lang='lat' dir='ltr'><strong>divina:</strong></span> <span class='ocrx_word' id='word_1_148' title='bbox 2764 666 3022 734; x_wconf 84' lang='lat' dir='ltr'><strong>penuria,</strong></span> <span class='ocrx_word' id='word_1_149' title='bbox 3055 666 3161 721; x_wconf 80' lang='lat' dir='ltr'><strong>vel</strong></span> <span class='ocrx_word' id='word_1_150' title='bbox 3184 674 3327 722; x_wconf 83' lang='lat' dir='ltr'><strong>tanta</strong></span> <span class='ocrx_word' id='word_1_151' title='bbox 3370 666 3536 724; x_wconf 83' lang='lat' dir='ltr'><strong>fuerit</strong></span> <span class='ocrx_word' id='word_1_152' title='bbox 3566 672 3762 740; x_wconf 73' lang='lat' dir='ltr'><strong>ignavia</strong></span> 
     </span>
    </p>
   </div>
   <div class='ocr_carea' id='block_1_21' title="bbox 2186 755 3761 827">
    <p class='ocr_par' dir='ltr' id='par_1_21' title="bbox 2186 755 3761 827">
     <span class='ocr_line' id='line_1_21' title="bbox 2186 755 3761 827; baseline 0.01 -20"><span class='ocrx_word' id='word_1_153' title='bbox 2186 755 2352 822; x_wconf 85' lang='lat' dir='ltr'><strong>ipsius</strong></span> <span class='ocrx_word' id='word_1_154' title='bbox 2381 756 2530 811; x_wconf 85' lang='lat' dir='ltr'><strong>Pauli</strong></span> <span class='ocrx_word' id='word_1_155' title='bbox 2554 760 2780 827; x_wconf 82' lang='lat' dir='ltr'><strong>apostoli</strong></span> <span class='ocrx_word' id='word_1_156' title='bbox 2806 761 2871 815; x_wconf 83' lang='lat' dir='ltr'><strong>ad</strong></span> <span class='ocrx_word' id='word_1_157' title='bbox 2904 761 3353 818; x_wconf 83' lang='lat' dir='ltr'><strong>manifestandum</strong></span> <span class='ocrx_word' id='word_1_158' title='bbox 3374 778 3761 822; x_wconf 86' lang='lat' dir='ltr'><strong>sacramentum</strong></span> 
     </span>
    </p>
   </div>
   <div class='ocr_carea' id='block_1_22' title="bbox 2184 846 3761 930">
    <p class='ocr_par' dir='ltr' id='par_1_22' title="bbox 2184 846 3761 930">
     <span class='ocr_line' id='line_1_22' title="bbox 2184 846 3761 930; baseline 0.009 -29"><span class='ocrx_word' id='word_1_159' title='bbox 2184 846 2414 916; x_wconf 85' lang='lat' dir='ltr'><strong>Christi,</strong></span> <span class='ocrx_word' id='word_1_160' title='bbox 2467 859 2525 904; x_wconf 89' lang='lat' dir='ltr'><strong>ut</strong></span> <span class='ocrx_word' id='word_1_161' title='bbox 2554 853 2656 905; x_wconf 90' lang='lat' dir='ltr'><strong>tale</strong></span> <span class='ocrx_word' id='word_1_162' title='bbox 2702 854 3069 909; x_wconf 89' lang='lat' dir='ltr'><strong>testimonium</strong></span> <span class='ocrx_word' id='word_1_163' title='bbox 3120 858 3395 914; x_wconf 77' lang='lat' dir='ltr'><strong>invenisse</strong></span> <span class='ocrx_word' id='word_1_164' title='bbox 3426 875 3533 914; x_wconf 89' lang='lat' dir='ltr'><strong>non</strong></span> <span class='ocrx_word' id='word_1_165' title='bbox 3567 869 3761 930; x_wconf 78' lang='lat' dir='ltr'><strong>posset,</strong></span> 
     </span>
    </p>
   </div>
   <div class='ocr_carea' id='block_1_23' title="bbox 2184 940 3769 1021">
    <p class='ocr_par' dir='ltr' id='par_1_23' title="bbox 2184 940 3769 1021">
     <span class='ocr_line' id='line_1_23' title="bbox 2184 940 3769 1021; baseline 0.01 -30"><span class='ocrx_word' id='word_1_166' title='bbox 2184 940 2325 1008; x_wconf 88' lang='lat' dir='ltr'><strong>quod</strong></span> <span class='ocrx_word' id='word_1_167' title='bbox 2356 941 2425 995; x_wconf 90' lang='lat' dir='ltr'><strong>de</strong></span> <span class='ocrx_word' id='word_1_168' title='bbox 2451 940 2567 1008; x_wconf 88' lang='lat' dir='ltr'><strong>ipso</strong></span> <span class='ocrx_word' id='word_1_169' title='bbox 2588 957 2715 997; x_wconf 85' lang='lat' dir='ltr'><strong>vere</strong></span> <span class='ocrx_word' id='word_1_170' title='bbox 2742 944 2809 997; x_wconf 89' lang='lat' dir='ltr'><strong>sit</strong></span> <span class='ocrx_word' id='word_1_171' title='bbox 2835 945 3115 1013; x_wconf 87' lang='lat' dir='ltr'><strong>scriptum,</strong></span> <span class='ocrx_word' id='word_1_172' title='bbox 3146 959 3198 1001; x_wconf 90' lang='lat' dir='ltr'><strong>et</strong></span> <span class='ocrx_word' id='word_1_173' title='bbox 3224 947 3376 1017; x_wconf 80' lang='lat' dir='ltr'><strong>cuius</strong></span> <span class='ocrx_word' id='word_1_174' title='bbox 3401 966 3505 1005; x_wconf 87' lang='lat' dir='ltr'><strong>non</strong></span> <span class='ocrx_word' id='word_1_175' title='bbox 3537 951 3769 1021; x_wconf 81' lang='lat' dir='ltr'><strong>aliquam</strong></span> 
     </span>
    </p>
   </div>
   <div class='ocr_carea' id='block_1_24' title="bbox 2184 1031 3768 1113">
    <p class='ocr_par' dir='ltr' id='par_1_24' title="bbox 2184 1031 3768 1113">
     <span class='ocr_line' id='line_1_24' title="bbox 2184 1031 3768 1113; baseline 0.01 -31"><span class='ocrx_word' id='word_1_176' title='bbox 2184 1039 2391 1097; x_wconf 87' lang='lat' dir='ltr'><strong>partem</strong></span> <span class='ocrx_word' id='word_1_177' title='bbox 2420 1031 2694 1087; x_wconf 83' lang='lat' dir='ltr'><strong>minimam</strong></span> <span class='ocrx_word' id='word_1_178' title='bbox 2717 1075 2732 1099; x_wconf 91' lang='lat'><strong>,</strong></span> <span class='ocrx_word' id='word_1_179' title='bbox 2780 1034 3066 1105; x_wconf 83' lang='lat' dir='ltr'><strong>aliquoties</strong></span> <span class='ocrx_word' id='word_1_180' title='bbox 3115 1040 3441 1105; x_wconf 88' lang='lat' dir='ltr'><strong>artiﬁciose,</strong></span> <span class='ocrx_word' id='word_1_181' title='bbox 3473 1043 3590 1097; x_wconf 82' lang='lat' dir='ltr'><strong>sine</strong></span> <span class='ocrx_word' id='word_1_182' title='bbox 3632 1047 3768 1113; x_wconf 88' lang='lat' dir='ltr'><strong>peri-</strong></span> 
     </span>
    </p>
   </div>
   <div class='ocr_carea' id='block_1_25' title="bbox 2184 1123 3768 1204">
    <p class='ocr_par' dir='ltr' id='par_1_25' title="bbox 2184 1123 3768 1204">
     <span class='ocr_line' id='line_1_25' title="bbox 2184 1123 3768 1204; baseline 0.01 -28"><span class='ocrx_word' id='word_1_183' title='bbox 2184 1123 2324 1185; x_wconf 90' lang='lat' dir='ltr'><strong>culo,</strong></span> <span class='ocrx_word' id='word_1_184' title='bbox 2352 1124 2802 1191; x_wconf 84' lang='lat' dir='ltr'><strong>quemadmodum</strong></span> <span class='ocrx_word' id='word_1_185' title='bbox 2844 1127 3009 1195; x_wconf 91' lang='lat' dir='ltr'><strong>dicit,</strong></span> <span class='ocrx_word' id='word_1_186' title='bbox 3042 1131 3135 1184; x_wconf 73' lang='lat' dir='ltr'><strong>sed</strong></span> <span class='ocrx_word' id='word_1_187' title='bbox 3168 1131 3432 1202; x_wconf 81' lang='lat' dir='ltr'><strong>integrum</strong></span> <span class='ocrx_word' id='word_1_188' title='bbox 3467 1144 3630 1204; x_wconf 89' lang='lat' dir='ltr'><strong>atque</strong></span> <span class='ocrx_word' id='word_1_189' title='bbox 3662 1140 3768 1191; x_wconf 85' lang='lat' dir='ltr'><strong>sin-</strong></span> 
     </span>
    </p>
   </div>
   <div class='ocr_carea' id='block_1_26' title="bbox 2184 1213 3769 1287">
    <p class='ocr_par' dir='ltr' id='par_1_26' title="bbox 2184 1213 3769 1287">
     <span class='ocr_line' id='line_1_26' title="bbox 2184 1213 3769 1287; baseline 0.01 -21"><span class='ocrx_word' id='word_1_190' title='bbox 2184 1225 2389 1282; x_wconf 82' lang='lat' dir='ltr'><strong>cerum,</strong></span> <span class='ocrx_word' id='word_1_191' title='bbox 2420 1213 2558 1269; x_wconf 80' lang='lat' dir='ltr'><strong>sicut</strong></span> <span class='ocrx_word' id='word_1_192' title='bbox 2585 1215 2833 1279; x_wconf 89' lang='lat' dir='ltr'><strong>habetur.</strong></span> <span class='ocrx_word' id='word_1_193' title='bbox 2868 1219 3185 1287; x_wconf 76' lang='lat' dir='ltr'><strong>simpliciter</strong></span> <span class='ocrx_word' id='word_1_194' title='bbox 3213 1238 3274 1276; x_wconf 89' lang='lat' dir='ltr'><strong>ac</strong></span> <span class='ocrx_word' id='word_1_195' title='bbox 3304 1239 3493 1279; x_wconf 84' lang='lat' dir='ltr'><strong>secure</strong></span> <span class='ocrx_word' id='word_1_196' title='bbox 3519 1226 3584 1279; x_wconf 82' lang='lat' dir='ltr'><strong>ad</strong></span> <span class='ocrx_word' id='word_1_197' title='bbox 3615 1240 3769 1282; x_wconf 87' lang='lat' dir='ltr'><strong>suum</strong></span> 
     </span>
    </p>
   </div>
   <div class='ocr_carea' id='block_1_27' title="bbox 2184 1304 3771 1389">
    <p class='ocr_par' dir='ltr' id='par_1_27' title="bbox 2184 1304 3771 1389">
     <span class='ocr_line' id='line_1_27' title="bbox 2184 1304 3771 1389; baseline 0.01 -31"><span class='ocrx_word' id='word_1_198' title='bbox 2184 1304 2386 1360; x_wconf 83' lang='lat' dir='ltr'><strong>referre</strong></span> <span class='ocrx_word' id='word_1_199' title='bbox 2416 1308 2747 1377; x_wconf 87' lang='lat' dir='ltr'><strong>propositum</strong></span> <span class='ocrx_word' id='word_1_200' title='bbox 2775 1321 2974 1379; x_wconf 85' lang='lat' dir='ltr'><strong>posset.</strong></span> <span class='ocrx_word' id='word_1_201' title='bbox 3002 1313 3132 1367; x_wconf 89' lang='lat' dir='ltr'><strong>Cum</strong></span> <span class='ocrx_word' id='word_1_202' title='bbox 3156 1326 3282 1370; x_wconf 75' lang='lat' dir='ltr'><strong>Vero</strong></span> <span class='ocrx_word' id='word_1_203' title='bbox 3304 1317 3447 1372; x_wconf 81' lang='lat' dir='ltr'><strong>dicat</strong></span> <span class='ocrx_word' id='word_1_204' title='bbox 3469 1320 3606 1373; x_wconf 82' lang='lat' dir='ltr'><strong>idem</strong></span> <span class='ocrx_word' id='word_1_205' title='bbox 3634 1321 3771 1389; x_wconf 79' lang='lat' dir='ltr'><strong>Apo-</strong></span> 
     </span>
    </p>
   </div>
   <div class='ocr_carea' id='block_1_28' title="bbox 2184 1397 3771 1478">
    <p class='ocr_par' dir='ltr' id='par_1_28' title="bbox 2184 1397 3771 1478">
     <span class='ocr_line' id='line_1_28' title="bbox 2184 1397 3771 1478; baseline 0.009 -28"><span class='ocrx_word' id='word_1_206' title='bbox 2184 1397 2353 1450; x_wconf 88' lang='lat' dir='ltr'><strong>stolus</strong></span> <span class='ocrx_word' id='word_1_207' title='bbox 2384 1414 2397 1450; x_wconf 90' lang='lat'><strong>:</strong></span> <span class='ocrx_word' id='word_1_208' title='bbox 2432 1399 2511 1455; x_wconf 80' lang='lat' dir='ltr'><strong>An</strong></span> <span class='ocrx_word' id='word_1_209' title='bbox 2544 1400 2949 1467; x_wconf 66' lang='lat' dir='ltr'><strong>experimentum</strong></span> <span class='ocrx_word' id='word_1_210' title='bbox 2977 1406 3201 1471; x_wconf 72' lang='lat' dir='ltr'><strong>qumitis</strong></span> <span class='ocrx_word' id='word_1_211' title='bbox 3229 1409 3341 1476; x_wconf 82' lang='lat' dir='ltr'><strong>ejus</strong></span> <span class='ocrx_word' id='word_1_212' title='bbox 3369 1410 3457 1478; x_wconf 77' lang='lat' dir='ltr'><strong>qui</strong></span> <span class='ocrx_word' id='word_1_213' title='bbox 3486 1410 3540 1462; x_wconf 87' lang='lat' dir='ltr'><strong>in</strong></span> <span class='ocrx_word' id='word_1_214' title='bbox 3571 1428 3651 1463; x_wconf 84' lang='lat' dir='ltr'><strong>me</strong></span> <span class='ocrx_word' id='word_1_215' title='bbox 3696 1412 3771 1465; x_wconf 80' lang='lat' dir='ltr'><strong>Io-</strong></span> 
     </span>
    </p>
   </div>
   <div class='ocr_carea' id='block_1_29' title="bbox 2183 1489 3770 1568">
    <p class='ocr_par' dir='ltr' id='par_1_29' title="bbox 2183 1489 3770 1568">
     <span class='ocr_line' id='line_1_29' title="bbox 2183 1489 3770 1568; baseline 0.013 -28"><span class='ocrx_word' id='word_1_216' title='bbox 2183 1491 2359 1558; x_wconf 85' lang='lat' dir='ltr'><strong>quitur</strong></span> <span class='ocrx_word' id='word_1_217' title='bbox 2390 1489 2620 1546; x_wconf 82' lang='lat' dir='ltr'><strong>Christus</strong></span> <span class='ocrx_word' id='word_1_218' title='bbox 2672 1492 2759 1562; x_wconf 88' lang='grc' dir='ltr'><strong>(ΙΙ</strong></span> <span class='ocrx_word' id='word_1_219' title='bbox 2790 1492 2908 1548; x_wconf 85' lang='lat' dir='ltr'><strong>Cor.</strong></span> <span class='ocrx_word' id='word_1_220' title='bbox 2942 1512 3065 1563; x_wconf 78' lang='lat' dir='ltr'><strong>xm,</strong></span> <span class='ocrx_word' id='word_1_221' title='bbox 3101 1498 3193 1568; x_wconf 81' lang='lat'><strong>&#39;5)?</strong></span> <span class='ocrx_word' id='word_1_222' title='bbox 3240 1500 3286 1553; x_wconf 89' lang='lat' dir='ltr'><strong>si</strong></span> <span class='ocrx_word' id='word_1_223' title='bbox 3328 1517 3431 1555; x_wconf 85' lang='lat' dir='ltr'><strong>non</strong></span> <span class='ocrx_word' id='word_1_224' title='bbox 3481 1503 3770 1560; x_wconf 81' lang='lat' dir='ltr'><strong>artiﬁciose</strong></span> 
     </span>
    </p>
   </div>
   <div class='ocr_carea' id='block_1_30' title="bbox 2186 1580 3768 1665">
    <p class='ocr_par' dir='ltr' id='par_1_30' title="bbox 2186 1580 3768 1665">
     <span class='ocr_line' id='line_1_30' title="bbox 2186 1580 3768 1665; baseline 0.013 -34"><span class='ocrx_word' id='word_1_225' title='bbox 2186 1580 2361 1649; x_wconf 82' lang='lat' dir='ltr'><strong>potius</strong></span> <span class='ocrx_word' id='word_1_226' title='bbox 2406 1595 2566 1651; x_wconf 89' lang='lat' dir='ltr'><strong>quam</strong></span> <span class='ocrx_word' id='word_1_227' title='bbox 2599 1585 2861 1641; x_wconf 77' lang='lat' dir='ltr'><strong>veraciter</strong></span> <span class='ocrx_word' id='word_1_228' title='bbox 2902 1588 3071 1657; x_wconf 86' lang='lat' dir='ltr'><strong>dixit,</strong></span> <span class='ocrx_word' id='word_1_229' title='bbox 3114 1588 3449 1660; x_wconf 84' lang='lat' dir='ltr'><strong>omnipotens</strong></span> <span class='ocrx_word' id='word_1_230' title='bbox 3490 1595 3768 1665; x_wconf 84' lang='lat' dir='ltr'><strong>Christus,</strong></span> 
     </span>
    </p>
   </div>
   <div class='ocr_carea' id='block_1_31' title="bbox 2187 1670 3769 1756">
    <p class='ocr_par' dir='ltr' id='par_1_31' title="bbox 2187 1670 3769 1756">
     <span class='ocr_line' id='line_1_31' title="bbox 2187 1670 3769 1756; baseline 0.015 -33"><span class='ocrx_word' id='word_1_231' title='bbox 2187 1670 2276 1740; x_wconf 90' lang='lat' dir='ltr'><strong>qui</strong></span> <span class='ocrx_word' id='word_1_232' title='bbox 2305 1672 2464 1727; x_wconf 86' lang='lat' dir='ltr'><strong>etiam</strong></span> <span class='ocrx_word' id='word_1_233' title='bbox 2497 1684 2677 1729; x_wconf 86' lang='lat' dir='ltr'><strong>nostra</strong></span> <span class='ocrx_word' id='word_1_234' title='bbox 2703 1685 2788 1731; x_wconf 89' lang='lat' dir='ltr'><strong>est</strong></span> <span class='ocrx_word' id='word_1_235' title='bbox 2814 1681 3014 1735; x_wconf 87' lang='lat' dir='ltr'><strong>veritas</strong></span> <span class='ocrx_word' id='word_1_236' title='bbox 3034 1720 3048 1745; x_wconf 95' lang='lat'><strong>,</strong></span> <span class='ocrx_word' id='word_1_237' title='bbox 3083 1681 3380 1740; x_wconf 72' lang='lat' dir='ltr'><strong>affirmatur</strong></span> <span class='ocrx_word' id='word_1_238' title='bbox 3409 1687 3553 1756; x_wconf 90' lang='lat' dir='ltr'><strong>quod</strong></span> <span class='ocrx_word' id='word_1_239' title='bbox 3583 1699 3645 1744; x_wconf 86' lang='lat' dir='ltr'><strong>ut</strong></span> <span class='ocrx_word' id='word_1_240' title='bbox 3689 1698 3769 1745; x_wconf 82' lang='lat' dir='ltr'><strong>sa-</strong></span> 
     </span>
    </p>
   </div>
   <div class='ocr_carea' id='block_1_32' title="bbox 2186 1769 3772 1846">
    <p class='ocr_par' dir='ltr' id='par_1_32' title="bbox 2186 1769 3772 1846">
     <span class='ocr_line' id='line_1_32' title="bbox 2186 1769 3772 1846; baseline 0.012 -30"><span class='ocrx_word' id='word_1_241' title='bbox 2186 1772 2519 1819; x_wconf 88' lang='lat' dir='ltr'><strong>cramentum</strong></span> <span class='ocrx_word' id='word_1_242' title='bbox 2557 1781 2712 1821; x_wconf 91' lang='lat' dir='ltr'><strong>suum</strong></span> <span class='ocrx_word' id='word_1_243' title='bbox 2740 1769 3138 1838; x_wconf 88' lang='lat' dir='ltr'><strong>manifestaret,</strong></span> <span class='ocrx_word' id='word_1_244' title='bbox 3172 1773 3223 1827; x_wconf 90' lang='lat' dir='ltr'><strong>in</strong></span> <span class='ocrx_word' id='word_1_245' title='bbox 3253 1790 3345 1829; x_wconf 88' lang='lat' dir='ltr'><strong>sua</strong></span> <span class='ocrx_word' id='word_1_246' title='bbox 3376 1776 3653 1846; x_wconf 84' lang='lat' dir='ltr'><strong>Scriptura</strong></span> <span class='ocrx_word' id='word_1_247' title='bbox 3686 1797 3772 1834; x_wconf 56' lang='lat' dir='ltr'><strong>ve.</strong></span> 
     </span>
    </p>
   </div>
   <div class='ocr_carea' id='block_1_33' title="bbox 496 1844 3771 1941">
    <p class='ocr_par' dir='ltr' id='par_1_33' title="bbox 496 1844 3771 1941">
     <span class='ocr_line' id='line_1_33' title="bbox 496 1844 3771 1941; baseline 0.003 -25"><span class='ocrx_word' id='word_1_248' title='bbox 496 1865 670 1933; x_wconf 78' lang='lat' dir='ltr'><strong>(Psal.</strong></span> <span class='ocrx_word' id='word_1_249' title='bbox 704 1882 814 1930; x_wconf 76' lang='lat' dir='ltr'><strong>VIII,</strong></span> <span class='ocrx_word' id='word_1_250' title='bbox 847 1866 923 1934; x_wconf 85' lang='lat'><strong>5).</strong></span> <span class='ocrx_word' id='word_1_251' title='bbox 959 1863 1025 1918; x_wconf 89' lang='lat' dir='ltr'><strong>In</strong></span> <span class='ocrx_word' id='word_1_252' title='bbox 1050 1881 1107 1919; x_wconf 89' lang='lat' dir='ltr'><strong><em>eo</em></strong></span> <span class='ocrx_word' id='word_1_253' title='bbox 1134 1865 1267 1918; x_wconf 83' lang='lat' dir='ltr'><strong>enim</strong></span> <span class='ocrx_word' id='word_1_254' title='bbox 1293 1864 1431 1934; x_wconf 88' lang='lat' dir='ltr'><strong>quod</strong></span> <span class='ocrx_word' id='word_1_255' title='bbox 1453 1863 1621 1916; x_wconf 83' lang='lat' dir='ltr'><strong>omnia</strong></span> <span class='ocrx_word' id='word_1_256' title='bbox 1654 1864 1668 1892; x_wconf 76' lang='grc' dir='ltr'>ί</span> <span class='ocrx_word' id='word_1_257' title='bbox 1692 1863 1926 1933; x_wconf 68' lang='lat' dir='ltr'><strong>subjecit,</strong></span> <span class='ocrx_word' id='word_1_258' title='bbox 1950 1861 2080 1915; x_wconf 81' lang='lat' dir='ltr'><strong>nihil</strong></span> <span class='ocrx_word' id='word_1_259' title='bbox 2110 1844 2155 1905; x_wconf 82' lang='grc' dir='ltr'><strong>Β</strong></span> <span class='ocrx_word' id='word_1_260' title='bbox 2188 1868 2306 1908; x_wconf 91' lang='lat' dir='ltr'><strong>rum</strong></span> <span class='ocrx_word' id='word_1_261' title='bbox 2342 1855 2706 1912; x_wconf 83' lang='lat' dir='ltr'><strong>testimonium</strong></span> <span class='ocrx_word' id='word_1_262' title='bbox 2736 1858 2975 1916; x_wconf 90' lang='lat' dir='ltr'><strong>invenire</strong></span> <span class='ocrx_word' id='word_1_263' title='bbox 3000 1877 3104 1917; x_wconf 90' lang='lat' dir='ltr'><strong>non</strong></span> <span class='ocrx_word' id='word_1_264' title='bbox 3130 1865 3325 1933; x_wconf 86' lang='lat' dir='ltr'><strong>potuit.</strong></span> <span class='ocrx_word' id='word_1_265' title='bbox 3354 1844 3583 1923; x_wconf 76' lang='lat' dir='ltr'><strong>Videant</strong></span> <span class='ocrx_word' id='word_1_266' title='bbox 3612 1870 3771 1941; x_wconf 78' lang='lat' dir='ltr'><strong>igitur</strong></span> 
     </span>
    </p>
   </div>
   <div class='ocr_carea' id='block_1_34' title="bbox 497 1954 2083 2027">
    <p class='ocr_par' dir='ltr' id='par_1_34' title="bbox 497 1954 2083 2027">
     <span class='ocr_line' id='line_1_34' title="bbox 497 1954 2083 2027; baseline -0.003 -18"><span class='ocrx_word' id='word_1_267' title='bbox 497 1958 689 2011; x_wconf 77' lang='lat' dir='ltr'><strong>dimisit</strong></span> <span class='ocrx_word' id='word_1_268' title='bbox 720 1974 819 2010; x_wconf 84' lang='lat' dir='ltr'><strong>non</strong></span> <span class='ocrx_word' id='word_1_269' title='bbox 841 1958 1123 2027; x_wconf 81' lang='lat' dir='ltr'><strong>subjectum</strong></span> <span class='ocrx_word' id='word_1_270' title='bbox 1146 1957 1209 2011; x_wconf 87' lang='lat' dir='ltr'><strong>ei.</strong></span> <span class='ocrx_word' id='word_1_271' title='bbox 1238 1955 1392 2009; x_wconf 81' lang='lat' dir='ltr'><strong>Nunc</strong></span> <span class='ocrx_word' id='word_1_272' title='bbox 1418 1962 1586 2007; x_wconf 83' lang='lat' dir='ltr'><strong>autent</strong></span> <span class='ocrx_word' id='word_1_273' title='bbox 1613 1954 1825 2008; x_wconf 87' lang='lat' dir='ltr'><strong>necdum</strong></span> <span class='ocrx_word' id='word_1_274' title='bbox 1854 1954 2083 2007; x_wconf 75' lang='lat' dir='ltr'><strong>videmus</strong></span> 
     </span>
    </p>
   </div>
   <div class='ocr_carea' id='block_1_35' title="bbox 498 2045 2084 2120">
    <p class='ocr_par' dir='ltr' id='par_1_35' title="bbox 498 2045 2084 2120">
     <span class='ocr_line' id='line_1_35' title="bbox 498 2045 2084 2120; baseline -0.002 -20"><span class='ocrx_word' id='word_1_275' title='bbox 498 2050 671 2102; x_wconf 80' lang='lat' dir='ltr'><strong>omnia</strong></span> <span class='ocrx_word' id='word_1_276' title='bbox 697 2050 922 2120; x_wconf 84' lang='lat' dir='ltr'><strong>subjecta</strong></span> <span class='ocrx_word' id='word_1_277' title='bbox 948 2050 1015 2102; x_wconf 86' lang='lat' dir='ltr'><strong>ei.</strong></span> <span class='ocrx_word' id='word_1_278' title='bbox 1048 2047 1183 2100; x_wconf 83' lang='lat' dir='ltr'><strong>Eum</strong></span> <span class='ocrx_word' id='word_1_279' title='bbox 1204 2048 1292 2117; x_wconf 84' lang='lat' dir='ltr'><strong>qui</strong></span> <span class='ocrx_word' id='word_1_280' title='bbox 1320 2047 1519 2100; x_wconf 83' lang='lat' dir='ltr'><strong>modico</strong></span> <span class='ocrx_word' id='word_1_281' title='bbox 1547 2062 1700 2112; x_wconf 87' lang='lat' dir='ltr'><strong>quam</strong></span> <span class='ocrx_word' id='word_1_282' title='bbox 1728 2045 1895 2109; x_wconf 80' lang='lat' dir='ltr'><strong>angeli</strong></span> <span class='ocrx_word' id='word_1_283' title='bbox 1920 2045 2084 2097; x_wconf 87' lang='lat' dir='ltr'><strong>mino-</strong></span> 
     </span>
    </p>
   </div>
   <div class='ocr_carea' id='block_1_36' title="bbox 496 2136 2083 2209">
    <p class='ocr_par' dir='ltr' id='par_1_36' title="bbox 496 2136 2083 2209">
     <span class='ocr_line' id='line_1_36' title="bbox 496 2136 2083 2209; baseline -0.001 -18"><span class='ocrx_word' id='word_1_284' title='bbox 496 2148 636 2193; x_wconf 81' lang='lat' dir='ltr'><strong>rottts</strong></span> <span class='ocrx_word' id='word_1_285' title='bbox 686 2149 792 2205; x_wconf 83' lang='lat' dir='ltr'><strong>est,</strong></span> <span class='ocrx_word' id='word_1_286' title='bbox 837 2140 1063 2192; x_wconf 77' lang='lat' dir='ltr'><strong>uidemus</strong></span> <span class='ocrx_word' id='word_1_287' title='bbox 1101 2137 1281 2191; x_wconf 79' lang='lat' dir='ltr'><strong>Jesum</strong></span> <span class='ocrx_word' id='word_1_288' title='bbox 1329 2146 1537 2209; x_wconf 80' lang='lat' dir='ltr'><strong>propter</strong></span> <span class='ocrx_word' id='word_1_289' title='bbox 1581 2138 1867 2207; x_wconf 78' lang='lat' dir='ltr'><strong>passionem</strong></span> <span class='ocrx_word' id='word_1_290' title='bbox 1905 2136 2083 2189; x_wconf 78' lang='lat' dir='ltr'><strong>mortis</strong></span> 
     </span>
    </p>
   </div>
   <div class='ocr_carea' id='block_1_37' title="bbox 496 2216 2082 2300">
    <p class='ocr_par' dir='ltr' id='par_1_37' title="bbox 496 2216 2082 2300">
     <span class='ocr_line' id='line_1_37' title="bbox 496 2216 2082 2300; baseline 0.002 -22"><span class='ocrx_word' id='word_1_291' title='bbox 496 2226 665 2296; x_wconf 78' lang='lat' dir='ltr'><strong>gloria</strong></span> <span class='ocrx_word' id='word_1_292' title='bbox 690 2236 738 2282; x_wconf 85' lang='lat' dir='ltr'><strong>et</strong></span> <span class='ocrx_word' id='word_1_293' title='bbox 764 2229 956 2283; x_wconf 85' lang='lat' dir='ltr'><strong>honoro</strong></span> <span class='ocrx_word' id='word_1_294' title='bbox 985 2239 1307 2293; x_wconf 83' lang='lat' dir='ltr'><strong>coronatum,</strong></span> <span class='ocrx_word' id='word_1_295' title='bbox 1336 2216 1391 2281; x_wconf 83' lang='lat' dir='ltr'><strong>ut</strong></span> <span class='ocrx_word' id='word_1_296' title='bbox 1413 2227 1580 2300; x_wconf 88' lang='lat' dir='ltr'><strong>gratia</strong></span> <span class='ocrx_word' id='word_1_297' title='bbox 1607 2228 1705 2283; x_wconf 86' lang='lat' dir='ltr'><strong>Dei</strong></span> <span class='ocrx_word' id='word_1_298' title='bbox 1732 2244 1825 2300; x_wconf 85' lang='lat' dir='ltr'><strong>pro</strong></span> <span class='ocrx_word' id='word_1_299' title='bbox 1850 2228 2082 2282; x_wconf 74' lang='lat' dir='ltr'><strong>omnibus</strong></span> 
     </span>
    </p>
   </div>
   <div class='ocr_carea' id='block_1_38' title="bbox 498 2320 2084 2390">
    <p class='ocr_par' dir='ltr' id='par_1_38' title="bbox 498 2320 2084 2390">
     <span class='ocr_line' id='line_1_38' title="bbox 498 2320 2084 2390; baseline 0.003 -18"><span class='ocrx_word' id='word_1_300' title='bbox 498 2330 720 2388; x_wconf 78' lang='lat' dir='ltr'><strong>gustaret</strong></span> <span class='ocrx_word' id='word_1_301' title='bbox 750 2329 983 2375; x_wconf 82' lang='lat' dir='ltr'><strong>mortem.</strong></span> <span class='ocrx_word' id='word_1_302' title='bbox 1016 2320 1272 2375; x_wconf 86' lang='lat' dir='ltr'><strong>Tractans</strong></span> <span class='ocrx_word' id='word_1_303' title='bbox 1298 2335 1424 2390; x_wconf 81' lang='lat' dir='ltr'><strong>ergo</strong></span> <span class='ocrx_word' id='word_1_304' title='bbox 1455 2322 1739 2375; x_wconf 85' lang='lat' dir='ltr'><strong>memorati</strong></span> <span class='ocrx_word' id='word_1_305' title='bbox 1782 2322 1964 2390; x_wconf 76' lang='lat' dir='ltr'><strong>operis</strong></span> <span class='ocrx_word' id='word_1_306' title='bbox 1990 2337 2084 2377; x_wconf 87' lang='lat' dir='ltr'><strong>au-</strong></span> 
     </span>
    </p>
   </div>
   <div class='ocr_carea' id='block_1_39' title="bbox 499 2404 2081 2482">
    <p class='ocr_par' dir='ltr' id='par_1_39' title="bbox 499 2404 2081 2482">
     <span class='ocr_line' id='line_1_39' title="bbox 499 2404 2081 2482; baseline 0.001 -16"><span class='ocrx_word' id='word_1_307' title='bbox 499 2424 616 2466; x_wconf 84' lang='lat' dir='ltr'><strong>ClOI‘</strong></span> <span class='ocrx_word' id='word_1_308' title='bbox 644 2413 742 2467; x_wconf 91' lang='lat' dir='ltr'><strong>hoc</strong></span> <span class='ocrx_word' id='word_1_309' title='bbox 773 2413 1165 2478; x_wconf 85' lang='lat' dir='ltr'><strong>testimonium,</strong></span> <span class='ocrx_word' id='word_1_310' title='bbox 1197 2428 1259 2468; x_wconf 91' lang='lat' dir='ltr'><strong>ea</strong></span> <span class='ocrx_word' id='word_1_311' title='bbox 1290 2428 1407 2480; x_wconf 76' lang='lat' dir='ltr'><strong>quae</strong></span> <span class='ocrx_word' id='word_1_312' title='bbox 1449 2413 1737 2481; x_wconf 78' lang='lat' dir='ltr'><strong>Apostolus</strong></span> <span class='ocrx_word' id='word_1_313' title='bbox 1764 2404 2081 2482; x_wconf 84' lang='lat' dir='ltr'><strong>prophetam</strong></span> 
     </span>
    </p>
   </div>
   <div class='ocr_carea' id='block_1_40' title="bbox 500 2500 2086 2571">
    <p class='ocr_par' dir='ltr' id='par_1_40' title="bbox 500 2500 2086 2571">
     <span class='ocr_line' id='line_1_40' title="bbox 500 2500 2086 2571; baseline 0.003 -16"><span class='ocrx_word' id='word_1_314' title='bbox 500 2502 567 2555; x_wconf 86' lang='lat' dir='ltr'><strong>de</strong></span> <span class='ocrx_word' id='word_1_315' title='bbox 610 2503 819 2557; x_wconf 81' lang='lat' dir='ltr'><strong>Christo</strong></span> <span class='ocrx_word' id='word_1_316' title='bbox 864 2503 1176 2571; x_wconf 68' lang='lat' dir='ltr'><strong>prmdixisse</strong></span> <span class='ocrx_word' id='word_1_317' title='bbox 1222 2512 1468 2569; x_wconf 76' lang='lat' dir='ltr'><strong>testatur,</strong></span> <span class='ocrx_word' id='word_1_318' title='bbox 1514 2502 1582 2558; x_wconf 90' lang='lat' dir='ltr'><strong>de</strong></span> <span class='ocrx_word' id='word_1_319' title='bbox 1632 2502 1750 2558; x_wconf 90' lang='lat' dir='ltr'><strong>aliis</strong></span> <span class='ocrx_word' id='word_1_320' title='bbox 1796 2500 2086 2559; x_wconf 89' lang='lat' dir='ltr'><strong>afﬁrmavit</strong></span> 
     </span>
    </p>
   </div>
   <div class='ocr_carea' id='block_1_41' title="bbox 500 2594 2086 2664">
    <p class='ocr_par' dir='ltr' id='par_1_41' title="bbox 500 2594 2086 2664">
     <span class='ocr_line' id='line_1_41' title="bbox 500 2594 2086 2664; baseline 0.002 -17"><span class='ocrx_word' id='word_1_321' title='bbox 500 2595 701 2663; x_wconf 74' lang='lat' dir='ltr'><strong>scripta</strong></span> <span class='ocrx_word' id='word_1_322' title='bbox 729 2609 848 2650; x_wconf 82' lang='lat' dir='ltr'><strong>esse</strong></span> <span class='ocrx_word' id='word_1_323' title='bbox 876 2596 1118 2664; x_wconf 84' lang='lat' dir='ltr'><strong>personis</strong></span> <span class='ocrx_word' id='word_1_324' title='bbox 1152 2614 1165 2651; x_wconf 90' lang='lat'><strong>:</strong></span> <span class='ocrx_word' id='word_1_325' title='bbox 1213 2597 1308 2650; x_wconf 84' lang='lat' dir='ltr'><strong>sed</strong></span> <span class='ocrx_word' id='word_1_326' title='bbox 1335 2595 1403 2649; x_wconf 79' lang='lat' dir='ltr'><strong>ab</strong></span> <span class='ocrx_word' id='word_1_327' title='bbox 1429 2594 1615 2650; x_wconf 88' lang='lat' dir='ltr'><strong>eodem</strong></span> <span class='ocrx_word' id='word_1_328' title='bbox 1645 2595 1887 2664; x_wconf 84' lang='lat' dir='ltr'><strong>apostolo</strong></span> <span class='ocrx_word' id='word_1_329' title='bbox 1917 2596 2086 2650; x_wconf 87' lang='lat' dir='ltr'><strong>artiﬁ-</strong></span> 
     </span>
    </p>
   </div>
   <div class='ocr_carea' id='block_1_42' title="bbox 498 2686 2124 2755">
    <p class='ocr_par' dir='ltr' id='par_1_42' title="bbox 498 2686 2124 2755">
     <span class='ocr_line' id='line_1_42' title="bbox 498 2686 2124 2755; baseline 0.003 -16"><span class='ocrx_word' id='word_1_330' title='bbox 498 2686 644 2740; x_wconf 82' lang='lat' dir='ltr'><strong>ciose</strong></span> <span class='ocrx_word' id='word_1_331' title='bbox 697 2687 764 2741; x_wconf 90' lang='lat' dir='ltr'><strong>ad</strong></span> <span class='ocrx_word' id='word_1_332' title='bbox 818 2686 1261 2742; x_wconf 82' lang='lat' dir='ltr'><strong>manliestandum</strong></span> <span class='ocrx_word' id='word_1_333' title='bbox 1336 2686 1535 2741; x_wconf 83' lang='lat' dir='ltr'><strong>Christi</strong></span> <span class='ocrx_word' id='word_1_334' title='bbox 1588 2687 1905 2755; x_wconf 85' lang='lat' dir='ltr'><strong>mysterium</strong></span> <span class='ocrx_word' id='word_1_335' title='bbox 1962 2701 2124 2753; x_wconf 31' lang='lat' dir='ltr'><strong>esse.</strong></span> 
     </span>
    </p>
   </div>
   <div class='ocr_carea' id='block_1_43' title="bbox 502 2777 2083 2848">
    <p class='ocr_par' dir='ltr' id='par_1_43' title="bbox 502 2777 2083 2848">
     <span class='ocr_line' id='line_1_43' title="bbox 502 2777 2083 2848; baseline 0.003 -18"><span class='ocrx_word' id='word_1_336' title='bbox 502 2778 774 2832; x_wconf 87' lang='lat' dir='ltr'><strong>translata.</strong></span> <span class='ocrx_word' id='word_1_337' title='bbox 821 2779 911 2833; x_wconf 87' lang='lat' dir='ltr'><strong>Ait</strong></span> <span class='ocrx_word' id='word_1_338' title='bbox 951 2779 1136 2833; x_wconf 85' lang='lat' dir='ltr'><strong>enim:</strong></span> <span class='ocrx_word' id='word_1_339' title='bbox 1177 2798 1195 2830; x_wconf 77' lang='grc' dir='ltr'><strong>ι</strong></span> <span class='ocrx_word' id='word_1_340' title='bbox 1227 2778 1421 2834; x_wconf 81' lang='lat' dir='ltr'><strong>Paulus</strong></span> <span class='ocrx_word' id='word_1_341' title='bbox 1462 2786 1638 2832; x_wconf 85' lang='lat' dir='ltr'><strong>autem</strong></span> <span class='ocrx_word' id='word_1_342' title='bbox 1671 2777 1826 2834; x_wconf 84' lang='lat' dir='ltr'><strong>valde</strong></span> <span class='ocrx_word' id='word_1_343' title='bbox 1871 2779 2083 2848; x_wconf 87' lang='lat' dir='ltr'><strong>sapiens</strong></span> 
     </span>
    </p>
   </div>
   <div class='ocr_carea' id='block_1_44' title="bbox 498 2866 2083 2940">
    <p class='ocr_par' dir='ltr' id='par_1_44' title="bbox 498 2866 2083 2940">
     <span class='ocr_line' id='line_1_44' title="bbox 498 2866 2083 2940; baseline 0.004 -20"><span class='ocrx_word' id='word_1_344' title='bbox 498 2866 709 2932; x_wconf 70' lang='lat' dir='ltr'><strong>artifex,</strong></span> <span class='ocrx_word' id='word_1_345' title='bbox 742 2870 806 2923; x_wconf 83' lang='lat' dir='ltr'><strong>ad</strong></span> <span class='ocrx_word' id='word_1_346' title='bbox 838 2869 1279 2925; x_wconf 88' lang='lat' dir='ltr'><strong>introducendum</strong></span> <span class='ocrx_word' id='word_1_347' title='bbox 1307 2870 1487 2924; x_wconf 86' lang='lat' dir='ltr'><strong>divina</strong></span> <span class='ocrx_word' id='word_1_348' title='bbox 1511 2870 1785 2940; x_wconf 79' lang='lat' dir='ltr'><strong>mysteria,</strong></span> <span class='ocrx_word' id='word_1_349' title='bbox 1808 2870 1970 2925; x_wconf 87' lang='lat' dir='ltr'><strong>etiam</strong></span> <span class='ocrx_word' id='word_1_350' title='bbox 1992 2871 2083 2928; x_wconf 86' lang='lat' dir='ltr'><strong>illa</strong></span> 
     </span>
    </p>
   </div>
   <div class='ocr_carea' id='block_1_45' title="bbox 500 2960 2077 3030">
    <p class='ocr_par' dir='ltr' id='par_1_45' title="bbox 500 2960 2077 3030">
     <span class='ocr_line' id='line_1_45' title="bbox 500 2960 2077 3030; baseline 0.003 -19"><span class='ocrx_word' id='word_1_351' title='bbox 500 2974 619 3025; x_wconf 74' lang='lat' dir='ltr'><strong>qua:</strong></span> <span class='ocrx_word' id='word_1_352' title='bbox 647 2960 714 3015; x_wconf 90' lang='lat' dir='ltr'><strong>de</strong></span> <span class='ocrx_word' id='word_1_353' title='bbox 743 2960 1005 3029; x_wconf 86' lang='lat' dir='ltr'><strong>aliquibus</strong></span> <span class='ocrx_word' id='word_1_354' title='bbox 1029 2960 1152 3015; x_wconf 88' lang='lat' dir='ltr'><strong>aliis</strong></span> <span class='ocrx_word' id='word_1_355' title='bbox 1176 2960 1317 3015; x_wconf 85' lang='lat' dir='ltr'><strong>dicta</strong></span> <span class='ocrx_word' id='word_1_356' title='bbox 1347 2969 1470 3015; x_wconf 92' lang='lat' dir='ltr'><strong>sunt</strong></span> <span class='ocrx_word' id='word_1_357' title='bbox 1500 2960 1553 3014; x_wconf 91' lang='lat' dir='ltr'><strong>in</strong></span> <span class='ocrx_word' id='word_1_358' title='bbox 1577 2961 1851 3030; x_wconf 86' lang='lat' dir='ltr'><strong>Scriptura</strong></span> <span class='ocrx_word' id='word_1_359' title='bbox 1877 2961 2077 3030; x_wconf 89' lang='lat' dir='ltr'><strong>divina,</strong></span> 
     </span>
    </p>
   </div>
   <div class='ocr_carea' id='block_1_46' title="bbox 499 3050 2079 3123">
    <p class='ocr_par' dir='ltr' id='par_1_46' title="bbox 499 3050 2079 3123">
     <span class='ocr_line' id='line_1_46' title="bbox 499 3050 2079 3123; baseline 0.003 -19"><span class='ocrx_word' id='word_1_360' title='bbox 499 3052 782 3119; x_wconf 82' lang='lat' dir='ltr'><strong>aliquoties</strong></span> <span class='ocrx_word' id='word_1_361' title='bbox 825 3052 891 3108; x_wconf 88' lang='lat' dir='ltr'><strong>ad</strong></span> <span class='ocrx_word' id='word_1_362' title='bbox 937 3050 1382 3107; x_wconf 80' lang='lat' dir='ltr'><strong>manifestandum</strong></span> <span class='ocrx_word' id='word_1_363' title='bbox 1420 3051 1619 3106; x_wconf 87' lang='lat' dir='ltr'><strong>Christi</strong></span> <span class='ocrx_word' id='word_1_364' title='bbox 1661 3063 2079 3123; x_wconf 85' lang='lat' dir='ltr'><strong>sacramentum,</strong></span> 
     </span>
    </p>
   </div>
   <div class='ocr_carea' id='block_1_47' title="bbox 501 3143 2077 3214">
    <p class='ocr_par' dir='ltr' id='par_1_47' title="bbox 501 3143 2077 3214">
     <span class='ocr_line' id='line_1_47' title="bbox 501 3143 2077 3214; baseline 0.002 -19"><span class='ocrx_word' id='word_1_365' title='bbox 501 3144 721 3198; x_wconf 85' lang='lat' dir='ltr'><strong>inducit.</strong></span> <span class='ocrx_word' id='word_1_366' title='bbox 752 3143 1128 3199; x_wconf 85' lang='lat' dir='ltr'><strong>Verumtamen</strong></span> <span class='ocrx_word' id='word_1_367' title='bbox 1155 3160 1263 3198; x_wconf 88' lang='lat' dir='ltr'><strong>non</strong></span> <span class='ocrx_word' id='word_1_368' title='bbox 1287 3158 1349 3198; x_wconf 87' lang='lat' dir='ltr'><strong>ea</strong></span> <span class='ocrx_word' id='word_1_369' title='bbox 1376 3154 1586 3213; x_wconf 89' lang='lat' dir='ltr'><strong>separat</strong></span> <span class='ocrx_word' id='word_1_370' title='bbox 1611 3144 1677 3199; x_wconf 91' lang='lat' dir='ltr'><strong>ab</strong></span> <span class='ocrx_word' id='word_1_371' title='bbox 1698 3144 1803 3199; x_wconf 91' lang='lat' dir='ltr'><strong>illis</strong></span> <span class='ocrx_word' id='word_1_372' title='bbox 1832 3146 2077 3214; x_wconf 86' lang='lat' dir='ltr'><strong>personis</strong></span> 
     </span>
    </p>
   </div>
   <div class='ocr_carea' id='block_1_48' title="bbox 500 3203 2155 3305">
    <p class='ocr_par' dir='ltr' id='par_1_48' title="bbox 500 3203 2155 3305">
     <span class='ocr_line' id='line_1_48' title="bbox 500 3203 2155 3305; baseline 0.001 -16"><span class='ocrx_word' id='word_1_373' title='bbox 500 3236 553 3289; x_wconf 90' lang='lat' dir='ltr'><strong>in</strong></span> <span class='ocrx_word' id='word_1_374' title='bbox 582 3250 716 3305; x_wconf 91' lang='lat' dir='ltr'><strong>quas</strong></span> <span class='ocrx_word' id='word_1_375' title='bbox 745 3236 885 3290; x_wconf 88' lang='lat' dir='ltr'><strong>dicta</strong></span> <span class='ocrx_word' id='word_1_376' title='bbox 911 3250 1031 3291; x_wconf 89' lang='lat' dir='ltr'><strong>esse</strong></span> <span class='ocrx_word' id='word_1_377' title='bbox 1061 3237 1453 3305; x_wconf 80' lang='lat' dir='ltr'><strong>cognoscimus,</strong></span> <span class='ocrx_word' id='word_1_378' title='bbox 1483 3235 1576 3290; x_wconf 90' lang='lat' dir='ltr'><strong>sed</strong></span> <span class='ocrx_word' id='word_1_379' title='bbox 1607 3250 1781 3304; x_wconf 90' lang='lat' dir='ltr'><strong>neque</strong></span> <span class='ocrx_word' id='word_1_380' title='bbox 1806 3237 1986 3290; x_wconf 88' lang='lat' dir='ltr'><strong>omnia</strong></span> <span class='ocrx_word' id='word_1_381' title='bbox 2016 3237 2079 3291; x_wconf 71' lang='grc' dir='ltr'><strong>ιι.</strong></span> <span class='ocrx_word' id='word_1_382' title='bbox 2111 3203 2155 3262; x_wconf 72' lang='lat' dir='ltr'>c</span> 
     </span>
    </p>
   </div>
   <div class='ocr_carea' id='block_1_49' title="bbox 500 3326 2080 3397">
    <p class='ocr_par' dir='ltr' id='par_1_49' title="bbox 500 3326 2080 3397">
     <span class='ocr_line' id='line_1_49' title="bbox 500 3326 2080 3397; baseline 0.001 -16"><span class='ocrx_word' id='word_1_383' title='bbox 500 3328 672 3382; x_wconf 86' lang='lat' dir='ltr'><strong>lorum</strong></span> <span class='ocrx_word' id='word_1_384' title='bbox 715 3328 781 3381; x_wconf 89' lang='lat' dir='ltr'><strong>ad</strong></span> <span class='ocrx_word' id='word_1_385' title='bbox 809 3327 1078 3382; x_wconf 84' lang='lat' dir='ltr'><strong>Christum</strong></span> <span class='ocrx_word' id='word_1_386' title='bbox 1105 3327 1329 3395; x_wconf 72' lang='lat' dir='ltr'><strong>redigit;</strong></span> <span class='ocrx_word' id='word_1_387' title='bbox 1370 3341 1552 3381; x_wconf 86' lang='lat' dir='ltr'><strong>verum</strong></span> <span class='ocrx_word' id='word_1_388' title='bbox 1596 3326 1827 3397; x_wconf 84' lang='lat' dir='ltr'><strong>aliquam</strong></span> <span class='ocrx_word' id='word_1_389' title='bbox 1875 3335 2080 3396; x_wconf 87' lang='lat' dir='ltr'><strong>partem</strong></span> 
     </span>
    </p>
   </div>
   <div class='ocr_carea' id='block_1_50' title="bbox 503 3412 2081 3491">
    <p class='ocr_par' dir='ltr' id='par_1_50' title="bbox 503 3412 2081 3491">
     <span class='ocr_line' id='line_1_50' title="bbox 503 3412 2081 3491; baseline 0 -16"><span class='ocrx_word' id='word_1_390' title='bbox 503 3422 776 3476; x_wconf 88' lang='lat' dir='ltr'><strong>minimam</strong></span> <span class='ocrx_word' id='word_1_391' title='bbox 819 3421 1099 3490; x_wconf 70' lang='lat' dir='ltr'><strong>afiquoties</strong></span> <span class='ocrx_word' id='word_1_392' title='bbox 1140 3421 1392 3491; x_wconf 88' lang='lat' dir='ltr'><strong>suscipit,</strong></span> <span class='ocrx_word' id='word_1_393' title='bbox 1432 3435 1590 3490; x_wconf 86' lang='lat' dir='ltr'><strong>quam</strong></span> <span class='ocrx_word' id='word_1_394' title='bbox 1622 3421 1736 3488; x_wconf 88' lang='lat' dir='ltr'><strong>ipse</strong></span> <span class='ocrx_word' id='word_1_395' title='bbox 1767 3412 1934 3489; x_wconf 85' lang='lat' dir='ltr'><strong>possit</strong></span> <span class='ocrx_word' id='word_1_396' title='bbox 1963 3420 2081 3475; x_wconf 87' lang='lat' dir='ltr'><strong>sine</strong></span> 
     </span>
    </p>
   </div>
   <div class='ocr_carea' id='block_1_51' title="bbox 501 3509 2076 3582">
    <p class='ocr_par' dir='ltr' id='par_1_51' title="bbox 501 3509 2076 3582">
     <span class='ocr_line' id='line_1_51' title="bbox 501 3509 2076 3582; baseline 0.001 -16"><span class='ocrx_word' id='word_1_397' title='bbox 501 3513 610 3568; x_wconf 88' lang='lat' dir='ltr'><strong>ullo</strong></span> <span class='ocrx_word' id='word_1_398' title='bbox 640 3513 872 3579; x_wconf 87' lang='lat' dir='ltr'><strong>periculo</strong></span> <span class='ocrx_word' id='word_1_399' title='bbox 892 3513 1178 3567; x_wconf 88' lang='lat' dir='ltr'><strong>artiﬁciose</strong></span> <span class='ocrx_word' id='word_1_400' title='bbox 1199 3513 1263 3566; x_wconf 89' lang='lat' dir='ltr'><strong>ad</strong></span> <span class='ocrx_word' id='word_1_401' title='bbox 1285 3528 1439 3567; x_wconf 86' lang='lat' dir='ltr'><strong>suum</strong></span> <span class='ocrx_word' id='word_1_402' title='bbox 1462 3509 1664 3567; x_wconf 83' lang='lat' dir='ltr'><strong>referre</strong></span> <span class='ocrx_word' id='word_1_403' title='bbox 1686 3515 2040 3582; x_wconf 89' lang='lat' dir='ltr'><strong>propositum.</strong></span> <span class='ocrx_word' id='word_1_404' title='bbox 2055 3529 2076 3567; x_wconf 71' lang='grc' dir='ltr'><strong>ι</strong></span> 
     </span>
    </p>
   </div>
   <div class='ocr_carea' id='block_1_52' title="bbox 502 3603 2083 3681">
    <p class='ocr_par' dir='ltr' id='par_1_52' title="bbox 502 3603 2083 3681">
     <span class='ocr_line' id='line_1_52' title="bbox 502 3603 2083 3681; baseline 0.002 -24"><span class='ocrx_word' id='word_1_405' title='bbox 502 3604 629 3658; x_wconf 70' lang='grc' dir='ltr'><strong>ΙΙωο</strong></span> <span class='ocrx_word' id='word_1_406' title='bbox 653 3614 828 3659; x_wconf 90' lang='lat' dir='ltr'><strong>utrum</strong></span> <span class='ocrx_word' id='word_1_407' title='bbox 860 3605 997 3661; x_wconf 85' lang='lat' dir='ltr'><strong>beati</strong></span> <span class='ocrx_word' id='word_1_408' title='bbox 1026 3603 1209 3681; x_wconf 86' lang='lat' dir='ltr'><strong>Cyrilli</strong></span> <span class='ocrx_word' id='word_1_409' title='bbox 1238 3620 1304 3659; x_wconf 88' lang='lat' dir='ltr'><strong>an</strong></span> <span class='ocrx_word' id='word_1_410' title='bbox 1332 3604 1552 3660; x_wconf 86' lang='lat' dir='ltr'><strong>alterius</strong></span> <span class='ocrx_word' id='word_1_411' title='bbox 1578 3619 1700 3660; x_wconf 84' lang='lat' dir='ltr'><strong>esse</strong></span> <span class='ocrx_word' id='word_1_412' title='bbox 1728 3605 1912 3670; x_wconf 82' lang='lat' dir='ltr'><strong>velint,</strong></span> <span class='ocrx_word' id='word_1_413' title='bbox 1937 3605 2083 3675; x_wconf 79' lang='lat' dir='ltr'><strong>ipso-</strong></span> 
     </span>
    </p>
   </div>
   <div class='ocr_carea' id='block_1_53' title="bbox 502 3683 2078 3766">
    <p class='ocr_par' dir='ltr' id='par_1_53' title="bbox 502 3683 2078 3766">
     <span class='ocr_line' id='line_1_53' title="bbox 502 3683 2078 3766; baseline 0.003 -17"><span class='ocrx_word' id='word_1_414' title='bbox 502 3692 620 3749; x_wconf 85' lang='lat' dir='ltr'><strong>rum</strong></span> <span class='ocrx_word' id='word_1_415' title='bbox 648 3696 867 3750; x_wconf 89' lang='lat' dir='ltr'><strong>arbitrio</strong></span> <span class='ocrx_word' id='word_1_416' title='bbox 912 3683 1269 3766; x_wconf 81' lang='lat' dir='ltr'><strong>permittimus</strong></span> <span class='ocrx_word' id='word_1_417' title='bbox 1297 3696 1621 3764; x_wconf 75' lang='lat' dir='ltr'><strong>eligendum.</strong></span> <span class='ocrx_word' id='word_1_418' title='bbox 1665 3694 1798 3751; x_wconf 85' lang='lat' dir='ltr'><strong>Nam</strong></span> <span class='ocrx_word' id='word_1_419' title='bbox 1847 3698 1890 3752; x_wconf 90' lang='lat' dir='ltr'><strong>si</strong></span> <span class='ocrx_word' id='word_1_420' title='bbox 1938 3698 2078 3754; x_wconf 88' lang='lat' dir='ltr'><strong>beati</strong></span> 
     </span>
    </p>
   </div>
   <div class='ocr_carea' id='block_1_54' title="bbox 499 3787 2081 3859">
    <p class='ocr_par' dir='ltr' id='par_1_54' title="bbox 499 3787 2081 3859">
     <span class='ocr_line' id='line_1_54' title="bbox 499 3787 2081 3859; baseline 0.001 -18"><span class='ocrx_word' id='word_1_421' title='bbox 499 3788 681 3858; x_wconf 81' lang='lat' dir='ltr'><strong>CyriIli</strong></span> <span class='ocrx_word' id='word_1_422' title='bbox 729 3796 886 3853; x_wconf 88' lang='lat' dir='ltr'><strong>sunt,</strong></span> <span class='ocrx_word' id='word_1_423' title='bbox 933 3797 987 3843; x_wconf 91' lang='lat' dir='ltr'><strong>et</strong></span> <span class='ocrx_word' id='word_1_424' title='bbox 1031 3787 1078 3843; x_wconf 84' lang='lat' dir='ltr'><strong>si</strong></span> <span class='ocrx_word' id='word_1_425' title='bbox 1123 3788 1215 3859; x_wconf 89' lang='lat' dir='ltr'><strong>qui</strong></span> <span class='ocrx_word' id='word_1_426' title='bbox 1255 3788 1567 3858; x_wconf 89' lang='lat' dir='ltr'><strong>pr0phetice</strong></span> <span class='ocrx_word' id='word_1_427' title='bbox 1603 3788 1743 3845; x_wconf 89' lang='lat' dir='ltr'><strong>dicta</strong></span> <span class='ocrx_word' id='word_1_428' title='bbox 1795 3790 2081 3845; x_wconf 84' lang='lat' dir='ltr'><strong>moraliter</strong></span> 
     </span>
    </p>
   </div>
   <div class='ocr_carea' id='block_1_55' title="bbox 501 3879 2077 3949">
    <p class='ocr_par' dir='ltr' id='par_1_55' title="bbox 501 3879 2077 3949">
     <span class='ocr_line' id='line_1_55' title="bbox 501 3879 2077 3949; baseline 0.003 -16"><span class='ocrx_word' id='word_1_429' title='bbox 501 3896 713 3949; x_wconf 75' lang='lat' dir='ltr'><strong>quoque</strong></span> <span class='ocrx_word' id='word_1_430' title='bbox 759 3880 1095 3949; x_wconf 89' lang='lat' dir='ltr'><strong>tractaverit,</strong></span> <span class='ocrx_word' id='word_1_431' title='bbox 1129 3880 1416 3935; x_wconf 67' lang='lat' dir='ltr'><strong>haereticus</strong></span> <span class='ocrx_word' id='word_1_432' title='bbox 1459 3889 1541 3935; x_wconf 86' lang='lat' dir='ltr'><strong>est</strong></span> <span class='ocrx_word' id='word_1_433' title='bbox 1566 3881 1856 3948; x_wconf 90' lang='lat' dir='ltr'><strong>dicendus;</strong></span> <span class='ocrx_word' id='word_1_434' title='bbox 1908 3879 2077 3938; x_wconf 59' lang='lat' dir='ltr'><strong>nﬁlto</strong></span> 
     </span>
    </p>
   </div>
   <div class='ocr_carea' id='block_1_56' title="bbox 500 3969 2078 4047">
    <p class='ocr_par' dir='ltr' id='par_1_56' title="bbox 500 3969 2078 4047">
     <span class='ocr_line' id='line_1_56' title="bbox 500 3969 2078 4047; baseline 0.004 -24"><span class='ocrx_word' id='word_1_435' title='bbox 500 3972 668 4038; x_wconf 64' lang='lat' dir='ltr'><strong>magis</strong></span> <span class='ocrx_word' id='word_1_436' title='bbox 689 3969 861 4047; x_wconf 84' lang='lat' dir='ltr'><strong>ipsum</strong></span> <span class='ocrx_word' id='word_1_437' title='bbox 890 3970 1198 4026; x_wconf 74' lang='lat' dir='ltr'><strong>luereticum</strong></span> <span class='ocrx_word' id='word_1_438' title='bbox 1225 3971 1390 4027; x_wconf 79' lang='lat' dir='ltr'><strong>fuisse</strong></span> <span class='ocrx_word' id='word_1_439' title='bbox 1428 3978 1766 4038; x_wconf 61' lang='lat' dir='ltr'><strong>alsseverant,</strong></span> <span class='ocrx_word' id='word_1_440' title='bbox 1797 3974 1886 4043; x_wconf 90' lang='lat' dir='ltr'><strong>qui</strong></span> <span class='ocrx_word' id='word_1_441' title='bbox 1915 3988 2078 4043; x_wconf 88' lang='lat' dir='ltr'><strong>supe—</strong></span> 
     </span>
    </p>
   </div>
   <div class='ocr_carea' id='block_1_57' title="bbox 500 4060 2079 4133">
    <p class='ocr_par' dir='ltr' id='par_1_57' title="bbox 500 4060 2079 4133">
     <span class='ocr_line' id='line_1_57' title="bbox 500 4060 2079 4133; baseline 0.003 -20"><span class='ocrx_word' id='word_1_442' title='bbox 500 4061 612 4113; x_wconf 90' lang='lat' dir='ltr'><strong>rius</strong></span> <span class='ocrx_word' id='word_1_443' title='bbox 642 4069 931 4114; x_wconf 82' lang='lat' dir='ltr'><strong>memorata</strong></span> <span class='ocrx_word' id='word_1_444' title='bbox 959 4072 1145 4115; x_wconf 89' lang='lat' dir='ltr'><strong>contra</strong></span> <span class='ocrx_word' id='word_1_445' title='bbox 1176 4060 1534 4116; x_wconf 90' lang='lat' dir='ltr'><strong>testimonium</strong></span> <span class='ocrx_word' id='word_1_446' title='bbox 1565 4063 1802 4131; x_wconf 83' lang='lat' dir='ltr'><strong>Apostoli</strong></span> <span class='ocrx_word' id='word_1_447' title='bbox 1826 4079 1929 4117; x_wconf 89' lang='lat' dir='ltr'><strong>non</strong></span> <span class='ocrx_word' id='word_1_448' title='bbox 1956 4079 2079 4133; x_wconf 85' lang='lat' dir='ltr'><strong>pro-</strong></span> 
     </span>
    </p>
   </div>
   <div class='ocr_carea' id='block_1_58' title="bbox 498 4149 2078 4223">
    <p class='ocr_par' dir='ltr' id='par_1_58' title="bbox 498 4149 2078 4223">
     <span class='ocr_line' id='line_1_58' title="bbox 498 4149 2078 4223; baseline 0.005 -21"><span class='ocrx_word' id='word_1_449' title='bbox 498 4150 712 4216; x_wconf 82' lang='lat' dir='ltr'><strong>phetice</strong></span> <span class='ocrx_word' id='word_1_450' title='bbox 737 4150 801 4203; x_wconf 89' lang='lat' dir='ltr'><strong>de</strong></span> <span class='ocrx_word' id='word_1_451' title='bbox 827 4149 1024 4204; x_wconf 88' lang='lat' dir='ltr'><strong>Christi</strong></span> <span class='ocrx_word' id='word_1_452' title='bbox 1066 4160 1423 4216; x_wconf 86' lang='lat' dir='ltr'><strong>sacramento,</strong></span> <span class='ocrx_word' id='word_1_453' title='bbox 1452 4152 1546 4207; x_wconf 88' lang='lat' dir='ltr'><strong>sed</strong></span> <span class='ocrx_word' id='word_1_454' title='bbox 1574 4154 1639 4207; x_wconf 91' lang='lat' dir='ltr'><strong>de</strong></span> <span class='ocrx_word' id='word_1_455' title='bbox 1669 4155 1936 4223; x_wconf 87' lang='lat' dir='ltr'><strong>aliquibus</strong></span> <span class='ocrx_word' id='word_1_456' title='bbox 1960 4154 2078 4211; x_wconf 89' lang='lat' dir='ltr'><strong>aliis</strong></span> 
     </span>
    </p>
   </div>
   <div class='ocr_carea' id='block_1_59' title="bbox 497 4240 2079 4315">
    <p class='ocr_par' dir='ltr' id='par_1_59' title="bbox 497 4240 2079 4315">
     <span class='ocr_line' id='line_1_59' title="bbox 497 4240 2079 4315; baseline 0.006 -24"><span class='ocrx_word' id='word_1_457' title='bbox 497 4242 745 4309; x_wconf 74' lang='lat' dir='ltr'><strong>personis</strong></span> <span class='ocrx_word' id='word_1_458' title='bbox 767 4241 906 4295; x_wconf 86' lang='lat' dir='ltr'><strong>dicta</strong></span> <span class='ocrx_word' id='word_1_459' title='bbox 934 4256 1054 4296; x_wconf 90' lang='lat' dir='ltr'><strong>esse</strong></span> <span class='ocrx_word' id='word_1_460' title='bbox 1080 4240 1380 4297; x_wconf 87' lang='lat' dir='ltr'><strong>conﬁrmat.</strong></span> <span class='ocrx_word' id='word_1_461' title='bbox 1412 4241 1467 4297; x_wconf 89' lang='lat' dir='ltr'><strong>Si</strong></span> <span class='ocrx_word' id='word_1_462' title='bbox 1500 4257 1627 4297; x_wconf 91' lang='lat' dir='ltr'><strong>vero</strong></span> <span class='ocrx_word' id='word_1_463' title='bbox 1655 4246 1821 4315; x_wconf 81' lang='lat' dir='ltr'><strong>magis</strong></span> <span class='ocrx_word' id='word_1_464' title='bbox 1853 4246 1954 4301; x_wconf 88' lang='lat' dir='ltr'><strong>hoc</strong></span> <span class='ocrx_word' id='word_1_465' title='bbox 1981 4248 2079 4301; x_wconf 91' lang='lat' dir='ltr'><strong>eli-</strong></span> 
     </span>
    </p>
   </div>
   <div class='ocr_carea' id='block_1_60' title="bbox 493 4330 2079 4405">
    <p class='ocr_par' dir='ltr' id='par_1_60' title="bbox 493 4330 2079 4405">
     <span class='ocr_line' id='line_1_60' title="bbox 493 4330 2079 4405; baseline 0.003 -19"><span class='ocrx_word' id='word_1_466' title='bbox 493 4340 690 4402; x_wconf 66' lang='lat' dir='ltr'><strong>gerent</strong></span> <span class='ocrx_word' id='word_1_467' title='bbox 719 4332 932 4397; x_wconf 87' lang='lat' dir='ltr'><strong>dicere,</strong></span> <span class='ocrx_word' id='word_1_468' title='bbox 962 4330 1106 4401; x_wconf 90' lang='lat' dir='ltr'><strong>quod</strong></span> <span class='ocrx_word' id='word_1_469' title='bbox 1133 4331 1262 4387; x_wconf 90' lang='lat' dir='ltr'><strong>illud</strong></span> <span class='ocrx_word' id='word_1_470' title='bbox 1302 4348 1435 4401; x_wconf 88' lang='lat' dir='ltr'><strong>opus</strong></span> <span class='ocrx_word' id='word_1_471' title='bbox 1466 4348 1572 4388; x_wconf 90' lang='lat' dir='ltr'><strong>non</strong></span> <span class='ocrx_word' id='word_1_472' title='bbox 1604 4334 1739 4389; x_wconf 85' lang='lat' dir='ltr'><strong>beati</strong></span> <span class='ocrx_word' id='word_1_473' title='bbox 1771 4336 1954 4405; x_wconf 85' lang='lat' dir='ltr'><strong>Cyrilli</strong></span> <span class='ocrx_word' id='word_1_474' title='bbox 1987 4338 2079 4404; x_wconf 86' lang='lat' dir='ltr'><strong>sit,</strong></span> 
     </span>
    </p>
   </div>
   <div class='ocr_carea' id='block_1_61' title="bbox 498 4424 2078 4495">
    <p class='ocr_par' dir='ltr' id='par_1_61' title="bbox 498 4424 2078 4495">
     <span class='ocr_line' id='line_1_61' title="bbox 498 4424 2078 4495; baseline 0.006 -19"><span class='ocrx_word' id='word_1_475' title='bbox 498 4424 970 4491; x_wconf 25' lang='lat' dir='ltr'><strong>lprazsumptionem</strong></span> <span class='ocrx_word' id='word_1_476' title='bbox 1022 4438 1210 4489; x_wconf 89' lang='lat' dir='ltr'><strong>suam,</strong></span> <span class='ocrx_word' id='word_1_477' title='bbox 1260 4440 1359 4495; x_wconf 92' lang='lat' dir='ltr'><strong>qua</strong></span> <span class='ocrx_word' id='word_1_478' title='bbox 1412 4424 1753 4481; x_wconf 83' lang='lat' dir='ltr'><strong>Theodorum</strong></span> <span class='ocrx_word' id='word_1_479' title='bbox 1794 4444 1913 4483; x_wconf 90' lang='lat' dir='ltr'><strong>cum</strong></span> <span class='ocrx_word' id='word_1_480' title='bbox 1964 4430 2078 4486; x_wconf 89' lang='lat' dir='ltr'><strong>suis</strong></span> 
     </span>
    </p>
   </div>
   <div class='ocr_carea' id='block_1_62' title="bbox 501 4513 2076 4587">
    <p class='ocr_par' dir='ltr' id='par_1_62' title="bbox 501 4513 2076 4587">
     <span class='ocr_line' id='line_1_62' title="bbox 501 4513 2076 4587; baseline 0.008 -22"><span class='ocrx_word' id='word_1_481' title='bbox 501 4513 837 4581; x_wconf 75' lang='lat' dir='ltr'><strong>dogmatibus</strong></span> <span class='ocrx_word' id='word_1_482' title='bbox 855 4513 1260 4580; x_wconf 88' lang='lat' dir='ltr'><strong>damnaverunt,</strong></span> <span class='ocrx_word' id='word_1_483' title='bbox 1282 4516 1398 4587; x_wconf 88' lang='lat' dir='ltr'><strong>ejus</strong></span> <span class='ocrx_word' id='word_1_484' title='bbox 1422 4517 1673 4587; x_wconf 79' lang='lat' dir='ltr'><strong>exemplo</strong></span> <span class='ocrx_word' id='word_1_485' title='bbox 1693 4533 1949 4576; x_wconf 80' lang='lat' dir='ltr'><strong>excusare</strong></span> <span class='ocrx_word' id='word_1_486' title='bbox 1969 4537 2076 4577; x_wconf 90' lang='lat' dir='ltr'><strong>non</strong></span> 
     </span>
    </p>
   </div>
   <div class='ocr_carea' id='block_1_63' title="bbox 2185 1944 3769 2025">
    <p class='ocr_par' dir='ltr' id='par_1_63' title="bbox 2185 1944 3769 2025">
     <span class='ocr_line' id='line_1_63' title="bbox 2185 1944 3769 2025; baseline 0.012 -29"><span class='ocrx_word' id='word_1_487' title='bbox 2185 1944 2313 2012; x_wconf 86' lang='lat' dir='ltr'><strong>quid</strong></span> <span class='ocrx_word' id='word_1_488' title='bbox 2342 1944 2599 2001; x_wconf 86' lang='lat' dir='ltr'><strong>adversus</strong></span> <span class='ocrx_word' id='word_1_489' title='bbox 2639 1948 2739 2003; x_wconf 88' lang='lat' dir='ltr'><strong>ista</strong></span> <span class='ocrx_word' id='word_1_490' title='bbox 2790 1953 3184 2020; x_wconf 86' lang='lat' dir='ltr'><strong>respondeant,</strong></span> <span class='ocrx_word' id='word_1_491' title='bbox 3225 1955 3315 2025; x_wconf 90' lang='lat' dir='ltr'><strong>qui</strong></span> <span class='ocrx_word' id='word_1_492' title='bbox 3342 1955 3694 2013; x_wconf 82' lang='lat' dir='ltr'><strong>Theodorqu</strong></span> <span class='ocrx_word' id='word_1_493' title='bbox 3725 1964 3769 2017; x_wconf 89' lang='lat' dir='ltr'><strong>in</strong></span> 
     </span>
    </p>
   </div>
   <div class='ocr_carea' id='block_1_64' title="bbox 2186 2024 3767 2118">
    <p class='ocr_par' dir='ltr' id='par_1_64' title="bbox 2186 2024 3767 2118">
     <span class='ocr_line' id='line_1_64' title="bbox 2186 2024 3767 2118; baseline 0.012 -28"><span class='ocrx_word' id='word_1_494' title='bbox 2186 2024 2642 2096; x_wconf 66' lang='lat' dir='ltr'><strong>Chalcedonensis</strong></span> <span class='ocrx_word' id='word_1_495' title='bbox 2672 2043 2883 2097; x_wconf 90' lang='lat' dir='ltr'><strong>concilii</strong></span> <span class='ocrx_word' id='word_1_496' title='bbox 2928 2042 3294 2115; x_wconf 74' lang='lat' dir='ltr'><strong>prtejudicium</strong></span> <span class='ocrx_word' id='word_1_497' title='bbox 3325 2049 3767 2118; x_wconf 84' lang='lat' dir='ltr'><strong>condemnantes.</strong></span> 
     </span>
    </p>
   </div>
   <div class='ocr_carea' id='block_1_65' title="bbox 2186 2134 3772 2213">
    <p class='ocr_par' dir='ltr' id='par_1_65' title="bbox 2186 2134 3772 2213">
     <span class='ocr_line' id='line_1_65' title="bbox 2186 2134 3772 2213; baseline 0.012 -32"><span class='ocrx_word' id='word_1_498' title='bbox 2186 2137 2240 2181; x_wconf 93' lang='lat' dir='ltr'><strong>ut</strong></span> <span class='ocrx_word' id='word_1_499' title='bbox 2270 2139 2471 2213; x_wconf 35' lang='lat' dir='ltr'><strong>semet‘</strong></span> <span class='ocrx_word' id='word_1_500' title='bbox 2462 2140 2737 2193; x_wconf 81' lang='lat' dir='ltr'><strong>excusent.</strong></span> <span class='ocrx_word' id='word_1_501' title='bbox 2765 2134 3025 2203; x_wconf 82' lang='lat' dir='ltr'><strong>objiciunt</strong></span> <span class='ocrx_word' id='word_1_502' title='bbox 3048 2136 3149 2192; x_wconf 86' lang='lat' dir='ltr'><strong>hoc</strong></span> <span class='ocrx_word' id='word_1_503' title='bbox 3178 2137 3297 2195; x_wconf 89' lang='lat' dir='ltr'><strong>ideo</strong></span> <span class='ocrx_word' id='word_1_504' title='bbox 3318 2152 3377 2194; x_wconf 88' lang='lat' dir='ltr'><strong>se</strong></span> <span class='ocrx_word' id='word_1_505' title='bbox 3404 2138 3616 2206; x_wconf 80' lang='lat' dir='ltr'><strong>fecisse,</strong></span> <span class='ocrx_word' id='word_1_506' title='bbox 3648 2159 3772 2213; x_wconf 87' lang='lat' dir='ltr'><strong>quo-</strong></span> 
     </span>
    </p>
   </div>
   <div class='ocr_carea' id='block_1_66' title="bbox 2186 2202 3769 2306">
    <p class='ocr_par' dir='ltr' id='par_1_66' title="bbox 2186 2202 3769 2306">
     <span class='ocr_line' id='line_1_66' title="bbox 2186 2202 3769 2306; baseline 0.013 -35"><span class='ocrx_word' id='word_1_507' title='bbox 2186 2217 2329 2272; x_wconf 91' lang='lat' dir='ltr'><strong>niam</strong></span> <span class='ocrx_word' id='word_1_508' title='bbox 2354 2221 2409 2273; x_wconf 85' lang='lat' dir='ltr'><strong>in</strong></span> <span class='ocrx_word' id='word_1_509' title='bbox 2425 2202 2532 2275; x_wconf 63' lang='lat' dir='ltr'><strong>illo</strong></span> <span class='ocrx_word' id='word_1_510' title='bbox 2552 2238 2716 2291; x_wconf 85' lang='lat' dir='ltr'><strong>apere</strong></span> <span class='ocrx_word' id='word_1_511' title='bbox 2739 2202 2925 2281; x_wconf 85' lang='lat' dir='ltr'><strong>beatus</strong></span> <span class='ocrx_word' id='word_1_512' title='bbox 2952 2227 3180 2298; x_wconf 90' lang='lat' dir='ltr'><strong>Cyrillus</strong></span> <span class='ocrx_word' id='word_1_513' title='bbox 3210 2230 3324 2299; x_wconf 87' lang='lat' dir='ltr'><strong>ejus</strong></span> <span class='ocrx_word' id='word_1_514' title='bbox 3345 2231 3488 2287; x_wconf 89' lang='lat' dir='ltr'><strong>dicta</strong></span> <span class='ocrx_word' id='word_1_515' title='bbox 3514 2202 3769 2306; x_wconf 73' lang='lat' dir='ltr'><strong>culpavit.</strong></span> 
     </span>
    </p>
   </div>
   <div class='ocr_carea' id='block_1_67' title="bbox 2184 2306 3771 2388">
    <p class='ocr_par' dir='ltr' id='par_1_67' title="bbox 2184 2306 3771 2388">
     <span class='ocr_line' id='line_1_67' title="bbox 2184 2306 3771 2388; baseline 0.013 -26"><span class='ocrx_word' id='word_1_516' title='bbox 2184 2306 2316 2362; x_wconf 85' lang='lat' dir='ltr'><strong>Nam</strong></span> <span class='ocrx_word' id='word_1_517' title='bbox 2361 2325 2461 2365; x_wconf 80' lang='lat' dir='ltr'><strong>nec</strong></span> <span class='ocrx_word' id='word_1_518' title='bbox 2492 2312 2694 2368; x_wconf 67' lang='lat' dir='ltr'><strong>iudicis</strong></span> <span class='ocrx_word' id='word_1_519' title='bbox 2744 2318 3010 2384; x_wconf 85' lang='lat' dir='ltr'><strong>quomodo</strong></span> <span class='ocrx_word' id='word_1_520' title='bbox 3050 2320 3410 2386; x_wconf 86' lang='lat' dir='ltr'><strong>persuadeant</strong></span> <span class='ocrx_word' id='word_1_521' title='bbox 3452 2323 3687 2388; x_wconf 88' lang='lat' dir='ltr'><strong>habent,</strong></span> <span class='ocrx_word' id='word_1_522' title='bbox 3731 2328 3771 2383; x_wconf 80' lang='lat' dir='ltr'><strong>si</strong></span> 
     </span>
    </p>
   </div>
   <div class='ocr_carea' id='block_1_68' title="bbox 2186 2401 3771 2483">
    <p class='ocr_par' dir='ltr' id='par_1_68' title="bbox 2186 2401 3771 2483">
     <span class='ocr_line' id='line_1_68' title="bbox 2186 2401 3771 2483; baseline 0.012 -28"><span class='ocrx_word' id='word_1_523' title='bbox 2186 2401 2395 2457; x_wconf 90' lang='lat' dir='ltr'><strong>dicatur</strong></span> <span class='ocrx_word' id='word_1_524' title='bbox 2423 2405 2515 2460; x_wconf 90' lang='lat' dir='ltr'><strong>ille</strong></span> <span class='ocrx_word' id='word_1_525' title='bbox 2542 2406 2622 2460; x_wconf 88' lang='lat' dir='ltr'><strong>vir</strong></span> <span class='ocrx_word' id='word_1_526' title='bbox 2651 2409 2703 2462; x_wconf 90' lang='lat' dir='ltr'><strong>in</strong></span> <span class='ocrx_word' id='word_1_527' title='bbox 2735 2424 2840 2478; x_wconf 93' lang='lat' dir='ltr'><strong>quo</strong></span> <span class='ocrx_word' id='word_1_528' title='bbox 2866 2409 3113 2466; x_wconf 84' lang='lat' dir='ltr'><strong>Christus</strong></span> <span class='ocrx_word' id='word_1_529' title='bbox 3143 2413 3460 2483; x_wconf 89' lang='lat' dir='ltr'><strong>loquebatur</strong></span> <span class='ocrx_word' id='word_1_530' title='bbox 3499 2416 3697 2473; x_wconf 83' lang='lat' dir='ltr'><strong>falsum</strong></span> <span class='ocrx_word' id='word_1_531' title='bbox 3726 2428 3771 2475; x_wconf 79' lang='lat' dir='ltr'><strong>et</strong></span> 
     </span>
    </p>
   </div>
   <div class='ocr_carea' id='block_1_69' title="bbox 2185 2494 3772 2568">
    <p class='ocr_par' dir='ltr' id='par_1_69' title="bbox 2185 2494 3772 2568">
     <span class='ocr_line' id='line_1_69' title="bbox 2185 2494 3772 2568; baseline 0.01 -19"><span class='ocrx_word' id='word_1_532' title='bbox 2185 2494 2253 2549; x_wconf 85' lang='lat' dir='ltr'><strong>de</strong></span> <span class='ocrx_word' id='word_1_533' title='bbox 2290 2495 2411 2554; x_wconf 82' lang='lat' dir='ltr'><strong>aliis</strong></span> <span class='ocrx_word' id='word_1_534' title='bbox 2439 2496 2681 2568; x_wconf 81' lang='lat' dir='ltr'><strong>personis</strong></span> <span class='ocrx_word' id='word_1_535' title='bbox 2709 2501 2907 2557; x_wconf 92' lang='lat' dir='ltr'><strong>dictum</strong></span> <span class='ocrx_word' id='word_1_536' title='bbox 2940 2505 3302 2560; x_wconf 89' lang='lat' dir='ltr'><strong>testimonium</strong></span> <span class='ocrx_word' id='word_1_537' title='bbox 3328 2509 3394 2563; x_wconf 90' lang='lat' dir='ltr'><strong>ad</strong></span> <span class='ocrx_word' id='word_1_538' title='bbox 3426 2507 3772 2565; x_wconf 78' lang='lat' dir='ltr'><strong>manifestan-</strong></span> 
     </span>
    </p>
   </div>
   <div class='ocr_carea' id='block_1_70' title="bbox 2185 2589 3773 2658">
    <p class='ocr_par' dir='ltr' id='par_1_70' title="bbox 2185 2589 3773 2658">
     <span class='ocr_line' id='line_1_70' title="bbox 2185 2589 3773 2658; baseline 0.009 -15"><span class='ocrx_word' id='word_1_539' title='bbox 2185 2589 2311 2644; x_wconf 92' lang='lat' dir='ltr'><strong>dum</strong></span> <span class='ocrx_word' id='word_1_540' title='bbox 2351 2605 2743 2648; x_wconf 83' lang='lat' dir='ltr'><strong>sacramentum</strong></span> <span class='ocrx_word' id='word_1_541' title='bbox 2775 2596 3128 2652; x_wconf 86' lang='lat' dir='ltr'><strong>artiﬁcialiter</strong></span> <span class='ocrx_word' id='word_1_542' title='bbox 3166 2598 3458 2655; x_wconf 80' lang='lat' dir='ltr'><strong>induxisse.</strong></span> <span class='ocrx_word' id='word_1_543' title='bbox 3491 2599 3773 2658; x_wconf 85' lang='lat' dir='ltr'><strong>Postremo</strong></span> 
     </span>
    </p>
   </div>
   <div class='ocr_carea' id='block_1_71' title="bbox 2186 2682 3775 2762">
    <p class='ocr_par' dir='ltr' id='par_1_71' title="bbox 2186 2682 3775 2762">
     <span class='ocr_line' id='line_1_71' title="bbox 2186 2682 3775 2762; baseline 0.008 -26"><span class='ocrx_word' id='word_1_544' title='bbox 2186 2682 2447 2753; x_wconf 74' lang='lat' dir='ltr'><strong>necipsis</strong></span> <span class='ocrx_word' id='word_1_545' title='bbox 2486 2685 2767 2741; x_wconf 86' lang='lat' dir='ltr'><strong>catholicis</strong></span> <span class='ocrx_word' id='word_1_546' title='bbox 2792 2690 2931 2744; x_wconf 86' lang='lat' dir='ltr'><strong>scire</strong></span> <span class='ocrx_word' id='word_1_547' title='bbox 2966 2690 3332 2757; x_wconf 82' lang='lat' dir='ltr'><strong>quaerentibus</strong></span> <span class='ocrx_word' id='word_1_548' title='bbox 3358 2706 3456 2746; x_wconf 89' lang='lat' dir='ltr'><strong>cur</strong></span> <span class='ocrx_word' id='word_1_549' title='bbox 3480 2692 3775 2762; x_wconf 85' lang='lat' dir='ltr'><strong>Apostolus</strong></span> 
     </span>
    </p>
   </div>
   <div class='ocr_carea' id='block_1_72' title="bbox 2184 2772 3775 2841">
    <p class='ocr_par' dir='ltr' id='par_1_72' title="bbox 2184 2772 3775 2841">
     <span class='ocr_line' id='line_1_72' title="bbox 2184 2772 3775 2841; baseline 0.008 -18"><span class='ocrx_word' id='word_1_550' title='bbox 2184 2784 2304 2841; x_wconf 74' lang='lat' dir='ltr'><strong>qua:</strong></span> <span class='ocrx_word' id='word_1_551' title='bbox 2334 2772 2402 2828; x_wconf 87' lang='lat' dir='ltr'><strong>de</strong></span> <span class='ocrx_word' id='word_1_552' title='bbox 2430 2772 2548 2829; x_wconf 88' lang='lat' dir='ltr'><strong>aliis</strong></span> <span class='ocrx_word' id='word_1_553' title='bbox 2570 2774 2708 2830; x_wconf 88' lang='lat' dir='ltr'><strong>dicta</strong></span> <span class='ocrx_word' id='word_1_554' title='bbox 2737 2785 2863 2832; x_wconf 83' lang='lat' dir='ltr'><strong>sunt</strong></span> <span class='ocrx_word' id='word_1_555' title='bbox 2892 2778 2956 2832; x_wconf 90' lang='lat' dir='ltr'><strong>ad</strong></span> <span class='ocrx_word' id='word_1_556' title='bbox 2986 2777 3433 2835; x_wconf 78' lang='lat' dir='ltr'><strong>manifestandu‘m</strong></span> <span class='ocrx_word' id='word_1_557' title='bbox 3460 2781 3665 2837; x_wconf 89' lang='lat' dir='ltr'><strong>Christi</strong></span> <span class='ocrx_word' id='word_1_558' title='bbox 3696 2800 3775 2838; x_wconf 83' lang='lat' dir='ltr'><strong>sa-</strong></span> 
     </span>
    </p>
   </div>
   <div class='ocr_carea' id='block_1_73' title="bbox 2186 2868 3776 2943">
    <p class='ocr_par' dir='ltr' id='par_1_73' title="bbox 2186 2868 3776 2943">
     <span class='ocr_line' id='line_1_73' title="bbox 2186 2868 3776 2943; baseline 0.008 -25"><span class='ocrx_word' id='word_1_559' title='bbox 2186 2875 2517 2922; x_wconf 91' lang='lat' dir='ltr'><strong>cramentum</strong></span> <span class='ocrx_word' id='word_1_560' title='bbox 2560 2868 2830 2926; x_wconf 79' lang='lat' dir='ltr'><strong>induxerit</strong></span> <span class='ocrx_word' id='word_1_561' title='bbox 2860 2870 3172 2927; x_wconf 79' lang='lat' dir='ltr'><strong>satisfacere</strong></span> <span class='ocrx_word' id='word_1_562' title='bbox 3200 2883 3445 2943; x_wconf 88' lang='lat' dir='ltr'><strong>possunt,</strong></span> <span class='ocrx_word' id='word_1_563' title='bbox 3492 2882 3551 2928; x_wconf 88' lang='lat' dir='ltr'><strong>et</strong></span> <span class='ocrx_word' id='word_1_564' title='bbox 3591 2875 3776 2931; x_wconf 76' lang='lat' dir='ltr'><strong>dicere</strong></span> 
     </span>
    </p>
   </div>
   <div class='ocr_carea' id='block_1_74' title="bbox 2184 2958 3776 3037">
    <p class='ocr_par' dir='ltr' id='par_1_74' title="bbox 2184 2958 3776 3037">
     <span class='ocr_line' id='line_1_74' title="bbox 2184 2958 3776 3037; baseline 0.007 -27"><span class='ocrx_word' id='word_1_565' title='bbox 2184 2958 2327 3027; x_wconf 90' lang='lat' dir='ltr'><strong>quod</strong></span> <span class='ocrx_word' id='word_1_566' title='bbox 2372 2958 2546 3029; x_wconf 88' lang='lat' dir='ltr'><strong>aliqua</strong></span> <span class='ocrx_word' id='word_1_567' title='bbox 2578 2962 2772 3016; x_wconf 84' lang='lat' dir='ltr'><strong>saltem</strong></span> <span class='ocrx_word' id='word_1_568' title='bbox 2815 2964 2918 3018; x_wconf 90' lang='lat' dir='ltr'><strong>hoc</strong></span> <span class='ocrx_word' id='word_1_569' title='bbox 2948 2963 3059 3018; x_wconf 88' lang='lat' dir='ltr'><strong>ﬁeri</strong></span> <span class='ocrx_word' id='word_1_570' title='bbox 3094 2966 3295 3020; x_wconf 86' lang='lat' dir='ltr'><strong>utilitas</strong></span> <span class='ocrx_word' id='word_1_571' title='bbox 3342 2967 3619 3032; x_wconf 89' lang='lat' dir='ltr'><strong>invitavit;</strong></span> <span class='ocrx_word' id='word_1_572' title='bbox 3656 2971 3776 3037; x_wconf 85' lang='lat' dir='ltr'><strong>quia</strong></span> 
     </span>
    </p>
   </div>
   <div class='ocr_carea' id='block_1_75' title="bbox 2184 3051 3777 3128">
    <p class='ocr_par' dir='ltr' id='par_1_75' title="bbox 2184 3051 3777 3128">
     <span class='ocr_line' id='line_1_75' title="bbox 2184 3051 3777 3128; baseline 0.008 -25"><span class='ocrx_word' id='word_1_573' title='bbox 2184 3062 2345 3118; x_wconf 87' lang='lat' dir='ltr'><strong>super</strong></span> <span class='ocrx_word' id='word_1_574' title='bbox 2393 3051 2533 3122; x_wconf 87' lang='lat' dir='ltr'><strong>quod</strong></span> <span class='ocrx_word' id='word_1_575' title='bbox 2581 3068 2611 3107; x_wconf 90' lang='lat' dir='ltr'><strong>a</strong></span> <span class='ocrx_word' id='word_1_576' title='bbox 2666 3063 2864 3110; x_wconf 65' lang='lat' dir='ltr'><strong>nostrae</strong></span> <span class='ocrx_word' id='word_1_577' title='bbox 2915 3052 3037 3110; x_wconf 82' lang='lat' dir='ltr'><strong>ﬁdei</strong></span> <span class='ocrx_word' id='word_1_578' title='bbox 3088 3059 3311 3111; x_wconf 79' lang='lat' dir='ltr'><strong>veritate</strong></span> <span class='ocrx_word' id='word_1_579' title='bbox 3361 3057 3517 3128; x_wconf 82' lang='lat' dir='ltr'><strong>longe</strong></span> <span class='ocrx_word' id='word_1_580' title='bbox 3565 3069 3686 3125; x_wconf 91' lang='lat' dir='ltr'><strong>est,</strong></span> <span class='ocrx_word' id='word_1_581' title='bbox 3736 3061 3777 3115; x_wconf 90' lang='lat' dir='ltr'><strong>si</strong></span> 
     </span>
    </p>
   </div>
   <div class='ocr_carea' id='block_1_76' title="bbox 2183 3139 3777 3219">
    <p class='ocr_par' dir='ltr' id='par_1_76' title="bbox 2183 3139 3777 3219">
     <span class='ocr_line' id='line_1_76' title="bbox 2183 3139 3777 3219; baseline 0.009 -23"><span class='ocrx_word' id='word_1_582' title='bbox 2183 3139 2493 3197; x_wconf 79' lang='lat' dir='ltr'><strong>Christiana</strong></span> <span class='ocrx_word' id='word_1_583' title='bbox 2514 3145 2714 3200; x_wconf 85' lang='lat' dir='ltr'><strong>utilitas</strong></span> <span class='ocrx_word' id='word_1_584' title='bbox 2738 3162 2897 3201; x_wconf 77' lang='lat' dir='ltr'><strong>verax</strong></span> <span class='ocrx_word' id='word_1_585' title='bbox 2927 3162 3033 3203; x_wconf 89' lang='lat' dir='ltr'><strong>non</strong></span> <span class='ocrx_word' id='word_1_586' title='bbox 3060 3164 3181 3204; x_wconf 88' lang='lat' dir='ltr'><strong>esse</strong></span> <span class='ocrx_word' id='word_1_587' title='bbox 3209 3150 3439 3219; x_wconf 85' lang='lat' dir='ltr'><strong>dicatur,</strong></span> <span class='ocrx_word' id='word_1_588' title='bbox 3469 3154 3637 3207; x_wconf 86' lang='lat' dir='ltr'><strong>etiam</strong></span> <span class='ocrx_word' id='word_1_589' title='bbox 3665 3159 3777 3211; x_wconf 70' lang='lat' dir='ltr'><strong>sine</strong></span> 
     </span>
    </p>
   </div>
   <div class='ocr_carea' id='block_1_77' title="bbox 2184 3230 3777 3309">
    <p class='ocr_par' dir='ltr' id='par_1_77' title="bbox 2184 3230 3777 3309">
     <span class='ocr_line' id='line_1_77' title="bbox 2184 3230 3777 3309; baseline 0.011 -24"><span class='ocrx_word' id='word_1_590' title='bbox 2184 3230 2580 3302; x_wconf 83' lang='lat' dir='ltr'><strong>adjudicatione</strong></span> <span class='ocrx_word' id='word_1_591' title='bbox 2609 3235 2751 3291; x_wconf 83' lang='lat' dir='ltr'><strong>beati</strong></span> <span class='ocrx_word' id='word_1_592' title='bbox 2780 3236 2972 3309; x_wconf 77' lang='lat' dir='ltr'><strong>Cyrilli</strong></span> <span class='ocrx_word' id='word_1_593' title='bbox 3002 3254 3105 3296; x_wconf 85' lang='lat' dir='ltr'><strong>non</strong></span> <span class='ocrx_word' id='word_1_594' title='bbox 3135 3242 3353 3298; x_wconf 89' lang='lat' dir='ltr'><strong>dicitur.</strong></span> <span class='ocrx_word' id='word_1_595' title='bbox 3394 3244 3526 3300; x_wconf 84' lang='lat' dir='ltr'><strong>Nam</strong></span> <span class='ocrx_word' id='word_1_596' title='bbox 3558 3247 3603 3301; x_wconf 90' lang='lat' dir='ltr'><strong>si</strong></span> <span class='ocrx_word' id='word_1_597' title='bbox 3638 3249 3777 3304; x_wconf 59' lang='lat' dir='ltr'><strong>utilia</strong></span> 
     </span>
    </p>
   </div>
   <div class='ocr_carea' id='block_1_78' title="bbox 2183 3325 3777 3410">
    <p class='ocr_par' dir='ltr' id='par_1_78' title="bbox 2183 3325 3777 3410">
     <span class='ocr_line' id='line_1_78' title="bbox 2183 3325 3777 3410; baseline 0.013 -31"><span class='ocrx_word' id='word_1_598' title='bbox 2183 3333 2265 3379; x_wconf 88' lang='lat' dir='ltr'><strong>ter</strong></span> <span class='ocrx_word' id='word_1_599' title='bbox 2311 3325 2437 3381; x_wconf 92' lang='lat' dir='ltr'><strong>illud</strong></span> <span class='ocrx_word' id='word_1_600' title='bbox 2495 3329 2863 3398; x_wconf 86' lang='lat' dir='ltr'><strong>propheticum</strong></span> <span class='ocrx_word' id='word_1_601' title='bbox 2914 3334 2979 3388; x_wconf 85' lang='lat' dir='ltr'><strong>de</strong></span> <span class='ocrx_word' id='word_1_602' title='bbox 3026 3335 3243 3391; x_wconf 87' lang='lat' dir='ltr'><strong>Christo</strong></span> <span class='ocrx_word' id='word_1_603' title='bbox 3298 3338 3464 3394; x_wconf 84' lang='lat' dir='ltr'><strong>fuisse</strong></span> <span class='ocrx_word' id='word_1_604' title='bbox 3513 3344 3777 3410; x_wconf 86' lang='lat' dir='ltr'><strong>scriptum</strong></span> 
     </span>
    </p>
   </div>
   <div class='ocr_carea' id='block_1_79' title="bbox 2183 3420 3777 3506">
    <p class='ocr_par' dir='ltr' id='par_1_79' title="bbox 2183 3420 3777 3506">
     <span class='ocr_line' id='line_1_79' title="bbox 2183 3420 3777 3506; baseline 0.011 -32"><span class='ocrx_word' id='word_1_605' title='bbox 2183 3420 2471 3489; x_wconf 86' lang='lat' dir='ltr'><strong>Apostolus</strong></span> <span class='ocrx_word' id='word_1_606' title='bbox 2498 3422 2651 3489; x_wconf 77' lang='lat' dir='ltr'><strong>dixit,</strong></span> <span class='ocrx_word' id='word_1_607' title='bbox 2687 3426 2848 3480; x_wconf 83' lang='lat' dir='ltr'><strong>naxie</strong></span> <span class='ocrx_word' id='word_1_608' title='bbox 2876 3437 3060 3484; x_wconf 87' lang='lat' dir='ltr'><strong>contra</strong></span> <span class='ocrx_word' id='word_1_609' title='bbox 3091 3428 3290 3486; x_wconf 89' lang='lat' dir='ltr'><strong>dictum</strong></span> <span class='ocrx_word' id='word_1_610' title='bbox 3315 3442 3395 3487; x_wconf 89' lang='lat' dir='ltr'><strong>est</strong></span> <span class='ocrx_word' id='word_1_611' title='bbox 3425 3448 3453 3487; x_wconf 91' lang='lat' dir='ltr'><strong>a</strong></span> <span class='ocrx_word' id='word_1_612' title='bbox 3485 3433 3651 3492; x_wconf 81' lang='lat' dir='ltr'><strong>beato</strong></span> <span class='ocrx_word' id='word_1_613' title='bbox 3680 3435 3777 3506; x_wconf 80' lang='lat' dir='ltr'><strong>Cy-</strong></span> 
     </span>
    </p>
   </div>
   <div class='ocr_carea' id='block_1_80' title="bbox 2182 3506 3776 3598">
    <p class='ocr_par' dir='ltr' id='par_1_80' title="bbox 2182 3506 3776 3598">
     <span class='ocr_line' id='line_1_80' title="bbox 2182 3506 3776 3598; baseline 0.013 -35"><span class='ocrx_word' id='word_1_614' title='bbox 2182 3509 2322 3578; x_wconf 90' lang='lat' dir='ltr'><strong>rillo,</strong></span> <span class='ocrx_word' id='word_1_615' title='bbox 2355 3512 2497 3581; x_wconf 90' lang='lat' dir='ltr'><strong>quod</strong></span> <span class='ocrx_word' id='word_1_616' title='bbox 2520 3513 2588 3569; x_wconf 88' lang='lat' dir='ltr'><strong>de</strong></span> <span class='ocrx_word' id='word_1_617' title='bbox 2613 3514 2827 3571; x_wconf 89' lang='lat' dir='ltr'><strong>Christo</strong></span> <span class='ocrx_word' id='word_1_618' title='bbox 2852 3506 3118 3587; x_wconf 79' lang='lat' dir='ltr'><strong>scriptum</strong></span> <span class='ocrx_word' id='word_1_619' title='bbox 3163 3536 3268 3578; x_wconf 89' lang='lat' dir='ltr'><strong>non</strong></span> <span class='ocrx_word' id='word_1_620' title='bbox 3303 3522 3491 3591; x_wconf 89' lang='lat' dir='ltr'><strong>fuerit;</strong></span> <span class='ocrx_word' id='word_1_621' title='bbox 3525 3542 3628 3582; x_wconf 83' lang='lat' dir='ltr'><strong>nec</strong></span> <span class='ocrx_word' id='word_1_622' title='bbox 3661 3544 3776 3598; x_wconf 87' lang='lat' dir='ltr'><strong>pro-</strong></span> 
     </span>
    </p>
   </div>
   <div class='ocr_carea' id='block_1_81' title="bbox 2181 3602 3774 3675">
    <p class='ocr_par' dir='ltr' id='par_1_81' title="bbox 2181 3602 3774 3675">
     <span class='ocr_line' id='line_1_81' title="bbox 2181 3602 3774 3675; baseline 0.011 -19"><span class='ocrx_word' id='word_1_623' title='bbox 2181 3602 2311 3657; x_wconf 89' lang='lat' dir='ltr'><strong>dere</strong></span> <span class='ocrx_word' id='word_1_624' title='bbox 2351 3603 2536 3659; x_wconf 89' lang='lat' dir='ltr'><strong>debuit</strong></span> <span class='ocrx_word' id='word_1_625' title='bbox 2575 3607 2715 3675; x_wconf 90' lang='lat' dir='ltr'><strong>quod</strong></span> <span class='ocrx_word' id='word_1_626' title='bbox 2745 3607 2942 3666; x_wconf 86' lang='lat' dir='ltr'><strong>Paulus</strong></span> <span class='ocrx_word' id='word_1_627' title='bbox 2985 3613 3153 3667; x_wconf 87' lang='lat' dir='ltr'><strong>voluit</strong></span> <span class='ocrx_word' id='word_1_628' title='bbox 3182 3627 3304 3670; x_wconf 88' lang='lat' dir='ltr'><strong>esse</strong></span> <span class='ocrx_word' id='word_1_629' title='bbox 3332 3615 3585 3673; x_wconf 84' lang='lat' dir='ltr'><strong>celatum.</strong></span> <span class='ocrx_word' id='word_1_630' title='bbox 3639 3622 3774 3673; x_wconf 71' lang='lat' dir='ltr'><strong>Prsa-</strong></span> 
     </span>
    </p>
   </div>
   <div class='ocr_carea' id='block_1_82' title="bbox 2180 3694 3775 3781">
    <p class='ocr_par' dir='ltr' id='par_1_82' title="bbox 2180 3694 3775 3781">
     <span class='ocr_line' id='line_1_82' title="bbox 2180 3694 3775 3781; baseline 0.012 -34"><span class='ocrx_word' id='word_1_631' title='bbox 2180 3694 2367 3749; x_wconf 85' lang='lat' dir='ltr'><strong>sertim</strong></span> <span class='ocrx_word' id='word_1_632' title='bbox 2417 3697 2540 3765; x_wconf 87' lang='lat' dir='ltr'><strong>quia</strong></span> <span class='ocrx_word' id='word_1_633' title='bbox 2594 3698 2825 3755; x_wconf 89' lang='lat' dir='ltr'><strong>inaniter</strong></span> <span class='ocrx_word' id='word_1_634' title='bbox 2874 3701 2978 3757; x_wconf 89' lang='lat' dir='ltr'><strong>hoc</strong></span> <span class='ocrx_word' id='word_1_635' title='bbox 3030 3706 3261 3761; x_wconf 86' lang='lat' dir='ltr'><strong>suadere</strong></span> <span class='ocrx_word' id='word_1_636' title='bbox 3320 3709 3647 3777; x_wconf 50' lang='lat' dir='ltr'><strong>quaerebat,</strong></span> <span class='ocrx_word' id='word_1_637' title='bbox 3689 3712 3775 3781; x_wconf 88' lang='lat' dir='ltr'><strong>qul</strong></span> 
     </span>
    </p>
   </div>
   <div class='ocr_carea' id='block_1_83' title="bbox 2182 3786 3775 3874">
    <p class='ocr_par' dir='ltr' id='par_1_83' title="bbox 2182 3786 3775 3874">
     <span class='ocr_line' id='line_1_83' title="bbox 2182 3786 3775 3874; baseline 0.011 -33"><span class='ocrx_word' id='word_1_638' title='bbox 2182 3786 2381 3843; x_wconf 90' lang='lat' dir='ltr'><strong>docens</strong></span> <span class='ocrx_word' id='word_1_639' title='bbox 2424 3804 2492 3845; x_wconf 89' lang='lat' dir='ltr'><strong>ne</strong></span> <span class='ocrx_word' id='word_1_640' title='bbox 2531 3788 2664 3846; x_wconf 85' lang='lat' dir='ltr'><strong>ﬁdes</strong></span> <span class='ocrx_word' id='word_1_641' title='bbox 2714 3791 3004 3850; x_wconf 86' lang='lat' dir='ltr'><strong>haberetur</strong></span> <span class='ocrx_word' id='word_1_642' title='bbox 3050 3796 3347 3866; x_wconf 81' lang='lat' dir='ltr'><strong>Apostolo,</strong></span> <span class='ocrx_word' id='word_1_643' title='bbox 3394 3801 3565 3855; x_wconf 92' lang='lat' dir='ltr'><strong>multo</strong></span> <span class='ocrx_word' id='word_1_644' title='bbox 3608 3803 3775 3874; x_wconf 76' lang='lat' dir='ltr'><strong>magis</strong></span> 
     </span>
    </p>
   </div>
   <div class='ocr_carea' id='block_1_84' title="bbox 2181 3879 3775 3951">
    <p class='ocr_par' dir='ltr' id='par_1_84' title="bbox 2181 3879 3775 3951">
     <span class='ocr_line' id='line_1_84' title="bbox 2181 3879 3775 3951; baseline 0.009 -16"><span class='ocrx_word' id='word_1_645' title='bbox 2181 3879 2407 3936; x_wconf 88' lang='lat' dir='ltr'><strong>docebat</strong></span> <span class='ocrx_word' id='word_1_646' title='bbox 2435 3882 2534 3937; x_wconf 88' lang='lat' dir='ltr'><strong>sibi</strong></span> <span class='ocrx_word' id='word_1_647' title='bbox 2582 3898 2689 3939; x_wconf 90' lang='lat' dir='ltr'><strong>non</strong></span> <span class='ocrx_word' id='word_1_648' title='bbox 2740 3898 2859 3941; x_wconf 87' lang='lat' dir='ltr'><strong>esse</strong></span> <span class='ocrx_word' id='word_1_649' title='bbox 2897 3888 3245 3944; x_wconf 88' lang='lat' dir='ltr'><strong>credendum.</strong></span> <span class='ocrx_word' id='word_1_650' title='bbox 3293 3892 3569 3948; x_wconf 85' lang='lat' dir='ltr'><strong>Noverint.</strong></span> <span class='ocrx_word' id='word_1_651' title='bbox 3598 3904 3775 3951; x_wconf 87' lang='lat' dir='ltr'><strong>autem</strong></span> 
     </span>
    </p>
   </div>
   <div class='ocr_carea' id='block_1_85' title="bbox 2178 3968 3764 4043">
    <p class='ocr_par' dir='ltr' id='par_1_85' title="bbox 2178 3968 3764 4043">
     <span class='ocr_line' id='line_1_85' title="bbox 2178 3968 3764 4043; baseline 0.011 -21"><span class='ocrx_word' id='word_1_652' title='bbox 2178 3968 2267 4025; x_wconf 89' lang='lat' dir='ltr'><strong>isti</strong></span> <span class='ocrx_word' id='word_1_653' title='bbox 2294 3973 2433 4040; x_wconf 90' lang='lat' dir='ltr'><strong>quod</strong></span> <span class='ocrx_word' id='word_1_654' title='bbox 2458 3986 2794 4043; x_wconf 86' lang='lat' dir='ltr'><strong>consequens</strong></span> <span class='ocrx_word' id='word_1_655' title='bbox 2822 3991 2927 4032; x_wconf 89' lang='lat' dir='ltr'><strong>non</strong></span> <span class='ocrx_word' id='word_1_656' title='bbox 2958 3979 3027 4032; x_wconf 89' lang='lat' dir='ltr'><strong>sit</strong></span> <span class='ocrx_word' id='word_1_657' title='bbox 3051 3990 3109 4034; x_wconf 94' lang='lat' dir='ltr'><strong>ut</strong></span> <span class='ocrx_word' id='word_1_658' title='bbox 3137 3994 3360 4037; x_wconf 89' lang='lat' dir='ltr'><strong>evacuet</strong></span> <span class='ocrx_word' id='word_1_659' title='bbox 3380 3998 3570 4040; x_wconf 87' lang='lat' dir='ltr'><strong>omnes</strong></span> <span class='ocrx_word' id='word_1_660' title='bbox 3594 3984 3764 4041; x_wconf 81' lang='lat' dir='ltr'><strong>factas</strong></span> 
     </span>
    </p>
   </div>
   <div class='ocr_carea' id='block_1_86' title="bbox 2181 4062 3772 4144">
    <p class='ocr_par' dir='ltr' id='par_1_86' title="bbox 2181 4062 3772 4144">
     <span class='ocr_line' id='line_1_86' title="bbox 2181 4062 3772 4144; baseline 0.009 -27"><span class='ocrx_word' id='word_1_661' title='bbox 2181 4065 2233 4117; x_wconf 90' lang='lat' dir='ltr'><strong>in</strong></span> <span class='ocrx_word' id='word_1_662' title='bbox 2263 4062 2533 4119; x_wconf 85' lang='lat' dir='ltr'><strong>Christum</strong></span> <span class='ocrx_word' id='word_1_663' title='bbox 2564 4067 2873 4136; x_wconf 87' lang='lat' dir='ltr'><strong>prophetias</strong></span> <span class='ocrx_word' id='word_1_664' title='bbox 2894 4105 2909 4136; x_wconf 86' lang='lat'><strong>,</strong></span> <span class='ocrx_word' id='word_1_665' title='bbox 2941 4071 3034 4140; x_wconf 91' lang='lat' dir='ltr'><strong>qui</strong></span> <span class='ocrx_word' id='word_1_666' title='bbox 3084 4072 3260 4141; x_wconf 88' lang='lat' dir='ltr'><strong>aliqua</strong></span> <span class='ocrx_word' id='word_1_667' title='bbox 3297 4075 3521 4144; x_wconf 86' lang='lat' dir='ltr'><strong>mystice</strong></span> <span class='ocrx_word' id='word_1_668' title='bbox 3567 4075 3621 4130; x_wconf 89' lang='lat' dir='ltr'><strong>in</strong></span> <span class='ocrx_word' id='word_1_669' title='bbox 3654 4092 3772 4131; x_wconf 86' lang='lat' dir='ltr'><strong>eum</strong></span> 
     </span>
    </p>
   </div>
   <div class='ocr_carea' id='block_1_87' title="bbox 2180 4155 3773 4229">
    <p class='ocr_par' dir='ltr' id='par_1_87' title="bbox 2180 4155 3773 4229">
     <span class='ocr_line' id='line_1_87' title="bbox 2180 4155 3773 4229; baseline 0.009 -21"><span class='ocrx_word' id='word_1_670' title='bbox 2180 4155 2321 4209; x_wconf 87' lang='lat' dir='ltr'><strong>dicta</strong></span> <span class='ocrx_word' id='word_1_671' title='bbox 2343 4156 2616 4211; x_wconf 87' lang='lat' dir='ltr'><strong>moraliter</strong></span> <span class='ocrx_word' id='word_1_672' title='bbox 2638 4174 2851 4229; x_wconf 90' lang='lat' dir='ltr'><strong>quoque</strong></span> <span class='ocrx_word' id='word_1_673' title='bbox 2873 4172 3020 4217; x_wconf 89' lang='lat' dir='ltr'><strong>recte</strong></span> <span class='ocrx_word' id='word_1_674' title='bbox 3047 4165 3375 4220; x_wconf 85' lang='lat' dir='ltr'><strong>tractaverit.</strong></span> <span class='ocrx_word' id='word_1_675' title='bbox 3402 4166 3535 4221; x_wconf 86' lang='lat' dir='ltr'><strong>Nam</strong></span> <span class='ocrx_word' id='word_1_676' title='bbox 3558 4170 3773 4223; x_wconf 86' lang='lat' dir='ltr'><strong>audiant</strong></span> 
     </span>
    </p>
   </div>
   <div class='ocr_carea' id='block_1_88' title="bbox 2180 4246 3769 4325">
    <p class='ocr_par' dir='ltr' id='par_1_88' title="bbox 2180 4246 3769 4325">
     <span class='ocr_line' id='line_1_88' title="bbox 2180 4246 3769 4325; baseline 0.008 -25"><span class='ocrx_word' id='word_1_677' title='bbox 2180 4246 2496 4325; x_wconf 82' lang='lat' dir='ltr'><strong>Apostolum</strong></span> <span class='ocrx_word' id='word_1_678' title='bbox 2553 4250 2879 4306; x_wconf 77' lang='lat' dir='ltr'><strong>scribentem</strong></span> <span class='ocrx_word' id='word_1_679' title='bbox 2949 4251 3197 4322; x_wconf 88' lang='lat' dir='ltr'><strong>Ephesiis</strong></span> <span class='ocrx_word' id='word_1_680' title='bbox 3247 4265 3404 4325; x_wconf 89' lang='lat' dir='ltr'><strong>atque</strong></span> <span class='ocrx_word' id='word_1_681' title='bbox 3456 4258 3769 4313; x_wconf 81' lang='lat' dir='ltr'><strong>dicentem:</strong></span> 
     </span>
    </p>
   </div>
   <div class='ocr_carea' id='block_1_89' title="bbox 2182 4321 3769 4415">
    <p class='ocr_par' dir='ltr' id='par_1_89' title="bbox 2182 4321 3769 4415">
     <span class='ocr_line' id='line_1_89' title="bbox 2182 4321 3769 4415; baseline 0.007 -24"><span class='ocrx_word' id='word_1_682' title='bbox 2182 4321 2405 4410; x_wconf 64' lang='lat' dir='ltr'><strong>PiOpter</strong></span> <span class='ocrx_word' id='word_1_683' title='bbox 2436 4340 2530 4394; x_wconf 86' lang='lat' dir='ltr'><strong>hoc</strong></span> <span class='ocrx_word' id='word_1_684' title='bbox 2575 4342 2825 4412; x_wconf 83' lang='lat' dir='ltr'><strong>relinquet</strong></span> <span class='ocrx_word' id='word_1_685' title='bbox 2856 4321 3007 4400; x_wconf 83' lang='lat' dir='ltr'><strong>homo</strong></span> <span class='ocrx_word' id='word_1_686' title='bbox 3053 4357 3244 4415; x_wconf 85' lang='lat' dir='ltr'><strong>patrem</strong></span> <span class='ocrx_word' id='word_1_687' title='bbox 3289 4321 3335 4403; x_wconf 77' lang='lat' dir='ltr'><strong>et</strong></span> <span class='ocrx_word' id='word_1_688' title='bbox 3365 4359 3577 4404; x_wconf 82' lang='lat' dir='ltr'><strong>matrem</strong></span> <span class='ocrx_word' id='word_1_689' title='bbox 3605 4369 3769 4415; x_wconf 85' lang='lat' dir='ltr'><strong>suam,</strong></span> 
     </span>
    </p>
   </div>
   <div class='ocr_carea' id='block_1_90' title="bbox 2179 4431 3769 4499">
    <p class='ocr_par' dir='ltr' id='par_1_90' title="bbox 2179 4431 3769 4499">
     <span class='ocr_line' id='line_1_90' title="bbox 2179 4431 3769 4499; baseline 0.007 -14"><span class='ocrx_word' id='word_1_690' title='bbox 2179 4442 2227 4486; x_wconf 85' lang='lat' dir='ltr'><strong>et</strong></span> <span class='ocrx_word' id='word_1_691' title='bbox 2256 4431 2533 4487; x_wconf 75' lang='lat' dir='ltr'><strong>adhaerebit</strong></span> <span class='ocrx_word' id='word_1_692' title='bbox 2582 4435 2735 4487; x_wconf 78' lang='lat' dir='ltr'><strong>uxori</strong></span> <span class='ocrx_word' id='word_1_693' title='bbox 2774 4452 2912 4499; x_wconf 73' lang='lat' dir='ltr'><strong>sum,</strong></span> <span class='ocrx_word' id='word_1_694' title='bbox 2959 4445 3009 4491; x_wconf 88' lang='lat' dir='ltr'><strong>et</strong></span> <span class='ocrx_word' id='word_1_695' title='bbox 3049 4449 3193 4493; x_wconf 81' lang='lat' dir='ltr'><strong>erant</strong></span> <span class='ocrx_word' id='word_1_696' title='bbox 3226 4441 3331 4494; x_wconf 88' lang='lat' dir='ltr'><strong>duo</strong></span> <span class='ocrx_word' id='word_1_697' title='bbox 3360 4443 3413 4493; x_wconf 88' lang='lat' dir='ltr'><strong>in</strong></span> <span class='ocrx_word' id='word_1_698' title='bbox 3454 4457 3608 4495; x_wconf 83' lang='lat' dir='ltr'><strong>carne</strong></span> <span class='ocrx_word' id='word_1_699' title='bbox 3644 4460 3769 4497; x_wconf 77' lang='lat' dir='ltr'><strong>una.</strong></span> 
     </span>
    </p>
   </div>
   <div class='ocr_carea' id='block_1_91' title="bbox 2190 4522 3773 4598">
    <p class='ocr_par' dir='ltr' id='par_1_91' title="bbox 2190 4522 3773 4598">
     <span class='ocr_line' id='line_1_91' title="bbox 2190 4522 3773 4598; baseline 0.007 -22"><span class='ocrx_word' id='word_1_700' title='bbox 2190 4522 2492 4593; x_wconf 79' lang='lat' dir='ltr'><strong>Mysterium</strong></span> <span class='ocrx_word' id='word_1_701' title='bbox 2552 4524 2648 4580; x_wconf 83' lang='lat' dir='ltr'><strong>hoc</strong></span> <span class='ocrx_word' id='word_1_702' title='bbox 2710 4542 2953 4596; x_wconf 85' lang='lat' dir='ltr'><strong>magnum</strong></span> <span class='ocrx_word' id='word_1_703' title='bbox 3000 4537 3073 4582; x_wconf 89' lang='lat' dir='ltr'><strong>est</strong></span> <span class='ocrx_word' id='word_1_704' title='bbox 3114 4544 3133 4583; x_wconf 93' lang='lat'><strong><em>:</em></strong></span> <span class='ocrx_word' id='word_1_705' title='bbox 3176 4544 3266 4598; x_wconf 86' lang='lat' dir='ltr'><strong><em>ego</em></strong></span> <span class='ocrx_word' id='word_1_706' title='bbox 3332 4542 3499 4586; x_wconf 69' lang='lat' dir='ltr'><strong>autem</strong></span> <span class='ocrx_word' id='word_1_707' title='bbox 3552 4534 3671 4586; x_wconf 84' lang='lat' dir='ltr'><strong>dico</strong></span> <span class='ocrx_word' id='word_1_708' title='bbox 3720 4536 3773 4587; x_wconf 86' lang='lat' dir='ltr'><strong>in</strong></span> 
     </span>
    </p>
   </div>
   <div class='ocr_carea' id='block_1_92' title="bbox 491 4592 3769 4691">
    <p class='ocr_par' dir='ltr' id='par_1_92' title="bbox 491 4592 3769 4691">
     <span class='ocr_line' id='line_1_92' title="bbox 491 4592 3769 4691; baseline 0.007 -38"><span class='ocrx_word' id='word_1_709' title='bbox 491 4612 744 4670; x_wconf 78' lang='lat' dir='ltr'><strong>possunt.</strong></span> <span class='ocrx_word' id='word_1_710' title='bbox 768 4605 916 4662; x_wconf 87' lang='lat' dir='ltr'><strong>Licet</strong></span> <span class='ocrx_word' id='word_1_711' title='bbox 942 4609 1245 4676; x_wconf 85' lang='lat' dir='ltr'><strong>quicunque</strong></span> <span class='ocrx_word' id='word_1_712' title='bbox 1264 4618 1450 4663; x_wconf 91' lang='lat' dir='ltr'><strong>auctor</strong></span> <span class='ocrx_word' id='word_1_713' title='bbox 1475 4609 1614 4665; x_wconf 90' lang='lat' dir='ltr'><strong>illius</strong></span> <span class='ocrx_word' id='word_1_714' title='bbox 1642 4612 1822 4679; x_wconf 84' lang='lat' dir='ltr'><strong>operis</strong></span> <span class='ocrx_word' id='word_1_715' title='bbox 1849 4625 1973 4667; x_wconf 89' lang='lat' dir='ltr'><strong>esse</strong></span> <span class='ocrx_word' id='word_1_716' title='bbox 1999 4613 2080 4668; x_wconf 86' lang='lat' dir='ltr'><strong>di-</strong></span> <span class='ocrx_word' id='word_1_717' title='bbox 2108 4592 2385 4669; x_wconf 60' lang='grc' dir='ltr'><strong>θοὴν-ἔδω</strong></span> <span class='ocrx_word' id='word_1_718' title='bbox 2436 4623 2486 4669; x_wconf 85' lang='lat' dir='ltr'><strong>et</strong></span> <span class='ocrx_word' id='word_1_719' title='bbox 2534 4618 2585 4670; x_wconf 87' lang='lat' dir='ltr'><strong>in</strong></span> <span class='ocrx_word' id='word_1_720' title='bbox 2634 4592 2868 4673; x_wconf 69' lang='lat' dir='ltr'><strong>Ecclesia</strong></span> <span class='ocrx_word' id='word_1_721' title='bbox 2915 4618 3130 4690; x_wconf 73' lang='grc' dir='ltr'><strong>(Εριιεε.</strong></span> <span class='ocrx_word' id='word_1_722' title='bbox 3174 4592 3226 4685; x_wconf 63' lang='lat' dir='ltr'><strong>v,</strong></span> <span class='ocrx_word' id='word_1_723' title='bbox 3267 4622 3380 4691; x_wconf 79' lang='grc'><strong>51).</strong></span> <span class='ocrx_word' id='word_1_724' title='bbox 3433 4624 3544 4679; x_wconf 86' lang='lat' dir='ltr'><strong>Hoc</strong></span> <span class='ocrx_word' id='word_1_725' title='bbox 3587 4632 3769 4679; x_wconf 86' lang='lat' dir='ltr'><strong>autem</strong></span> 
     </span>
    </p>
   </div>
   <div class='ocr_carea' id='block_1_93' title="bbox 486 4697 2079 4773">
    <p class='ocr_par' dir='ltr' id='par_1_93' title="bbox 486 4697 2079 4773">
     <span class='ocr_line' id='line_1_93' title="bbox 486 4697 2079 4773; baseline 0.004 -20"><span class='ocrx_word' id='word_1_726' title='bbox 486 4707 671 4764; x_wconf 78' lang='lat' dir='ltr'><strong>catur,</strong></span> <span class='ocrx_word' id='word_1_727' title='bbox 705 4697 837 4753; x_wconf 90' lang='lat' dir='ltr'><strong>nihil</strong></span> <span class='ocrx_word' id='word_1_728' title='bbox 876 4700 1000 4755; x_wconf 89' lang='lat' dir='ltr'><strong>huic</strong></span> <span class='ocrx_word' id='word_1_729' title='bbox 1029 4701 1224 4769; x_wconf 87' lang='lat' dir='ltr'><strong>poterit</strong></span> <span class='ocrx_word' id='word_1_730' title='bbox 1249 4714 1435 4756; x_wconf 87' lang='lat' dir='ltr'><strong>eorum</strong></span> <span class='ocrx_word' id='word_1_731' title='bbox 1467 4700 1764 4757; x_wconf 83' lang='lat' dir='ltr'><strong>defensioni</strong></span> <span class='ocrx_word' id='word_1_732' title='bbox 1798 4705 2079 4773; x_wconf 88' lang='lat' dir='ltr'><strong>proﬁcere,</strong></span> 
     </span>
    </p>
   </div>
   <div class='ocr_carea' id='block_1_94' title="bbox 494 4786 2083 4869">
    <p class='ocr_par' dir='ltr' id='par_1_94' title="bbox 494 4786 2083 4869">
     <span class='ocr_line' id='line_1_94' title="bbox 494 4786 2083 4869; baseline 0.007 -27"><span class='ocrx_word' id='word_1_733' title='bbox 494 4786 623 4857; x_wconf 83' lang='lat' dir='ltr'><strong>quia</strong></span> <span class='ocrx_word' id='word_1_734' title='bbox 653 4803 751 4843; x_wconf 87' lang='lat' dir='ltr'><strong>nec</strong></span> <span class='ocrx_word' id='word_1_735' title='bbox 772 4788 1056 4851; x_wconf 86' lang='lat' dir='ltr'><strong>Theodoro</strong></span> <span class='ocrx_word' id='word_1_736' title='bbox 1096 4793 1378 4848; x_wconf 80' lang='lat' dir='ltr'><strong>anathema</strong></span> <span class='ocrx_word' id='word_1_737' title='bbox 1413 4795 1637 4860; x_wconf 81' lang='lat' dir='ltr'><strong>dixisse,</strong></span> <span class='ocrx_word' id='word_1_738' title='bbox 1672 4811 1772 4851; x_wconf 89' lang='lat' dir='ltr'><strong>nec</strong></span> <span class='ocrx_word' id='word_1_739' title='bbox 1797 4798 1913 4866; x_wconf 80' lang='lat' dir='ltr'><strong>ejus</strong></span> <span class='ocrx_word' id='word_1_740' title='bbox 1951 4798 2083 4869; x_wconf 75' lang='lat' dir='ltr'><strong>dog-</strong></span> 
     </span>
    </p>
   </div>
   <div class='ocr_carea' id='block_1_95' title="bbox 494 4879 2079 4956">
    <p class='ocr_par' dir='ltr' id='par_1_95' title="bbox 494 4879 2079 4956">
     <span class='ocr_line' id='line_1_95' title="bbox 494 4879 2079 4956; baseline 0.008 -24"><span class='ocrx_word' id='word_1_741' title='bbox 494 4879 731 4953; x_wconf 77' lang='lat' dir='ltr'><strong>motibus</strong></span> <span class='ocrx_word' id='word_1_742' title='bbox 762 4880 1052 4938; x_wconf 86' lang='lat' dir='ltr'><strong>invenitur.</strong></span> <span class='ocrx_word' id='word_1_743' title='bbox 1096 4884 1449 4941; x_wconf 89' lang='lat' dir='ltr'><strong>Considerare</strong></span> <span class='ocrx_word' id='word_1_744' title='bbox 1481 4886 1640 4956; x_wconf 83' lang='lat' dir='ltr'><strong>igitur</strong></span> <span class='ocrx_word' id='word_1_745' title='bbox 1667 4887 1863 4943; x_wconf 77' lang='lat' dir='ltr'><strong>debent</strong></span> <span class='ocrx_word' id='word_1_746' title='bbox 1903 4901 2079 4945; x_wconf 89' lang='lat' dir='ltr'><strong>utrum</strong></span> 
     </span>
    </p>
   </div>
   <div class='ocr_carea' id='block_1_96' title="bbox 424 4971 2078 5047">
    <p class='ocr_par' dir='ltr' id='par_1_96' title="bbox 424 4971 2078 5047">
     <span class='ocr_line' id='line_1_96' title="bbox 424 4971 2078 5047; baseline 0.007 -24"><span class='ocrx_word' id='word_1_747' title='bbox 424 5012 425 5015; x_wconf 55' lang='grc' dir='ltr'><strong>η</strong></span> <span class='ocrx_word' id='word_1_748' title='bbox 497 4971 827 5037; x_wconf 80' lang='lat' dir='ltr'><strong>afﬁrmantes</strong></span> <span class='ocrx_word' id='word_1_749' title='bbox 871 4972 998 5026; x_wconf 91' lang='lat' dir='ltr'><strong>illud</strong></span> <span class='ocrx_word' id='word_1_750' title='bbox 1030 4988 1166 5043; x_wconf 83' lang='lat' dir='ltr'><strong>Opus</strong></span> <span class='ocrx_word' id='word_1_751' title='bbox 1206 4988 1233 5026; x_wconf 90' lang='lat' dir='ltr'><strong>a</strong></span> <span class='ocrx_word' id='word_1_752' title='bbox 1265 4975 1419 5030; x_wconf 90' lang='lat' dir='ltr'><strong>beato</strong></span> <span class='ocrx_word' id='word_1_753' title='bbox 1460 4976 1660 5047; x_wconf 89' lang='lat' dir='ltr'><strong>Cyrillo</strong></span> <span class='ocrx_word' id='word_1_754' title='bbox 1689 4979 1943 5047; x_wconf 89' lang='lat' dir='ltr'><strong>scriptum</strong></span> <span class='ocrx_word' id='word_1_755' title='bbox 1985 4980 2078 5034; x_wconf 86' lang='lat' dir='ltr'><strong>ha-</strong></span> 
     </span>
    </p>
   </div>
   <div class='ocr_carea' id='block_1_97' title="bbox 498 5059 2076 5137">
    <p class='ocr_par' dir='ltr' id='par_1_97' title="bbox 498 5059 2076 5137">
     <span class='ocr_line' id='line_1_97' title="bbox 498 5059 2076 5137; baseline 0.009 -24"><span class='ocrx_word' id='word_1_756' title='bbox 498 5059 659 5115; x_wconf 79' lang='lat' dir='ltr'><strong>beant</strong></span> <span class='ocrx_word' id='word_1_757' title='bbox 681 5062 821 5130; x_wconf 84' lang='lat' dir='ltr'><strong>quod</strong></span> <span class='ocrx_word' id='word_1_758' title='bbox 848 5076 946 5132; x_wconf 88' lang='lat' dir='ltr'><strong>pro</strong></span> <span class='ocrx_word' id='word_1_759' title='bbox 974 5063 1061 5119; x_wconf 91' lang='lat' dir='ltr'><strong>illo</strong></span> <span class='ocrx_word' id='word_1_760' title='bbox 1083 5064 1461 5130; x_wconf 88' lang='lat' dir='ltr'><strong>respondeant,</strong></span> <span class='ocrx_word' id='word_1_761' title='bbox 1485 5067 1527 5120; x_wconf 89' lang='lat' dir='ltr'><strong>si</strong></span> <span class='ocrx_word' id='word_1_762' title='bbox 1557 5066 1633 5121; x_wconf 91' lang='lat' dir='ltr'><strong>eis</strong></span> <span class='ocrx_word' id='word_1_763' title='bbox 1657 5068 1862 5124; x_wconf 90' lang='lat' dir='ltr'><strong>dicatur</strong></span> <span class='ocrx_word' id='word_1_764' title='bbox 1890 5088 1902 5122; x_wconf 74' lang='grc' dir='ltr'>ε</span> <span class='ocrx_word' id='word_1_765' title='bbox 1934 5071 2076 5137; x_wconf 88' lang='lat' dir='ltr'><strong>Quo-</strong></span> 
     </span>
    </p>
   </div>
   <div class='ocr_carea' id='block_1_98' title="bbox 498 5154 2079 5229">
    <p class='ocr_par' dir='ltr' id='par_1_98' title="bbox 498 5154 2079 5229">
     <span class='ocr_line' id='line_1_98' title="bbox 498 5154 2079 5229; baseline 0.008 -24"><span class='ocrx_word' id='word_1_766' title='bbox 498 5154 639 5205; x_wconf 84' lang='lat' dir='ltr'><strong>niam</strong></span> <span class='ocrx_word' id='word_1_767' title='bbox 673 5163 1004 5207; x_wconf 88' lang='lat' dir='ltr'><strong>mortuorum</strong></span> <span class='ocrx_word' id='word_1_768' title='bbox 1047 5154 1252 5222; x_wconf 78' lang='lat' dir='ltr'><strong>judices</strong></span> <span class='ocrx_word' id='word_1_769' title='bbox 1304 5171 1454 5221; x_wconf 62' lang='lat' dir='ltr'><strong>esse,</strong></span> <span class='ocrx_word' id='word_1_770' title='bbox 1488 5158 1619 5211; x_wconf 87' lang='lat' dir='ltr'><strong>etin</strong></span> <span class='ocrx_word' id='word_1_771' title='bbox 1657 5159 1907 5215; x_wconf 64' lang='lat' dir='ltr'><strong>Ecclesia:</strong></span> <span class='ocrx_word' id='word_1_772' title='bbox 1950 5178 2079 5229; x_wconf 83' lang='lat' dir='ltr'><strong>pace</strong></span> 
     </span>
    </p>
   </div>
   <div class='ocr_carea' id='block_1_99' title="bbox 497 5244 2079 5310">
    <p class='ocr_par' dir='ltr' id='par_1_99' title="bbox 497 5244 2079 5310">
     <span class='ocr_line' id='line_1_99' title="bbox 497 5244 2079 5310; baseline 0.01 -17"><span class='ocrx_word' id='word_1_773' title='bbox 497 5252 659 5310; x_wconf 83' lang='lat' dir='ltr'><strong>atque</strong></span> <span class='ocrx_word' id='word_1_774' title='bbox 711 5244 915 5300; x_wconf 85' lang='lat' dir='ltr'><strong>honore</strong></span> <span class='ocrx_word' id='word_1_775' title='bbox 965 5244 1243 5302; x_wconf 85' lang='lat' dir='ltr'><strong>defunctos</strong></span> <span class='ocrx_word' id='word_1_776' title='bbox 1299 5249 1446 5303; x_wconf 85' lang='lat' dir='ltr'><strong>velut</strong></span> <span class='ocrx_word' id='word_1_777' title='bbox 1492 5248 1775 5303; x_wconf 76' lang='lat' dir='ltr'><strong>Itmreticos</strong></span> <span class='ocrx_word' id='word_1_778' title='bbox 1822 5251 2079 5309; x_wconf 85' lang='lat' dir='ltr'><strong>damnare</strong></span> 
     </span>
    </p>
   </div>
   <div class='ocr_carea' id='block_1_100' title="bbox 498 5339 2079 5414">
    <p class='ocr_par' dir='ltr' id='par_1_100' title="bbox 498 5339 2079 5414">
     <span class='ocr_line' id='line_1_100' title="bbox 498 5339 2079 5414; baseline 0.01 -29"><span class='ocrx_word' id='word_1_779' title='bbox 498 5339 852 5405; x_wconf 69' lang='lat' dir='ltr'><strong>pra&#39;sumitis,</strong></span> <span class='ocrx_word' id='word_1_780' title='bbox 888 5341 1014 5408; x_wconf 73' lang='lat' dir='ltr'><strong>qu‘d</strong></span> <span class='ocrx_word' id='word_1_781' title='bbox 1063 5342 1129 5395; x_wconf 86' lang='lat' dir='ltr'><strong>de</strong></span> <span class='ocrx_word' id='word_1_782' title='bbox 1156 5340 1355 5411; x_wconf 87' lang='lat' dir='ltr'><strong>Cyrillo</strong></span> <span class='ocrx_word' id='word_1_783' title='bbox 1393 5341 1645 5410; x_wconf 86' lang='lat' dir='ltr'><strong>episcopo</strong></span> <span class='ocrx_word' id='word_1_784' title='bbox 1670 5342 1954 5410; x_wconf 88' lang='lat' dir='ltr'><strong>judicatis,</strong></span> <span class='ocrx_word' id='word_1_785' title='bbox 1987 5347 2079 5414; x_wconf 89' lang='lat' dir='ltr'><strong>qui</strong></span> 
     </span>
    </p>
   </div>
   <div class='ocr_carea' id='block_1_101' title="bbox 406 5427 2075 5501">
    <p class='ocr_par' dir='ltr' id='par_1_101' title="bbox 406 5427 2075 5501">
     <span class='ocr_line' id='line_1_101' title="bbox 406 5427 2075 5501; baseline 0.01 -24"><span class='ocrx_word' id='word_1_786' title='bbox 406 5437 417 5447; x_wconf 77' lang='lat'><strong><em>&#39;</em></strong></span> <span class='ocrx_word' id='word_1_787' title='bbox 494 5427 729 5489; x_wconf 76' lang='lat' dir='ltr'><strong>dedocet</strong></span> <span class='ocrx_word' id='word_1_788' title='bbox 756 5430 895 5498; x_wconf 87' lang='lat' dir='ltr'><strong>quod</strong></span> <span class='ocrx_word' id='word_1_789' title='bbox 930 5432 1122 5486; x_wconf 82' lang='lat' dir='ltr'><strong>Paulus</strong></span> <span class='ocrx_word' id='word_1_790' title='bbox 1163 5435 1451 5500; x_wconf 76' lang='lat' dir='ltr'><strong>Apostolus</strong></span> <span class='ocrx_word' id='word_1_791' title='bbox 1482 5435 1674 5501; x_wconf 85' lang='lat' dir='ltr'><strong>docet,</strong></span> <span class='ocrx_word' id='word_1_792' title='bbox 1708 5445 1762 5490; x_wconf 89' lang='lat' dir='ltr'><strong>et</strong></span> <span class='ocrx_word' id='word_1_793' title='bbox 1792 5438 1985 5492; x_wconf 83' lang='lat' dir='ltr'><strong>asserit</strong></span> <span class='ocrx_word' id='word_1_794' title='bbox 2012 5455 2075 5493; x_wconf 89' lang='lat' dir='ltr'><strong>ea</strong></span> 
     </span>
    </p>
   </div>
   <div class='ocr_carea' id='block_1_102' title="bbox 495 5520 2078 5598">
    <p class='ocr_par' dir='ltr' id='par_1_102' title="bbox 495 5520 2078 5598">
     <span class='ocr_line' id='line_1_102' title="bbox 495 5520 2078 5598; baseline 0.008 -25"><span class='ocrx_word' id='word_1_795' title='bbox 495 5534 617 5584; x_wconf 67' lang='lat' dir='ltr'><strong>qua:</strong></span> <span class='ocrx_word' id='word_1_796' title='bbox 656 5520 966 5587; x_wconf 87' lang='lat' dir='ltr'><strong>prophetice</strong></span> <span class='ocrx_word' id='word_1_797' title='bbox 994 5524 1043 5576; x_wconf 90' lang='lat' dir='ltr'><strong>in</strong></span> <span class='ocrx_word' id='word_1_798' title='bbox 1072 5522 1343 5579; x_wconf 84' lang='lat' dir='ltr'><strong>Christum</strong></span> <span class='ocrx_word' id='word_1_799' title='bbox 1375 5526 1570 5596; x_wconf 52' lang='lat' dir='ltr'><strong>Scripta</strong></span> <span class='ocrx_word' id='word_1_800' title='bbox 1608 5537 1734 5581; x_wconf 88' lang='lat' dir='ltr'><strong>sunt</strong></span> <span class='ocrx_word' id='word_1_801' title='bbox 1763 5528 1830 5583; x_wconf 86' lang='lat' dir='ltr'><strong>de</strong></span> <span class='ocrx_word' id='word_1_802' title='bbox 1861 5531 2078 5598; x_wconf 87' lang='lat' dir='ltr'><strong>quibus-</strong></span> 
     </span>
    </p>
   </div>
   <div class='ocr_carea' id='block_1_103' title="bbox 495 5610 2075 5687">
    <p class='ocr_par' dir='ltr' id='par_1_103' title="bbox 495 5610 2075 5687">
     <span class='ocr_line' id='line_1_103' title="bbox 495 5610 2075 5687; baseline 0.009 -26"><span class='ocrx_word' id='word_1_803' title='bbox 495 5610 618 5662; x_wconf 87' lang='lat' dir='ltr'><strong>dam</strong></span> <span class='ocrx_word' id='word_1_804' title='bbox 644 5610 761 5665; x_wconf 88' lang='lat' dir='ltr'><strong>aliis</strong></span> <span class='ocrx_word' id='word_1_805' title='bbox 782 5611 922 5666; x_wconf 89' lang='lat' dir='ltr'><strong>dicta</strong></span> <span class='ocrx_word' id='word_1_806' title='bbox 944 5625 1061 5667; x_wconf 87' lang='lat' dir='ltr'><strong>esse</strong></span> <span class='ocrx_word' id='word_1_807' title='bbox 1085 5618 1360 5685; x_wconf 85' lang='lat' dir='ltr'><strong>personis;</strong></span> <span class='ocrx_word' id='word_1_808' title='bbox 1389 5618 1457 5674; x_wconf 91' lang='lat' dir='ltr'><strong>ab</strong></span> <span class='ocrx_word' id='word_1_809' title='bbox 1479 5619 1737 5687; x_wconf 85' lang='lat' dir='ltr'><strong>Apostolo</strong></span> <span class='ocrx_word' id='word_1_810' title='bbox 1764 5632 1961 5687; x_wconf 87' lang='lat' dir='ltr'><strong>autem,</strong></span> <span class='ocrx_word' id='word_1_811' title='bbox 1992 5636 2075 5676; x_wconf 84' lang='lat' dir='ltr'><strong>ar-</strong></span> 
     </span>
    </p>
   </div>
   <div class='ocr_carea' id='block_1_104' title="bbox 572 5849 1297 5917">
    <p class='ocr_par' dir='ltr' id='par_1_104' title="bbox 572 5849 1297 5917">
     <span class='ocr_line' id='line_1_104' title="bbox 572 5849 1297 5917; baseline 0.003 -15"><span class='ocrx_word' id='word_1_812' title='bbox 572 5850 581 5877; x_wconf 86' lang='lat'><strong>‘</strong></span> <span class='ocrx_word' id='word_1_813' title='bbox 626 5849 755 5917; x_wconf 74' lang='lat' dir='ltr'><strong>Cod.</strong></span> <span class='ocrx_word' id='word_1_814' title='bbox 793 5849 963 5904; x_wconf 71' lang='lat' dir='ltr'><strong>Veron</strong></span> <span class='ocrx_word' id='word_1_815' title='bbox 998 5891 1010 5916; x_wconf 95' lang='lat'><strong>,</strong></span> <span class='ocrx_word' id='word_1_816' title='bbox 1045 5853 1088 5903; x_wconf 84' lang='lat' dir='ltr'><strong>ci</strong></span> <span class='ocrx_word' id='word_1_817' title='bbox 1113 5856 1297 5906; x_wconf 78' lang='lat' dir='ltr'><strong>omnia.</strong></span> 
     </span>
    </p>
   </div>
   <div class='ocr_carea' id='block_1_105' title="bbox 2182 4707 3769 4781">
    <p class='ocr_par' dir='ltr' id='par_1_105' title="bbox 2182 4707 3769 4781">
     <span class='ocr_line' id='line_1_105' title="bbox 2182 4707 3769 4781; baseline 0.006 -21"><span class='ocrx_word' id='word_1_818' title='bbox 2182 4707 2325 4776; x_wconf 86' lang='lat' dir='ltr'><strong>quod</strong></span> <span class='ocrx_word' id='word_1_819' title='bbox 2369 4708 2443 4762; x_wconf 89' lang='lat' dir='ltr'><strong>ait</strong></span> <span class='ocrx_word' id='word_1_820' title='bbox 2488 4722 2736 4779; x_wconf 77' lang='lat' dir='ltr'><strong>magnum</strong></span> <span class='ocrx_word' id='word_1_821' title='bbox 2786 4723 2907 4765; x_wconf 86' lang='lat' dir='ltr'><strong>esse</strong></span> <span class='ocrx_word' id='word_1_822' title='bbox 2953 4713 3307 4781; x_wconf 87' lang='lat' dir='ltr'><strong>mysterium,</strong></span> <span class='ocrx_word' id='word_1_823' title='bbox 3364 4714 3529 4769; x_wconf 86' lang='lat' dir='ltr'><strong>Erunt</strong></span> <span class='ocrx_word' id='word_1_824' title='bbox 3567 4714 3673 4769; x_wconf 74' lang='lat' dir='ltr'><strong>duo</strong></span> <span class='ocrx_word' id='word_1_825' title='bbox 3717 4716 3769 4768; x_wconf 91' lang='lat' dir='ltr'><strong>in</strong></span> 
     </span>
    </p>
   </div>
   <div class='ocr_carea' id='block_1_106' title="bbox 2184 4799 3764 4873">
    <p class='ocr_par' dir='ltr' id='par_1_106' title="bbox 2184 4799 3764 4873">
     <span class='ocr_line' id='line_1_106' title="bbox 2184 4799 3764 4873; baseline 0.004 -21"><span class='ocrx_word' id='word_1_826' title='bbox 2184 4808 2344 4852; x_wconf 87' lang='lat' dir='ltr'><strong>carne</strong></span> <span class='ocrx_word' id='word_1_827' title='bbox 2389 4812 2491 4853; x_wconf 89' lang='lat' dir='ltr'><strong>una</strong></span> <span class='ocrx_word' id='word_1_828' title='bbox 2513 4839 2527 4863; x_wconf 91' lang='lat'><strong>,</strong></span> <span class='ocrx_word' id='word_1_829' title='bbox 2561 4799 2803 4854; x_wconf 87' lang='lat' dir='ltr'><strong>scribens</strong></span> <span class='ocrx_word' id='word_1_830' title='bbox 2831 4800 3124 4857; x_wconf 89' lang='lat' dir='ltr'><strong>Corinthiis</strong></span> <span class='ocrx_word' id='word_1_831' title='bbox 3171 4805 3327 4858; x_wconf 89' lang='lat' dir='ltr'><strong>aliter</strong></span> <span class='ocrx_word' id='word_1_832' title='bbox 3366 4805 3764 4873; x_wconf 69' lang='lat' dir='ltr'><strong>interpretatur,</strong></span> 
     </span>
    </p>
   </div>
   <div class='ocr_carea' id='block_1_107' title="bbox 2183 4875 3766 4964">
    <p class='ocr_par' dir='ltr' id='par_1_107' title="bbox 2183 4875 3766 4964">
     <span class='ocr_line' id='line_1_107' title="bbox 2183 4875 3766 4964; baseline 0.003 -21"><span class='ocrx_word' id='word_1_833' title='bbox 2183 4903 2248 4943; x_wconf 89' lang='lat' dir='ltr'><strong>ac</strong></span> <span class='ocrx_word' id='word_1_834' title='bbox 2296 4888 2425 4943; x_wconf 90' lang='lat' dir='ltr'><strong>dicit</strong></span> <span class='ocrx_word' id='word_1_835' title='bbox 2460 4906 2474 4942; x_wconf 92' lang='lat'><strong>:</strong></span> <span class='ocrx_word' id='word_1_836' title='bbox 2523 4889 2754 4944; x_wconf 78' lang='lat' dir='ltr'><strong>Nescitis</strong></span> <span class='ocrx_word' id='word_1_837' title='bbox 2808 4895 3049 4960; x_wconf 86' lang='lat' dir='ltr'><strong>quoniam</strong></span> <span class='ocrx_word' id='word_1_838' title='bbox 3090 4875 3305 4964; x_wconf 64' lang='lat' dir='ltr'><strong>corpora</strong></span> <span class='ocrx_word' id='word_1_839' title='bbox 3344 4906 3507 4949; x_wconf 75' lang='lat' dir='ltr'><strong>rastra</strong></span> <span class='ocrx_word' id='word_1_840' title='bbox 3551 4894 3766 4949; x_wconf 72' lang='lat' dir='ltr'><strong>membra</strong></span> 
     </span>
    </p>
   </div>
   <div class='ocr_carea' id='block_1_108' title="bbox 2187 4979 3765 5057">
    <p class='ocr_par' dir='ltr' id='par_1_108' title="bbox 2187 4979 3765 5057">
     <span class='ocr_line' id='line_1_108' title="bbox 2187 4979 3765 5057; baseline 0.004 -25"><span class='ocrx_word' id='word_1_841' title='bbox 2187 4979 2378 5034; x_wconf 69' lang='lat' dir='ltr'><strong>Christi</strong></span> <span class='ocrx_word' id='word_1_842' title='bbox 2433 4984 2600 5035; x_wconf 83' lang='lat' dir='ltr'><strong>sunt?</strong></span> <span class='ocrx_word' id='word_1_843' title='bbox 2650 4982 2857 5037; x_wconf 73' lang='lat' dir='ltr'><strong>Totiens</strong></span> <span class='ocrx_word' id='word_1_844' title='bbox 2903 5000 3019 5055; x_wconf 84' lang='lat' dir='ltr'><strong><em>ergo</em></strong></span> <span class='ocrx_word' id='word_1_845' title='bbox 3083 4986 3306 5039; x_wconf 84' lang='lat' dir='ltr'><strong>membra</strong></span> <span class='ocrx_word' id='word_1_846' title='bbox 3358 4986 3545 5041; x_wconf 78' lang='lat' dir='ltr'><strong>Christi</strong></span> <span class='ocrx_word' id='word_1_847' title='bbox 3584 4990 3765 5057; x_wconf 73' lang='lat' dir='ltr'><strong>faciam</strong></span> 
     </span>
    </p>
   </div>
   <div class='ocr_carea' id='block_1_109' title="bbox 2184 5071 3765 5146">
    <p class='ocr_par' dir='ltr' id='par_1_109' title="bbox 2184 5071 3765 5146">
     <span class='ocr_line' id='line_1_109' title="bbox 2184 5071 3765 5146; baseline 0.004 -24"><span class='ocrx_word' id='word_1_848' title='bbox 2184 5071 2406 5125; x_wconf 72' lang='lat' dir='ltr'><strong>membra</strong></span> <span class='ocrx_word' id='word_1_849' title='bbox 2452 5074 2773 5128; x_wconf 84' lang='lat' dir='ltr'><strong>meretricis?</strong></span> <span class='ocrx_word' id='word_1_850' title='bbox 2824 5075 2976 5129; x_wconf 82' lang='lat' dir='ltr'><strong>absit.</strong></span> <span class='ocrx_word' id='word_1_851' title='bbox 3023 5077 3101 5129; x_wconf 81' lang='lat' dir='ltr'><strong>An</strong></span> <span class='ocrx_word' id='word_1_852' title='bbox 3152 5078 3354 5131; x_wconf 77' lang='lat' dir='ltr'><strong>nescitis</strong></span> <span class='ocrx_word' id='word_1_853' title='bbox 3395 5080 3626 5146; x_wconf 86' lang='lat' dir='ltr'><strong>quoniam</strong></span> <span class='ocrx_word' id='word_1_854' title='bbox 3676 5078 3765 5146; x_wconf 72' lang='lat' dir='ltr'><strong>qui</strong></span> 
     </span>
    </p>
   </div>
   <div class='ocr_carea' id='block_1_110' title="bbox 2181 5162 3761 5236">
    <p class='ocr_par' dir='ltr' id='par_1_110' title="bbox 2181 5162 3761 5236">
     <span class='ocr_line' id='line_1_110' title="bbox 2181 5162 3761 5236; baseline 0.004 -23"><span class='ocrx_word' id='word_1_855' title='bbox 2181 5162 2406 5217; x_wconf 62' lang='lat' dir='ltr'><strong>actitaret</strong></span> <span class='ocrx_word' id='word_1_856' title='bbox 2437 5165 2709 5231; x_wconf 62' lang='lat' dir='ltr'><strong>msretn’ci,</strong></span> <span class='ocrx_word' id='word_1_857' title='bbox 2743 5182 2899 5218; x_wconf 87' lang='lat' dir='ltr'><strong>unum</strong></span> <span class='ocrx_word' id='word_1_858' title='bbox 2927 5182 3110 5234; x_wconf 84' lang='lat' dir='ltr'><strong>corpus</strong></span> <span class='ocrx_word' id='word_1_859' title='bbox 3140 5169 3394 5236; x_wconf 61' lang='lat' dir='ltr'><strong>efﬁcitur?</strong></span> <span class='ocrx_word' id='word_1_860' title='bbox 3420 5169 3581 5222; x_wconf 81' lang='lat' dir='ltr'><strong>Erant</strong></span> <span class='ocrx_word' id='word_1_861' title='bbox 3610 5169 3761 5232; x_wconf 78' lang='lat' dir='ltr'><strong>enim,</strong></span> 
     </span>
    </p>
   </div>
   <div class='ocr_carea' id='block_1_111' title="bbox 2184 5254 3759 5333">
    <p class='ocr_par' dir='ltr' id='par_1_111' title="bbox 2184 5254 3759 5333">
     <span class='ocr_line' id='line_1_111' title="bbox 2184 5254 3759 5333; baseline 0.006 -27"><span class='ocrx_word' id='word_1_862' title='bbox 2184 5254 2366 5321; x_wconf 86' lang='lat' dir='ltr'><strong>inquit,</strong></span> <span class='ocrx_word' id='word_1_863' title='bbox 2392 5255 2494 5308; x_wconf 86' lang='lat' dir='ltr'><strong>duo</strong></span> <span class='ocrx_word' id='word_1_864' title='bbox 2523 5257 2574 5309; x_wconf 84' lang='lat' dir='ltr'><strong>in</strong></span> <span class='ocrx_word' id='word_1_865' title='bbox 2606 5272 2759 5309; x_wconf 82' lang='lat' dir='ltr'><strong>carne</strong></span> <span class='ocrx_word' id='word_1_866' title='bbox 2778 5274 2880 5311; x_wconf 89' lang='lat' dir='ltr'><strong>una</strong></span> <span class='ocrx_word' id='word_1_867' title='bbox 2905 5257 2959 5329; x_wconf 92' lang='lat' dir='ltr'><strong>(I</strong></span> <span class='ocrx_word' id='word_1_868' title='bbox 2990 5260 3111 5313; x_wconf 82' lang='lat' dir='ltr'><strong>Cor.</strong></span> <span class='ocrx_word' id='word_1_869' title='bbox 3137 5275 3208 5324; x_wconf 83' lang='lat' dir='ltr'><strong>v1,</strong></span> <span class='ocrx_word' id='word_1_870' title='bbox 3242 5260 3327 5324; x_wconf 81' lang='grc'><strong>15,</strong></span> <span class='ocrx_word' id='word_1_871' title='bbox 3353 5263 3464 5333; x_wconf 68' lang='lat' dir='ltr'><strong>Hi).</strong></span> <span class='ocrx_word' id='word_1_872' title='bbox 3497 5261 3631 5317; x_wconf 80' lang='lat' dir='ltr'><strong>Ecce</strong></span> <span class='ocrx_word' id='word_1_873' title='bbox 3650 5276 3759 5315; x_wconf 81' lang='lat' dir='ltr'><strong>ma-</strong></span> 
     </span>
    </p>
   </div>
   <div class='ocr_carea' id='block_1_112' title="bbox 2183 5347 3755 5423">
    <p class='ocr_par' dir='ltr' id='par_1_112' title="bbox 2183 5347 3755 5423">
     <span class='ocr_line' id='line_1_112' title="bbox 2183 5347 3755 5423; baseline 0.002 -24"><span class='ocrx_word' id='word_1_874' title='bbox 2183 5362 2343 5415; x_wconf 80' lang='lat' dir='ltr'><strong>gnum</strong></span> <span class='ocrx_word' id='word_1_875' title='bbox 2385 5347 2513 5400; x_wconf 86' lang='lat' dir='ltr'><strong>illud</strong></span> <span class='ocrx_word' id='word_1_876' title='bbox 2559 5349 3095 5420; x_wconf 84' lang='lat' dir='ltr'><strong>commendatumque</strong></span> <span class='ocrx_word' id='word_1_877' title='bbox 3144 5353 3491 5423; x_wconf 79' lang='lat' dir='ltr'><strong>mysterium,</strong></span> <span class='ocrx_word' id='word_1_878' title='bbox 3523 5353 3657 5423; x_wconf 89' lang='lat' dir='ltr'><strong>quod</strong></span> <span class='ocrx_word' id='word_1_879' title='bbox 3700 5352 3755 5404; x_wconf 83' lang='lat' dir='ltr'><strong>in</strong></span> 
     </span>
    </p>
   </div>
   <div class='ocr_carea' id='block_1_113' title="bbox 2186 5437 3754 5510">
    <p class='ocr_par' dir='ltr' id='par_1_113' title="bbox 2186 5437 3754 5510">
     <span class='ocr_line' id='line_1_113' title="bbox 2186 5437 3754 5510; baseline 0.003 -19"><span class='ocrx_word' id='word_1_880' title='bbox 2186 5437 2396 5491; x_wconf 88' lang='lat' dir='ltr'><strong>Christo</strong></span> <span class='ocrx_word' id='word_1_881' title='bbox 2427 5446 2481 5491; x_wconf 76' lang='lat' dir='ltr'><strong>ot</strong></span> <span class='ocrx_word' id='word_1_882' title='bbox 2518 5440 2571 5492; x_wconf 90' lang='lat' dir='ltr'><strong>in</strong></span> <span class='ocrx_word' id='word_1_883' title='bbox 2603 5439 2839 5494; x_wconf 84' lang='lat' dir='ltr'><strong>Ecclesia</strong></span> <span class='ocrx_word' id='word_1_884' title='bbox 2883 5457 3004 5496; x_wconf 88' lang='lat' dir='ltr'><strong>esse</strong></span> <span class='ocrx_word' id='word_1_885' title='bbox 3051 5442 3304 5510; x_wconf 82' lang='lat' dir='ltr'><strong>insinuat,</strong></span> <span class='ocrx_word' id='word_1_886' title='bbox 3332 5445 3495 5499; x_wconf 86' lang='lat' dir='ltr'><strong>etiam</strong></span> <span class='ocrx_word' id='word_1_887' title='bbox 3534 5444 3754 5498; x_wconf 80' lang='lat' dir='ltr'><strong>fornica-</strong></span> 
     </span>
    </p>
   </div>
   <div class='ocr_carea' id='block_1_114' title="bbox 2187 5528 3749 5605">
    <p class='ocr_par' dir='ltr' id='par_1_114' title="bbox 2187 5528 3749 5605">
     <span class='ocr_line' id='line_1_114' title="bbox 2187 5528 3749 5605; baseline 0.002 -26"><span class='ocrx_word' id='word_1_888' title='bbox 2187 5528 2288 5581; x_wconf 77' lang='lat' dir='ltr'><strong>toti</strong></span> <span class='ocrx_word' id='word_1_889' title='bbox 2335 5542 2398 5583; x_wconf 88' lang='lat' dir='ltr'><strong>ac</strong></span> <span class='ocrx_word' id='word_1_890' title='bbox 2439 5530 2703 5584; x_wconf 82' lang='lat' dir='ltr'><strong>meretrici</strong></span> <span class='ocrx_word' id='word_1_891' title='bbox 2735 5530 2929 5587; x_wconf 89' lang='lat' dir='ltr'><strong>Paulus</strong></span> <span class='ocrx_word' id='word_1_892' title='bbox 2961 5534 3245 5603; x_wconf 88' lang='lat' dir='ltr'><strong>Apostolus</strong></span> <span class='ocrx_word' id='word_1_893' title='bbox 3276 5536 3397 5589; x_wconf 87' lang='lat' dir='ltr'><strong>sine</strong></span> <span class='ocrx_word' id='word_1_894' title='bbox 3438 5533 3749 5605; x_wconf 83' lang='lat' dir='ltr'><strong>blasphemia</strong></span> 
     </span>
    </p>
   </div>
   <div class='ocr_carea' id='block_1_115' title="bbox 2188 5620 3745 5694">
    <p class='ocr_par' dir='ltr' id='par_1_115' title="bbox 2188 5620 3745 5694">
     <span class='ocr_line' id='line_1_115' title="bbox 2188 5620 3745 5694; baseline 0.002 -22"><span class='ocrx_word' id='word_1_895' title='bbox 2188 5629 2415 5688; x_wconf 83' lang='lat' dir='ltr'><strong>coaptat.</strong></span> <span class='ocrx_word' id='word_1_896' title='bbox 2448 5620 2556 5675; x_wconf 84' lang='lat' dir='ltr'><strong>Nec</strong></span> <span class='ocrx_word' id='word_1_897' title='bbox 2588 5622 2784 5678; x_wconf 89' lang='lat' dir='ltr'><strong>alicubi</strong></span> <span class='ocrx_word' id='word_1_898' title='bbox 2838 5625 3115 5694; x_wconf 87' lang='lat' dir='ltr'><strong>mentitur,</strong></span> <span class='ocrx_word' id='word_1_899' title='bbox 3141 5635 3235 5682; x_wconf 90' lang='lat' dir='ltr'><strong>aut</strong></span> <span class='ocrx_word' id='word_1_900' title='bbox 3264 5624 3485 5692; x_wconf 86' lang='lat' dir='ltr'><strong>fallitur,</strong></span> <span class='ocrx_word' id='word_1_901' title='bbox 3510 5628 3589 5682; x_wconf 81' lang='lat' dir='ltr'><strong>vel</strong></span> <span class='ocrx_word' id='word_1_902' title='bbox 3614 5623 3745 5679; x_wconf 65' lang='lat' dir='ltr'><strong>‘talta</strong></span> 
     </span>
    </p>
   </div>
  </div>
