3878 6194
162 303 246 361 605

1035 300 1165 355 ΡΙὶο
1208 299 1632 355 ΒΕΕἙΝΒΙΟΝΕ
1664 298 1877 354 TRIUM
1915 295 2227 352 CAPITUL.
2260 294 2389 351 LIB.
2440 296 2527 351 Ill.

3311 296 3413 349 ’306

160 419 429 477 scribendo
453 415 618 470 factas
644 414 696 468 in
719 414 989 468 Christum
1017 413 1323 483 prophetias
1343 421 1586 476 evacuat,
1606 424 1728 463 eum
1762 412 1808 468 Α
1834 405 1975 459 beati
1996 403 2177 475 Cyrilli
2222 404 2541 459 sententiam
2594 401 2758 457 fuisse
2812 403 3061 458 damnata
3094 418 3111 460 :
3142 407 3263 473 quia
3293 420 3415 459 cum

161 514 459 580 plerumque
500 520 683 561 sermo
712 506 960 571 divinus,
992 516 1049 559 ut
1078 504 1269 560 similis
1295 504 1595 571 margarita:
1628 517 1723 555 un-

160 602 300 670 dique
346 596 714 668 penetrabilis,
743 596 1041 651 rectissimo
1086 603 1289 649 tantum
1332 605 1388 649 et
1431 594 1625 649 librato
1664 607 1726 647 ac

161 687 316 743 medio
363 687 565 757 aperiri
616 684 808 740 debeat
854 685 1146 739 intellectu.
1172 684 1406 738 Audiant
1452 691 1511 737 et
1552 683 1726 751 ipsum

161 780 407 833 tlhriStum
452 777 504 831 in
538 775 827 845 Evangelio
858 773 1023 830 factas
1075 775 1128 828 in
1178 790 1237 828 se
1267 773 1575 843 prephetias
1621 786 1728 826 non

162 877 518 933 evacuantem,
544 865 827 920 Pharisaais
850 865 1174 919 tentantibus
1213 874 1372 931 atque
1395 862 1725 917 dicentibus:

164 962 278 1015 Licet
333 960 529 1013 homini
574 959 828 1011 dimittere
869 974 1080 1011 uxorem
1133 974 1278 1011 suam
1325 972 1627 1026 quacunque
1668 973 1731 1010 ea:

163 1072 297 1108 causa
323 1057 347 1109 ?
378 1055 557 1109 taliter
584 1051 930 1122 respondisse
960 1069 973 1105 :
1010 1050 1131 1104 Non
1158 1052 1369 1117 legistis,
1395 1051 1512 1119 quia
1542 1051 1630 1119 qui
1658 1052 1731 1117 {e-

162 1152 211 1201 rit
234 1148 296 1201 ab
328 1147 499 1213 initio,
539 1144 823 1201 masculum
844 1153 889 1197 et
920 1143 1161 1213 feminam
1186 1144 1303 1211 fecit
1332 1159 1437 1204 eos,
1463 1152 1510 1194 et
1541 1142 1670 1193 dixit
1693 1155 1711 1192 :

166 1238 364 1306 Propter
393 1237 489 1290 hoc
514 1236 733 1289 dimittet
755 1236 905 1288 homo
936 1244 1127 1304 patrem
1153 1242 1202 1287 et
1229 1243 1462 1296 matrem,
1488 1245 1533 1285 et
1560 1232 1735 1285 adluc-

163 1328 267 1384 rebit
288 1328 445 1381 uxori
466 1342 594 1391 sua,
618 1336 663 1378 et
690 1335 838 1379 erunt
865 1325 968 1377 duo
991 1326 1044 1377 in
1069 1340 1221 1377 carne
1249 1324 1387 1377 una?
1416 1320 1601 1392 Itaque
1621 1325 1736 1393 jam

161 1439 240 1479 seu
257 1432 379 1475 sunt
398 1424 523 1484 duo,
547 1419 636 1472 sed
659 1435 762 1473 una
790 1435 927 1471 caro.
954 1418 1103 1483 Quod
1132 1414 1253 1487 ergo
1284 1416 1419 1470 Deus
1442 1416 1734 1478 coniunxit,

164 1517 291 1567 homo
312 1527 416 1566 non
442 1521 642 1580 separet
687 1508 905 1580 (Matth.
928 1524 1038 1573 six,
1066 1507 1120 1573 ’5,
1152 1508 1229 1579 6).
1262 1510 1433 1578 Atque
1465 1508 1592 1561 illud
1625 1523 1736 1561 ma-

162 1620 303 1674 gnum
334 1616 386 1660 et
411 1603 684 1674 singulare
713 1600 1048 1672 mysterium,
1074 1599 1214 1669 quod
1246 1600 1297 1653 iu
1331 1601 1447 1667 ipso
1476 1610 1528 1653 et
1552 1598 1604 1653 iu
1640 1600 1737 1653 Ec-

167 1700 312 1755 clesia
344 1714 515 1754 verax
544 1698 663 1767 ejus
692 1696 825 1752 dixit
853 1693 1165 1766 Apostolus,
1190 1692 1301 1760 ipse
1331 1691 1420 1759 qui
1449 1700 1625 1745 nostra
1657 1701 1740 1744 est

1831 512 1935 550 non
1962 504 2047 550 est
2078 496 2127 549 in
2159 503 2408 563 promptu
2449 507 2678 562 persona
2707 506 2827 559 quae
2864 493 3036 561 culpa:
3062 502 3414 561 supponatur,

1829 590 2181 657 capitulorum
2210 585 2515 655 redargutio
2546 585 2813 640 invenitur
2858 583 3084 639 incerta.
3120 584 3311 638 Verum
3362 594 3417 639 et

1832 682 1936 736 hoc
1966 679 2243 734 attendere
2290 680 2460 747 pietas
2503 688 2681 732 vestra
2709 677 2980 747 dignetur,
3006 677 3130 746 quia
3164 691 3268 731 non
3296 678 3421 731 illos

1830 775 1965 830 dicit
1992 775 2248 829 obsessos
2277 774 2464 828 morbo
2490 773 2740 835 Nestorii,
2772 774 2864 842 qui
2893 773 3193 836 certabant,
3224 788 3291 826 ne
3321 774 3421 828 viri

1832 868 2163 922 admirabilis
2192 877 2246 920 et
2277 866 2563 919 maximam
2592 866 2813 934 gloriam
2846 866 3121 929 merentis,
3154 863 3421 919 Theodori

1832 959 2075 1027 quaedam
2116 958 2348 1026 capitula
2378 956 2757 1012 damnarentur
2785 974 2800 1011 :
2828 957 2919 1010 sed
2962 957 3109 1026 ipsos
3140 957 3313 1026 potius
3344 958 3423 1011 di-

1836 1049 1913 1103 cit
1942 1048 2087 1117 quod
2107 1048 2447 1102 occasionem
2474 1048 2711 1102 facerent
2739 1048 3012 1102 contrario
3040 1049 3290 1116 dogmate
3318 1065 3424 1114 quo

1839 1140 2175 1202 tenebantur,
2208 1140 2295 1208 qui
2345 1153 2405 1194 se
2430 1138 2571 1193 circa
2613 1138 2956 1193 Theodorum
3002 1140 3208 1194 infense
3258 1141 3423 1195 habe-

1836 1231 1983 1286 bant.
2038 1231 2185 1297 Quos
2214 1231 2377 1285 etiam
2427 1231 2715 1301 objurgans
2760 1231 2902 1300 quod
2953 1243 3100 1286 recte
3152 1236 3425 1288 ambulare

1837 1322 2127 1387 nescirent,
2158 1322 2409 1375 admonet
2437 1331 2493 1375 ut
2521 1337 2614 1376 eos
2642 1323 2729 1390 qui
2773 1324 2840 1375 ita
2873 1326 3131 1390 sentiunt,
3161 1335 3421 1391 quantum

1840 1427 2143 1480 possumus,
2174 1413 2481 1481 longissime
2526 1415 2911 1482 relinquamus,
2944 1430 3044 1469 nec
3091 1429 3421 1470 assumamus

1840 1502 1894 1555 in
1940 1512 2175 1556 nostram
2207 1511 2440 1555 mentem
2471 1502 2611 1570 quod
2647 1504 2971 1559 concinnare
2999 1506 3326 1575 quaerebant,
3371 1517 3425 1559 ut

1842 1605 1963 1646 cum
2001 1607 2107 1646 non
2138 1593 2391 1645 existeret
2445 1603 2591 1647 certa
2623 1608 2871 1661 persona,
2904 1610 3023 1663 qua!
3052 1606 3142 1649 aut
3172 1597 3305 1651 bene
3352 1600 3425 1650 iu-

1843 1690 2228 1749 terpretarctur
2251 1697 2313 1736 ea
2339 1698 2457 1751 qua:
2485 1684 2715 1750 dixerat,
2747 1685 2885 1739 sicut
2916 1686 3031 1754 ipse
3052 1686 3235 1742 beatus
3259 1690 3427 1758 Cyril'

167 1794 365 1857 veritas,
388 1792 553 1844 etiam
578 1804 675 1858 pro
699 1788 1024 1843 reservanda
1047 1782 1369 1857 generaliter
1397 1779 1599 1837 findere
1620 1794 1746 1835 con-
1778 1783 1825 1844 Β
1852 1776 1933 1830 lus
1961 1776 2028 1829 de
2052 1777 2164 1830 suis
2192 1777 2436 1844 capitulis
2468 1775 2610 1840 fecit,
2640 1787 2735 1831 aut
2762 1781 2805 1832 si
2855 1792 2959 1833 non
3007 1779 3207 1835 faceret
3260 1783 3427 1850 culpm

165 1882 307 1952 jugali
334 1883 598 1949 scriptum
632 1879 793 1934 fuisse
824 1879 1151 1949 pronuntiat.
1181 1878 1244 1932 Et
1276 1877 1358 1930 his
1384 1877 1595 1947 quidem
1628 1871 1737 1930 sui-

168 1974 289 2027 ticiat
315 1972 578 2041 probasse
594 1970 733 2040 quod
757 1984 899 2039 stepe
924 1969 1190 2023 laudabile
1211 1968 1553 2036 judicatur,si
1578 1971 1736 2023 etiam

167 2066 428 2120 moraliter
455 2080 518 2119 ex
530 2074 796 2134 ponantur
825 2078 941 2132 qua:
973 2061 1286 2132 prepheticc
1314 2062 1453 2116 dicta
1484 2072 1629 2116 sunt.
1665 2063 1739 2115 lu-

172 2166 297 2211 terea
326 2172 455 2213 vero
483 2157 771 2227 perspicis,
802 2155 1112 2223 imperator,
1140 2163 1196 2209 et
1224 2155 1339 2224 ipsa
1370 2155 1738 2223 multiplicium

166 2247 596 2301 documentorum
634 2246 898 2300 evidentia
938 2245 1106 2313 magis
1145 2262 1207 2298 ac
1251 2244 1420 2311 magis
1463 2248 1742 2313 cognoscis

167 2337 291 2404 quod
336 2337 568 2403 epistula
601 2337 705 2390 Iba:
750 2336 1062 2390 Nestoriaua
1110 2336 1353 2391 convinci
1406 2345 1634 2405 nequeat
1676 2352 1738 2389 cx

166 2425 302 2481 Lude
332 2426 626 2480 Theodori.
662 2426 864 2480 ideirco
915 2437 1111 2491 autem,
1142 2427 1279 2481 sicut
1320 2427 1430 2495 jam
1486 2427 1740 2492 diximus,

166 2518 474 2584 quaesierunt
504 2517 765 2579 hzeretici,
784 2526 842 2570 ut
863 2527 1145 2586 negaretur
1165 2532 1195 2571 a
1217 2518 1424 2587 synodo
1440 2516 1604 2573 fuisse
1626 2533 1744 2572 sus.

165 2618 318 2673 cepta,
358 2605 499 2675 quod
528 2606 703 2675 palam
730 2606 918 2659 falsum
946 2615 1049 2671 est,
1072 2615 1128 2659 ut
1147 2608 1398 2676 primum,
1432 2608 1587 2661 nobis
1610 2607 1742 2661 nihil

165 2697 557 2763 re~lstentibus,
588 2696 696 2750 imo
725 2696 1136 2763 affirmantibus,
1166 2712 1494 2765 qumcuuque
1525 2698 1742 2751 crimina

169 2788 354 2843 relient
385 2788 439 2842 in
472 2804 591 2844 eam
622 2799 1007 2858 congererent;
1052 2790 1243 2845 deinde
1295 2800 1347 2844 ut
1399 2792 1509 2856 ipsa
1563 2799 1744 2842 nostra

164 2880 438 2945 negatione
468 2878 738 2948 suscipien
762 2883 864 2933 tam
896 2895 1001 2933 non
1033 2880 1196 2935 fuisse
1227 2887 1610 2934 monstrarent.
1647 2879 1745 2933 Vc-

164 2985 267 3025 rum
296 2975 491 3042 accipe
511 2973 619 3041 jam
648 2974 916 3042 quomodo
946 2987 1050 3026 non
1081 2975 1251 3027 solum
1286 2973 1336 3027 in
1370 2974 1455 3026 his
1482 2988 1598 3041 qua:
1628 2986 1741 3024 me-

164 3065 507 3131 moravimus,
549 3065 645 3120 sed
675 3067 731 3118 in
757 3064 1004 3119 omnibus
1033 3064 1253 3118 omnino
1278 3071 1371 3134 pro
1412 3064 1606 3132 quibus
1636 3060 1745 3117 Mo-

1845 1876 2270 1937 suppouerctur,
2320 1882 2455 1921 vana
2500 1870 2855 1937 capitulorum
2903 1870 3205 1939 redargutio
3261 1872 3426 1927 fleret.

1845 1960 2163 2019 liutnanitus
2216 1958 2395 2026 itaque
2439 1973 2537 2013 suo
2588 1960 2906 2014 admonebat
2936 1962 3227 2031 ‘excmplo
3287 1967 3430 2031 quod

1846 2061 2011 2111 multa
2045 2057 2193 2111 pecto
2224 2049 2500 2117 proposito
2530 2049 2840 2103 dicerentur
2881 2066 3000 2119 qua:
3044 2053 3200 2106 aliter
3230 2057 3429 2121 possint

1844 2147 2087 2214 intelligi.
2138 2147 2386 2203 Sciamus
2429 2152 2591 2204 ίἸἸζο.
2648 2140 3063 2195 dementissime
3120 2143 3428 2212 imperatur,

1840 2240 1993 2309 juxta
2028 2240 2214 2309 Cyrilli
2244 2241 2583 2303 sententiam,
2614 2230 2756 2307 quod
2799 2234 2886 2300 qui
2920 2233 3032 2287 haec
3058 2243 3239 2302 agunt,
3272 2238 3320 2288 in
3357 2238 3428 2291 in-

1845 2339 2053 2386 certum
2080 2340 2383 2395 currentes,
2405 2340 2460 2385 et
2488 2345 2666 2384 aerem
2696 2329 3043 2383 verberantes
3073 2326 3429 2383 inveniantur.

1844 2419 2071 2488 Ideoque
2102 2433 2288 2474 rursus
2334 2436 2387 2474 in
2420 2422 2523 2474 fine
2550 2421 2716 2489 ipsius
2760 2424 3000 2489 epistolae
3030 2420 3096 2473 de
3126 2418 3319 2471 talibus
3347 2419 3429 2472 di-

1848 2512 1923 2566 cit
1953 2529 1966 2564 :
2005 2531 2024 2562 ‹
2059 2512 2325 2580 Sedjuste
2349 2512 2565 2566 audient
2588 2514 2795 2566 tametsi
2820 2515 3003 2577 nolint,
3026 2514 3113 2583 qui
3135 2508 3436 2585 hujusmoti

1850 2620 2039 2660 causas
2070 2606 2307 2672 praebent
2328 2605 2740 2659 :Obliviscimiui
2775 2621 2869 2659 Vtts
2900 2607 3065 2674 ipsos,
3098 2609 3312 2671 quando
3338 2604 3434 2663 ad.

1847 2711 2031 2751 versus
2055 2696 2303 2763 pulveres
2324 2709 2479 2749 arcus
2501 2696 2807 2751 extenditis.
2839 2696 2953 2751 Non
2993 2699 3134 2751 enim
3165 2710 3433 2768 superest,

1848 2791 1935 2858 qui
1963 2791 2098 2855 apud
2132 2803 2228 2842 vus
2278 2789 2563 2855 inscriptus
2589 2804 2618 2843 e
2651 2798 2700 2853 t;
2735 2799 2786 2843 et
2817 2805 2902 2844 me
2929 2792 3106 2844 nullus
3160 2791 3339 2861 culpet
3382 2795 3433 2847 in

1851 2880 1965 2935 lure
2012 2881 2171 2934 verba
2224 2894 2580 2957 progressum,
2615 2882 2710 2935 sed
2760 2882 2915 2936 cedat
2963 2884 3168 2937 famoso
3216 2886 3433 2942 nimium

1850 2972 2179 3045 pr;uces~ori.
2209 2970 2381 3026 Grave
2428 2973 2569 3025 enim
2623 2982 2704 3026 est
2732 2974 2992 3028 insultare
3050 2976 3435 3043 defunctis,vel

1849 3067 1895 3120 si
1916 3065 2032 3119 laici
2067 3062 2281 3128 fuerint,
2305 3063 2498 3116 nedum
2528 3063 2634 3117 illis
2657 3064 2744 3132 qui
2777 3065 2826 3117 in
2855 3065 3164 3143 episcopatu
3198 3070 3331 3123 hanc
3364 3072 3433 3125 vi-

164 3172 498 3228 pmestenum
551 3161 567 3192 ¹
616 3160 1038 3225 damnaverunt,
1085 3161 1339 3229 judicium
1392 3161 1529 3215 beati
1560 3160 1743 3231 Cyrilli
1774 3150 1818 3222 (ξ
1851 3168 1957 3211 tam
1981 3156 2361 3224 deposuerunt.
2396 3153 2755 3209 iustissimum
2780 3156 2924 3210 enim
2954 3168 3176 3227 apparet
3208 3160 3436 3229 pruden.

164 3253 502 3315 ra‘caverint,
532 3251 623 3320 qui
671 3252 926 3306 resistens
967 3251 1234 3306 haereticis
1262 3250 1633 3306 accusantibus
1661 3250 1745 3304 di-

168 3350 239 3393 cta
268 3339 561 3395 memorati
594 3339 864 3393 Theodori
895 3341 973 3395 sic
1001 3338 1157 3394 beato
1188 3338 1379 3394 Jontmi
1409 3338 1745 3393 Antiocheno

163 3439 208 3482 et
234 3430 508 3485 universae
530 3429 788 3485 Orientali
814 3430 1020 3501 synodo
1059 3428 1264 3484 scribit.
1302 3447 1319 3479 ι
1353 3426 1587 3483 Audacia
1616 3438 1747 3483 Vero

163 3529 210 3574 et
233 3530 516 3577 certamen
548 3521 692 3588 quod
717 3536 903 3577 omies
936 3520 1135 3590 pariter
1162 3518 1478 3587 suscepistis
1506 3524 1603 3586 pro
1630 3520 1747 3572 viro

160 3611 485 3677 admirabili,
517 3622 577 3667 et
614 3612 904 3665 maximam
934 3611 1156 3679 gloriam
1199 3618 1440 3664 merente
1462 3609 1600 3678 apud
1628 3623 1747 3673 vos,

164 3701 452 3759 Theodoro
475 3704 620 3769 dico,
646 3703 998 3757 reclamantes
1021 3701 1277 3756 adversus
1299 3701 1528 3770 aliquos,
1552 3701 1641 3770 qui
1667 3715 1746 3767 se,

158 3804 210 3849 ut
233 3801 492 3865 apparet,
517 3794 660 3849 circa
682 3795 832 3848 illum
860 3792 1068 3848 infense
1094 3792 1313 3857 habent,
1336 3775 1390 3847 et
1413 3792 1749 3847 occasionem

158 3886 415 3943 iacientes
457 3885 730 3941 contrario
759 3884 1009 3953 dogmate
1051 3900 1159 3953 quo
1205 3893 1471 3950 tenentur,
1503 3893 1560 3938 ut
1604 3881 1752 3953 capi-

157 3975 257 4029 tula
282 3976 539 4045 quaedam
570 3990 675 4029 non
700 3990 764 4030 es
798 3976 1109 4029 melioribus
1140 3975 1433 4040 intellecta,
1467 3974 1606 4029 sicut
1635 3978 1754 4043 qui-

156 4068 274 4121 dam
302 4067 595 4129 dixerunt,
618 4066 684 4119 de
707 4064 899 4134 quibus
927 4072 981 4119 et
1012 4074 1240 4120 vestram
1266 4065 1603 4119 sanctitatem
1634 4074 1752 4132 pero

155 4157 531 4219 turbaverunt,
547 4156 818 4226 exigerent
835 4156 1057 4211 eundem
1067 4154 1505 4210 nari.ﬂocautem
1525 4166 1577 4210 et
1590 4170 1755 4223 nunc,

150 4248 305 4301 sicuti
321 4256 522 4303 vestrae
544 4248 739 4301 litterae
769 4256 1090 4311 monstrant,
1109 4243 1175 4298 ad
1200 4246 1399 4316 regiam
1422 4248 1609 4302 urbem
1638 4262 1758 4315 per-

152 4346 340 4405 gentes
353 4348 593 4399 movent,
610 4339 653 4392 si
671 4352 777 4407 quo
794 4337 952 4391 modo
968 4339 1286 4407 praevaleant
1307 4352 1389 4406 per
1402 4340 1626 4393 suadere
1640 4352 1761 4392 con-

148 4446 313 4487 cursu
339 4431 732 4500 aliquorummt
760 4422 1262 4498 pcrimpcratoriam
1290 4430 1514 4483 formam
1538 4431 1760 4485 anathe-

1844 3251 1943 3305 tiba
1965 3263 1991 3302 s
2016 3248 2141 3303 viris
2171 3248 2364 3301 cedere
2394 3245 2695 3316 praescicnti
2734 3247 3153 3319 uniuscujusque
3194 3253 3435 3306 vnluuta.

1849 3350 1980 3403 tem,
2011 3348 2066 3395 et
2095 3338 2438 3408 cognoscenti
2470 3337 2641 3406 qualis
2670 3336 3033 3408 unusquisque
3082 3351 3323 3396 nostrum
3360 3343 3436 3397 fu-

1852 3441 1999 3485 turus
2023 3432 2113 3485 sit.
2152 3444 2171 3481 ι
2208 3428 2465 3497 Apparuit
2494 3443 2558 3482 ex
2584 3427 2665 3482 his
2694 3443 2813 3497 qua:
2846 3442 3134 3486 memorata
3164 3444 3305 3500 sunt,
3336 3438 3427 3491 clc-

1852 3521 2183 3576 mentissirne
2208 3520 2514 3588 imperator,
2544 3518 2682 3587 quod
2713 3519 2943 3589 Cyrillus
2975 3524 3257 3592 cpiscoiius
3281 3540 3438 3594 grave

1849 3615 2057 3683 judice!
2086 3612 2343 3667 insultare
2375 3610 2659 3673 defunctis,
2685 3613 2847 3665 etiam
2875 3612 3023 3665 laicis
3056 3631 3068 3666 :
3099 3627 3299 3683 quanto
3329 3626 3441 3671 ma.

1849 3708 1931 3777 gls
1958 3708 2009 3761 in
2038 3706 2348 3774 episcopatu
2379 3704 2543 3758 vitam
2582 3701 2885 3757 (lenientibus
2925 3705 3207 3761 anathema
3239 3708 3437 3772 dicere,

1853 3807 1907 3851 et
1934 3810 2118 3852 eorum
2158 3806 2334 3849 causae
2367 3793 2624 3863 judicium
2663 3793 2772 3847 Deo
2802 3796 3107 3861 praeripere,
3139 3798 3438 3865 prmscienti

1854 3887 2263 3954 uniuscujusque
2294 3885 2644 3947 i'olutitatem,
2667 3897 2769 3951 qua
2797 3884 3093 3939 intentione
3119 3888 3243 3953 quid
3270 3888 3435 3954 dicat,

1854 3976 1942 4044 qui
1971 3974 2128 4031 etiam
2161 3975 2308 4028 novit
2338 3973 2504 4040 qua'is
2534 3974 2897 4043 unusquisque
2941 3984 3181 4030 nostrum
3232 3976 3439 4036 futurus

1854 4066 1945 4134 sit,
1971 4072 2025 4120 et
2057 4065 2240 4132 quales
2269 4064 2609 4119 inveniuntur
2632 4059 2653 4094 ⁸
2685 4067 2733 4117 in
2768 4065 2859 4118 illo
2885 4064 3105 4134 judicio,
3132 4068 3216 4121 ubi
3247 4084 3436 4126 omnes

1857 4158 2189 4213 adsmbimus
2212 4166 2335 4213 ante
2362 4158 2590 4211 tribunal
2616 4158 2835 4222 Christi,
2858 4170 2912 4212 ut
2941 4160 3139 4215 referat
3166 4165 3440 4233 unusquis-

1858 4260 1960 4319 que
1984 4251 2198 4318 propria
2227 4250 2470 4320 corporis
2513 4260 2673 4319 prout
2714 4252 2898 4319 gessit,
2934 4253 3047 4306 sive
3079 4256 3301 4323 malum,
3332 4260 3443 4317 sive

1860 4340 2099 4395 bonum?
2129 4339 2296 4409 Cujus
2344 4355 2470 4393 tero
2496 4340 2742 4395 catholici
2788 4343 3023 4396 animum
3054 4360 3158 4399 non
3188 4346 3445 4416 oﬂ‘endat,

1860 4430 1999 4498 quod
2029 4430 2113 4483 isti
2140 4428 2347 4499 judices
2390 4439 2721 4485 mortuorum
2754 4426 2936 4487 dicunt
2962 4435 3208 4491 eumdem
3232 4437 3444 4495 beatum

152 4521 599 4575 matisnbdantur
622 4520 711 4574 illa
729 4530 846 4589 qua!
861 4522 926 4573 ab
948 4522 1025 4575 eis
1043 4521 1399 4587 proferuntur,
1417 4536 1535 4574 cum
1551 4535 1765 4575 accusa-
1794 4523 1846 4581 D
1870 4519 2125 4588 Cyrillum
2164 4520 2267 4573 sibi
2310 4521 2580 4575 exstitisse
2624 4522 2972 4589 contrarium,
3002 4533 3058 4579 et
3083 4527 3236 4582 aliter
3264 4543 3445 4598 postea

149 4611 301 4667 tione
322 4612 624 4667 volentium
640 4626 702 4666 ea
721 4611 1027 4667 defendere.
1056 4614 1135 4665 Ad
1152 4614 1250 4691 hoc
1275 4622 1451 4667 autem
1469 4613 1609 4679 dico,
1626 4613 1761 4666 sicut

152 4704 279 4757 mihi
315 4702 555 4767 videtur,
570 4711 624 4757 et
646 4702 791 4756 omni
819 4710 1054 4756 mentem
1080 4701 1318 4768 habenti,
1339 4703 1588 4771 quoniam
1614 4703 1760 4758 nefas

147 4801 229 4846 est
250 4802 521 4861 reputare
550 4792 632 4847 vel
655 4792 888 4861 graviter
916 4791 1056 4847 ferre
1082 4806 1174 4846 eos
1196 4793 1280 4861 qui
1320 4804 1461 4847 recte
1488 4793 1763 4847 ambulare

148 4884 429 4948 nesciunt,
444 4881 542 4937 sed
561 4883 722 4937 etiam
746 4892 996 4951 quantum
1014 4891 1187 4951 potest
1210 4884 1516 4952 longissime
1531 4885 1760 4938 derelin-

144 4988 325 5038 quere
348 4973 443 5043 qni
470 4976 543 5027 ita
563 4974 824 5028 sentiunt.
849 4973 958 5028 Nisi
983 4974 1120 5029 forte
1143 4975 1195 5027 in
1222 4984 1455 5029 mentem
1481 4991 1754 5031 assumed

141 5068 278 5118 dum
334 5072 426 5119 est
472 5063 617 5134 quod
666 5065 1283 5129 concinnare’volunt;
1336 5070 1457 5120 eum
1518 5070 1757 5123 maxime

141 5172 337 5226 neque
362 5157 415 5211 in
441 5166 692 5225 promptu
712 5168 792 5211 est
814 5170 1038 5225 persnna
1062 5172 1220 5226 quam
1244 5157 1413 5225 culpre
1431 5168 1757 5227 supponunt,

140 5260 195 5301 et
225 5248 613 5317 capitulorum
648 5246 954 5318 redargutio
998 5250 1217 5313 incerta,
1249 5260 1301 5304 ct
1332 5255 1419 5319 qui
1452 5251 1567 5305 haec
1597 5262 1759 5320 agtmt

136 5356 190 5391 ω
226 5342 518 5393 incertum
568 5350 866 5406 currentes,
899 5349 954 5394 et
992 5355 1170 5395 acrem
1220 5340 1561 5395 verberantes
1605 5340 1755 5395 iuve-

138 5430 404 5483 nientur.
441 5447 461 5481 ι
507 5429 643 5483 Ecce
664 5430 1003 5499 probavimus
1027 5444 1133 5484 non
1156 5430 1422 5499 quardam,
1452 5432 1548 5485 sed
1575 5433 1755 5486 omnia

132 5536 263 5589 qua
294 5530 569 5574 accusant
596 5521 646 5574 in
676 5520 833 5574 dictis
865 5520 1219 5589 Mopsus-sicui
1267 5520 1536 5576 Theodori
1570 5532 1753 5576 contra

206 5704 225 5731 ί
264 5698 419 5751 (ἷοιιι
455 5698 671 5764 Verum,
699 5700 1102 5767 llopaucstenttm
1130 5701 1467 5758 Theodorum.

206 5778 227 5803 ι
272 5771 443 5827 Metu
471 5770 611 5832 cui,
650 5772 960 5824 Cutttinuan’.

1856 4612 1931 4666 de
1960 4611 2275 4679 quibusdam
2309 4611 2517 4679 Scriptis
2550 4613 2825 4667 memorati
2856 4613 3121 4671 Theodori
3149 4618 3443 4687 judicasse,

1864 4712 2022 4771 atque
2045 4702 2095 4755 iu
2126 4701 2227 4755 hoc
2251 4701 2520 4765 incidisse,
2540 4702 2679 4771 quod
2705 4703 2755 4757 in
2784 4704 3007 4759 aliorum
3040 4706 3275 4776 inquieta
3308 4726 3445 4780 pra:-

1863 4794 2165 4862 sutnptione
2198 4792 2470 4859 culpavit?
2517 4808 2638 4847 eum
2668 4794 2809 4849 dicat
2858 4798 3142 4865 Apostolus
3177 4817 3189 4851 :
3224 4800 3284 4855 Si
3315 4804 3455 4863 enim

1864 4902 1978 4953 qua!
2007 4887 2254 4950 destruxi,
2286 4887 2391 4940 hrcc
2431 4886 2613 4937 iterum
2654 4888 2874 4955 (edi/ica,
2907 4880 3339 4955 prtevart'catorem
3370 4908 3445 4943 me

1865 4979 2116 5031 constituo
2156 4977 2298 5044 (Cat.
2346 4993 2403 5039 ιι,
2444 4975 2551 5047 18).
2595 4978 2829 5046 Namque
2874 4994 2992 5032 cum
3052 4981 3163 5047 ipse
3206 4981 3446 5037 docuerit

1863 5070 2003 5138 quod
2034 5070 2108 5124 illi
2136 5069 2222 5138 qui
2251 5085 2308 5121 se
2337 5070 2542 5123 infense
2570 5070 2823 5123 haberent
2849 5071 2986 5122 circa
3015 5073 3182 5125 virum
3214 5072 3442 5128 admira—

1861 5161 2019 5216 bilem
2059 5175 2109 5214 et
2158 5176 2277 5213 max
2307 5176 2446 5213 mam
2486 5162 2708 5229 gloriam
2758 5171 3048 5216 merentem
3079 5162 3440 5235 Theodmum,

1862 5264 2162 5319 qumrcntes
2208 5251 2449 5320 quaedam
2494 5251 2609 5318 ejus
2640 5251 2868 5320 capitula
2900 5269 3006 5308 nou
3038 5269 3102 5309 es
3136 5258 3449 5315 melioribus

1864 5344 2135 5397 intellecta
2162 5343 2420 5407 damnari,
2452 5343 2783 5399 occasionem
2832 5346 3005 5411 potius
3032 5348 3272 5405 facerent
3314 5368 3450 5406 eun.

1868 5436 2031 5489 trario
2055 5435 2300 5503 dogmate
2323 5448 2429 5502 quo
2453 5434 2787 5502 tenebantur,
2814 5451 3014 5505 eosque
3036 5456 3139 5495 non
3166 5452 3312 5497 recte
3333 5458 3449 5507 am-

1868 5526 2051 5579 bulare
2084 5525 2413 5592 pronuntiet,
2446 5524 2714 5593 quomodo
2745 5540 2803 5582 se
2845 5529 3307 5597 praavaricatorem
3342 5549 3448 5589 non

1942 5706 1958 5736 ³
2003 5705 2139 5756 Idem
2184 5705 2327 5763 ρων..
2360 5704 2739 5758 mlumnrbrttnr.

1946 5790 1955 5803 ’
2003 5778 2140 5829 idrtu
2174 5782 2317 5841 θιὼ,
2358 5792 2415 5839 qu
2442 5776 2517 5829 .lis
2549 5780 2845 5833 tnt't'niutttr.
