  <div class='ocr_page' id='page_1' title='image "/cluster/home/n/w/nwhite01/storage/ocr_20150623/67/hvd.32044073505273/311.png"; bbox 0 0 3878 6194; ppageno 0'>
   <div class='ocr_carea' id='block_1_1' title="bbox 415 385 508 439">
    <p class='ocr_par' dir='ltr' id='par_1_1' title="bbox 415 385 508 439">
     <span class='ocr_line' id='line_1_1' title="bbox 415 385 508 439; baseline -0.022 0"><span class='ocrx_word' id='word_1_1' title='bbox 415 385 508 439; x_wconf 73' lang='grc' dir='ltr'>ὗο7</span> 
     </span>
    </p>
   </div>
   <div class='ocr_carea' id='block_1_2' title="bbox 1514 381 2607 439">
    <p class='ocr_par' dir='ltr' id='par_1_2' title="bbox 1514 381 2607 439">
     <span class='ocr_line' id='line_1_2' title="bbox 1514 381 2607 439; baseline 0.001 -1"><span class='ocrx_word' id='word_1_2' title='bbox 1514 382 1807 439; x_wconf 82' lang='lat' dir='ltr'><strong>FACUNDI</strong></span> <span class='ocrx_word' id='word_1_3' title='bbox 1854 381 2064 437; x_wconf 78' lang='lat' dir='ltr'><strong>EPISC.</strong></span> <span class='ocrx_word' id='word_1_4' title='bbox 2102 381 2607 439; x_wconf 65' lang='lat' dir='ltr'><strong>HERMIANENSIS</strong></span> 
     </span>
    </p>
   </div>
   <div class='ocr_carea' id='block_1_3' title="bbox 3592 383 3699 442">
    <p class='ocr_par' dir='ltr' id='par_1_3' title="bbox 3592 383 3699 442">
     <span class='ocr_line' id='line_1_3' title="bbox 3592 383 3699 442; baseline 0.047 -5"><span class='ocrx_word' id='word_1_5' title='bbox 3592 383 3699 442; x_wconf 80' lang='lat'><strong>608</strong></span> 
     </span>
    </p>
   </div>
   <div class='ocr_carea' id='block_1_4' title="bbox 406 472 3698 563">
    <p class='ocr_par' dir='ltr' id='par_1_4' title="bbox 406 472 3698 563">
     <span class='ocr_line' id='line_1_4' title="bbox 406 472 3698 563; baseline -0.001 -12"><span class='ocrx_word' id='word_1_6' title='bbox 406 499 774 560; x_wconf 83' lang='lat' dir='ltr'><strong>constitueret,</strong></span> <span class='ocrx_word' id='word_1_7' title='bbox 800 506 854 549; x_wconf 90' lang='lat' dir='ltr'><strong>et</strong></span> <span class='ocrx_word' id='word_1_8' title='bbox 876 495 929 548; x_wconf 92' lang='lat' dir='ltr'><strong>in</strong></span> <span class='ocrx_word' id='word_1_9' title='bbox 956 508 1015 549; x_wconf 88' lang='lat' dir='ltr'><strong>se</strong></span> <span class='ocrx_word' id='word_1_10' title='bbox 1037 501 1382 548; x_wconf 76' lang='lat' dir='ltr'><strong>converteret</strong></span> <span class='ocrx_word' id='word_1_11' title='bbox 1408 494 1585 547; x_wconf 80' lang='lat' dir='ltr'><strong>omnia</strong></span> <span class='ocrx_word' id='word_1_12' title='bbox 1611 509 1731 563; x_wconf 80' lang='lat' dir='ltr'><strong>qua:</strong></span> <span class='ocrx_word' id='word_1_13' title='bbox 1754 495 1994 547; x_wconf 89' lang='lat' dir='ltr'><strong>invectus</strong></span> <span class='ocrx_word' id='word_1_14' title='bbox 2026 495 2071 556; x_wconf 82' lang='grc' dir='ltr'><strong>Α</strong></span> <span class='ocrx_word' id='word_1_15' title='bbox 2105 492 2365 546; x_wconf 71' lang='lat' dir='ltr'><strong>voluerint</strong></span> <span class='ocrx_word' id='word_1_16' title='bbox 2398 509 2500 545; x_wconf 87' lang='lat' dir='ltr'><strong>non</strong></span> <span class='ocrx_word' id='word_1_17' title='bbox 2529 494 2756 546; x_wconf 79' lang='lat' dir='ltr'><strong>alienant</strong></span> <span class='ocrx_word' id='word_1_18' title='bbox 2788 504 3099 561; x_wconf 78' lang='lat' dir='ltr'><strong>provocare,</strong></span> <span class='ocrx_word' id='word_1_19' title='bbox 3133 472 3227 545; x_wconf 77' lang='lat' dir='ltr'><strong>sed</strong></span> <span class='ocrx_word' id='word_1_20' title='bbox 3259 506 3406 550; x_wconf 65' lang='lat' dir='ltr'><strong>suam</strong></span> <span class='ocrx_word' id='word_1_21' title='bbox 3440 507 3698 551; x_wconf 85' lang='lat' dir='ltr'><strong>revocare</strong></span> 
     </span>
    </p>
   </div>
   <div class='ocr_carea' id='block_1_5' title="bbox 410 583 1998 654">
    <p class='ocr_par' dir='ltr' id='par_1_5' title="bbox 410 583 1998 654">
     <span class='ocr_line' id='line_1_5' title="bbox 410 583 1998 654; baseline -0.003 -12"><span class='ocrx_word' id='word_1_22' title='bbox 410 589 462 642; x_wconf 89' lang='lat' dir='ltr'><strong>in</strong></span> <span class='ocrx_word' id='word_1_23' title='bbox 483 590 617 642; x_wconf 84' lang='lat' dir='ltr'><strong>alios</strong></span> <span class='ocrx_word' id='word_1_24' title='bbox 636 588 788 651; x_wconf 72' lang='lat' dir='ltr'><strong>dixit,</strong></span> <span class='ocrx_word' id='word_1_25' title='bbox 808 587 854 640; x_wconf 91' lang='lat' dir='ltr'><strong>si</strong></span> <span class='ocrx_word' id='word_1_26' title='bbox 883 587 997 654; x_wconf 74' lang='lat' dir='ltr'><strong>ipse</strong></span> <span class='ocrx_word' id='word_1_27' title='bbox 1019 598 1234 654; x_wconf 87' lang='lat' dir='ltr'><strong>quoque</strong></span> <span class='ocrx_word' id='word_1_28' title='bbox 1257 593 1437 650; x_wconf 86' lang='lat' dir='ltr'><strong>postea</strong></span> <span class='ocrx_word' id='word_1_29' title='bbox 1456 584 1615 638; x_wconf 91' lang='lat' dir='ltr'><strong>vellet</strong></span> <span class='ocrx_word' id='word_1_30' title='bbox 1633 584 1811 652; x_wconf 83' lang='lat' dir='ltr'><strong>aliqua</strong></span> <span class='ocrx_word' id='word_1_31' title='bbox 1829 583 1998 637; x_wconf 80' lang='lat' dir='ltr'><strong>Theo-</strong></span> 
     </span>
    </p>
   </div>
   <div class='ocr_carea' id='block_1_6' title="bbox 408 662 2006 745">
    <p class='ocr_par' dir='ltr' id='par_1_6' title="bbox 408 662 2006 745">
     <span class='ocr_line' id='line_1_6' title="bbox 408 662 2006 745; baseline -0.001 -15"><span class='ocrx_word' id='word_1_32' title='bbox 408 678 523 730; x_wconf 90' lang='lat' dir='ltr'><strong>dori</strong></span> <span class='ocrx_word' id='word_1_33' title='bbox 550 662 779 745; x_wconf 82' lang='lat' dir='ltr'><strong>capitula</strong></span> <span class='ocrx_word' id='word_1_34' title='bbox 807 674 1196 731; x_wconf 84' lang='lat' dir='ltr'><strong>condemnari?</strong></span> <span class='ocrx_word' id='word_1_35' title='bbox 1225 674 1332 727; x_wconf 83' lang='lat' dir='ltr'><strong>Ant</strong></span> <span class='ocrx_word' id='word_1_36' title='bbox 1360 674 1632 743; x_wconf 91' lang='lat' dir='ltr'><strong>quomodo</strong></span> <span class='ocrx_word' id='word_1_37' title='bbox 1678 691 1782 728; x_wconf 91' lang='lat' dir='ltr'><strong>non</strong></span> <span class='ocrx_word' id='word_1_38' title='bbox 1812 674 2006 743; x_wconf 82' lang='lat' dir='ltr'><strong>depre-</strong></span> 
     </span>
    </p>
   </div>
   <div class='ocr_carea' id='block_1_7' title="bbox 411 768 2006 836">
    <p class='ocr_par' dir='ltr' id='par_1_7' title="bbox 411 768 2006 836">
     <span class='ocr_line' id='line_1_7' title="bbox 411 768 2006 836; baseline -0.001 -15"><span class='ocrx_word' id='word_1_39' title='bbox 411 769 733 823; x_wconf 73' lang='lat' dir='ltr'><strong>henderetur</strong></span> <span class='ocrx_word' id='word_1_40' title='bbox 758 768 858 821; x_wconf 84' lang='lat' dir='ltr'><strong>sibi</strong></span> <span class='ocrx_word' id='word_1_41' title='bbox 885 782 1006 823; x_wconf 87' lang='lat' dir='ltr'><strong>esse</strong></span> <span class='ocrx_word' id='word_1_42' title='bbox 1031 768 1361 829; x_wconf 83' lang='lat' dir='ltr'><strong>contrarius,</strong></span> <span class='ocrx_word' id='word_1_43' title='bbox 1388 768 1480 836; x_wconf 90' lang='lat' dir='ltr'><strong>qui</strong></span> <span class='ocrx_word' id='word_1_44' title='bbox 1507 781 1627 819; x_wconf 90' lang='lat' dir='ltr'><strong>cum</strong></span> <span class='ocrx_word' id='word_1_45' title='bbox 1658 780 1754 819; x_wconf 91' lang='lat' dir='ltr'><strong>nos</strong></span> <span class='ocrx_word' id='word_1_46' title='bbox 1783 779 2006 819; x_wconf 85' lang='lat' dir='ltr'><strong>monue-</strong></span> 
     </span>
    </p>
   </div>
   <div class='ocr_carea' id='block_1_8' title="bbox 412 856 2007 930">
    <p class='ocr_par' dir='ltr' id='par_1_8' title="bbox 412 856 2007 930">
     <span class='ocr_line' id='line_1_8' title="bbox 412 856 2007 930; baseline -0.003 -16"><span class='ocrx_word' id='word_1_47' title='bbox 412 862 479 914; x_wconf 90' lang='lat' dir='ltr'><strong>rit</strong></span> <span class='ocrx_word' id='word_1_48' title='bbox 502 871 580 924; x_wconf 92' lang='lat' dir='ltr'><strong>ut,</strong></span> <span class='ocrx_word' id='word_1_49' title='bbox 597 862 701 916; x_wconf 81' lang='lat' dir='ltr'><strong>alia</strong></span> <span class='ocrx_word' id='word_1_50' title='bbox 719 870 1043 930; x_wconf 66' lang='lat' dir='ltr'><strong>quaerentes,</strong></span> <span class='ocrx_word' id='word_1_51' title='bbox 1061 866 1320 927; x_wconf 86' lang='lat' dir='ltr'><strong>quantum</strong></span> <span class='ocrx_word' id='word_1_52' title='bbox 1341 856 1456 911; x_wconf 85' lang='lat' dir='ltr'><strong>ﬁeri</strong></span> <span class='ocrx_word' id='word_1_53' title='bbox 1480 866 1673 925; x_wconf 81' lang='lat' dir='ltr'><strong>potest,</strong></span> <span class='ocrx_word' id='word_1_54' title='bbox 1697 856 2007 926; x_wconf 76' lang='lat' dir='ltr'><strong>longissime</strong></span> 
     </span>
    </p>
   </div>
   <div class='ocr_carea' id='block_1_9' title="bbox 414 947 2007 1019">
    <p class='ocr_par' dir='ltr' id='par_1_9' title="bbox 414 947 2007 1019">
     <span class='ocr_line' id='line_1_9' title="bbox 414 947 2007 1019; baseline -0.003 -14"><span class='ocrx_word' id='word_1_55' title='bbox 414 951 798 1019; x_wconf 77' lang='lat' dir='ltr'><strong>relinquamus,</strong></span> <span class='ocrx_word' id='word_1_56' title='bbox 833 949 1168 1017; x_wconf 71' lang='lat' dir='ltr'><strong>postmodum</strong></span> <span class='ocrx_word' id='word_1_57' title='bbox 1198 948 1249 1001; x_wconf 90' lang='lat' dir='ltr'><strong>in</strong></span> <span class='ocrx_word' id='word_1_58' title='bbox 1277 958 1510 1002; x_wconf 86' lang='lat' dir='ltr'><strong>mentem</strong></span> <span class='ocrx_word' id='word_1_59' title='bbox 1541 956 1840 1001; x_wconf 83' lang='lat' dir='ltr'><strong>assumeret</strong></span> <span class='ocrx_word' id='word_1_60' title='bbox 1862 947 2007 1017; x_wconf 88' lang='lat' dir='ltr'><strong>quod</strong></span> 
     </span>
    </p>
   </div>
   <div class='ocr_carea' id='block_1_10' title="bbox 411 1042 2006 1110">
    <p class='ocr_par' dir='ltr' id='par_1_10' title="bbox 411 1042 2006 1110">
     <span class='ocr_line' id='line_1_10' title="bbox 411 1042 2006 1110; baseline 0 -15"><span class='ocrx_word' id='word_1_61' title='bbox 411 1044 734 1098; x_wconf 82' lang='lat' dir='ltr'><strong>cencinuare</strong></span> <span class='ocrx_word' id='word_1_62' title='bbox 766 1044 839 1097; x_wconf 88' lang='lat' dir='ltr'><strong>illi</strong></span> <span class='ocrx_word' id='word_1_63' title='bbox 874 1044 1142 1109; x_wconf 83' lang='lat' dir='ltr'><strong>volebant,</strong></span> <span class='ocrx_word' id='word_1_64' title='bbox 1174 1050 1233 1095; x_wconf 91' lang='lat' dir='ltr'><strong>ut</strong></span> <span class='ocrx_word' id='word_1_65' title='bbox 1263 1058 1382 1095; x_wconf 80' lang='lat' dir='ltr'><strong>cuin</strong></span> <span class='ocrx_word' id='word_1_66' title='bbox 1418 1056 1643 1110; x_wconf 84' lang='lat' dir='ltr'><strong>persona</strong></span> <span class='ocrx_word' id='word_1_67' title='bbox 1675 1042 1728 1096; x_wconf 90' lang='lat' dir='ltr'><strong>in</strong></span> <span class='ocrx_word' id='word_1_68' title='bbox 1759 1048 2006 1109; x_wconf 88' lang='lat' dir='ltr'><strong>promptu</strong></span> 
     </span>
    </p>
   </div>
   <div class='ocr_carea' id='block_1_11' title="bbox 415 1131 2009 1203">
    <p class='ocr_par' dir='ltr' id='par_1_11' title="bbox 415 1131 2009 1203">
     <span class='ocr_line' id='line_1_11' title="bbox 415 1131 2009 1203; baseline 0 -18"><span class='ocrx_word' id='word_1_69' title='bbox 415 1149 520 1187; x_wconf 86' lang='lat' dir='ltr'><strong>nun</strong></span> <span class='ocrx_word' id='word_1_70' title='bbox 566 1145 709 1189; x_wconf 78' lang='lat' dir='ltr'><strong>esset</strong></span> <span class='ocrx_word' id='word_1_71' title='bbox 749 1151 909 1203; x_wconf 87' lang='lat' dir='ltr'><strong>quam</strong></span> <span class='ocrx_word' id='word_1_72' title='bbox 942 1134 1112 1203; x_wconf 80' lang='lat' dir='ltr'><strong>culpat:</strong></span> <span class='ocrx_word' id='word_1_73' title='bbox 1144 1142 1527 1201; x_wconf 87' lang='lat' dir='ltr'><strong>supponerent,</strong></span> <span class='ocrx_word' id='word_1_74' title='bbox 1558 1131 1837 1197; x_wconf 86' lang='lat' dir='ltr'><strong>incertam,</strong></span> <span class='ocrx_word' id='word_1_75' title='bbox 1871 1131 2009 1185; x_wconf 83' lang='lat' dir='ltr'><strong>sicut</strong></span> 
     </span>
    </p>
   </div>
   <div class='ocr_carea' id='block_1_12' title="bbox 414 1221 2010 1293">
    <p class='ocr_par' dir='ltr' id='par_1_12' title="bbox 414 1221 2010 1293">
     <span class='ocr_line' id='line_1_12' title="bbox 414 1221 2010 1293; baseline -0.003 -14"><span class='ocrx_word' id='word_1_76' title='bbox 414 1225 527 1292; x_wconf 82' lang='lat' dir='ltr'><strong>ipse</strong></span> <span class='ocrx_word' id='word_1_77' title='bbox 560 1226 818 1290; x_wconf 79' lang='lat' dir='ltr'><strong>definivit,</strong></span> <span class='ocrx_word' id='word_1_78' title='bbox 846 1225 1204 1293; x_wconf 65' lang='lat' dir='ltr'><strong>capitulorum</strong></span> <span class='ocrx_word' id='word_1_79' title='bbox 1232 1224 1496 1277; x_wconf 88' lang='lat' dir='ltr'><strong>Theodori</strong></span> <span class='ocrx_word' id='word_1_80' title='bbox 1530 1222 1728 1276; x_wconf 84' lang='lat' dir='ltr'><strong>faceret</strong></span> <span class='ocrx_word' id='word_1_81' title='bbox 1758 1221 2010 1290; x_wconf 81' lang='lat' dir='ltr'><strong>redargu-</strong></span> 
     </span>
    </p>
   </div>
   <div class='ocr_carea' id='block_1_13' title="bbox 422 1316 2001 1387">
    <p class='ocr_par' dir='ltr' id='par_1_13' title="bbox 422 1316 2001 1387">
     <span class='ocr_line' id='line_1_13' title="bbox 422 1316 2001 1387; baseline 0.001 -20"><span class='ocrx_word' id='word_1_82' title='bbox 422 1318 642 1386; x_wconf 90' lang='lat' dir='ltr'><strong>tionem,</strong></span> <span class='ocrx_word' id='word_1_83' title='bbox 669 1318 721 1371; x_wconf 89' lang='lat' dir='ltr'><strong>in</strong></span> <span class='ocrx_word' id='word_1_84' title='bbox 749 1319 1010 1371; x_wconf 76' lang='lat' dir='ltr'><strong>incertum</strong></span> <span class='ocrx_word' id='word_1_85' title='bbox 1031 1317 1183 1387; x_wconf 77' lang='lat' dir='ltr'><strong>juxta</strong></span> <span class='ocrx_word' id='word_1_86' title='bbox 1215 1332 1364 1371; x_wconf 87' lang='lat' dir='ltr'><strong>suam</strong></span> <span class='ocrx_word' id='word_1_87' title='bbox 1405 1316 1726 1370; x_wconf 87' lang='lat' dir='ltr'><strong>sententiam</strong></span> <span class='ocrx_word' id='word_1_88' title='bbox 1756 1329 2001 1379; x_wconf 82' lang='lat' dir='ltr'><strong>currens,</strong></span> 
     </span>
    </p>
   </div>
   <div class='ocr_carea' id='block_1_14' title="bbox 424 1408 2009 1464">
    <p class='ocr_par' dir='ltr' id='par_1_14' title="bbox 424 1408 2009 1464">
     <span class='ocr_line' id='line_1_14' title="bbox 424 1408 2009 1464; baseline 0 -4"><span class='ocrx_word' id='word_1_89' title='bbox 424 1417 675 1463; x_wconf 88' lang='lat' dir='ltr'><strong>etaerem</strong></span> <span class='ocrx_word' id='word_1_90' title='bbox 709 1410 1033 1464; x_wconf 78' lang='lat' dir='ltr'><strong>verberans?</strong></span> <span class='ocrx_word' id='word_1_91' title='bbox 1061 1410 1256 1463; x_wconf 76' lang='lat' dir='ltr'><strong>Durum</strong></span> <span class='ocrx_word' id='word_1_92' title='bbox 1286 1408 1442 1462; x_wconf 90' lang='lat' dir='ltr'><strong>nimis</strong></span> <span class='ocrx_word' id='word_1_93' title='bbox 1471 1418 1551 1462; x_wconf 89' lang='lat' dir='ltr'><strong>est</strong></span> <span class='ocrx_word' id='word_1_94' title='bbox 1589 1417 1645 1460; x_wconf 89' lang='lat' dir='ltr'><strong>ut</strong></span> <span class='ocrx_word' id='word_1_95' title='bbox 1678 1409 1779 1461; x_wconf 83' lang='lat' dir='ltr'><strong>hoc</strong></span> <span class='ocrx_word' id='word_1_96' title='bbox 1807 1416 2009 1461; x_wconf 81' lang='lat' dir='ltr'><strong>temere</strong></span> 
     </span>
    </p>
   </div>
   <div class='ocr_carea' id='block_1_15' title="bbox 417 1500 2011 1572">
    <p class='ocr_par' dir='ltr' id='par_1_15' title="bbox 417 1500 2011 1572">
     <span class='ocr_line' id='line_1_15' title="bbox 417 1500 2011 1572; baseline 0.001 -21"><span class='ocrx_word' id='word_1_97' title='bbox 417 1501 484 1555; x_wconf 87' lang='lat' dir='ltr'><strong>de</strong></span> <span class='ocrx_word' id='word_1_98' title='bbox 512 1501 709 1569; x_wconf 82' lang='lat' dir='ltr'><strong>Cyrillo</strong></span> <span class='ocrx_word' id='word_1_99' title='bbox 753 1512 986 1569; x_wconf 87' lang='lat' dir='ltr'><strong>putetur,</strong></span> <span class='ocrx_word' id='word_1_100' title='bbox 1017 1502 1159 1572; x_wconf 91' lang='lat' dir='ltr'><strong>quod</strong></span> <span class='ocrx_word' id='word_1_101' title='bbox 1203 1501 1528 1555; x_wconf 86' lang='lat' dir='ltr'><strong>oblivisceus</strong></span> <span class='ocrx_word' id='word_1_102' title='bbox 1553 1500 1921 1568; x_wconf 87' lang='lat' dir='ltr'><strong>semetipsum,</strong></span> <span class='ocrx_word' id='word_1_103' title='bbox 1956 1506 2011 1552; x_wconf 86' lang='lat' dir='ltr'><strong>et</strong></span> 
     </span>
    </p>
   </div>
   <div class='ocr_carea' id='block_1_16' title="bbox 418 1589 2009 1659">
    <p class='ocr_par' dir='ltr' id='par_1_16' title="bbox 418 1589 2009 1659">
     <span class='ocr_line' id='line_1_16' title="bbox 418 1589 2009 1659; baseline 0 -16"><span class='ocrx_word' id='word_1_104' title='bbox 418 1606 523 1643; x_wconf 90' lang='lat' dir='ltr'><strong>non</strong></span> <span class='ocrx_word' id='word_1_105' title='bbox 549 1607 608 1645; x_wconf 63' lang='lat' dir='ltr'><strong>se</strong></span> <span class='ocrx_word' id='word_1_106' title='bbox 637 1592 878 1659; x_wconf 83' lang='lat' dir='ltr'><strong>cogitans</strong></span> <span class='ocrx_word' id='word_1_107' title='bbox 905 1608 1026 1646; x_wconf 76' lang='lat' dir='ltr'><strong>cs~e</strong></span> <span class='ocrx_word' id='word_1_108' title='bbox 1056 1592 1358 1657; x_wconf 85' lang='lat' dir='ltr'><strong>mortalem,</strong></span> <span class='ocrx_word' id='word_1_109' title='bbox 1388 1591 1642 1644; x_wconf 89' lang='lat' dir='ltr'><strong>adversus</strong></span> <span class='ocrx_word' id='word_1_110' title='bbox 1668 1590 1933 1659; x_wconf 78' lang='lat' dir='ltr'><strong>pulveres,</strong></span> <span class='ocrx_word' id='word_1_111' title='bbox 1958 1589 2009 1643; x_wconf 88' lang='lat' dir='ltr'><strong>id</strong></span> 
     </span>
    </p>
   </div>
   <div class='ocr_carea' id='block_1_17' title="bbox 409 1682 2008 1752">
    <p class='ocr_par' dir='ltr' id='par_1_17' title="bbox 409 1682 2008 1752">
     <span class='ocr_line' id='line_1_17' title="bbox 409 1682 2008 1752; baseline -0.001 -18"><span class='ocrx_word' id='word_1_112' title='bbox 409 1700 439 1734; x_wconf 86' lang='lat' dir='ltr'><strong>c</strong></span> <span class='ocrx_word' id='word_1_113' title='bbox 472 1694 490 1735; x_wconf 93' lang='lat' dir='ltr'><strong>t</strong></span> <span class='ocrx_word' id='word_1_114' title='bbox 520 1684 770 1737; x_wconf 71' lang='lat' dir='ltr'><strong>adversus</strong></span> <span class='ocrx_word' id='word_1_115' title='bbox 804 1694 1069 1738; x_wconf 85' lang='lat' dir='ltr'><strong>mortuum</strong></span> <span class='ocrx_word' id='word_1_116' title='bbox 1118 1696 1172 1738; x_wconf 90' lang='lat' dir='ltr'><strong>et</strong></span> <span class='ocrx_word' id='word_1_117' title='bbox 1219 1685 1270 1736; x_wconf 91' lang='lat' dir='ltr'><strong>in</strong></span> <span class='ocrx_word' id='word_1_118' title='bbox 1302 1684 1545 1752; x_wconf 77' lang='lat' dir='ltr'><strong>pulvees</strong></span> <span class='ocrx_word' id='word_1_119' title='bbox 1574 1682 1866 1746; x_wconf 86' lang='lat' dir='ltr'><strong>redactum,</strong></span> <span class='ocrx_word' id='word_1_120' title='bbox 1917 1694 2008 1733; x_wconf 87' lang='lat' dir='ltr'><strong>ar-</strong></span> 
     </span>
    </p>
   </div>
   <div class='ocr_carea' id='block_1_18' title="bbox 409 1768 2007 1841">
    <p class='ocr_par' dir='ltr' id='par_1_18' title="bbox 409 1768 2007 1841">
     <span class='ocr_line' id='line_1_18' title="bbox 409 1768 2007 1841; baseline -0.001 -18"><span class='ocrx_word' id='word_1_121' title='bbox 409 1788 529 1825; x_wconf 87' lang='lat' dir='ltr'><strong>eum</strong></span> <span class='ocrx_word' id='word_1_122' title='bbox 561 1775 873 1827; x_wconf 74' lang='lat' dir='ltr'><strong>extenderet</strong></span> <span class='ocrx_word' id='word_1_123' title='bbox 905 1790 921 1827; x_wconf 90' lang='lat'><strong>:</strong></span> <span class='ocrx_word' id='word_1_124' title='bbox 954 1789 1074 1828; x_wconf 92' lang='lat' dir='ltr'><strong>cum</strong></span> <span class='ocrx_word' id='word_1_125' title='bbox 1109 1772 1438 1841; x_wconf 81' lang='lat' dir='ltr'><strong>impossibile</strong></span> <span class='ocrx_word' id='word_1_126' title='bbox 1472 1787 1577 1824; x_wconf 88' lang='lat' dir='ltr'><strong>nou</strong></span> <span class='ocrx_word' id='word_1_127' title='bbox 1619 1781 1763 1824; x_wconf 76' lang='lat' dir='ltr'><strong>esset</strong></span> <span class='ocrx_word' id='word_1_128' title='bbox 1808 1779 1863 1822; x_wconf 91' lang='lat' dir='ltr'><strong>ut</strong></span> <span class='ocrx_word' id='word_1_129' title='bbox 1906 1768 2007 1822; x_wconf 71' lang='lat' dir='ltr'><strong>hoc</strong></span> 
     </span>
    </p>
   </div>
   <div class='ocr_carea' id='block_1_19' title="bbox 2107 582 3699 652">
    <p class='ocr_par' dir='ltr' id='par_1_19' title="bbox 2107 582 3699 652">
     <span class='ocr_line' id='line_1_19' title="bbox 2107 582 3699 652; baseline 0.003 -13"><span class='ocrx_word' id='word_1_130' title='bbox 2107 587 2461 639; x_wconf 54' lang='lat' dir='ltr'><strong>sententiam?</strong></span> <span class='ocrx_word' id='word_1_131' title='bbox 2488 584 2636 652; x_wconf 88' lang='lat' dir='ltr'><strong>Quod</strong></span> <span class='ocrx_word' id='word_1_132' title='bbox 2677 584 2820 640; x_wconf 89' lang='lat' dir='ltr'><strong>enim</strong></span> <span class='ocrx_word' id='word_1_133' title='bbox 2860 584 2926 638; x_wconf 89' lang='lat' dir='ltr'><strong>de</strong></span> <span class='ocrx_word' id='word_1_134' title='bbox 2956 584 3047 638; x_wconf 91' lang='lat' dir='ltr'><strong>illo</strong></span> <span class='ocrx_word' id='word_1_135' title='bbox 3078 582 3301 639; x_wconf 77' lang='lat' dir='ltr'><strong>forsitan</strong></span> <span class='ocrx_word' id='word_1_136' title='bbox 3344 583 3483 638; x_wconf 87' lang='lat' dir='ltr'><strong>alius</strong></span> <span class='ocrx_word' id='word_1_137' title='bbox 3520 585 3699 644; x_wconf 84' lang='lat' dir='ltr'><strong>dicere</strong></span> 
     </span>
    </p>
   </div>
   <div class='ocr_carea' id='block_1_20' title="bbox 2109 677 3699 748">
    <p class='ocr_par' dir='ltr' id='par_1_20' title="bbox 2109 677 3699 748">
     <span class='ocr_line' id='line_1_20' title="bbox 2109 677 3699 748; baseline 0.003 -17"><span class='ocrx_word' id='word_1_138' title='bbox 2109 693 2212 731; x_wconf 90' lang='lat' dir='ltr'><strong>non</strong></span> <span class='ocrx_word' id='word_1_139' title='bbox 2245 678 2483 741; x_wconf 82' lang='lat' dir='ltr'><strong>auderet,</strong></span> <span class='ocrx_word' id='word_1_140' title='bbox 2520 679 2632 747; x_wconf 82' lang='lat' dir='ltr'><strong>ipse</strong></span> <span class='ocrx_word' id='word_1_141' title='bbox 2657 677 2766 748; x_wconf 86' lang='lat' dir='ltr'><strong>jam</strong></span> <span class='ocrx_word' id='word_1_142' title='bbox 2797 678 2925 731; x_wconf 74' lang='lat' dir='ltr'><strong>dixit</strong></span> <span class='ocrx_word' id='word_1_143' title='bbox 2959 695 2971 728; x_wconf 92' lang='lat'><strong>:</strong></span> <span class='ocrx_word' id='word_1_144' title='bbox 3006 678 3264 744; x_wconf 81' lang='lat' dir='ltr'><strong>Quoniam</strong></span> <span class='ocrx_word' id='word_1_145' title='bbox 3289 678 3402 733; x_wconf 60' lang='lat' dir='ltr'><strong>haec</strong></span> <span class='ocrx_word' id='word_1_146' title='bbox 3433 678 3577 748; x_wconf 82' lang='lat' dir='ltr'><strong>juste</strong></span> <span class='ocrx_word' id='word_1_147' title='bbox 3606 695 3699 734; x_wconf 88' lang='lat' dir='ltr'><strong>au-</strong></span> 
     </span>
    </p>
   </div>
   <div class='ocr_carea' id='block_1_21' title="bbox 2108 768 3697 839">
    <p class='ocr_par' dir='ltr' id='par_1_21' title="bbox 2108 768 3697 839">
     <span class='ocr_line' id='line_1_21' title="bbox 2108 768 3697 839; baseline 0.004 -18"><span class='ocrx_word' id='word_1_148' title='bbox 2108 768 2281 832; x_wconf 91' lang='lat' dir='ltr'><strong>dient,</strong></span> <span class='ocrx_word' id='word_1_149' title='bbox 2309 769 2518 822; x_wconf 87' lang='lat' dir='ltr'><strong>tametsi</strong></span> <span class='ocrx_word' id='word_1_150' title='bbox 2552 770 2739 834; x_wconf 88' lang='lat' dir='ltr'><strong>nolint,</strong></span> <span class='ocrx_word' id='word_1_151' title='bbox 2766 769 2854 837; x_wconf 87' lang='lat' dir='ltr'><strong>qui</strong></span> <span class='ocrx_word' id='word_1_152' title='bbox 2885 768 3190 839; x_wconf 72' lang='lat' dir='ltr'><strong>huiusmodi</strong></span> <span class='ocrx_word' id='word_1_153' title='bbox 3220 783 3409 824; x_wconf 86' lang='lat' dir='ltr'><strong>causas</strong></span> <span class='ocrx_word' id='word_1_154' title='bbox 3436 770 3697 838; x_wconf 67' lang='lat' dir='ltr'><strong>prebeat.</strong></span> 
     </span>
    </p>
   </div>
   <div class='ocr_carea' id='block_1_22' title="bbox 2110 861 3704 917">
    <p class='ocr_par' dir='ltr' id='par_1_22' title="bbox 2110 861 3704 917">
     <span class='ocr_line' id='line_1_22' title="bbox 2110 861 3704 917; baseline 0.001 -2"><span class='ocrx_word' id='word_1_155' title='bbox 2110 862 2177 915; x_wconf 80' lang='lat' dir='ltr'><strong>Et</strong></span> <span class='ocrx_word' id='word_1_156' title='bbox 2209 861 2327 915; x_wconf 91' lang='lat' dir='ltr'><strong>ideo</strong></span> <span class='ocrx_word' id='word_1_157' title='bbox 2357 874 2462 914; x_wconf 89' lang='lat' dir='ltr'><strong>non</strong></span> <span class='ocrx_word' id='word_1_158' title='bbox 2493 871 2694 915; x_wconf 90' lang='lat' dir='ltr'><strong>temere</strong></span> <span class='ocrx_word' id='word_1_159' title='bbox 2724 861 3024 915; x_wconf 87' lang='lat' dir='ltr'><strong>credendus</strong></span> <span class='ocrx_word' id='word_1_160' title='bbox 3053 870 3135 916; x_wconf 88' lang='lat' dir='ltr'><strong>est</strong></span> <span class='ocrx_word' id='word_1_161' title='bbox 3165 872 3348 916; x_wconf 89' lang='lat' dir='ltr'><strong>contra</strong></span> <span class='ocrx_word' id='word_1_162' title='bbox 3400 877 3553 917; x_wconf 89' lang='lat' dir='ltr'><strong>suam</strong></span> <span class='ocrx_word' id='word_1_163' title='bbox 3581 877 3704 917; x_wconf 81' lang='lat' dir='ltr'><strong>sen-</strong></span> 
     </span>
    </p>
   </div>
   <div class='ocr_carea' id='block_1_23' title="bbox 2111 951 3706 1024">
    <p class='ocr_par' dir='ltr' id='par_1_23' title="bbox 2111 951 3706 1024">
     <span class='ocr_line' id='line_1_23' title="bbox 2111 951 3706 1024; baseline 0.001 -17"><span class='ocrx_word' id='word_1_164' title='bbox 2111 952 2330 1007; x_wconf 85' lang='lat' dir='ltr'><strong>tentiam</strong></span> <span class='ocrx_word' id='word_1_165' title='bbox 2358 965 2544 1005; x_wconf 83' lang='lat' dir='ltr'><strong>causas</strong></span> <span class='ocrx_word' id='word_1_166' title='bbox 2576 951 2879 1020; x_wconf 90' lang='lat' dir='ltr'><strong>hujusmodi</strong></span> <span class='ocrx_word' id='word_1_167' title='bbox 2911 952 3221 1021; x_wconf 65' lang='lat' dir='ltr'><strong>prmbuisse.</strong></span> <span class='ocrx_word' id='word_1_168' title='bbox 3259 952 3363 1008; x_wconf 87' lang='lat' dir='ltr'><strong>Sed</strong></span> <span class='ocrx_word' id='word_1_169' title='bbox 3384 952 3496 1024; x_wconf 89' lang='lat' dir='ltr'><strong>jam</strong></span> <span class='ocrx_word' id='word_1_170' title='bbox 3524 954 3706 1008; x_wconf 83' lang='lat' dir='ltr'><strong>multi-</strong></span> 
     </span>
    </p>
   </div>
   <div class='ocr_carea' id='block_1_24' title="bbox 2110 1043 3705 1116">
    <p class='ocr_par' dir='ltr' id='par_1_24' title="bbox 2110 1043 3705 1116">
     <span class='ocr_line' id='line_1_24' title="bbox 2110 1043 3705 1116; baseline 0.002 -19"><span class='ocrx_word' id='word_1_171' title='bbox 2110 1044 2335 1113; x_wconf 87' lang='lat' dir='ltr'><strong>pliciter,</strong></span> <span class='ocrx_word' id='word_1_172' title='bbox 2382 1043 2519 1098; x_wconf 82' lang='lat' dir='ltr'><strong>sicut</strong></span> <span class='ocrx_word' id='word_1_173' title='bbox 2550 1044 2911 1113; x_wconf 89' lang='lat' dir='ltr'><strong>promisimus,</strong></span> <span class='ocrx_word' id='word_1_174' title='bbox 2957 1054 3258 1109; x_wconf 91' lang='lat' dir='ltr'><strong>ostcnsum,</strong></span> <span class='ocrx_word' id='word_1_175' title='bbox 3306 1043 3564 1116; x_wconf 81' lang='lat' dir='ltr'><strong>Auguste,</strong></span> <span class='ocrx_word' id='word_1_176' title='bbox 3610 1060 3705 1103; x_wconf 82' lang='lat' dir='ltr'><strong>co-</strong></span> 
     </span>
    </p>
   </div>
   <div class='ocr_carea' id='block_1_25' title="bbox 2109 1134 3707 1204">
    <p class='ocr_par' dir='ltr' id='par_1_25' title="bbox 2109 1134 3707 1204">
     <span class='ocr_line' id='line_1_25' title="bbox 2109 1134 3707 1204; baseline 0.002 -16"><span class='ocrx_word' id='word_1_177' title='bbox 2109 1135 2342 1204; x_wconf 89' lang='lat' dir='ltr'><strong>gnoscis,</strong></span> <span class='ocrx_word' id='word_1_178' title='bbox 2360 1137 2611 1204; x_wconf 86' lang='lat' dir='ltr'><strong>quoniam</strong></span> <span class='ocrx_word' id='word_1_179' title='bbox 2632 1135 3004 1189; x_wconf 74' lang='lat' dir='ltr'><strong>haereticorum</strong></span> <span class='ocrx_word' id='word_1_180' title='bbox 3025 1150 3140 1189; x_wconf 86' lang='lat' dir='ltr'><strong>com</strong></span> <span class='ocrx_word' id='word_1_181' title='bbox 3150 1135 3314 1204; x_wconf 85' lang='lat' dir='ltr'><strong>plices</strong></span> <span class='ocrx_word' id='word_1_182' title='bbox 3330 1134 3380 1189; x_wconf 87' lang='lat' dir='ltr'><strong>in</strong></span> <span class='ocrx_word' id='word_1_183' title='bbox 3396 1139 3707 1191; x_wconf 87' lang='lat' dir='ltr'><strong>evacuatio-</strong></span> 
     </span>
    </p>
   </div>
   <div class='ocr_carea' id='block_1_26' title="bbox 2112 1227 3706 1299">
    <p class='ocr_par' dir='ltr' id='par_1_26' title="bbox 2112 1227 3706 1299">
     <span class='ocr_line' id='line_1_26' title="bbox 2112 1227 3706 1299; baseline 0.001 -17"><span class='ocrx_word' id='word_1_184' title='bbox 2112 1242 2234 1283; x_wconf 86' lang='lat' dir='ltr'><strong>nem</strong></span> <span class='ocrx_word' id='word_1_185' title='bbox 2268 1242 2475 1297; x_wconf 68' lang='lat' dir='ltr'><strong>magnae</strong></span> <span class='ocrx_word' id='word_1_186' title='bbox 2508 1228 2697 1297; x_wconf 81' lang='lat' dir='ltr'><strong>synodi</strong></span> <span class='ocrx_word' id='word_1_187' title='bbox 2727 1227 3176 1282; x_wconf 82' lang='lat' dir='ltr'><strong>Chalcedonensis</strong></span> <span class='ocrx_word' id='word_1_188' title='bbox 3200 1237 3358 1299; x_wconf 91' lang='lat' dir='ltr'><strong>atque</strong></span> <span class='ocrx_word' id='word_1_189' title='bbox 3384 1237 3706 1283; x_wconf 87' lang='lat' dir='ltr'><strong>statutorum</strong></span> 
     </span>
    </p>
   </div>
   <div class='ocr_carea' id='block_1_27' title="bbox 2112 1306 3708 1388">
    <p class='ocr_par' dir='ltr' id='par_1_27' title="bbox 2112 1306 3708 1388">
     <span class='ocr_line' id='line_1_27' title="bbox 2112 1306 3708 1388; baseline 0.001 -16"><span class='ocrx_word' id='word_1_190' title='bbox 2112 1317 2253 1372; x_wconf 86' lang='lat' dir='ltr'><strong>beati</strong></span> <span class='ocrx_word' id='word_1_191' title='bbox 2284 1318 2501 1383; x_wconf 89' lang='lat' dir='ltr'><strong>Leonis,</strong></span> <span class='ocrx_word' id='word_1_192' title='bbox 2529 1316 2869 1372; x_wconf 88' lang='lat' dir='ltr'><strong>Theodorum</strong></span> <span class='ocrx_word' id='word_1_193' title='bbox 2900 1330 3112 1385; x_wconf 87' lang='lat' dir='ltr'><strong>quoque</strong></span> <span class='ocrx_word' id='word_1_194' title='bbox 3138 1318 3566 1388; x_wconf 82' lang='lat' dir='ltr'><strong>Mopsuestenum</strong></span> <span class='ocrx_word' id='word_1_195' title='bbox 3592 1306 3708 1388; x_wconf 82' lang='lat' dir='ltr'><strong>epi-</strong></span> 
     </span>
    </p>
   </div>
   <div class='ocr_carea' id='block_1_28' title="bbox 2108 1406 3705 1475">
    <p class='ocr_par' dir='ltr' id='par_1_28' title="bbox 2108 1406 3705 1475">
     <span class='ocr_line' id='line_1_28' title="bbox 2108 1406 3705 1475; baseline 0.001 -15"><span class='ocrx_word' id='word_1_196' title='bbox 2108 1420 2327 1475; x_wconf 88' lang='lat' dir='ltr'><strong>scopum</strong></span> <span class='ocrx_word' id='word_1_197' title='bbox 2353 1406 2510 1460; x_wconf 89' lang='lat' dir='ltr'><strong>nimis</strong></span> <span class='ocrx_word' id='word_1_198' title='bbox 2532 1406 2789 1461; x_wconf 84' lang='lat' dir='ltr'><strong>audacter</strong></span> <span class='ocrx_word' id='word_1_199' title='bbox 2807 1406 2907 1461; x_wconf 87' lang='lat' dir='ltr'><strong>sub</strong></span> <span class='ocrx_word' id='word_1_200' title='bbox 2930 1406 3270 1461; x_wconf 87' lang='lat' dir='ltr'><strong>anathemate</strong></span> <span class='ocrx_word' id='word_1_201' title='bbox 3291 1408 3705 1472; x_wconf 83' lang='lat' dir='ltr'><strong>damnaverunt,</strong></span> 
     </span>
    </p>
   </div>
   <div class='ocr_carea' id='block_1_29' title="bbox 2112 1498 3705 1569">
    <p class='ocr_par' dir='ltr' id='par_1_29' title="bbox 2112 1498 3705 1569">
     <span class='ocr_line' id='line_1_29' title="bbox 2112 1498 3705 1569; baseline 0.001 -15"><span class='ocrx_word' id='word_1_202' title='bbox 2112 1509 2164 1554; x_wconf 90' lang='lat' dir='ltr'><strong>et</strong></span> <span class='ocrx_word' id='word_1_203' title='bbox 2193 1500 2336 1569; x_wconf 91' lang='lat' dir='ltr'><strong>quod</strong></span> <span class='ocrx_word' id='word_1_204' title='bbox 2367 1499 2631 1554; x_wconf 85' lang='lat' dir='ltr'><strong>incassum</strong></span> <span class='ocrx_word' id='word_1_205' title='bbox 2671 1499 2909 1553; x_wconf 89' lang='lat' dir='ltr'><strong>nituntur</strong></span> <span class='ocrx_word' id='word_1_206' title='bbox 2942 1498 3291 1553; x_wconf 86' lang='lat' dir='ltr'><strong>temeritatem</strong></span> <span class='ocrx_word' id='word_1_207' title='bbox 3335 1514 3486 1553; x_wconf 85' lang='lat' dir='ltr'><strong>suam</strong></span> <span class='ocrx_word' id='word_1_208' title='bbox 3518 1500 3705 1555; x_wconf 76' lang='lat' dir='ltr'><strong>neScio</strong></span> 
     </span>
    </p>
   </div>
   <div class='ocr_carea' id='block_1_30' title="bbox 2111 1588 3710 1661">
    <p class='ocr_par' dir='ltr' id='par_1_30' title="bbox 2111 1588 3710 1661">
     <span class='ocr_line' id='line_1_30' title="bbox 2111 1588 3710 1661; baseline -0.001 -17"><span class='ocrx_word' id='word_1_209' title='bbox 2111 1605 2217 1660; x_wconf 87' lang='lat' dir='ltr'><strong>quo</strong></span> <span class='ocrx_word' id='word_1_210' title='bbox 2245 1590 2540 1661; x_wconf 89' lang='lat' dir='ltr'><strong>patrocinio</strong></span> <span class='ocrx_word' id='word_1_211' title='bbox 2572 1589 2711 1643; x_wconf 85' lang='lat' dir='ltr'><strong>beati</strong></span> <span class='ocrx_word' id='word_1_212' title='bbox 2740 1589 2929 1661; x_wconf 87' lang='lat' dir='ltr'><strong>Cyrilli</strong></span> <span class='ocrx_word' id='word_1_213' title='bbox 2956 1588 3263 1645; x_wconf 77' lang='lat' dir='ltr'><strong>defendere.</strong></span> <span class='ocrx_word' id='word_1_214' title='bbox 3292 1589 3394 1645; x_wconf 82' lang='lat' dir='ltr'><strong>Ubi</strong></span> <span class='ocrx_word' id='word_1_215' title='bbox 3424 1591 3579 1644; x_wconf 89' lang='lat' dir='ltr'><strong>simul</strong></span> <span class='ocrx_word' id='word_1_216' title='bbox 3609 1591 3710 1643; x_wconf 77' lang='lat' dir='ltr'><strong>ad-</strong></span> 
     </span>
    </p>
   </div>
   <div class='ocr_carea' id='block_1_31' title="bbox 2112 1678 3711 1750">
    <p class='ocr_par' dir='ltr' id='par_1_31' title="bbox 2112 1678 3711 1750">
     <span class='ocr_line' id='line_1_31' title="bbox 2112 1678 3711 1750; baseline 0.002 -19"><span class='ocrx_word' id='word_1_217' title='bbox 2112 1689 2322 1735; x_wconf 79' lang='lat' dir='ltr'><strong>vertere</strong></span> <span class='ocrx_word' id='word_1_218' title='bbox 2340 1679 2513 1750; x_wconf 90' lang='lat' dir='ltr'><strong>potuit</strong></span> <span class='ocrx_word' id='word_1_219' title='bbox 2534 1681 2795 1734; x_wconf 83' lang='lat' dir='ltr'><strong>serenitas</strong></span> <span class='ocrx_word' id='word_1_220' title='bbox 2819 1690 2903 1733; x_wconf 91' lang='lat' dir='ltr'><strong>tua</strong></span> <span class='ocrx_word' id='word_1_221' title='bbox 2928 1680 3179 1749; x_wconf 84' lang='lat' dir='ltr'><strong>quoniam</strong></span> <span class='ocrx_word' id='word_1_222' title='bbox 3195 1678 3309 1733; x_wconf 67' lang='lat' dir='ltr'><strong>haec</strong></span> <span class='ocrx_word' id='word_1_223' title='bbox 3328 1679 3643 1734; x_wconf 80' lang='lat' dir='ltr'><strong>demonstra</strong></span> <span class='ocrx_word' id='word_1_224' title='bbox 3653 1694 3711 1734; x_wconf 88' lang='lat' dir='ltr'><strong>re</strong></span> 
     </span>
    </p>
   </div>
   <div class='ocr_carea' id='block_1_32' title="bbox 2113 1768 3711 1841">
    <p class='ocr_par' dir='ltr' id='par_1_32' title="bbox 2113 1768 3711 1841">
     <span class='ocr_line' id='line_1_32' title="bbox 2113 1768 3711 1841; baseline 0.001 -18"><span class='ocrx_word' id='word_1_225' title='bbox 2113 1781 2433 1841; x_wconf 67' lang='lat' dir='ltr'><strong>quarrentes,</strong></span> <span class='ocrx_word' id='word_1_226' title='bbox 2472 1770 2561 1825; x_wconf 87' lang='lat' dir='ltr'><strong>illa</strong></span> <span class='ocrx_word' id='word_1_227' title='bbox 2592 1772 2752 1824; x_wconf 90' lang='lat' dir='ltr'><strong>etiam</strong></span> <span class='ocrx_word' id='word_1_228' title='bbox 2782 1771 2901 1835; x_wconf 85' lang='lat' dir='ltr'><strong>tria,</strong></span> <span class='ocrx_word' id='word_1_229' title='bbox 2934 1770 3058 1825; x_wconf 89' lang='lat' dir='ltr'><strong>licet</strong></span> <span class='ocrx_word' id='word_1_230' title='bbox 3101 1785 3163 1823; x_wconf 79' lang='lat' dir='ltr'><strong>ex</strong></span> <span class='ocrx_word' id='word_1_231' title='bbox 3200 1768 3481 1824; x_wconf 54' lang='lat' dir='ltr'><strong>occasione</strong></span> <span class='ocrx_word' id='word_1_232' title='bbox 3524 1781 3577 1823; x_wconf 87' lang='lat' dir='ltr'><strong>ct</strong></span> <span class='ocrx_word' id='word_1_233' title='bbox 3605 1772 3711 1824; x_wconf 82' lang='lat' dir='ltr'><strong>a‘io</strong></span> 
     </span>
    </p>
   </div>
   <div class='ocr_carea' id='block_1_33' title="bbox 416 1859 3710 1933">
    <p class='ocr_par' dir='ltr' id='par_1_33' title="bbox 416 1859 3710 1933">
     <span class='ocr_line' id='line_1_33' title="bbox 416 1859 3710 1933; baseline -0.001 -17"><span class='ocrx_word' id='word_1_234' title='bbox 416 1874 685 1931; x_wconf 47' lang='lat' dir='ltr'><strong>pateretur</strong></span> <span class='ocrx_word' id='word_1_235' title='bbox 700 1876 754 1918; x_wconf 90' lang='lat' dir='ltr'><strong>et</strong></span> <span class='ocrx_word' id='word_1_236' title='bbox 783 1866 895 1932; x_wconf 86' lang='lat' dir='ltr'><strong>ipse</strong></span> <span class='ocrx_word' id='word_1_237' title='bbox 920 1875 1037 1933; x_wconf 89' lang='lat' dir='ltr'><strong>post</strong></span> <span class='ocrx_word' id='word_1_238' title='bbox 1059 1861 1534 1933; x_wconf 78' lang='lat' dir='ltr'><strong>mortem,quando</strong></span> <span class='ocrx_word' id='word_1_239' title='bbox 1555 1861 1665 1930; x_wconf 90' lang='lat' dir='ltr'><strong>jam</strong></span> <span class='ocrx_word' id='word_1_240' title='bbox 1692 1859 1998 1927; x_wconf 76' lang='lat' dir='ltr'><strong>defendere,</strong></span> <span class='ocrx_word' id='word_1_241' title='bbox 2035 1871 2081 1929; x_wconf 79' lang='grc' dir='ltr'><strong>Β</strong></span> <span class='ocrx_word' id='word_1_242' title='bbox 2108 1860 2320 1925; x_wconf 87' lang='lat' dir='ltr'><strong>intenti,</strong></span> <span class='ocrx_word' id='word_1_243' title='bbox 2357 1860 2489 1914; x_wconf 80' lang='lat' dir='ltr'><strong>falsa</strong></span> <span class='ocrx_word' id='word_1_244' title='bbox 2531 1874 2651 1914; x_wconf 88' lang='lat' dir='ltr'><strong>esse</strong></span> <span class='ocrx_word' id='word_1_245' title='bbox 2684 1860 2963 1913; x_wconf 85' lang='lat' dir='ltr'><strong>docuimus</strong></span> <span class='ocrx_word' id='word_1_246' title='bbox 2995 1877 3007 1911; x_wconf 91' lang='lat'>:</span> <span class='ocrx_word' id='word_1_247' title='bbox 3042 1859 3295 1913; x_wconf 87' lang='lat' dir='ltr'><strong>videlicet</strong></span> <span class='ocrx_word' id='word_1_248' title='bbox 3322 1861 3459 1927; x_wconf 89' lang='lat' dir='ltr'><strong>quod</strong></span> <span class='ocrx_word' id='word_1_249' title='bbox 3492 1861 3560 1913; x_wconf 89' lang='lat' dir='ltr'><strong>de</strong></span> <span class='ocrx_word' id='word_1_250' title='bbox 3590 1862 3710 1928; x_wconf 85' lang='lat' dir='ltr'><strong>ipso</strong></span> 
     </span>
    </p>
   </div>
   <div class='ocr_carea' id='block_1_34' title="bbox 420 1950 2006 2023">
    <p class='ocr_par' dir='ltr' id='par_1_34' title="bbox 420 1950 2006 2023">
     <span class='ocr_line' id='line_1_34' title="bbox 420 1950 2006 2023; baseline 0 -19"><span class='ocrx_word' id='word_1_251' title='bbox 420 1954 503 2006; x_wconf 82' lang='lat' dir='ltr'><strong>\cl</strong></span> <span class='ocrx_word' id='word_1_252' title='bbox 554 1954 746 2006; x_wconf 84' lang='lat' dir='ltr'><strong>melius</strong></span> <span class='ocrx_word' id='word_1_253' title='bbox 802 1955 1136 2023; x_wconf 70' lang='lat' dir='ltr'><strong>intrrpretari</strong></span> <span class='ocrx_word' id='word_1_254' title='bbox 1185 1968 1281 2008; x_wconf 88' lang='lat' dir='ltr'><strong>sua</strong></span> <span class='ocrx_word' id='word_1_255' title='bbox 1328 1953 1463 2006; x_wconf 88' lang='lat' dir='ltr'><strong>dicta</strong></span> <span class='ocrx_word' id='word_1_256' title='bbox 1510 1968 1613 2005; x_wconf 82' lang='lat' dir='ltr'><strong>non</strong></span> <span class='ocrx_word' id='word_1_257' title='bbox 1662 1959 1859 2019; x_wconf 77' lang='lat' dir='ltr'><strong>posset.</strong></span> <span class='ocrx_word' id='word_1_258' title='bbox 1893 1950 2006 2018; x_wconf 89' lang='lat' dir='ltr'><strong>Ipse</strong></span> 
     </span>
    </p>
   </div>
   <div class='ocr_carea' id='block_1_35' title="bbox 416 2041 2001 2114">
    <p class='ocr_par' dir='ltr' id='par_1_35' title="bbox 416 2041 2001 2114">
     <span class='ocr_line' id='line_1_35' title="bbox 416 2041 2001 2114; baseline 0 -19"><span class='ocrx_word' id='word_1_259' title='bbox 416 2043 681 2097; x_wconf 61' lang='lat' dir='ltr'><strong>Theodori</strong></span> <span class='ocrx_word' id='word_1_260' title='bbox 711 2045 933 2098; x_wconf 76' lang='lat' dir='ltr'><strong>acinulos</strong></span> <span class='ocrx_word' id='word_1_261' title='bbox 964 2058 1196 2114; x_wconf 88' lang='lat' dir='ltr'><strong>arguens</strong></span> <span class='ocrx_word' id='word_1_262' title='bbox 1224 2044 1357 2096; x_wconf 80' lang='lat' dir='ltr'><strong>dixit</strong></span> <span class='ocrx_word' id='word_1_263' title='bbox 1384 2060 1396 2096; x_wconf 90' lang='lat'><strong>:</strong></span> <span class='ocrx_word' id='word_1_264' title='bbox 1427 2043 1606 2096; x_wconf 81' lang='lat' dir='ltr'><strong>Grave</strong></span> <span class='ocrx_word' id='word_1_265' title='bbox 1635 2050 1715 2095; x_wconf 65' lang='lat' dir='ltr'><strong>est</strong></span> <span class='ocrx_word' id='word_1_266' title='bbox 1744 2042 1885 2095; x_wconf 88' lang='lat' dir='ltr'><strong>enim</strong></span> <span class='ocrx_word' id='word_1_267' title='bbox 1917 2041 2001 2095; x_wconf 87' lang='lat' dir='ltr'><strong>in-</strong></span> 
     </span>
    </p>
   </div>
   <div class='ocr_carea' id='block_1_36' title="bbox 408 2130 1998 2201">
    <p class='ocr_par' dir='ltr' id='par_1_36' title="bbox 408 2130 1998 2201">
     <span class='ocr_line' id='line_1_36' title="bbox 408 2130 1998 2201; baseline -0.001 -16"><span class='ocrx_word' id='word_1_268' title='bbox 408 2134 603 2187; x_wconf 80' lang='lat' dir='ltr'><strong>Snltarc</strong></span> <span class='ocrx_word' id='word_1_269' title='bbox 629 2133 915 2199; x_wconf 73' lang='lat' dir='ltr'><strong>defunctis,</strong></span> <span class='ocrx_word' id='word_1_270' title='bbox 930 2135 1011 2189; x_wconf 89' lang='lat' dir='ltr'><strong>vel</strong></span> <span class='ocrx_word' id='word_1_271' title='bbox 1039 2135 1084 2187; x_wconf 88' lang='lat' dir='ltr'><strong>si</strong></span> <span class='ocrx_word' id='word_1_272' title='bbox 1110 2133 1228 2187; x_wconf 88' lang='lat' dir='ltr'><strong>laici</strong></span> <span class='ocrx_word' id='word_1_273' title='bbox 1256 2132 1469 2195; x_wconf 82' lang='lat' dir='ltr'><strong>fuerint,</strong></span> <span class='ocrx_word' id='word_1_274' title='bbox 1491 2132 1682 2185; x_wconf 85' lang='lat' dir='ltr'><strong>nedum</strong></span> <span class='ocrx_word' id='word_1_275' title='bbox 1708 2130 1816 2186; x_wconf 89' lang='lat' dir='ltr'><strong>illis</strong></span> <span class='ocrx_word' id='word_1_276' title='bbox 1838 2132 1923 2201; x_wconf 89' lang='lat' dir='ltr'><strong>qui</strong></span> <span class='ocrx_word' id='word_1_277' title='bbox 1947 2132 1998 2186; x_wconf 90' lang='lat' dir='ltr'><strong>iu</strong></span> 
     </span>
    </p>
   </div>
   <div class='ocr_carea' id='block_1_37' title="bbox 406 2221 2000 2290">
    <p class='ocr_par' dir='ltr' id='par_1_37' title="bbox 406 2221 2000 2290">
     <span class='ocr_line' id='line_1_37' title="bbox 406 2221 2000 2290; baseline -0.001 -15"><span class='ocrx_word' id='word_1_278' title='bbox 406 2223 716 2290; x_wconf 73' lang='lat' dir='ltr'><strong>episcopatu</strong></span> <span class='ocrx_word' id='word_1_279' title='bbox 737 2224 873 2277; x_wconf 88' lang='lat' dir='ltr'><strong>hanc</strong></span> <span class='ocrx_word' id='word_1_280' title='bbox 888 2224 1047 2276; x_wconf 89' lang='lat' dir='ltr'><strong>vitam</strong></span> <span class='ocrx_word' id='word_1_281' title='bbox 1062 2222 1424 2290; x_wconf 86' lang='lat' dir='ltr'><strong>deposuerunt</strong></span> <span class='ocrx_word' id='word_1_282' title='bbox 1441 2239 1451 2272; x_wconf 93' lang='lat'><strong>:</strong></span> <span class='ocrx_word' id='word_1_283' title='bbox 1468 2234 1521 2276; x_wconf 87' lang='lat' dir='ltr'><strong>et</strong></span> <span class='ocrx_word' id='word_1_284' title='bbox 1541 2221 1655 2289; x_wconf 87' lang='lat' dir='ltr'><strong>ipse</strong></span> <span class='ocrx_word' id='word_1_285' title='bbox 1671 2229 1871 2275; x_wconf 75' lang='lat' dir='ltr'><strong>temere</strong></span> <span class='ocrx_word' id='word_1_286' title='bbox 1883 2236 2000 2273; x_wconf 85' lang='lat' dir='ltr'><strong>crc-</strong></span> 
     </span>
    </p>
   </div>
   <div class='ocr_carea' id='block_1_38' title="bbox 408 2311 2000 2382">
    <p class='ocr_par' dir='ltr' id='par_1_38' title="bbox 408 2311 2000 2382">
     <span class='ocr_line' id='line_1_38' title="bbox 408 2311 2000 2382; baseline -0.001 -16"><span class='ocrx_word' id='word_1_287' title='bbox 408 2313 616 2367; x_wconf 68' lang='lat' dir='ltr'><strong>dcnalus</strong></span> <span class='ocrx_word' id='word_1_288' title='bbox 642 2324 721 2368; x_wconf 90' lang='lat' dir='ltr'><strong>est</strong></span> <span class='ocrx_word' id='word_1_289' title='bbox 752 2313 891 2382; x_wconf 88' lang='lat' dir='ltr'><strong>quod</strong></span> <span class='ocrx_word' id='word_1_290' title='bbox 918 2322 1101 2382; x_wconf 85' lang='lat' dir='ltr'><strong>postea</strong></span> <span class='ocrx_word' id='word_1_291' title='bbox 1130 2311 1413 2365; x_wconf 84' lang='lat' dir='ltr'><strong>Theodoro</strong></span> <span class='ocrx_word' id='word_1_292' title='bbox 1442 2313 1493 2364; x_wconf 90' lang='lat' dir='ltr'><strong>in</strong></span> <span class='ocrx_word' id='word_1_293' title='bbox 1523 2312 1827 2382; x_wconf 87' lang='lat' dir='ltr'><strong>episcopatu</strong></span> <span class='ocrx_word' id='word_1_294' title='bbox 1856 2326 2000 2364; x_wconf 86' lang='lat' dir='ltr'><strong>mor-</strong></span> 
     </span>
    </p>
   </div>
   <div class='ocr_carea' id='block_1_39' title="bbox 409 2404 1996 2473">
    <p class='ocr_par' dir='ltr' id='par_1_39' title="bbox 409 2404 1996 2473">
     <span class='ocr_line' id='line_1_39' title="bbox 409 2404 1996 2473; baseline 0.001 -18"><span class='ocrx_word' id='word_1_295' title='bbox 409 2420 510 2463; x_wconf 73' lang='lat' dir='ltr'><strong>[om</strong></span> <span class='ocrx_word' id='word_1_296' title='bbox 538 2408 749 2460; x_wconf 83' lang='lat' dir='ltr'><strong>obeunti</strong></span> <span class='ocrx_word' id='word_1_297' title='bbox 782 2406 1012 2473; x_wconf 82' lang='lat' dir='ltr'><strong>potuerit</strong></span> <span class='ocrx_word' id='word_1_298' title='bbox 1041 2404 1317 2467; x_wconf 85' lang='lat' dir='ltr'><strong>insultare,</strong></span> <span class='ocrx_word' id='word_1_299' title='bbox 1348 2414 1401 2457; x_wconf 84' lang='lat' dir='ltr'><strong>ct</strong></span> <span class='ocrx_word' id='word_1_300' title='bbox 1433 2419 1559 2468; x_wconf 91' lang='lat' dir='ltr'><strong>non,</strong></span> <span class='ocrx_word' id='word_1_301' title='bbox 1590 2404 1728 2457; x_wconf 89' lang='lat' dir='ltr'><strong>sicut</strong></span> <span class='ocrx_word' id='word_1_302' title='bbox 1768 2411 1949 2457; x_wconf 88' lang='lat' dir='ltr'><strong>oratus</strong></span> <span class='ocrx_word' id='word_1_303' title='bbox 1980 2404 1996 2433; x_wconf 84' lang='grc'>¹</span> 
     </span>
    </p>
   </div>
   <div class='ocr_carea' id='block_1_40' title="bbox 411 2492 2004 2563">
    <p class='ocr_par' dir='ltr' id='par_1_40' title="bbox 411 2492 2004 2563">
     <span class='ocr_line' id='line_1_40' title="bbox 411 2492 2004 2563; baseline -0.004 -14"><span class='ocrx_word' id='word_1_304' title='bbox 411 2498 727 2559; x_wconf 79' lang='lat' dir='ltr'><strong>cs&#39;,cedetc</strong></span> <span class='ocrx_word' id='word_1_305' title='bbox 759 2497 868 2549; x_wconf 88' lang='lat' dir='ltr'><strong>lteo</strong></span> <span class='ocrx_word' id='word_1_306' title='bbox 897 2496 1192 2563; x_wconf 75' lang='lat' dir='ltr'><strong>pra-scienti</strong></span> <span class='ocrx_word' id='word_1_307' title='bbox 1220 2494 1629 2561; x_wconf 70' lang='lat' dir='ltr'><strong>uniuscujusque</strong></span> <span class='ocrx_word' id='word_1_308' title='bbox 1658 2492 2004 2559; x_wconf 86' lang='lat' dir='ltr'><strong>voluntatem,</strong></span> 
     </span>
    </p>
   </div>
   <div class='ocr_carea' id='block_1_41' title="bbox 409 2582 2008 2656">
    <p class='ocr_par' dir='ltr' id='par_1_41' title="bbox 409 2582 2008 2656">
     <span class='ocr_line' id='line_1_41' title="bbox 409 2582 2008 2656; baseline -0.003 -14"><span class='ocrx_word' id='word_1_309' title='bbox 409 2602 455 2642; x_wconf 84' lang='lat' dir='ltr'><strong>et</strong></span> <span class='ocrx_word' id='word_1_310' title='bbox 478 2587 818 2656; x_wconf 70' lang='lat' dir='ltr'><strong>cognoscenti</strong></span> <span class='ocrx_word' id='word_1_311' title='bbox 840 2586 1011 2653; x_wconf 78' lang='lat' dir='ltr'><strong>qualis</strong></span> <span class='ocrx_word' id='word_1_312' title='bbox 1037 2585 1396 2652; x_wconf 71' lang='lat' dir='ltr'><strong>unusquisque</strong></span> <span class='ocrx_word' id='word_1_313' title='bbox 1417 2592 1651 2635; x_wconf 87' lang='lat' dir='ltr'><strong>nostrum</strong></span> <span class='ocrx_word' id='word_1_314' title='bbox 1678 2582 1882 2636; x_wconf 85' lang='lat' dir='ltr'><strong>futurus</strong></span> <span class='ocrx_word' id='word_1_315' title='bbox 1904 2582 2008 2637; x_wconf 87' lang='lat' dir='ltr'><strong>sit?</strong></span> 
     </span>
    </p>
   </div>
   <div class='ocr_carea' id='block_1_42' title="bbox 409 2671 2005 2745">
    <p class='ocr_par' dir='ltr' id='par_1_42' title="bbox 409 2671 2005 2745">
     <span class='ocr_line' id='line_1_42' title="bbox 409 2671 2005 2745; baseline -0.004 -14"><span class='ocrx_word' id='word_1_316' title='bbox 409 2678 537 2745; x_wconf 85' lang='lat' dir='ltr'><strong>Quis</strong></span> <span class='ocrx_word' id='word_1_317' title='bbox 572 2681 670 2731; x_wconf 92' lang='lat' dir='ltr'><strong>hoc</strong></span> <span class='ocrx_word' id='word_1_318' title='bbox 718 2676 785 2730; x_wconf 89' lang='lat' dir='ltr'><strong>de</strong></span> <span class='ocrx_word' id='word_1_319' title='bbox 817 2674 1016 2744; x_wconf 74' lang='lat' dir='ltr'><strong>Cyrillo</strong></span> <span class='ocrx_word' id='word_1_320' title='bbox 1046 2674 1224 2727; x_wconf 80' lang='lat' dir='ltr'><strong>dicere</strong></span> <span class='ocrx_word' id='word_1_321' title='bbox 1275 2674 1487 2737; x_wconf 82' lang='lat' dir='ltr'><strong>audeat,</strong></span> <span class='ocrx_word' id='word_1_322' title='bbox 1534 2672 1635 2726; x_wconf 77' lang='lat' dir='ltr'><strong>nisi</strong></span> <span class='ocrx_word' id='word_1_323' title='bbox 1668 2671 1753 2740; x_wconf 86' lang='lat' dir='ltr'><strong>qui</strong></span> <span class='ocrx_word' id='word_1_324' title='bbox 1800 2671 1851 2724; x_wconf 91' lang='lat' dir='ltr'><strong>in</strong></span> <span class='ocrx_word' id='word_1_325' title='bbox 1883 2686 2005 2725; x_wconf 90' lang='lat' dir='ltr'><strong>eum</strong></span> 
     </span>
    </p>
   </div>
   <div class='ocr_carea' id='block_1_43' title="bbox 484 2814 1210 2879">
    <p class='ocr_par' dir='ltr' id='par_1_43' title="bbox 484 2814 1210 2879">
     <span class='ocr_line' id='line_1_43' title="bbox 484 2814 1210 2879; baseline -0.007 -9"><span class='ocrx_word' id='word_1_326' title='bbox 484 2816 504 2849; x_wconf 87' lang='grc'>¹</span> <span class='ocrx_word' id='word_1_327' title='bbox 541 2814 673 2869; x_wconf 88' lang='lat' dir='ltr'><strong>Cod.</strong></span> <span class='ocrx_word' id='word_1_328' title='bbox 710 2814 931 2879; x_wconf 79' lang='lat' dir='ltr'><strong>Veron,.</strong></span> <span class='ocrx_word' id='word_1_329' title='bbox 964 2815 1210 2866; x_wconf 70' lang='lat' dir='ltr'><strong>hortatus.</strong></span> 
     </span>
    </p>
   </div>
   <div class='ocr_carea' id='block_1_44' title="bbox 2109 1950 3711 2022">
    <p class='ocr_par' dir='ltr' id='par_1_44' title="bbox 2109 1950 3711 2022">
     <span class='ocr_line' id='line_1_44' title="bbox 2109 1950 3711 2022; baseline -0.002 -15"><span class='ocrx_word' id='word_1_330' title='bbox 2109 1951 2395 2008; x_wconf 86' lang='lat' dir='ltr'><strong>Theodoro</strong></span> <span class='ocrx_word' id='word_1_331' title='bbox 2418 1952 2687 2017; x_wconf 79' lang='lat' dir='ltr'><strong>dixerunt,</strong></span> <span class='ocrx_word' id='word_1_332' title='bbox 2717 1953 2836 2022; x_wconf 88' lang='lat' dir='ltr'><strong>quia</strong></span> <span class='ocrx_word' id='word_1_333' title='bbox 2860 1952 3131 2006; x_wconf 87' lang='lat' dir='ltr'><strong>Christuut</strong></span> <span class='ocrx_word' id='word_1_334' title='bbox 3164 1950 3434 2004; x_wconf 84' lang='lat' dir='ltr'><strong>hominem</strong></span> <span class='ocrx_word' id='word_1_335' title='bbox 3467 1961 3711 2004; x_wconf 82' lang='lat' dir='ltr'><strong>tantum-</strong></span> 
     </span>
    </p>
   </div>
   <div class='ocr_carea' id='block_1_45' title="bbox 2108 2044 3708 2114">
    <p class='ocr_par' dir='ltr' id='par_1_45' title="bbox 2108 2044 3708 2114">
     <span class='ocr_line' id='line_1_45' title="bbox 2108 2044 3708 2114; baseline -0.001 -17"><span class='ocrx_word' id='word_1_336' title='bbox 2108 2045 2288 2110; x_wconf 90' lang='lat' dir='ltr'><strong>modo,</strong></span> <span class='ocrx_word' id='word_1_337' title='bbox 2320 2061 2424 2098; x_wconf 90' lang='lat' dir='ltr'><strong>nou</strong></span> <span class='ocrx_word' id='word_1_338' title='bbox 2454 2046 2613 2099; x_wconf 89' lang='lat' dir='ltr'><strong>etiam</strong></span> <span class='ocrx_word' id='word_1_339' title='bbox 2649 2046 2813 2099; x_wconf 90' lang='lat' dir='ltr'><strong>Deum</strong></span> <span class='ocrx_word' id='word_1_340' title='bbox 2844 2044 3095 2110; x_wconf 79' lang='lat' dir='ltr'><strong>credidit,</strong></span> <span class='ocrx_word' id='word_1_341' title='bbox 3128 2053 3181 2097; x_wconf 88' lang='lat' dir='ltr'><strong>ct</strong></span> <span class='ocrx_word' id='word_1_342' title='bbox 3229 2049 3350 2114; x_wconf 85' lang='lat' dir='ltr'><strong>quia</strong></span> <span class='ocrx_word' id='word_1_343' title='bbox 3382 2045 3708 2097; x_wconf 85' lang='lat' dir='ltr'><strong>Trinitatem</strong></span> 
     </span>
    </p>
   </div>
   <div class='ocr_carea' id='block_1_46' title="bbox 2101 2134 3710 2205">
    <p class='ocr_par' dir='ltr' id='par_1_46' title="bbox 2101 2134 3710 2205">
     <span class='ocr_line' id='line_1_46' title="bbox 2101 2134 3710 2205; baseline 0 -16"><span class='ocrx_word' id='word_1_344' title='bbox 2101 2134 2255 2205; x_wconf 81' lang='lat' dir='ltr'><strong>juxta</strong></span> <span class='ocrx_word' id='word_1_345' title='bbox 2289 2136 2581 2190; x_wconf 88' lang='lat' dir='ltr'><strong>Sabellium</strong></span> <span class='ocrx_word' id='word_1_346' title='bbox 2611 2137 2917 2205; x_wconf 82' lang='lat' dir='ltr'><strong>denegavit,</strong></span> <span class='ocrx_word' id='word_1_347' title='bbox 2962 2146 3017 2190; x_wconf 91' lang='lat' dir='ltr'><strong>et</strong></span> <span class='ocrx_word' id='word_1_348' title='bbox 3044 2137 3165 2204; x_wconf 85' lang='lat' dir='ltr'><strong>quia</strong></span> <span class='ocrx_word' id='word_1_349' title='bbox 3196 2136 3479 2190; x_wconf 69' lang='lat' dir='ltr'><strong>evacuatit</strong></span> <span class='ocrx_word' id='word_1_350' title='bbox 3510 2150 3710 2189; x_wconf 75' lang='lat' dir='ltr'><strong>omnes</strong></span> 
     </span>
    </p>
   </div>
   <div class='ocr_carea' id='block_1_47' title="bbox 2107 2224 3711 2295">
    <p class='ocr_par' dir='ltr' id='par_1_47' title="bbox 2107 2224 3711 2295">
     <span class='ocr_line' id='line_1_47' title="bbox 2107 2224 3711 2295; baseline 0.001 -18"><span class='ocrx_word' id='word_1_351' title='bbox 2107 2226 2159 2277; x_wconf 89' lang='lat' dir='ltr'><strong>in</strong></span> <span class='ocrx_word' id='word_1_352' title='bbox 2187 2226 2459 2278; x_wconf 87' lang='lat' dir='ltr'><strong>Christum</strong></span> <span class='ocrx_word' id='word_1_353' title='bbox 2490 2225 2656 2281; x_wconf 86' lang='lat' dir='ltr'><strong>factas</strong></span> <span class='ocrx_word' id='word_1_354' title='bbox 2683 2227 3007 2295; x_wconf 87' lang='lat' dir='ltr'><strong>prophetias.</strong></span> <span class='ocrx_word' id='word_1_355' title='bbox 3044 2226 3109 2279; x_wconf 86' lang='lat' dir='ltr'><strong>Et</strong></span> <span class='ocrx_word' id='word_1_356' title='bbox 3154 2224 3267 2279; x_wconf 67' lang='lat' dir='ltr'><strong>haec</strong></span> <span class='ocrx_word' id='word_1_357' title='bbox 3309 2225 3523 2295; x_wconf 90' lang='lat' dir='ltr'><strong>quidem</strong></span> <span class='ocrx_word' id='word_1_358' title='bbox 3556 2224 3711 2278; x_wconf 77' lang='lat' dir='ltr'><strong>sulti-</strong></span> 
     </span>
    </p>
   </div>
   <div class='ocr_carea' id='block_1_48' title="bbox 2103 2315 3711 2385">
    <p class='ocr_par' dir='ltr' id='par_1_48' title="bbox 2103 2315 3711 2385">
     <span class='ocr_line' id='line_1_48' title="bbox 2103 2315 3711 2385; baseline 0 -14"><span class='ocrx_word' id='word_1_359' title='bbox 2103 2315 2545 2385; x_wconf 82' lang='lat' dir='ltr'><strong>cerejudicatnus</strong></span> <span class='ocrx_word' id='word_1_360' title='bbox 2588 2319 2666 2372; x_wconf 90' lang='lat' dir='ltr'><strong>eis</strong></span> <span class='ocrx_word' id='word_1_361' title='bbox 2688 2320 2775 2385; x_wconf 88' lang='lat' dir='ltr'><strong>qui</strong></span> <span class='ocrx_word' id='word_1_362' title='bbox 2822 2318 2963 2371; x_wconf 77' lang='lat' dir='ltr'><strong>fideli</strong></span> <span class='ocrx_word' id='word_1_363' title='bbox 2988 2332 3051 2371; x_wconf 90' lang='lat' dir='ltr'><strong>ac</strong></span> <span class='ocrx_word' id='word_1_364' title='bbox 3095 2318 3175 2385; x_wconf 90' lang='lat' dir='ltr'><strong>pia</strong></span> <span class='ocrx_word' id='word_1_365' title='bbox 3202 2318 3494 2371; x_wconf 87' lang='lat' dir='ltr'><strong>intentione</strong></span> <span class='ocrx_word' id='word_1_366' title='bbox 3519 2318 3711 2371; x_wconf 85' lang='lat' dir='ltr'><strong>volunt</strong></span> 
     </span>
    </p>
   </div>
   <div class='ocr_carea' id='block_1_49' title="bbox 2116 2410 3755 2481">
    <p class='ocr_par' dir='ltr' id='par_1_49' title="bbox 2116 2410 3755 2481">
     <span class='ocr_line' id='line_1_49' title="bbox 2116 2410 3755 2481; baseline -0.002 -16"><span class='ocrx_word' id='word_1_367' title='bbox 2116 2426 2440 2481; x_wconf 80' lang='lat' dir='ltr'><strong>cognOscere</strong></span> <span class='ocrx_word' id='word_1_368' title='bbox 2470 2414 2769 2467; x_wconf 79' lang='lat' dir='ltr'><strong>veritatem.</strong></span> <span class='ocrx_word' id='word_1_369' title='bbox 2795 2413 2897 2465; x_wconf 85' lang='lat' dir='ltr'><strong>Sed</strong></span> <span class='ocrx_word' id='word_1_370' title='bbox 2932 2420 3212 2481; x_wconf 89' lang='lat' dir='ltr'><strong>propterea</strong></span> <span class='ocrx_word' id='word_1_371' title='bbox 3242 2410 3479 2465; x_wconf 77' lang='lat' dir='ltr'><strong>dicemus</strong></span> <span class='ocrx_word' id='word_1_372' title='bbox 3497 2420 3551 2465; x_wconf 90' lang='lat' dir='ltr'><strong>et</strong></span> <span class='ocrx_word' id='word_1_373' title='bbox 3581 2412 3710 2473; x_wconf 85' lang='lat' dir='ltr'><strong>alia,</strong></span> <span class='ocrx_word' id='word_1_374' title='bbox 3746 2424 3755 2431; x_wconf 72' lang='lat'><em>‘</em></span> 
     </span>
    </p>
   </div>
   <div class='ocr_carea' id='block_1_50' title="bbox 2115 2503 3711 2573">
    <p class='ocr_par' dir='ltr' id='par_1_50' title="bbox 2115 2503 3711 2573">
     <span class='ocr_line' id='line_1_50' title="bbox 2115 2503 3711 2573; baseline 0.002 -20"><span class='ocrx_word' id='word_1_375' title='bbox 2115 2505 2363 2573; x_wconf 88' lang='lat' dir='ltr'><strong>quoniam</strong></span> <span class='ocrx_word' id='word_1_376' title='bbox 2394 2505 2524 2559; x_wconf 87' lang='lat' dir='ltr'><strong>satis</strong></span> <span class='ocrx_word' id='word_1_377' title='bbox 2554 2520 2656 2560; x_wconf 92' lang='lat' dir='ltr'><strong>non</strong></span> <span class='ocrx_word' id='word_1_378' title='bbox 2687 2515 2769 2560; x_wconf 91' lang='lat' dir='ltr'><strong>est</strong></span> <span class='ocrx_word' id='word_1_379' title='bbox 2798 2505 2863 2560; x_wconf 91' lang='lat' dir='ltr'><strong>ad</strong></span> <span class='ocrx_word' id='word_1_380' title='bbox 2904 2506 3319 2569; x_wconf 87' lang='lat' dir='ltr'><strong>contentionem,</strong></span> <span class='ocrx_word' id='word_1_381' title='bbox 3352 2503 3493 2573; x_wconf 87' lang='lat' dir='ltr'><strong>quod</strong></span> <span class='ocrx_word' id='word_1_382' title='bbox 3537 2506 3711 2558; x_wconf 59' lang='lat' dir='ltr'><strong>alium</strong></span> 
     </span>
    </p>
   </div>
   <div class='ocr_carea' id='block_1_51' title="bbox 2116 2596 2511 2653">
    <p class='ocr_par' dir='ltr' id='par_1_51' title="bbox 2116 2596 2511 2653">
     <span class='ocr_line' id='line_1_51' title="bbox 2116 2596 2511 2653; baseline 0.005 -2"><span class='ocrx_word' id='word_1_383' title='bbox 2116 2596 2205 2651; x_wconf 87' lang='lat' dir='ltr'><strong>dat</strong></span> <span class='ocrx_word' id='word_1_384' title='bbox 2234 2598 2300 2651; x_wconf 90' lang='lat' dir='ltr'><strong>ad</strong></span> <span class='ocrx_word' id='word_1_385' title='bbox 2334 2598 2511 2653; x_wconf 81' lang='lat' dir='ltr'><strong>fidem.</strong></span> 
     </span>
    </p>
   </div>
   <div class='ocr_carea' id='block_1_52' title="bbox 411 2945 3705 2979">
    <p class='ocr_par' dir='ltr' id='par_1_52' title="bbox 411 2945 3705 2979">
     <span class='ocr_line' id='line_1_52' title="bbox 411 2945 3705 2979; baseline -0.003 -3"><span class='ocrx_word' id='word_1_386' title='bbox 411 2945 3705 2979; x_wconf 39' lang='lat' dir='ltr'><strong>Fam</strong></span> 
     </span>
    </p>
   </div>
   <div class='ocr_carea' id='block_1_53' title="bbox 1550 3073 2563 3181">
    <p class='ocr_par' dir='ltr' id='par_1_53' title="bbox 1550 3073 2563 3181">
     <span class='ocr_line' id='line_1_53' title="bbox 1550 3073 2563 3181; baseline -0.008 -23"><span class='ocrx_word' id='word_1_387' title='bbox 1550 3075 1899 3158; x_wconf 77' lang='lat' dir='ltr'>LIBER</span> <span class='ocrx_word' id='word_1_388' title='bbox 1953 3073 2563 3181; x_wconf 84' lang='lat' dir='ltr'><strong>QUARTUS.</strong></span> 
     </span>
    </p>
   </div>
   <div class='ocr_carea' id='block_1_54' title="bbox 929 3292 1483 3362">
    <p class='ocr_par' dir='ltr' id='par_1_54' title="bbox 929 3292 1483 3362">
     <span class='ocr_line' id='line_1_54' title="bbox 929 3292 1483 3362; baseline -0.002 0"><span class='ocrx_word' id='word_1_389' title='bbox 929 3292 1171 3362; x_wconf 37' lang='lat' dir='ltr'><strong>CAPUT&#39;</strong></span> <span class='ocrx_word' id='word_1_390' title='bbox 1196 3304 1483 3362; x_wconf 74' lang='lat' dir='ltr'><strong>PRIMUM.</strong></span> 
     </span>
    </p>
   </div>
   <div class='ocr_carea' id='block_1_55' title="bbox 414 3416 2008 3494">
    <p class='ocr_par' dir='ltr' id='par_1_55' title="bbox 414 3416 2008 3494">
     <span class='ocr_line' id='line_1_55' title="bbox 414 3416 2008 3494; baseline -0.005 -16"><span class='ocrx_word' id='word_1_391' title='bbox 414 3426 563 3491; x_wconf 81' lang='lat' dir='ltr'><strong>Quod</strong></span> <span class='ocrx_word' id='word_1_392' title='bbox 582 3423 834 3494; x_wconf 78' lang='lat' dir='ltr'><strong>Cyrillum</strong></span> <span class='ocrx_word' id='word_1_393' title='bbox 861 3422 1002 3490; x_wconf 78' lang='lat' dir='ltr'><strong>sequi</strong></span> <span class='ocrx_word' id='word_1_394' title='bbox 1029 3436 1154 3494; x_wconf 16' lang='lat' dir='ltr'><strong>non,</strong></span> <span class='ocrx_word' id='word_1_395' title='bbox 1184 3419 1417 3485; x_wconf 79' lang='lat' dir='ltr'><strong>debeant,</strong></span> <span class='ocrx_word' id='word_1_396' title='bbox 1451 3419 1494 3494; x_wconf 78' lang='lat' dir='ltr'><strong>si</strong></span> <span class='ocrx_word' id='word_1_397' title='bbox 1541 3417 1870 3494; x_wconf 57' lang='lat' dir='ltr'><strong>Theodorum</strong></span> <span class='ocrx_word' id='word_1_398' title='bbox 1905 3416 2008 3470; x_wconf 86' lang='lat' dir='ltr'><strong>ali-</strong></span> 
     </span>
    </p>
   </div>
   <div class='ocr_carea' id='block_1_56' title="bbox 481 3488 2011 3564">
    <p class='ocr_par' dir='ltr' id='par_1_56' title="bbox 481 3488 2011 3564">
     <span class='ocr_line' id='line_1_56' title="bbox 481 3488 2011 3564; baseline -0.006 -15"><span class='ocrx_word' id='word_1_399' title='bbox 481 3488 685 3564; x_wconf 72' lang='lat' dir='ltr'><strong>quando</strong></span> <span class='ocrx_word' id='word_1_400' title='bbox 716 3488 946 3559; x_wconf 74' lang='lat' dir='ltr'><strong>culpasse</strong></span> <span class='ocrx_word' id='word_1_401' title='bbox 962 3492 1292 3564; x_wconf 58' lang='lat' dir='ltr'><strong>concedatur,</strong></span> <span class='ocrx_word' id='word_1_402' title='bbox 1320 3506 1437 3542; x_wconf 89' lang='lat' dir='ltr'><strong>cum</strong></span> <span class='ocrx_word' id='word_1_403' title='bbox 1476 3491 1529 3564; x_wconf 78' lang='lat' dir='ltr'><strong>in</strong></span> <span class='ocrx_word' id='word_1_404' title='bbox 1568 3488 1631 3564; x_wconf 69' lang='lat' dir='ltr'><strong>iis</strong></span> <span class='ocrx_word' id='word_1_405' title='bbox 1655 3504 1757 3542; x_wconf 83' lang='lat' dir='ltr'><strong>non</strong></span> <span class='ocrx_word' id='word_1_406' title='bbox 1788 3504 2011 3557; x_wconf 83' lang='lat' dir='ltr'><strong>srquatt-</strong></span> 
     </span>
    </p>
   </div>
   <div class='ocr_carea' id='block_1_57' title="bbox 484 3560 1623 3633">
    <p class='ocr_par' dir='ltr' id='par_1_57' title="bbox 484 3560 1623 3633">
     <span class='ocr_line' id='line_1_57' title="bbox 484 3560 1623 3633; baseline -0.006 -14"><span class='ocrx_word' id='word_1_407' title='bbox 484 3560 567 3619; x_wconf 79' lang='lat' dir='ltr'><strong>tttr</strong></span> <span class='ocrx_word' id='word_1_408' title='bbox 601 3581 713 3633; x_wconf 73' lang='lat' dir='ltr'><strong>qua</strong></span> <span class='ocrx_word' id='word_1_409' title='bbox 741 3574 919 3617; x_wconf 73' lang='lat' dir='ltr'><strong>contra</strong></span> <span class='ocrx_word' id='word_1_410' title='bbox 947 3561 1361 3630; x_wconf 77' lang='lat' dir='ltr'><strong>Chrysostoumm</strong></span> <span class='ocrx_word' id='word_1_411' title='bbox 1396 3560 1623 3629; x_wconf 80' lang='lat' dir='ltr'><strong>scripsit.</strong></span> 
     </span>
    </p>
   </div>
   <div class='ocr_carea' id='block_1_58' title="bbox 485 3670 2008 3741">
    <p class='ocr_par' dir='ltr' id='par_1_58' title="bbox 485 3670 2008 3741">
     <span class='ocr_line' id='line_1_58' title="bbox 485 3670 2008 3741; baseline -0.006 -9"><span class='ocrx_word' id='word_1_412' title='bbox 485 3676 555 3732; x_wconf 90' lang='lat' dir='ltr'><strong>Ut</strong></span> <span class='ocrx_word' id='word_1_413' title='bbox 579 3677 824 3729; x_wconf 86' lang='lat' dir='ltr'><strong>noverint</strong></span> <span class='ocrx_word' id='word_1_414' title='bbox 851 3673 1144 3728; x_wconf 87' lang='lat' dir='ltr'><strong>adversarii</strong></span> <span class='ocrx_word' id='word_1_415' title='bbox 1167 3681 1363 3741; x_wconf 89' lang='lat' dir='ltr'><strong>quanta</strong></span> <span class='ocrx_word' id='word_1_416' title='bbox 1386 3672 1457 3726; x_wconf 89' lang='lat' dir='ltr'><strong>sit</strong></span> <span class='ocrx_word' id='word_1_417' title='bbox 1477 3670 1711 3726; x_wconf 78' lang='lat' dir='ltr'><strong>efficacia</strong></span> <span class='ocrx_word' id='word_1_418' title='bbox 1737 3671 2008 3735; x_wconf 86' lang='lat' dir='ltr'><strong>veritatis,</strong></span> 
     </span>
    </p>
   </div>
   <div class='ocr_carea' id='block_1_59' title="bbox 418 3762 2011 3839">
    <p class='ocr_par' dir='ltr' id='par_1_59' title="bbox 418 3762 2011 3839">
     <span class='ocr_line' id='line_1_59' title="bbox 418 3762 2011 3839; baseline -0.006 -16"><span class='ocrx_word' id='word_1_419' title='bbox 418 3785 576 3839; x_wconf 79' lang='lat' dir='ltr'><strong>quam</strong></span> <span class='ocrx_word' id='word_1_420' title='bbox 616 3767 764 3836; x_wconf 89' lang='lat' dir='ltr'><strong>sequi</strong></span> <span class='ocrx_word' id='word_1_421' title='bbox 799 3782 955 3821; x_wconf 89' lang='lat' dir='ltr'><strong>nemo</strong></span> <span class='ocrx_word' id='word_1_422' title='bbox 989 3764 1175 3818; x_wconf 88' lang='lat' dir='ltr'><strong>nolens</strong></span> <span class='ocrx_word' id='word_1_423' title='bbox 1207 3763 1380 3832; x_wconf 91' lang='lat' dir='ltr'><strong>potuit</strong></span> <span class='ocrx_word' id='word_1_424' title='bbox 1423 3762 1658 3831; x_wconf 71' lang='lat' dir='ltr'><strong>effugere</strong></span> <span class='ocrx_word' id='word_1_425' title='bbox 1688 3777 2011 3829; x_wconf 85' lang='lat' dir='ltr'><strong>persequen-</strong></span> 
     </span>
    </p>
   </div>
   <div class='ocr_carea' id='block_1_60' title="bbox 418 3850 2009 3925">
    <p class='ocr_par' dir='ltr' id='par_1_60' title="bbox 418 3850 2009 3925">
     <span class='ocr_line' id='line_1_60' title="bbox 418 3850 2009 3925; baseline -0.008 -10"><span class='ocrx_word' id='word_1_426' title='bbox 418 3871 548 3925; x_wconf 84' lang='lat' dir='ltr'><strong>tem,</strong></span> <span class='ocrx_word' id='word_1_427' title='bbox 579 3857 939 3914; x_wconf 84' lang='lat' dir='ltr'><strong>concedamus</strong></span> <span class='ocrx_word' id='word_1_428' title='bbox 966 3857 1016 3909; x_wconf 90' lang='lat' dir='ltr'><strong>ei</strong></span> <span class='ocrx_word' id='word_1_429' title='bbox 1047 3855 1386 3908; x_wconf 86' lang='lat' dir='ltr'><strong>Theodorum</strong></span> <span class='ocrx_word' id='word_1_430' title='bbox 1435 3852 1869 3921; x_wconf 80' lang='lat' dir='ltr'><strong>Mopsuestenum</strong></span> <span class='ocrx_word' id='word_1_431' title='bbox 1899 3850 2009 3919; x_wconf 86' lang='lat' dir='ltr'><strong>epi-</strong></span> 
     </span>
    </p>
   </div>
   <div class='ocr_carea' id='block_1_61' title="bbox 417 3942 2005 4021">
    <p class='ocr_par' dir='ltr' id='par_1_61' title="bbox 417 3942 2005 4021">
     <span class='ocr_line' id='line_1_61' title="bbox 417 3942 2005 4021; baseline -0.009 -13"><span class='ocrx_word' id='word_1_432' title='bbox 417 3968 636 4021; x_wconf 79' lang='lat' dir='ltr'><strong>scopum</strong></span> <span class='ocrx_word' id='word_1_433' title='bbox 660 3950 710 4004; x_wconf 90' lang='lat' dir='ltr'><strong>in</strong></span> <span class='ocrx_word' id='word_1_434' title='bbox 739 3946 1051 4019; x_wconf 89' lang='lat' dir='ltr'><strong>quibusdam</strong></span> <span class='ocrx_word' id='word_1_435' title='bbox 1085 3946 1227 4014; x_wconf 85' lang='lat' dir='ltr'><strong>scrip</strong></span> <span class='ocrx_word' id='word_1_436' title='bbox 1252 3957 1405 3998; x_wconf 90' lang='lat' dir='ltr'><strong>orum</strong></span> <span class='ocrx_word' id='word_1_437' title='bbox 1437 3957 1656 3997; x_wconf 87' lang='lat' dir='ltr'><strong>suorum</strong></span> <span class='ocrx_word' id='word_1_438' title='bbox 1687 3942 1933 4010; x_wconf 89' lang='lat' dir='ltr'><strong>capitulis</strong></span> <span class='ocrx_word' id='word_1_439' title='bbox 1976 3955 2005 3994; x_wconf 88' lang='lat' dir='ltr'><strong>a</strong></span> 
     </span>
    </p>
   </div>
   <div class='ocr_carea' id='block_1_62' title="bbox 420 4031 2013 4112">
    <p class='ocr_par' dir='ltr' id='par_1_62' title="bbox 420 4031 2013 4112">
     <span class='ocr_line' id='line_1_62' title="bbox 420 4031 2013 4112; baseline -0.008 -14"><span class='ocrx_word' id='word_1_440' title='bbox 420 4047 576 4100; x_wconf 74' lang='lat' dir='ltr'><strong>beato</strong></span> <span class='ocrx_word' id='word_1_441' title='bbox 605 4041 803 4112; x_wconf 89' lang='lat' dir='ltr'><strong>Cyrillo</strong></span> <span class='ocrx_word' id='word_1_442' title='bbox 847 4044 967 4094; x_wconf 82' lang='lat' dir='ltr'><strong>esse</strong></span> <span class='ocrx_word' id='word_1_443' title='bbox 1011 4039 1281 4106; x_wconf 89' lang='lat' dir='ltr'><strong>culpatum</strong></span> <span class='ocrx_word' id='word_1_444' title='bbox 1315 4053 1327 4091; x_wconf 76' lang='grc' dir='ltr'>ε</span> <span class='ocrx_word' id='word_1_445' title='bbox 1365 4035 1627 4105; x_wconf 88' lang='lat' dir='ltr'><strong>nunquid,</strong></span> <span class='ocrx_word' id='word_1_446' title='bbox 1655 4034 1699 4088; x_wconf 91' lang='lat' dir='ltr'><strong>si</strong></span> <span class='ocrx_word' id='word_1_447' title='bbox 1741 4033 1900 4087; x_wconf 88' lang='lat' dir='ltr'><strong>etiam</strong></span> <span class='ocrx_word' id='word_1_448' title='bbox 1945 4031 2013 4086; x_wconf 92' lang='lat' dir='ltr'><strong>ab</strong></span> 
     </span>
    </p>
   </div>
   <div class='ocr_carea' id='block_1_63' title="bbox 421 4124 2013 4200">
    <p class='ocr_par' dir='ltr' id='par_1_63' title="bbox 421 4124 2013 4200">
     <span class='ocr_line' id='line_1_63' title="bbox 421 4124 2013 4200; baseline -0.005 -14"><span class='ocrx_word' id='word_1_449' title='bbox 421 4136 550 4200; x_wconf 84' lang='lat' dir='ltr'><strong>ipsis</strong></span> <span class='ocrx_word' id='word_1_450' title='bbox 588 4134 831 4199; x_wconf 89' lang='lat' dir='ltr'><strong>culpatus</strong></span> <span class='ocrx_word' id='word_1_451' title='bbox 866 4138 1011 4184; x_wconf 86' lang='lat' dir='ltr'><strong>esset</strong></span> <span class='ocrx_word' id='word_1_452' title='bbox 1034 4125 1418 4192; x_wconf 88' lang='lat' dir='ltr'><strong>tantummodo,</strong></span> <span class='ocrx_word' id='word_1_453' title='bbox 1460 4134 1643 4181; x_wconf 92' lang='lat' dir='ltr'><strong>etnon</strong></span> <span class='ocrx_word' id='word_1_454' title='bbox 1675 4125 1773 4179; x_wconf 91' lang='lat' dir='ltr'><strong>sub</strong></span> <span class='ocrx_word' id='word_1_455' title='bbox 1802 4124 2013 4178; x_wconf 86' lang='lat' dir='ltr'><strong>anathe-</strong></span> 
     </span>
    </p>
   </div>
   <div class='ocr_carea' id='block_1_64' title="bbox 416 4216 2014 4295">
    <p class='ocr_par' dir='ltr' id='par_1_64' title="bbox 416 4216 2014 4295">
     <span class='ocr_line' id='line_1_64' title="bbox 416 4216 2014 4295; baseline -0.006 -14"><span class='ocrx_word' id='word_1_456' title='bbox 416 4237 559 4281; x_wconf 88' lang='lat' dir='ltr'><strong>tuate</strong></span> <span class='ocrx_word' id='word_1_457' title='bbox 581 4225 990 4291; x_wconf 76' lang='lat' dir='ltr'><strong>condemnatus,</strong></span> <span class='ocrx_word' id='word_1_458' title='bbox 1011 4229 1226 4295; x_wconf 85' lang='lat' dir='ltr'><strong>possent</strong></span> <span class='ocrx_word' id='word_1_459' title='bbox 1248 4220 1493 4294; x_wconf 75' lang='lat' dir='ltr'><strong>exemplo</strong></span> <span class='ocrx_word' id='word_1_460' title='bbox 1509 4216 1692 4294; x_wconf 79' lang='lat' dir='ltr'><strong>Cyrilli</strong></span> <span class='ocrx_word' id='word_1_461' title='bbox 1721 4216 1986 4272; x_wconf 85' lang='lat' dir='ltr'><strong>convictio</strong></span> <span class='ocrx_word' id='word_1_462' title='bbox 2002 4245 2014 4256; x_wconf 88' lang='lat'><strong>-</strong></span> 
     </span>
    </p>
   </div>
   <div class='ocr_carea' id='block_1_65' title="bbox 421 4312 2013 4382">
    <p class='ocr_par' dir='ltr' id='par_1_65' title="bbox 421 4312 2013 4382">
     <span class='ocr_line' id='line_1_65' title="bbox 421 4312 2013 4382; baseline -0.01 -4"><span class='ocrx_word' id='word_1_463' title='bbox 421 4343 540 4382; x_wconf 85' lang='lat' dir='ltr'><strong>tetu</strong></span> <span class='ocrx_word' id='word_1_464' title='bbox 584 4325 820 4378; x_wconf 83' lang='lat' dir='ltr'><strong>veritatis</strong></span> <span class='ocrx_word' id='word_1_465' title='bbox 850 4320 1101 4375; x_wconf 80' lang='lat' dir='ltr'><strong>eludere?</strong></span> <span class='ocrx_word' id='word_1_466' title='bbox 1137 4318 1264 4371; x_wconf 77' lang='lat' dir='ltr'><strong>Nam</strong></span> <span class='ocrx_word' id='word_1_467' title='bbox 1295 4332 1414 4371; x_wconf 91' lang='lat' dir='ltr'><strong>cum</strong></span> <span class='ocrx_word' id='word_1_468' title='bbox 1461 4316 1574 4381; x_wconf 90' lang='lat' dir='ltr'><strong>ipse</strong></span> <span class='ocrx_word' id='word_1_469' title='bbox 1615 4312 2013 4380; x_wconf 81' lang='lat' dir='ltr'><strong>definiret-quia</strong></span> 
     </span>
    </p>
   </div>
   <div class='ocr_carea' id='block_1_66' title="bbox 422 4408 2016 4483">
    <p class='ocr_par' dir='ltr' id='par_1_66' title="bbox 422 4408 2016 4483">
     <span class='ocr_line' id='line_1_66' title="bbox 422 4408 2016 4483; baseline -0.011 -11"><span class='ocrx_word' id='word_1_470' title='bbox 422 4434 542 4472; x_wconf 86' lang='lat' dir='ltr'><strong>cum</strong></span> <span class='ocrx_word' id='word_1_471' title='bbox 588 4432 691 4470; x_wconf 91' lang='lat' dir='ltr'><strong>non</strong></span> <span class='ocrx_word' id='word_1_472' title='bbox 722 4416 788 4468; x_wconf 91' lang='lat' dir='ltr'><strong>sit</strong></span> <span class='ocrx_word' id='word_1_473' title='bbox 821 4415 872 4467; x_wconf 89' lang='lat' dir='ltr'><strong>in</strong></span> <span class='ocrx_word' id='word_1_474' title='bbox 907 4420 1151 4483; x_wconf 82' lang='lat' dir='ltr'><strong>promptu</strong></span> <span class='ocrx_word' id='word_1_475' title='bbox 1186 4424 1411 4481; x_wconf 84' lang='lat' dir='ltr'><strong>persona</strong></span> <span class='ocrx_word' id='word_1_476' title='bbox 1456 4423 1573 4477; x_wconf 60' lang='lat' dir='ltr'><strong>quae</strong></span> <span class='ocrx_word' id='word_1_477' title='bbox 1603 4408 1775 4475; x_wconf 81' lang='lat' dir='ltr'><strong>culpa:</strong></span> <span class='ocrx_word' id='word_1_478' title='bbox 1803 4418 2016 4474; x_wconf 86' lang='lat' dir='ltr'><strong>suppo-</strong></span> 
     </span>
    </p>
   </div>
   <div class='ocr_carea' id='block_1_67' title="bbox 422 4496 2013 4577">
    <p class='ocr_par' dir='ltr' id='par_1_67' title="bbox 422 4496 2013 4577">
     <span class='ocr_line' id='line_1_67' title="bbox 422 4496 2013 4577; baseline -0.008 -14"><span class='ocrx_word' id='word_1_479' title='bbox 422 4516 611 4574; x_wconf 91' lang='lat' dir='ltr'><strong>natur,</strong></span> <span class='ocrx_word' id='word_1_480' title='bbox 648 4505 1000 4574; x_wconf 79' lang='lat' dir='ltr'><strong>capitulorum</strong></span> <span class='ocrx_word' id='word_1_481' title='bbox 1046 4502 1349 4572; x_wconf 82' lang='lat' dir='ltr'><strong>redargutio</strong></span> <span class='ocrx_word' id='word_1_482' title='bbox 1396 4502 1465 4555; x_wconf 90' lang='lat' dir='ltr'><strong>sit</strong></span> <span class='ocrx_word' id='word_1_483' title='bbox 1502 4503 1738 4577; x_wconf 78' lang='lat' dir='ltr'><strong>incerta,</strong></span> <span class='ocrx_word' id='word_1_484' title='bbox 1773 4508 1827 4552; x_wconf 90' lang='lat' dir='ltr'><strong>et</strong></span> <span class='ocrx_word' id='word_1_485' title='bbox 1870 4496 2013 4566; x_wconf 87' lang='lat' dir='ltr'><strong>quod</strong></span> 
     </span>
    </p>
   </div>
   <div class='ocr_carea' id='block_1_68' title="bbox 423 4589 2013 4666">
    <p class='ocr_par' dir='ltr' id='par_1_68' title="bbox 423 4589 2013 4666">
     <span class='ocr_line' id='line_1_68' title="bbox 423 4589 2013 4666; baseline -0.007 -13"><span class='ocrx_word' id='word_1_486' title='bbox 423 4615 581 4666; x_wconf 71' lang='lat' dir='ltr'><strong>grave</strong></span> <span class='ocrx_word' id='word_1_487' title='bbox 600 4599 669 4654; x_wconf 91' lang='lat' dir='ltr'><strong>sit</strong></span> <span class='ocrx_word' id='word_1_488' title='bbox 691 4596 942 4652; x_wconf 79' lang='lat' dir='ltr'><strong>iusoltarc</strong></span> <span class='ocrx_word' id='word_1_489' title='bbox 965 4594 1252 4657; x_wconf 80' lang='lat' dir='ltr'><strong>defunctis,</strong></span> <span class='ocrx_word' id='word_1_490' title='bbox 1270 4594 1350 4646; x_wconf 82' lang='lat' dir='ltr'><strong>vel</strong></span> <span class='ocrx_word' id='word_1_491' title='bbox 1379 4594 1421 4645; x_wconf 89' lang='lat' dir='ltr'><strong>si</strong></span> <span class='ocrx_word' id='word_1_492' title='bbox 1447 4592 1563 4645; x_wconf 87' lang='lat' dir='ltr'><strong>laici</strong></span> <span class='ocrx_word' id='word_1_493' title='bbox 1587 4589 1802 4655; x_wconf 86' lang='lat' dir='ltr'><strong>fuerint,</strong></span> <span class='ocrx_word' id='word_1_494' title='bbox 1818 4589 2013 4643; x_wconf 90' lang='lat' dir='ltr'><strong>nedum</strong></span> 
     </span>
    </p>
   </div>
   <div class='ocr_carea' id='block_1_69' title="bbox 2032 3302 3731 3372">
    <p class='ocr_par' dir='ltr' id='par_1_69' title="bbox 2032 3302 3731 3372">
     <span class='ocr_line' id='line_1_69' title="bbox 2032 3302 3731 3372; baseline -0.001 -14"><span class='ocrx_word' id='word_1_495' title='bbox 2032 3305 2081 3367; x_wconf 87' lang='lat' dir='ltr'><strong>C</strong></span> <span class='ocrx_word' id='word_1_496' title='bbox 2110 3302 2346 3359; x_wconf 85' lang='lat' dir='ltr'><strong>confidat</strong></span> <span class='ocrx_word' id='word_1_497' title='bbox 2376 3302 2676 3372; x_wconf 90' lang='lat' dir='ltr'><strong>illojudice</strong></span> <span class='ocrx_word' id='word_1_498' title='bbox 2721 3303 2803 3358; x_wconf 88' lang='lat' dir='ltr'><strong>vel</strong></span> <span class='ocrx_word' id='word_1_499' title='bbox 2851 3310 2987 3358; x_wconf 88' lang='lat' dir='ltr'><strong>teste</strong></span> <span class='ocrx_word' id='word_1_500' title='bbox 3017 3302 3246 3372; x_wconf 85' lang='lat' dir='ltr'><strong>purgari,</strong></span> <span class='ocrx_word' id='word_1_501' title='bbox 3279 3318 3307 3356; x_wconf 90' lang='lat' dir='ltr'><strong>a</strong></span> <span class='ocrx_word' id='word_1_502' title='bbox 3349 3318 3454 3371; x_wconf 92' lang='lat' dir='ltr'><strong>quo</strong></span> <span class='ocrx_word' id='word_1_503' title='bbox 3509 3304 3564 3355; x_wconf 88' lang='lat' dir='ltr'><strong>in</strong></span> <span class='ocrx_word' id='word_1_504' title='bbox 3616 3317 3731 3357; x_wconf 74' lang='lat' dir='ltr'><strong>uno</strong></span> 
     </span>
    </p>
   </div>
   <div class='ocr_carea' id='block_1_70' title="bbox 2111 3392 3727 3463">
    <p class='ocr_par' dir='ltr' id='par_1_70' title="bbox 2111 3392 3727 3463">
     <span class='ocr_line' id='line_1_70' title="bbox 2111 3392 3727 3463; baseline 0 -14"><span class='ocrx_word' id='word_1_505' title='bbox 2111 3394 2411 3463; x_wconf 88' lang='lat' dir='ltr'><strong>eodemque</strong></span> <span class='ocrx_word' id='word_1_506' title='bbox 2434 3393 2594 3458; x_wconf 90' lang='lat' dir='ltr'><strong>facto,</strong></span> <span class='ocrx_word' id='word_1_507' title='bbox 2621 3407 2726 3447; x_wconf 91' lang='lat' dir='ltr'><strong>non</strong></span> <span class='ocrx_word' id='word_1_508' title='bbox 2755 3392 2826 3445; x_wconf 90' lang='lat' dir='ltr'><strong>ob</strong></span> <span class='ocrx_word' id='word_1_509' title='bbox 2850 3392 2995 3447; x_wconf 87' lang='lat' dir='ltr'><strong>aliud</strong></span> <span class='ocrx_word' id='word_1_510' title='bbox 3018 3401 3179 3462; x_wconf 85' lang='lat' dir='ltr'><strong>atque</strong></span> <span class='ocrx_word' id='word_1_511' title='bbox 3199 3392 3363 3455; x_wconf 88' lang='lat' dir='ltr'><strong>aliud,</strong></span> <span class='ocrx_word' id='word_1_512' title='bbox 3386 3394 3484 3447; x_wconf 84' lang='lat' dir='ltr'><strong>sed</strong></span> <span class='ocrx_word' id='word_1_513' title='bbox 3518 3395 3595 3446; x_wconf 86' lang='lat' dir='ltr'><strong>oh</strong></span> <span class='ocrx_word' id='word_1_514' title='bbox 3623 3397 3727 3449; x_wconf 82' lang='lat' dir='ltr'><strong>hoc</strong></span> 
     </span>
    </p>
   </div>
   <div class='ocr_carea' id='block_1_71' title="bbox 2110 3482 3731 3556">
    <p class='ocr_par' dir='ltr' id='par_1_71' title="bbox 2110 3482 3731 3556">
     <span class='ocr_line' id='line_1_71' title="bbox 2110 3482 3731 3556; baseline -0.002 -16"><span class='ocrx_word' id='word_1_515' title='bbox 2110 3486 2310 3556; x_wconf 88' lang='lat' dir='ltr'><strong>ipsum,</strong></span> <span class='ocrx_word' id='word_1_516' title='bbox 2335 3494 2389 3539; x_wconf 91' lang='lat' dir='ltr'><strong>et</strong></span> <span class='ocrx_word' id='word_1_517' title='bbox 2425 3484 2736 3540; x_wconf 87' lang='lat' dir='ltr'><strong>defenditur</strong></span> <span class='ocrx_word' id='word_1_518' title='bbox 2759 3495 2816 3539; x_wconf 87' lang='lat' dir='ltr'><strong>et</strong></span> <span class='ocrx_word' id='word_1_519' title='bbox 2856 3485 3129 3553; x_wconf 86' lang='lat' dir='ltr'><strong>culpatur.</strong></span> <span class='ocrx_word' id='word_1_520' title='bbox 3160 3483 3275 3537; x_wconf 86' lang='lat' dir='ltr'><strong>Non</strong></span> <span class='ocrx_word' id='word_1_521' title='bbox 3308 3483 3471 3553; x_wconf 80' lang='lat' dir='ltr'><strong>igitur</strong></span> <span class='ocrx_word' id='word_1_522' title='bbox 3499 3482 3731 3538; x_wconf 86' lang='lat' dir='ltr'><strong>etiamsi</strong></span> 
     </span>
    </p>
   </div>
   <div class='ocr_carea' id='block_1_72' title="bbox 2113 3572 3727 3646">
    <p class='ocr_par' dir='ltr' id='par_1_72' title="bbox 2113 3572 3727 3646">
     <span class='ocr_line' id='line_1_72' title="bbox 2113 3572 3727 3646; baseline -0.004 -14"><span class='ocrx_word' id='word_1_523' title='bbox 2113 3577 2303 3632; x_wconf 82' lang='lat' dir='ltr'><strong>beatus</strong></span> <span class='ocrx_word' id='word_1_524' title='bbox 2329 3575 2563 3646; x_wconf 86' lang='lat' dir='ltr'><strong>Cyrillus</strong></span> <span class='ocrx_word' id='word_1_525' title='bbox 2598 3575 2743 3629; x_wconf 87' lang='lat' dir='ltr'><strong>aliud</strong></span> <span class='ocrx_word' id='word_1_526' title='bbox 2777 3584 2956 3643; x_wconf 91' lang='lat' dir='ltr'><strong>postea</strong></span> <span class='ocrx_word' id='word_1_527' title='bbox 2988 3583 3174 3629; x_wconf 89' lang='lat' dir='ltr'><strong>contra</strong></span> <span class='ocrx_word' id='word_1_528' title='bbox 3205 3572 3551 3627; x_wconf 86' lang='lat' dir='ltr'><strong>Theodorum</strong></span> <span class='ocrx_word' id='word_1_529' title='bbox 3590 3576 3727 3627; x_wconf 85' lang='lat' dir='ltr'><strong>scri-</strong></span> 
     </span>
    </p>
   </div>
   <div class='ocr_carea' id='block_1_73' title="bbox 2112 3662 3728 3737">
    <p class='ocr_par' dir='ltr' id='par_1_73' title="bbox 2112 3662 3728 3737">
     <span class='ocr_line' id='line_1_73' title="bbox 2112 3662 3728 3737; baseline -0.003 -14"><span class='ocrx_word' id='word_1_530' title='bbox 2112 3668 2329 3737; x_wconf 86' lang='lat' dir='ltr'><strong>psisset,</strong></span> <span class='ocrx_word' id='word_1_531' title='bbox 2365 3668 2448 3722; x_wconf 90' lang='lat' dir='ltr'><strong>isti</strong></span> <span class='ocrx_word' id='word_1_532' title='bbox 2492 3674 2642 3722; x_wconf 85' lang='lat' dir='ltr'><strong>recte</strong></span> <span class='ocrx_word' id='word_1_533' title='bbox 2682 3666 3034 3721; x_wconf 89' lang='lat' dir='ltr'><strong>crederentur</strong></span> <span class='ocrx_word' id='word_1_534' title='bbox 3062 3666 3179 3733; x_wconf 86' lang='lat' dir='ltr'><strong>ejus</strong></span> <span class='ocrx_word' id='word_1_535' title='bbox 3210 3665 3382 3720; x_wconf 88' lang='lat' dir='ltr'><strong>secuti</strong></span> <span class='ocrx_word' id='word_1_536' title='bbox 3420 3662 3728 3733; x_wconf 83' lang='lat' dir='ltr'><strong>judicium,</strong></span> 
     </span>
    </p>
   </div>
   <div class='ocr_carea' id='block_1_74' title="bbox 2112 3754 3729 3827">
    <p class='ocr_par' dir='ltr' id='par_1_74' title="bbox 2112 3754 3729 3827">
     <span class='ocr_line' id='line_1_74' title="bbox 2112 3754 3729 3827; baseline -0.002 -15"><span class='ocrx_word' id='word_1_537' title='bbox 2112 3759 2206 3814; x_wconf 88' lang='lat' dir='ltr'><strong>sed</strong></span> <span class='ocrx_word' id='word_1_538' title='bbox 2238 3759 2414 3827; x_wconf 86' lang='lat' dir='ltr'><strong>potius</strong></span> <span class='ocrx_word' id='word_1_539' title='bbox 2438 3755 2897 3811; x_wconf 90' lang='lat' dir='ltr'><strong>Chalcedonensis</strong></span> <span class='ocrx_word' id='word_1_540' title='bbox 2923 3757 3136 3810; x_wconf 91' lang='lat' dir='ltr'><strong>concilii</strong></span> <span class='ocrx_word' id='word_1_541' title='bbox 3167 3754 3423 3823; x_wconf 75' lang='lat' dir='ltr'><strong>quaesisse</strong></span> <span class='ocrx_word' id='word_1_542' title='bbox 3454 3754 3729 3823; x_wconf 65' lang='lat' dir='ltr'><strong>prajudi-</strong></span> 
     </span>
    </p>
   </div>
   <div class='ocr_carea' id='block_1_75' title="bbox 2113 3837 3731 3907">
    <p class='ocr_par' dir='ltr' id='par_1_75' title="bbox 2113 3837 3731 3907">
     <span class='ocr_line' id='line_1_75' title="bbox 2113 3837 3731 3907; baseline -0.002 -2"><span class='ocrx_word' id='word_1_543' title='bbox 2113 3852 2253 3907; x_wconf 87' lang='lat' dir='ltr'><strong>cium</strong></span> <span class='ocrx_word' id='word_1_544' title='bbox 2282 3837 2614 3907; x_wconf 67' lang='lat' dir='ltr'><strong>viderentur.</strong></span> <span class='ocrx_word' id='word_1_545' title='bbox 2643 3847 2756 3901; x_wconf 86' lang='lat' dir='ltr'><strong>Nisi</strong></span> <span class='ocrx_word' id='word_1_546' title='bbox 2775 3846 2913 3901; x_wconf 91' lang='lat' dir='ltr'><strong>forte</strong></span> <span class='ocrx_word' id='word_1_547' title='bbox 2933 3846 3049 3901; x_wconf 87' lang='lat' dir='ltr'><strong>sine</strong></span> <span class='ocrx_word' id='word_1_548' title='bbox 3076 3846 3184 3900; x_wconf 88' lang='lat' dir='ltr'><strong>ulla</strong></span> <span class='ocrx_word' id='word_1_549' title='bbox 3214 3846 3573 3901; x_wconf 86' lang='lat' dir='ltr'><strong>humanitatis</strong></span> <span class='ocrx_word' id='word_1_550' title='bbox 3598 3862 3731 3903; x_wconf 87' lang='lat' dir='ltr'><strong>con-</strong></span> 
     </span>
    </p>
   </div>
   <div class='ocr_carea' id='block_1_76' title="bbox 2112 3937 3728 4009">
    <p class='ocr_par' dir='ltr' id='par_1_76' title="bbox 2112 3937 3728 4009">
     <span class='ocr_line' id='line_1_76' title="bbox 2112 3937 3728 4009; baseline -0.004 -12"><span class='ocrx_word' id='word_1_551' title='bbox 2112 3941 2438 3998; x_wconf 88' lang='lat' dir='ltr'><strong>sideratione</strong></span> <span class='ocrx_word' id='word_1_552' title='bbox 2460 3938 2823 4009; x_wconf 90' lang='lat' dir='ltr'><strong>respondeant</strong></span> <span class='ocrx_word' id='word_1_553' title='bbox 2840 3937 2982 4007; x_wconf 93' lang='lat' dir='ltr'><strong>quod</strong></span> <span class='ocrx_word' id='word_1_554' title='bbox 3006 3938 3337 3991; x_wconf 86' lang='lat' dir='ltr'><strong>aversandus</strong></span> <span class='ocrx_word' id='word_1_555' title='bbox 3364 3938 3431 3991; x_wconf 93' lang='lat' dir='ltr'><strong>sit</strong></span> <span class='ocrx_word' id='word_1_556' title='bbox 3448 3938 3728 4007; x_wconf 73' lang='lat' dir='ltr'><strong>Gyrillus,</strong></span> 
     </span>
    </p>
   </div>
   <div class='ocr_carea' id='block_1_77' title="bbox 2114 4028 3730 4102">
    <p class='ocr_par' dir='ltr' id='par_1_77' title="bbox 2114 4028 3730 4102">
     <span class='ocr_line' id='line_1_77' title="bbox 2114 4028 3730 4102; baseline -0.003 -14"><span class='ocrx_word' id='word_1_557' title='bbox 2114 4051 2231 4089; x_wconf 90' lang='lat' dir='ltr'><strong>cum</strong></span> <span class='ocrx_word' id='word_1_558' title='bbox 2263 4035 2521 4088; x_wconf 89' lang='lat' dir='ltr'><strong>insultare</strong></span> <span class='ocrx_word' id='word_1_559' title='bbox 2553 4030 2822 4102; x_wconf 89' lang='lat' dir='ltr'><strong>prohibet,</strong></span> <span class='ocrx_word' id='word_1_560' title='bbox 2858 4045 2962 4083; x_wconf 90' lang='lat' dir='ltr'><strong>non</strong></span> <span class='ocrx_word' id='word_1_561' title='bbox 2994 4029 3164 4083; x_wconf 85' lang='lat' dir='ltr'><strong>dicam</strong></span> <span class='ocrx_word' id='word_1_562' title='bbox 3195 4028 3619 4083; x_wconf 87' lang='lat' dir='ltr'><strong>admirabilibus</strong></span> <span class='ocrx_word' id='word_1_563' title='bbox 3648 4029 3730 4083; x_wconf 86' lang='lat' dir='ltr'><strong>vi-</strong></span> 
     </span>
    </p>
   </div>
   <div class='ocr_carea' id='block_1_78' title="bbox 2114 4120 3729 4193">
    <p class='ocr_par' dir='ltr' id='par_1_78' title="bbox 2114 4120 3729 4193">
     <span class='ocr_line' id='line_1_78' title="bbox 2114 4120 3729 4193; baseline -0.006 -11"><span class='ocrx_word' id='word_1_564' title='bbox 2114 4130 2190 4182; x_wconf 88' lang='lat' dir='ltr'><strong>ris</strong></span> <span class='ocrx_word' id='word_1_565' title='bbox 2218 4137 2272 4182; x_wconf 91' lang='lat' dir='ltr'><strong>et</strong></span> <span class='ocrx_word' id='word_1_566' title='bbox 2298 4126 2581 4181; x_wconf 81' lang='lat' dir='ltr'><strong>maximam</strong></span> <span class='ocrx_word' id='word_1_567' title='bbox 2610 4125 2832 4193; x_wconf 87' lang='lat' dir='ltr'><strong>gloriam</strong></span> <span class='ocrx_word' id='word_1_568' title='bbox 2862 4122 3211 4183; x_wconf 89' lang='lat' dir='ltr'><strong>merentibus,</strong></span> <span class='ocrx_word' id='word_1_569' title='bbox 3234 4120 3376 4189; x_wconf 90' lang='lat' dir='ltr'><strong>quod</strong></span> <span class='ocrx_word' id='word_1_570' title='bbox 3406 4122 3527 4184; x_wconf 87' lang='lat' dir='ltr'><strong>ipse</strong></span> <span class='ocrx_word' id='word_1_571' title='bbox 3557 4121 3729 4179; x_wconf 72' lang='lat' dir='ltr'><strong>dixit,</strong></span> 
     </span>
    </p>
   </div>
   <div class='ocr_carea' id='block_1_79' title="bbox 2118 4210 3732 4291">
    <p class='ocr_par' dir='ltr' id='par_1_79' title="bbox 2118 4210 3732 4291">
     <span class='ocr_line' id='line_1_79' title="bbox 2118 4210 3732 4291; baseline -0.006 -15"><span class='ocrx_word' id='word_1_572' title='bbox 2118 4218 2233 4289; x_wconf 81' lang='lat' dir='ltr'><strong>sed,</strong></span> <span class='ocrx_word' id='word_1_573' title='bbox 2268 4218 2409 4291; x_wconf 85' lang='lat' dir='ltr'><strong>quod</strong></span> <span class='ocrx_word' id='word_1_574' title='bbox 2438 4216 2611 4274; x_wconf 90' lang='lat' dir='ltr'><strong>solum</strong></span> <span class='ocrx_word' id='word_1_575' title='bbox 2635 4214 2854 4281; x_wconf 85' lang='lat' dir='ltr'><strong>sufficit,</strong></span> <span class='ocrx_word' id='word_1_576' title='bbox 2880 4213 2931 4270; x_wconf 93' lang='lat' dir='ltr'><strong>in</strong></span> <span class='ocrx_word' id='word_1_577' title='bbox 2968 4212 3220 4270; x_wconf 70' lang='lat' dir='ltr'><strong>Ecclesia:</strong></span> <span class='ocrx_word' id='word_1_578' title='bbox 3249 4225 3375 4281; x_wconf 86' lang='lat' dir='ltr'><strong>pace</strong></span> <span class='ocrx_word' id='word_1_579' title='bbox 3404 4210 3732 4278; x_wconf 85' lang='lat' dir='ltr'><strong>defunctis;</strong></span> 
     </span>
    </p>
   </div>
   <div class='ocr_carea' id='block_1_80' title="bbox 2116 4302 3731 4383">
    <p class='ocr_par' dir='ltr' id='par_1_80' title="bbox 2116 4302 3731 4383">
     <span class='ocr_line' id='line_1_80' title="bbox 2116 4302 3731 4383; baseline -0.007 -16"><span class='ocrx_word' id='word_1_580' title='bbox 2116 4314 2422 4383; x_wconf 87' lang='lat' dir='ltr'><strong>sequendus</strong></span> <span class='ocrx_word' id='word_1_581' title='bbox 2466 4322 2669 4372; x_wconf 84' lang='lat' dir='ltr'><strong>autem,</strong></span> <span class='ocrx_word' id='word_1_582' title='bbox 2700 4325 2821 4363; x_wconf 91' lang='lat' dir='ltr'><strong>cum</strong></span> <span class='ocrx_word' id='word_1_583' title='bbox 2861 4322 2955 4361; x_wconf 89' lang='lat' dir='ltr'><strong>eos</strong></span> <span class='ocrx_word' id='word_1_584' title='bbox 3004 4302 3367 4360; x_wconf 89' lang='lat' dir='ltr'><strong>criminandos</strong></span> <span class='ocrx_word' id='word_1_585' title='bbox 3411 4304 3731 4357; x_wconf 74' lang='lat' dir='ltr'><strong>existimat.</strong></span> 
     </span>
    </p>
   </div>
   <div class='ocr_carea' id='block_1_81' title="bbox 2116 4392 3734 4470">
    <p class='ocr_par' dir='ltr' id='par_1_81' title="bbox 2116 4392 3734 4470">
     <span class='ocr_line' id='line_1_81' title="bbox 2116 4392 3734 4470; baseline -0.007 -13"><span class='ocrx_word' id='word_1_586' title='bbox 2116 4402 2268 4470; x_wconf 85' lang='lat' dir='ltr'><strong>Quod</strong></span> <span class='ocrx_word' id='word_1_587' title='bbox 2310 4403 2353 4457; x_wconf 91' lang='lat' dir='ltr'><strong>si</strong></span> <span class='ocrx_word' id='word_1_588' title='bbox 2386 4410 2440 4456; x_wconf 89' lang='lat' dir='ltr'><strong>et</strong></span> <span class='ocrx_word' id='word_1_589' title='bbox 2489 4400 2589 4453; x_wconf 91' lang='lat' dir='ltr'><strong>hoc</strong></span> <span class='ocrx_word' id='word_1_590' title='bbox 2621 4396 2915 4466; x_wconf 89' lang='lat' dir='ltr'><strong>impudenti</strong></span> <span class='ocrx_word' id='word_1_591' title='bbox 2950 4395 3303 4449; x_wconf 88' lang='lat' dir='ltr'><strong>obstinatione</strong></span> <span class='ocrx_word' id='word_1_592' title='bbox 3346 4392 3554 4457; x_wconf 87' lang='lat' dir='ltr'><strong>dicant,</strong></span> <span class='ocrx_word' id='word_1_593' title='bbox 3598 4392 3734 4460; x_wconf 67' lang='lat' dir='ltr'><strong>quid</strong></span> 
     </span>
    </p>
   </div>
   <div class='ocr_carea' id='block_1_82' title="bbox 2116 4483 3731 4560">
    <p class='ocr_par' dir='ltr' id='par_1_82' title="bbox 2116 4483 3731 4560">
     <span class='ocr_line' id='line_1_82' title="bbox 2116 4483 3731 4560; baseline -0.008 -12"><span class='ocrx_word' id='word_1_594' title='bbox 2116 4494 2308 4548; x_wconf 87' lang='lat' dir='ltr'><strong>dicturi</strong></span> <span class='ocrx_word' id='word_1_595' title='bbox 2342 4502 2466 4546; x_wconf 87' lang='lat' dir='ltr'><strong>sunt</strong></span> <span class='ocrx_word' id='word_1_596' title='bbox 2493 4489 2634 4560; x_wconf 88' lang='lat' dir='ltr'><strong>quod</strong></span> <span class='ocrx_word' id='word_1_597' title='bbox 2682 4504 2803 4543; x_wconf 88' lang='lat' dir='ltr'><strong>eum</strong></span> <span class='ocrx_word' id='word_1_598' title='bbox 2834 4502 2939 4539; x_wconf 90' lang='lat' dir='ltr'><strong>non</strong></span> <span class='ocrx_word' id='word_1_599' title='bbox 2967 4493 3262 4553; x_wconf 88' lang='lat' dir='ltr'><strong>sequuntur</strong></span> <span class='ocrx_word' id='word_1_600' title='bbox 3291 4483 3343 4536; x_wconf 89' lang='lat' dir='ltr'><strong>in</strong></span> <span class='ocrx_word' id='word_1_601' title='bbox 3373 4483 3731 4538; x_wconf 62' lang='lat' dir='ltr'><strong>condentum</strong></span> 
     </span>
    </p>
   </div>
   <div class='ocr_carea' id='block_1_83' title="bbox 2119 4576 3731 4656">
    <p class='ocr_par' dir='ltr' id='par_1_83' title="bbox 2119 4576 3731 4656">
     <span class='ocr_line' id='line_1_83' title="bbox 2119 4576 3731 4656; baseline -0.006 -16"><span class='ocrx_word' id='word_1_602' title='bbox 2119 4586 2264 4640; x_wconf 93' lang='lat' dir='ltr'><strong>tione</strong></span> <span class='ocrx_word' id='word_1_603' title='bbox 2312 4584 2483 4638; x_wconf 91' lang='lat' dir='ltr'><strong>sancti</strong></span> <span class='ocrx_word' id='word_1_604' title='bbox 2537 4580 2760 4656; x_wconf 77' lang='lat' dir='ltr'><strong>Joannis</strong></span> <span class='ocrx_word' id='word_1_605' title='bbox 2799 4577 3406 4645; x_wconf 84' lang='lat' dir='ltr'><strong>ConstantinOpolitani,</strong></span> <span class='ocrx_word' id='word_1_606' title='bbox 3458 4576 3731 4647; x_wconf 84' lang='lat' dir='ltr'><strong>ejusdem</strong></span> 
     </span>
    </p>
   </div>
   <div class='ocr_carea' id='block_1_84' title="bbox 425 4666 3735 4757">
    <p class='ocr_par' dir='ltr' id='par_1_84' title="bbox 425 4666 3735 4757">
     <span class='ocr_line' id='line_1_84' title="bbox 425 4666 3735 4757; baseline -0.008 -13"><span class='ocrx_word' id='word_1_607' title='bbox 425 4690 527 4744; x_wconf 85' lang='lat' dir='ltr'><strong>illis</strong></span> <span class='ocrx_word' id='word_1_608' title='bbox 555 4688 644 4755; x_wconf 89' lang='lat' dir='ltr'><strong>qui</strong></span> <span class='ocrx_word' id='word_1_609' title='bbox 694 4688 743 4740; x_wconf 93' lang='lat' dir='ltr'><strong>in</strong></span> <span class='ocrx_word' id='word_1_610' title='bbox 777 4687 1084 4754; x_wconf 84' lang='lat' dir='ltr'><strong>episc0patu</strong></span> <span class='ocrx_word' id='word_1_611' title='bbox 1134 4685 1271 4737; x_wconf 88' lang='lat' dir='ltr'><strong>hanc</strong></span> <span class='ocrx_word' id='word_1_612' title='bbox 1312 4684 1471 4735; x_wconf 89' lang='lat' dir='ltr'><strong>vitam</strong></span> <span class='ocrx_word' id='word_1_613' title='bbox 1520 4682 1902 4751; x_wconf 87' lang='lat' dir='ltr'><strong>deposuerunt,</strong></span> <span class='ocrx_word' id='word_1_614' title='bbox 1944 4693 2011 4733; x_wconf 82' lang='lat' dir='ltr'><strong>eo</strong></span> <span class='ocrx_word' id='word_1_615' title='bbox 2038 4696 2092 4757; x_wconf 71' lang='grc' dir='ltr'><strong>ῃ</strong></span> <span class='ocrx_word' id='word_1_616' title='bbox 2120 4674 2385 4729; x_wconf 67' lang='lat' dir='ltr'><strong>Theodori</strong></span> <span class='ocrx_word' id='word_1_617' title='bbox 2425 4668 2794 4738; x_wconf 86' lang='lat' dir='ltr'><strong>condiscipuli,</strong></span> <span class='ocrx_word' id='word_1_618' title='bbox 2821 4667 2889 4720; x_wconf 91' lang='lat' dir='ltr'><strong>de</strong></span> <span class='ocrx_word' id='word_1_619' title='bbox 2932 4673 3225 4757; x_wconf 31' lang='lat' dir='ltr'><strong>quo‘lanta</strong></span> <span class='ocrx_word' id='word_1_620' title='bbox 3250 4676 3302 4719; x_wconf 88' lang='lat' dir='ltr'><strong>et</strong></span> <span class='ocrx_word' id='word_1_621' title='bbox 3330 4666 3454 4718; x_wconf 85' lang='lat' dir='ltr'><strong>talia</strong></span> <span class='ocrx_word' id='word_1_622' title='bbox 3500 4667 3735 4720; x_wconf 79' lang='lat' dir='ltr'><strong>locutus</strong></span> 
     </span>
    </p>
   </div>
   <div class='ocr_carea' id='block_1_85' title="bbox 423 4768 2011 4846">
    <p class='ocr_par' dir='ltr' id='par_1_85' title="bbox 423 4768 2011 4846">
     <span class='ocr_line' id='line_1_85' title="bbox 423 4768 2011 4846; baseline -0.005 -16"><span class='ocrx_word' id='word_1_623' title='bbox 423 4778 562 4846; x_wconf 88' lang='lat' dir='ltr'><strong>quod</strong></span> <span class='ocrx_word' id='word_1_624' title='bbox 590 4777 944 4846; x_wconf 70' lang='lat' dir='ltr'><strong>justissimum</strong></span> <span class='ocrx_word' id='word_1_625' title='bbox 978 4786 1231 4843; x_wconf 86' lang='lat' dir='ltr'><strong>appareat</strong></span> <span class='ocrx_word' id='word_1_626' title='bbox 1268 4770 1612 4840; x_wconf 87' lang='lat' dir='ltr'><strong>prudentibus</strong></span> <span class='ocrx_word' id='word_1_627' title='bbox 1659 4770 1788 4824; x_wconf 86' lang='lat' dir='ltr'><strong>viris</strong></span> <span class='ocrx_word' id='word_1_628' title='bbox 1819 4768 2011 4823; x_wconf 83' lang='lat' dir='ltr'><strong>cedere</strong></span> 
     </span>
    </p>
   </div>
   <div class='ocr_carea' id='block_1_86' title="bbox 424 4854 2010 4943">
    <p class='ocr_par' dir='ltr' id='par_1_86' title="bbox 424 4854 2010 4943">
     <span class='ocr_line' id='line_1_86' title="bbox 424 4854 2010 4943; baseline -0.007 -17"><span class='ocrx_word' id='word_1_629' title='bbox 424 4854 719 4943; x_wconf 31' lang='lat' dir='ltr'><strong>prrs‘cicuti</strong></span> <span class='ocrx_word' id='word_1_630' title='bbox 758 4871 1170 4939; x_wconf 59' lang='lat' dir='ltr'><strong>uniti-cujusque</strong></span> <span class='ocrx_word' id='word_1_631' title='bbox 1201 4866 1548 4927; x_wconf 84' lang='lat' dir='ltr'><strong>voluntatem,</strong></span> <span class='ocrx_word' id='word_1_632' title='bbox 1583 4872 1636 4917; x_wconf 90' lang='lat' dir='ltr'><strong>et</strong></span> <span class='ocrx_word' id='word_1_633' title='bbox 1662 4861 2010 4930; x_wconf 84' lang='lat' dir='ltr'><strong>cognoscenti</strong></span> 
     </span>
    </p>
   </div>
   <div class='ocr_carea' id='block_1_87' title="bbox 423 4950 2008 5034">
    <p class='ocr_par' dir='ltr' id='par_1_87' title="bbox 423 4950 2008 5034">
     <span class='ocr_line' id='line_1_87' title="bbox 423 4950 2008 5034; baseline -0.008 -18"><span class='ocrx_word' id='word_1_634' title='bbox 423 4964 595 5034; x_wconf 81' lang='lat' dir='ltr'><strong>qualis</strong></span> <span class='ocrx_word' id='word_1_635' title='bbox 631 4965 996 5030; x_wconf 79' lang='lat' dir='ltr'><strong>unusquisque</strong></span> <span class='ocrx_word' id='word_1_636' title='bbox 1037 4968 1274 5012; x_wconf 89' lang='lat' dir='ltr'><strong>nostrum</strong></span> <span class='ocrx_word' id='word_1_637' title='bbox 1324 4954 1533 5008; x_wconf 59' lang='lat' dir='ltr'><strong>futurus</strong></span> <span class='ocrx_word' id='word_1_638' title='bbox 1576 4953 1668 5016; x_wconf 91' lang='lat' dir='ltr'><strong>sit,</strong></span> <span class='ocrx_word' id='word_1_639' title='bbox 1717 4950 2008 5020; x_wconf 89' lang='lat' dir='ltr'><strong>quomodo,</strong></span> 
     </span>
    </p>
   </div>
   <div class='ocr_carea' id='block_1_88' title="bbox 424 5044 2015 5124">
    <p class='ocr_par' dir='ltr' id='par_1_88' title="bbox 424 5044 2015 5124">
     <span class='ocr_line' id='line_1_88' title="bbox 424 5044 2015 5124; baseline -0.009 -15"><span class='ocrx_word' id='word_1_640' title='bbox 424 5058 473 5110; x_wconf 90' lang='lat' dir='ltr'><strong>si</strong></span> <span class='ocrx_word' id='word_1_641' title='bbox 499 5055 692 5124; x_wconf 76' lang='lat' dir='ltr'><strong>aliquid</strong></span> <span class='ocrx_word' id='word_1_642' title='bbox 727 5065 908 5123; x_wconf 89' lang='lat' dir='ltr'><strong>postea</strong></span> <span class='ocrx_word' id='word_1_643' title='bbox 956 5051 1281 5105; x_wconf 83' lang='lat' dir='ltr'><strong>contrarium</strong></span> <span class='ocrx_word' id='word_1_644' title='bbox 1330 5047 1554 5108; x_wconf 87' lang='lat' dir='ltr'><strong>diceret,</strong></span> <span class='ocrx_word' id='word_1_645' title='bbox 1582 5046 1698 5113; x_wconf 89' lang='lat' dir='ltr'><strong>ejus</strong></span> <span class='ocrx_word' id='word_1_646' title='bbox 1730 5044 1831 5112; x_wconf 88' lang='lat' dir='ltr'><strong>ipsi</strong></span> <span class='ocrx_word' id='word_1_647' title='bbox 1864 5051 2015 5112; x_wconf 83' lang='lat' dir='ltr'><strong>puta-</strong></span> 
     </span>
    </p>
   </div>
   <div class='ocr_carea' id='block_1_89' title="bbox 426 5135 2015 5208">
    <p class='ocr_par' dir='ltr' id='par_1_89' title="bbox 426 5135 2015 5208">
     <span class='ocr_line' id='line_1_89' title="bbox 426 5135 2015 5208; baseline -0.009 -6"><span class='ocrx_word' id='word_1_648' title='bbox 426 5161 612 5202; x_wconf 86' lang='lat' dir='ltr'><strong>rentur</strong></span> <span class='ocrx_word' id='word_1_649' title='bbox 636 5145 805 5202; x_wconf 86' lang='lat' dir='ltr'><strong>secuti</strong></span> <span class='ocrx_word' id='word_1_650' title='bbox 834 5142 1174 5202; x_wconf 86' lang='lat' dir='ltr'><strong>sententiam,</strong></span> <span class='ocrx_word' id='word_1_651' title='bbox 1204 5138 1417 5208; x_wconf 87' lang='lat' dir='ltr'><strong>quando</strong></span> <span class='ocrx_word' id='word_1_652' title='bbox 1448 5139 1498 5191; x_wconf 92' lang='lat' dir='ltr'><strong>iu</strong></span> <span class='ocrx_word' id='word_1_653' title='bbox 1529 5135 1859 5190; x_wconf 89' lang='lat' dir='ltr'><strong>contrarium</strong></span> <span class='ocrx_word' id='word_1_654' title='bbox 1892 5148 2015 5188; x_wconf 89' lang='lat' dir='ltr'><strong>cur-</strong></span> 
     </span>
    </p>
   </div>
   <div class='ocr_carea' id='block_1_90' title="bbox 426 5226 2013 5309">
    <p class='ocr_par' dir='ltr' id='par_1_90' title="bbox 426 5226 2013 5309">
     <span class='ocr_line' id='line_1_90' title="bbox 426 5226 2013 5309; baseline -0.009 -13"><span class='ocrx_word' id='word_1_655' title='bbox 426 5240 597 5297; x_wconf 87' lang='lat' dir='ltr'><strong>rentia</strong></span> <span class='ocrx_word' id='word_1_656' title='bbox 627 5239 775 5309; x_wconf 87' lang='lat' dir='ltr'><strong>sequi</strong></span> <span class='ocrx_word' id='word_1_657' title='bbox 806 5234 1062 5307; x_wconf 77' lang='lat' dir='ltr'><strong>p0ssibilc</strong></span> <span class='ocrx_word' id='word_1_658' title='bbox 1095 5233 1226 5287; x_wconf 91' lang='lat' dir='ltr'><strong>uulli</strong></span> <span class='ocrx_word' id='word_1_659' title='bbox 1268 5231 1357 5297; x_wconf 85' lang='lat' dir='ltr'><strong>sit,</strong></span> <span class='ocrx_word' id='word_1_660' title='bbox 1391 5238 1446 5284; x_wconf 92' lang='lat' dir='ltr'><strong>et</strong></span> <span class='ocrx_word' id='word_1_661' title='bbox 1478 5229 1671 5283; x_wconf 68' lang='lat' dir='ltr'><strong>frustra</strong></span> <span class='ocrx_word' id='word_1_662' title='bbox 1702 5242 1762 5282; x_wconf 88' lang='lat' dir='ltr'><strong>se</strong></span> <span class='ocrx_word' id='word_1_663' title='bbox 1786 5226 2013 5297; x_wconf 87' lang='lat' dir='ltr'><strong>quisque</strong></span> 
     </span>
    </p>
   </div>
   <div class='ocr_carea' id='block_1_91' title="bbox 500 5362 2014 5445">
    <p class='ocr_par' dir='ltr' id='par_1_91' title="bbox 500 5362 2014 5445">
     <span class='ocr_line' id='line_1_91' title="bbox 500 5362 2014 5445; baseline -0.013 -10"><span class='ocrx_word' id='word_1_664' title='bbox 500 5390 528 5418; x_wconf 74' lang='grc'><strong><em>⁸</em></strong></span> <span class='ocrx_word' id='word_1_665' title='bbox 565 5377 788 5434; x_wconf 80' lang='lat' dir='ltr'><strong>Joannis</strong></span> <span class='ocrx_word' id='word_1_666' title='bbox 812 5373 1178 5445; x_wconf 71' lang='lat' dir='ltr'><strong>Chrysostomi</strong></span> <span class='ocrx_word' id='word_1_667' title='bbox 1220 5386 1413 5445; x_wconf 83' lang='lat' dir='ltr'><strong>nomen</strong></span> <span class='ocrx_word' id='word_1_668' title='bbox 1446 5368 1649 5445; x_wconf 84' lang='lat' dir='ltr'><strong>primus</strong></span> <span class='ocrx_word' id='word_1_669' title='bbox 1679 5366 1921 5445; x_wconf 83' lang='lat' dir='ltr'><strong>omnium</strong></span> <span class='ocrx_word' id='word_1_670' title='bbox 1961 5362 2014 5417; x_wconf 88' lang='lat' dir='ltr'><strong>in</strong></span> 
     </span>
    </p>
   </div>
   <div class='ocr_carea' id='block_1_92' title="bbox 428 5438 2017 5506">
    <p class='ocr_par' dir='ltr' id='par_1_92' title="bbox 428 5438 2017 5506">
     <span class='ocr_line' id='line_1_92' title="bbox 428 5438 2017 5506; baseline -0.012 0"><span class='ocrx_word' id='word_1_671' title='bbox 428 5466 609 5506; x_wconf 85' lang='lat' dir='ltr'><strong>sacras</strong></span> <span class='ocrx_word' id='word_1_672' title='bbox 638 5448 842 5502; x_wconf 83' lang='lat' dir='ltr'><strong>tabulas</strong></span> <span class='ocrx_word' id='word_1_673' title='bbox 875 5438 1053 5500; x_wconf 76' lang='lat' dir='ltr'><strong>retulit</strong></span> <span class='ocrx_word' id='word_1_674' title='bbox 1097 5443 1407 5498; x_wconf 71' lang='lat' dir='ltr'><strong>Alexander</strong></span> <span class='ocrx_word' id='word_1_675' title='bbox 1438 5438 1823 5501; x_wconf 82' lang='lat' dir='ltr'><strong>Antiochenus,</strong></span> <span class='ocrx_word' id='word_1_676' title='bbox 1854 5444 2017 5506; x_wconf 88' lang='lat' dir='ltr'><strong>atque</strong></span> 
     </span>
    </p>
   </div>
   <div class='ocr_carea' id='block_1_93' title="bbox 434 5505 2017 5585">
    <p class='ocr_par' dir='ltr' id='par_1_93' title="bbox 434 5505 2017 5585">
     <span class='ocr_line' id='line_1_93' title="bbox 434 5505 2017 5585; baseline -0.011 -11"><span class='ocrx_word' id='word_1_677' title='bbox 434 5534 490 5575; x_wconf 92' lang='lat' dir='ltr'><strong>ut</strong></span> <span class='ocrx_word' id='word_1_678' title='bbox 523 5521 661 5576; x_wconf 73' lang='lat' dir='ltr'><strong>idi&#39;ttt</strong></span> <span class='ocrx_word' id='word_1_679' title='bbox 692 5518 779 5571; x_wconf 79' lang='lat' dir='ltr'><strong>alii</strong></span> <span class='ocrx_word' id='word_1_680' title='bbox 806 5516 1059 5580; x_wconf 79' lang='lat' dir='ltr'><strong>facerent,</strong></span> <span class='ocrx_word' id='word_1_681' title='bbox 1088 5516 1154 5569; x_wconf 87' lang='lat' dir='ltr'><strong>ad</strong></span> <span class='ocrx_word' id='word_1_682' title='bbox 1187 5517 1885 5585; x_wconf 30' lang='lat' dir='ltr'><strong>imperatoremaomnesque</strong></span> <span class='ocrx_word' id='word_1_683' title='bbox 1916 5505 2017 5585; x_wconf 64' lang='lat' dir='ltr'><strong>Ec:</strong></span> 
     </span>
    </p>
   </div>
   <div class='ocr_carea' id='block_1_94' title="bbox 431 5575 2016 5655">
    <p class='ocr_par' dir='ltr' id='par_1_94' title="bbox 431 5575 2016 5655">
     <span class='ocr_line' id='line_1_94' title="bbox 431 5575 2016 5655; baseline -0.012 -7"><span class='ocrx_word' id='word_1_684' title='bbox 431 5593 712 5648; x_wconf 70' lang='lat' dir='ltr'><strong>clesiarum</strong></span> <span class='ocrx_word' id='word_1_685' title='bbox 742 5587 1022 5655; x_wconf 85' lang='lat' dir='ltr'><strong>episcopos</strong></span> <span class='ocrx_word' id='word_1_686' title='bbox 1048 5575 1288 5652; x_wconf 45' lang='lat' dir='ltr'><strong>scripsit&quot;.</strong></span> <span class='ocrx_word' id='word_1_687' title='bbox 1327 5583 1527 5655; x_wconf 84' lang='lat' dir='ltr'><strong>Atticus</strong></span> <span class='ocrx_word' id='word_1_688' title='bbox 1556 5575 2016 5655; x_wconf 81' lang='lat' dir='ltr'><strong>Constantinopoli</strong></span> 
     </span>
    </p>
   </div>
   <div class='ocr_carea' id='block_1_95' title="bbox 433 5649 2016 5730">
    <p class='ocr_par' dir='ltr' id='par_1_95' title="bbox 433 5649 2016 5730">
     <span class='ocr_line' id='line_1_95' title="bbox 433 5649 2016 5730; baseline -0.011 -15"><span class='ocrx_word' id='word_1_689' title='bbox 433 5677 482 5717; x_wconf 83' lang='lat' dir='ltr'><strong>ct</strong></span> <span class='ocrx_word' id='word_1_690' title='bbox 509 5664 623 5730; x_wconf 87' lang='lat' dir='ltr'><strong>ipse</strong></span> <span class='ocrx_word' id='word_1_691' title='bbox 651 5649 862 5713; x_wconf 46' lang='lat' dir='ltr'><strong>tandem</strong></span> <span class='ocrx_word' id='word_1_692' title='bbox 896 5649 1242 5730; x_wconf 48' lang='lat' dir='ltr'><strong>ascrhipsit,&#39;et</strong></span> <span class='ocrx_word' id='word_1_693' title='bbox 1271 5654 1522 5730; x_wconf 76' lang='lat' dir='ltr'><strong>Cyrillum</strong></span> <span class='ocrx_word' id='word_1_694' title='bbox 1552 5651 1638 5727; x_wconf 86' lang='lat' dir='ltr'><strong>qui</strong></span> <span class='ocrx_word' id='word_1_695' title='bbox 1670 5649 2016 5730; x_wconf 75' lang='lat' dir='ltr'><strong>vehementer</strong></span> 
     </span>
    </p>
   </div>
   <div class='ocr_carea' id='block_1_96' title="bbox 435 5719 2014 5793">
    <p class='ocr_par' dir='ltr' id='par_1_96' title="bbox 435 5719 2014 5793">
     <span class='ocr_line' id='line_1_96' title="bbox 435 5719 2014 5793; baseline -0.011 -8"><span class='ocrx_word' id='word_1_696' title='bbox 435 5719 775 5787; x_wconf 68' lang='lat' dir='ltr'><strong>nluiilrltatur</strong></span> <span class='ocrx_word' id='word_1_697' title='bbox 808 5740 861 5780; x_wconf 94' lang='lat' dir='ltr'><strong>nt</strong></span> <span class='ocrx_word' id='word_1_698' title='bbox 890 5729 940 5781; x_wconf 92' lang='lat' dir='ltr'><strong>in</strong></span> <span class='ocrx_word' id='word_1_699' title='bbox 972 5719 1204 5793; x_wconf 56' lang='lat' dir='ltr'><strong>.‘Egypto</strong></span> <span class='ocrx_word' id='word_1_700' title='bbox 1235 5719 1388 5776; x_wconf 70' lang='lat' dir='ltr'><strong>ascri‘.</strong></span> <span class='ocrx_word' id='word_1_701' title='bbox 1414 5723 1426 5774; x_wconf 94' lang='lat' dir='ltr'><strong>i</strong></span> <span class='ocrx_word' id='word_1_702' title='bbox 1457 5722 1801 5793; x_wconf 66' lang='lat' dir='ltr'><strong>pratciperct,</strong></span> <span class='ocrx_word' id='word_1_703' title='bbox 1825 5719 2014 5793; x_wconf 79' lang='lat' dir='ltr'><strong>litteris</strong></span> 
     </span>
    </p>
   </div>
   <div class='ocr_carea' id='block_1_97' title="bbox 440 5789 2010 5861">
    <p class='ocr_par' dir='ltr' id='par_1_97' title="bbox 440 5789 2010 5861">
     <span class='ocr_line' id='line_1_97' title="bbox 440 5789 2010 5861; baseline -0.011 -5"><span class='ocrx_word' id='word_1_704' title='bbox 440 5808 485 5856; x_wconf 88' lang='lat' dir='ltr'><strong>h</strong></span> <span class='ocrx_word' id='word_1_705' title='bbox 513 5814 678 5856; x_wconf 76' lang='lat' dir='ltr'><strong>r-atus</strong></span> <span class='ocrx_word' id='word_1_706' title='bbox 707 5810 790 5854; x_wconf 77' lang='lat' dir='ltr'><strong>est</strong></span> <span class='ocrx_word' id='word_1_707' title='bbox 819 5815 831 5861; x_wconf 91' lang='lat'><strong>;</strong></span> <span class='ocrx_word' id='word_1_708' title='bbox 874 5798 964 5850; x_wconf 71' lang='lat' dir='ltr'><strong>SCII</strong></span> <span class='ocrx_word' id='word_1_709' title='bbox 1009 5789 1222 5855; x_wconf 70' lang='lat' dir='ltr'><strong>frustra,</strong></span> <span class='ocrx_word' id='word_1_710' title='bbox 1258 5806 1309 5844; x_wconf 91' lang='lat' dir='ltr'><strong>ut</strong></span> <span class='ocrx_word' id='word_1_711' title='bbox 1344 5794 1456 5844; x_wconf 68' lang='lat' dir='ltr'><strong>ha&#39;c</strong></span> <span class='ocrx_word' id='word_1_712' title='bbox 1501 5791 1617 5857; x_wconf 72' lang='lat' dir='ltr'><strong>ejus</strong></span> <span class='ocrx_word' id='word_1_713' title='bbox 1667 5790 1751 5861; x_wconf 18' lang='lat' dir='ltr'><strong>ad,</strong></span> <span class='ocrx_word' id='word_1_714' title='bbox 1780 5789 2010 5841; x_wconf 81' lang='lat' dir='ltr'><strong>Atticum</strong></span> 
     </span>
    </p>
   </div>
   <div class='ocr_carea' id='block_1_98' title="bbox 436 5860 2011 5942">
    <p class='ocr_par' dir='ltr' id='par_1_98' title="bbox 436 5860 2011 5942">
     <span class='ocr_line' id='line_1_98' title="bbox 436 5860 2011 5942; baseline -0.01 -15"><span class='ocrx_word' id='word_1_715' title='bbox 436 5877 659 5942; x_wconf 77' lang='lat' dir='ltr'><strong>cpistola</strong></span> <span class='ocrx_word' id='word_1_716' title='bbox 702 5860 950 5926; x_wconf 60' lang='lat' dir='ltr'><strong>declinat.</strong></span> <span class='ocrx_word' id='word_1_717' title='bbox 989 5865 1157 5919; x_wconf 66' lang='lat' dir='ltr'><strong>Cessit</strong></span> <span class='ocrx_word' id='word_1_718' title='bbox 1195 5875 1365 5917; x_wconf 82' lang='lat' dir='ltr'><strong>autem</strong></span> <span class='ocrx_word' id='word_1_719' title='bbox 1402 5870 1580 5929; x_wconf 56' lang='grc' dir='ltr'><strong>μολιςίι</strong></span> <span class='ocrx_word' id='word_1_720' title='bbox 1614 5860 1861 5929; x_wconf 68' lang='lat' dir='ltr'><strong>(Tyt&#39;illus,</strong></span> <span class='ocrx_word' id='word_1_721' title='bbox 1893 5872 2011 5926; x_wconf 80' lang='lat' dir='ltr'><strong>par-</strong></span> 
     </span>
    </p>
   </div>
   <div class='ocr_carea' id='block_1_99' title="bbox 2114 4744 3738 4831">
    <p class='ocr_par' dir='ltr' id='par_1_99' title="bbox 2114 4744 3738 4831">
     <span class='ocr_line' id='line_1_99' title="bbox 2114 4744 3738 4831; baseline -0.007 -12"><span class='ocrx_word' id='word_1_722' title='bbox 2114 4772 2216 4830; x_wconf 89' lang='lat' dir='ltr'><strong>est,</strong></span> <span class='ocrx_word' id='word_1_723' title='bbox 2235 4773 2295 4817; x_wconf 92' lang='lat' dir='ltr'><strong>ut</strong></span> <span class='ocrx_word' id='word_1_724' title='bbox 2316 4761 2458 4831; x_wconf 87' lang='lat' dir='ltr'><strong>quod</strong></span> <span class='ocrx_word' id='word_1_725' title='bbox 2483 4744 2976 4815; x_wconf 74' lang='lat' dir='ltr'><strong>commemoramus</strong></span> <span class='ocrx_word' id='word_1_726' title='bbox 2992 4754 3105 4808; x_wconf 90' lang='lat' dir='ltr'><strong>sola</strong></span> <span class='ocrx_word' id='word_1_727' title='bbox 3129 4768 3226 4807; x_wconf 83' lang='lat' dir='ltr'><strong>nos</strong></span> <span class='ocrx_word' id='word_1_728' title='bbox 3248 4768 3521 4809; x_wconf 76' lang='lat' dir='ltr'><strong>excusare</strong></span> <span class='ocrx_word' id='word_1_729' title='bbox 3538 4769 3738 4812; x_wconf 67' lang='lat' dir='ltr'><strong>causa:</strong></span> 
     </span>
    </p>
   </div>
   <div class='ocr_carea' id='block_1_100' title="bbox 2117 4842 3734 4920">
    <p class='ocr_par' dir='ltr' id='par_1_100' title="bbox 2117 4842 3734 4920">
     <span class='ocr_line' id='line_1_100' title="bbox 2117 4842 3734 4920; baseline -0.007 -12"><span class='ocrx_word' id='word_1_730' title='bbox 2117 4853 2413 4908; x_wconf 88' lang='lat' dir='ltr'><strong>necessitas</strong></span> <span class='ocrx_word' id='word_1_731' title='bbox 2465 4847 2669 4920; x_wconf 80' lang='lat' dir='ltr'><strong>possit?</strong></span> <span class='ocrx_word' id='word_1_732' title='bbox 2698 4845 3023 4900; x_wconf 78' lang='lat' dir='ltr'><strong>Rescribens</strong></span> <span class='ocrx_word' id='word_1_733' title='bbox 3061 4844 3258 4914; x_wconf 90' lang='lat' dir='ltr'><strong>quippe</strong></span> <span class='ocrx_word' id='word_1_734' title='bbox 3303 4842 3462 4897; x_wconf 80' lang='lat' dir='ltr'><strong>beato</strong></span> <span class='ocrx_word' id='word_1_735' title='bbox 3512 4845 3734 4913; x_wconf 82' lang='lat' dir='ltr'><strong>Attico,</strong></span> 
     </span>
    </p>
   </div>
   <div class='ocr_carea' id='block_1_101' title="bbox 2117 4933 3738 5014">
    <p class='ocr_par' dir='ltr' id='par_1_101' title="bbox 2117 4933 3738 5014">
     <span class='ocr_line' id='line_1_101' title="bbox 2117 4933 3738 5014; baseline -0.014 -15"><span class='ocrx_word' id='word_1_736' title='bbox 2117 4944 2277 5014; x_wconf 87' lang='lat' dir='ltr'><strong>hujus</strong></span> <span class='ocrx_word' id='word_1_737' title='bbox 2326 4944 2488 5011; x_wconf 67' lang='lat' dir='ltr'><strong>regite</strong></span> <span class='ocrx_word' id='word_1_738' title='bbox 2533 4937 2763 4995; x_wconf 87' lang='lat' dir='ltr'><strong>civitatis</strong></span> <span class='ocrx_word' id='word_1_739' title='bbox 2792 4936 3066 5003; x_wconf 86' lang='lat' dir='ltr'><strong>episcopo,</strong></span> <span class='ocrx_word' id='word_1_740' title='bbox 3113 4934 3288 4988; x_wconf 89' lang='lat' dir='ltr'><strong>dicit:</strong></span> <span class='ocrx_word' id='word_1_741' title='bbox 3326 4952 3347 4984; x_wconf 77' lang='grc' dir='ltr'><strong>ι</strong></span> <span class='ocrx_word' id='word_1_742' title='bbox 3386 4933 3613 5004; x_wconf 82' lang='lat' dir='ltr'><strong>Legens</strong></span> <span class='ocrx_word' id='word_1_743' title='bbox 3641 4937 3738 4992; x_wconf 58' lang='lat' dir='ltr'><strong>lit-</strong></span> 
     </span>
    </p>
   </div>
   <div class='ocr_carea' id='block_1_102' title="bbox 2118 5026 3735 5095">
    <p class='ocr_par' dir='ltr' id='par_1_102' title="bbox 2118 5026 3735 5095">
     <span class='ocr_line' id='line_1_102' title="bbox 2118 5026 3735 5095; baseline -0.007 -2"><span class='ocrx_word' id='word_1_744' title='bbox 2118 5046 2260 5092; x_wconf 88' lang='lat' dir='ltr'><strong>teras</strong></span> <span class='ocrx_word' id='word_1_745' title='bbox 2304 5051 2332 5089; x_wconf 91' lang='lat' dir='ltr'><strong>a</strong></span> <span class='ocrx_word' id='word_1_746' title='bbox 2377 5046 2554 5088; x_wconf 71' lang='lat' dir='ltr'><strong>vestra</strong></span> <span class='ocrx_word' id='word_1_747' title='bbox 2585 5030 2889 5085; x_wconf 88' lang='lat' dir='ltr'><strong>reverentia</strong></span> <span class='ocrx_word' id='word_1_748' title='bbox 2920 5029 3131 5091; x_wconf 88' lang='lat' dir='ltr'><strong>missas,</strong></span> <span class='ocrx_word' id='word_1_749' title='bbox 3164 5026 3391 5095; x_wconf 79' lang='lat' dir='ltr'><strong>cognovi</strong></span> <span class='ocrx_word' id='word_1_750' title='bbox 3439 5035 3469 5063; x_wconf 76' lang='grc' dir='ltr'><strong>ι</strong></span> <span class='ocrx_word' id='word_1_751' title='bbox 3512 5043 3735 5085; x_wconf 80' lang='lat' dir='ltr'><strong>nomen</strong></span> 
     </span>
    </p>
   </div>
   <div class='ocr_carea' id='block_1_103' title="bbox 2116 5116 3738 5192">
    <p class='ocr_par' dir='ltr' id='par_1_103' title="bbox 2116 5116 3738 5192">
     <span class='ocr_line' id='line_1_103' title="bbox 2116 5116 3738 5192; baseline -0.006 -7"><span class='ocrx_word' id='word_1_752' title='bbox 2116 5127 2337 5187; x_wconf 82' lang='lat' dir='ltr'><strong>Joannis</strong></span> <span class='ocrx_word' id='word_1_753' title='bbox 2366 5128 2418 5181; x_wconf 91' lang='lat' dir='ltr'><strong>in</strong></span> <span class='ocrx_word' id='word_1_754' title='bbox 2451 5126 2621 5179; x_wconf 90' lang='lat' dir='ltr'><strong>sacris</strong></span> <span class='ocrx_word' id='word_1_755' title='bbox 2645 5121 2909 5192; x_wconf 87' lang='lat' dir='ltr'><strong>diptycbis</strong></span> <span class='ocrx_word' id='word_1_756' title='bbox 2953 5119 3210 5185; x_wconf 83' lang='lat' dir='ltr'><strong>scriptum</strong></span> <span class='ocrx_word' id='word_1_757' title='bbox 3266 5116 3315 5173; x_wconf 70' lang='grc'><strong>1³.</strong></span> <span class='ocrx_word' id='word_1_758' title='bbox 3366 5118 3738 5190; x_wconf 79' lang='lat' dir='ltr'><strong>Interrogans</strong></span> 
     </span>
    </p>
   </div>
   <div class='ocr_carea' id='block_1_104' title="bbox 2120 5208 3739 5279">
    <p class='ocr_par' dir='ltr' id='par_1_104' title="bbox 2120 5208 3739 5279">
     <span class='ocr_line' id='line_1_104' title="bbox 2120 5208 3739 5279; baseline -0.007 -2"><span class='ocrx_word' id='word_1_759' title='bbox 2120 5230 2301 5277; x_wconf 88' lang='lat' dir='ltr'><strong>autem</strong></span> <span class='ocrx_word' id='word_1_760' title='bbox 2370 5216 2494 5272; x_wconf 89' lang='lat' dir='ltr'><strong>inde</strong></span> <span class='ocrx_word' id='word_1_761' title='bbox 2550 5214 2825 5269; x_wconf 85' lang='lat' dir='ltr'><strong>venientes</strong></span> <span class='ocrx_word' id='word_1_762' title='bbox 2869 5253 2883 5277; x_wconf 95' lang='lat'><strong>,</strong></span> <span class='ocrx_word' id='word_1_763' title='bbox 2938 5208 3163 5279; x_wconf 87' lang='lat' dir='ltr'><strong>cognovi</strong></span> <span class='ocrx_word' id='word_1_764' title='bbox 3230 5221 3335 5263; x_wconf 92' lang='lat' dir='ltr'><strong>non</strong></span> <span class='ocrx_word' id='word_1_765' title='bbox 3402 5208 3456 5262; x_wconf 90' lang='lat' dir='ltr'><strong>in</strong></span> <span class='ocrx_word' id='word_1_766' title='bbox 3520 5210 3739 5266; x_wconf 81' lang='lat' dir='ltr'><strong>ordino</strong></span> 
     </span>
    </p>
   </div>
   <div class='ocr_carea' id='block_1_105' title="bbox 2126 5344 3734 5414">
    <p class='ocr_par' dir='ltr' id='par_1_105' title="bbox 2126 5344 3734 5414">
     <span class='ocr_line' id='line_1_105' title="bbox 2126 5344 3734 5414; baseline -0.006 -1"><span class='ocrx_word' id='word_1_767' title='bbox 2126 5359 2221 5413; x_wconf 91' lang='lat' dir='ltr'><strong>tim</strong></span> <span class='ocrx_word' id='word_1_768' title='bbox 2255 5354 2439 5413; x_wconf 86' lang='lat' dir='ltr'><strong>lsidori</strong></span> <span class='ocrx_word' id='word_1_769' title='bbox 2473 5350 2756 5409; x_wconf 77' lang='lat' dir='ltr'><strong>Pelusiota:</strong></span> <span class='ocrx_word' id='word_1_770' title='bbox 2799 5362 2979 5411; x_wconf 87' lang='lat' dir='ltr'><strong>suasu,</strong></span> <span class='ocrx_word' id='word_1_771' title='bbox 3010 5344 3196 5414; x_wconf 85' lang='lat' dir='ltr'><strong>partim</strong></span> <span class='ocrx_word' id='word_1_772' title='bbox 3224 5344 3423 5407; x_wconf 88' lang='lat' dir='ltr'><strong>divino.</strong></span> <span class='ocrx_word' id='word_1_773' title='bbox 3447 5356 3510 5400; x_wconf 89' lang='lat' dir='ltr'><strong>ut</strong></span> <span class='ocrx_word' id='word_1_774' title='bbox 3538 5349 3734 5413; x_wconf 83' lang='lat' dir='ltr'><strong>aiunt,</strong></span> 
     </span>
    </p>
   </div>
   <div class='ocr_carea' id='block_1_106' title="bbox 2125 5418 3739 5488">
    <p class='ocr_par' dir='ltr' id='par_1_106' title="bbox 2125 5418 3739 5488">
     <span class='ocr_line' id='line_1_106' title="bbox 2125 5418 3739 5488; baseline -0.009 -5"><span class='ocrx_word' id='word_1_775' title='bbox 2125 5431 2240 5483; x_wconf 69' lang='lat' dir='ltr'><strong>vi~u</strong></span> <span class='ocrx_word' id='word_1_776' title='bbox 2263 5427 2588 5488; x_wconf 86' lang='lat' dir='ltr'><strong>admonitus,</strong></span> <span class='ocrx_word' id='word_1_777' title='bbox 2615 5420 2936 5488; x_wconf 80' lang='lat' dir='ltr'><strong>Joannisque</strong></span> <span class='ocrx_word' id='word_1_778' title='bbox 2963 5432 3156 5471; x_wconf 90' lang='lat' dir='ltr'><strong>nomen</strong></span> <span class='ocrx_word' id='word_1_779' title='bbox 3182 5418 3387 5488; x_wconf 82' lang='lat' dir='ltr'><strong>synodo</strong></span> <span class='ocrx_word' id='word_1_780' title='bbox 3410 5430 3739 5488; x_wconf 75' lang='lat' dir='ltr'><strong>convocata</strong></span> 
     </span>
    </p>
   </div>
   <div class='ocr_carea' id='block_1_107' title="bbox 2123 5486 3739 5568">
    <p class='ocr_par' dir='ltr' id='par_1_107' title="bbox 2123 5486 3739 5568">
     <span class='ocr_line' id='line_1_107' title="bbox 2123 5486 3739 5568; baseline -0.005 -15"><span class='ocrx_word' id='word_1_781' title='bbox 2123 5498 2391 5568; x_wconf 85' lang='lat' dir='ltr'><strong>diptychis</strong></span> <span class='ocrx_word' id='word_1_782' title='bbox 2437 5486 2703 5568; x_wconf 81' lang='lat' dir='ltr'><strong>apposuit,</strong></span> <span class='ocrx_word' id='word_1_783' title='bbox 2738 5500 2796 5544; x_wconf 93' lang='lat' dir='ltr'><strong>ut</strong></span> <span class='ocrx_word' id='word_1_784' title='bbox 2842 5486 2907 5568; x_wconf 59' lang='lat' dir='ltr'><strong>es</strong></span> <span class='ocrx_word' id='word_1_785' title='bbox 2938 5488 3118 5568; x_wconf 41' lang='lat' dir='ltr'><strong>[ﬁlicem</strong></span> <span class='ocrx_word' id='word_1_786' title='bbox 3162 5486 3739 5568; x_wconf 47' lang='lat' dir='ltr'><strong>philosophantis-nat</strong></span> 
     </span>
    </p>
   </div>
   <div class='ocr_carea' id='block_1_108' title="bbox 2124 5558 3736 5636">
    <p class='ocr_par' dir='ltr' id='par_1_108' title="bbox 2124 5558 3736 5636">
     <span class='ocr_line' id='line_1_108' title="bbox 2124 5558 3736 5636; baseline -0.004 -16"><span class='ocrx_word' id='word_1_787' title='bbox 2124 5558 2486 5636; x_wconf 51' lang='lat' dir='ltr'><strong>N.&#39;ce&#39;pltorus,&#39;</strong></span> <span class='ocrx_word' id='word_1_788' title='bbox 2509 5558 2646 5632; x_wconf 78' lang='lat' dir='ltr'><strong>apud</strong></span> <span class='ocrx_word' id='word_1_789' title='bbox 2678 5576 2833 5636; x_wconf 72' lang='lat' dir='ltr'><strong>quem</strong></span> <span class='ocrx_word' id='word_1_790' title='bbox 2863 5559 3023 5612; x_wconf 81' lang='lat' dir='ltr'><strong>Attici</strong></span> <span class='ocrx_word' id='word_1_791' title='bbox 3046 5573 3253 5636; x_wconf 76' lang='lat' dir='ltr'><strong>quoque</strong></span> <span class='ocrx_word' id='word_1_792' title='bbox 3291 5558 3555 5636; x_wconf 45' lang='lat' dir='ltr'><strong>et‘Cyrilli</strong></span> <span class='ocrx_word' id='word_1_793' title='bbox 3594 5576 3736 5614; x_wconf 78' lang='lat' dir='ltr'><strong>mu-</strong></span> 
     </span>
    </p>
   </div>
   <div class='ocr_carea' id='block_1_109' title="bbox 2126 5626 3622 5701">
    <p class='ocr_par' dir='ltr' id='par_1_109' title="bbox 2126 5626 3622 5701">
     <span class='ocr_line' id='line_1_109' title="bbox 2126 5626 3622 5701; baseline -0.012 -7"><span class='ocrx_word' id='word_1_794' title='bbox 2126 5651 2229 5694; x_wconf 73' lang='lat' dir='ltr'><strong>tuze</strong></span> <span class='ocrx_word' id='word_1_795' title='bbox 2250 5626 2437 5692; x_wconf 64' lang='lat' dir='ltr'><strong>littera:</strong></span> <span class='ocrx_word' id='word_1_796' title='bbox 2463 5626 2710 5701; x_wconf 43' lang='lat' dir='ltr'><strong>leguntur</strong></span> <span class='ocrx_word' id='word_1_797' title='bbox 2739 5632 2827 5684; x_wconf 87' lang='lat' dir='ltr'><strong>lib.</strong></span> <span class='ocrx_word' id='word_1_798' title='bbox 2856 5644 2963 5689; x_wconf 76' lang='lat' dir='ltr'><strong>xw,</strong></span> <span class='ocrx_word' id='word_1_799' title='bbox 2996 5644 3114 5701; x_wconf 72' lang='lat' dir='ltr'><strong>cap.</strong></span> <span class='ocrx_word' id='word_1_800' title='bbox 3146 5627 3215 5681; x_wconf 73' lang='lat'><strong>26</strong></span> <span class='ocrx_word' id='word_1_801' title='bbox 3244 5637 3297 5681; x_wconf 92' lang='lat' dir='ltr'><strong>et</strong></span> <span class='ocrx_word' id='word_1_802' title='bbox 3326 5626 3427 5701; x_wconf 49' lang='lat'><strong>27,</strong></span> <span class='ocrx_word' id='word_1_803' title='bbox 3612 5674 3622 5681; x_wconf 84' lang='grc'><em>,</em></span> 
     </span>
    </p>
   </div>
   <div class='ocr_carea' id='block_1_110' title="bbox 2195 5697 3734 5775">
    <p class='ocr_par' dir='ltr' id='par_1_110' title="bbox 2195 5697 3734 5775">
     <span class='ocr_line' id='line_1_110' title="bbox 2195 5697 3734 5775; baseline -0.007 -14"><span class='ocrx_word' id='word_1_804' title='bbox 2195 5708 2222 5747; x_wconf 70' lang='grc' dir='ltr'>ι’</span> <span class='ocrx_word' id='word_1_805' title='bbox 2250 5708 2431 5761; x_wconf 71' lang='lat' dir='ltr'><strong>Grzrca</strong></span> <span class='ocrx_word' id='word_1_806' title='bbox 2449 5697 2653 5775; x_wconf 45' lang='lat' dir='ltr'><strong>Cy‘rilli,</strong></span> <span class='ocrx_word' id='word_1_807' title='bbox 2682 5705 2731 5756; x_wconf 80' lang='grc' dir='ltr'><strong>ἐν</strong></span> <span class='ocrx_word' id='word_1_808' title='bbox 2752 5710 2863 5775; x_wconf 61' lang='lat' dir='ltr'><strong>rei;</strong></span> <span class='ocrx_word' id='word_1_809' title='bbox 2892 5701 3054 5775; x_wconf 51' lang='grc' dir='ltr'><strong>ἱερεῖς</strong></span> <span class='ocrx_word' id='word_1_810' title='bbox 3076 5697 3279 5775; x_wconf 54' lang='grc' dir='ltr'><strong>δέλτοις.</strong></span> <span class='ocrx_word' id='word_1_811' title='bbox 3314 5698 3512 5775; x_wconf 56' lang='grc' dir='ltr'><strong>ᾼιιξουε</strong></span> <span class='ocrx_word' id='word_1_812' title='bbox 3541 5701 3734 5775; x_wconf 72' lang='lat' dir='ltr'><strong>etiarn</strong></span> 
     </span>
    </p>
   </div>
   <div class='ocr_carea' id='block_1_111' title="bbox 2120 5768 3737 5851">
    <p class='ocr_par' dir='ltr' id='par_1_111' title="bbox 2120 5768 3737 5851">
     <span class='ocr_line' id='line_1_111' title="bbox 2120 5768 3737 5851; baseline -0.007 -18"><span class='ocrx_word' id='word_1_813' title='bbox 2120 5782 2371 5851; x_wconf 74' lang='grc' dir='ltr'><strong>μυστικὰς</strong></span> <span class='ocrx_word' id='word_1_814' title='bbox 2397 5768 2599 5834; x_wconf 49' lang='lat' dir='ltr'><strong>auios;</strong></span> <span class='ocrx_word' id='word_1_815' title='bbox 2622 5768 3287 5851; x_wconf 38' lang='lat' dir='ltr'><strong>appellat-at;Nicephorus</strong></span> <span class='ocrx_word' id='word_1_816' title='bbox 3313 5769 3737 5851; x_wconf 62' lang='grc' dir='ltr'><strong>ἐκκλησιασῖικά</strong></span> 
     </span>
    </p>
   </div>
   <div class='ocr_carea' id='block_1_112' title="bbox 2120 5840 3731 5925">
    <p class='ocr_par' dir='ltr' id='par_1_112' title="bbox 2120 5840 3731 5925">
     <span class='ocr_line' id='line_1_112' title="bbox 2120 5840 3731 5925; baseline -0.012 -18"><span class='ocrx_word' id='word_1_817' title='bbox 2120 5840 2315 5925; x_wconf 47' lang='lat' dir='ltr'><strong>idem,</strong></span> <span class='ocrx_word' id='word_1_818' title='bbox 2365 5848 2433 5905; x_wconf 85' lang='lat' dir='ltr'><strong>de</strong></span> <span class='ocrx_word' id='word_1_819' title='bbox 2485 5844 2788 5902; x_wconf 72' lang='lat' dir='ltr'><strong>Alexandro</strong></span> <span class='ocrx_word' id='word_1_820' title='bbox 2824 5842 3154 5897; x_wconf 69' lang='lat' dir='ltr'><strong>Antiocheno</strong></span> <span class='ocrx_word' id='word_1_821' title='bbox 3202 5840 3420 5907; x_wconf 76' lang='lat' dir='ltr'><strong>loquens</strong></span> <span class='ocrx_word' id='word_1_822' title='bbox 3450 5852 3571 5905; x_wconf 83' lang='lat' dir='ltr'><strong>cap.</strong></span> <span class='ocrx_word' id='word_1_823' title='bbox 3605 5840 3688 5897; x_wconf 69' lang='lat'><strong>25</strong></span> <span class='ocrx_word' id='word_1_824' title='bbox 3713 5860 3731 5896; x_wconf 71' lang='grc' dir='ltr'>ε</span> 
     </span>
    </p>
   </div>
  </div>
