  <div class='ocr_page' id='page_1' title='image "/cluster/home/n/w/nwhite01/storage/ocr_20150623/67/hvd.32044073505273/312.png"; bbox 0 0 3878 6194; ppageno 0'>
   <div class='ocr_carea' id='block_1_1' title="bbox 199 318 297 374">
    <p class='ocr_par' dir='ltr' id='par_1_1' title="bbox 199 318 297 374">
     <span class='ocr_line' id='line_1_1' title="bbox 199 318 297 374; baseline -0.031 0"><span class='ocrx_word' id='word_1_1' title='bbox 199 318 297 374; x_wconf 73' lang='lat'><strong>609</strong></span> 
     </span>
    </p>
   </div>
   <div class='ocr_carea' id='block_1_2' title="bbox 1089 293 2600 363">
    <p class='ocr_par' dir='ltr' id='par_1_2' title="bbox 1089 293 2600 363">
     <span class='ocr_line' id='line_1_2' title="bbox 1089 293 2600 363; baseline -0.011 1"><span class='ocrx_word' id='word_1_2' title='bbox 1089 307 1223 363; x_wconf 79' lang='lat' dir='ltr'><strong>PRO</strong></span> <span class='ocrx_word' id='word_1_3' title='bbox 1261 299 1691 362; x_wconf 77' lang='lat' dir='ltr'><strong>DEFENSIONE</strong></span> <span class='ocrx_word' id='word_1_4' title='bbox 1728 298 1946 356; x_wconf 76' lang='lat' dir='ltr'><strong>TRIUM</strong></span> <span class='ocrx_word' id='word_1_5' title='bbox 1986 296 2303 354; x_wconf 84' lang='lat' dir='ltr'><strong>CAPITUL.</strong></span> <span class='ocrx_word' id='word_1_6' title='bbox 2346 295 2471 350; x_wconf 80' lang='lat' dir='ltr'><strong>LIB.</strong></span> <span class='ocrx_word' id='word_1_7' title='bbox 2516 293 2600 348; x_wconf 85' lang='lat' dir='ltr'><strong>IV.</strong></span> 
     </span>
    </p>
   </div>
   <div class='ocr_carea' id='block_1_3' title="bbox 3371 291 3476 350">
    <p class='ocr_par' dir='ltr' id='par_1_3' title="bbox 3371 291 3476 350">
     <span class='ocr_line' id='line_1_3' title="bbox 3371 291 3476 350; baseline 0.038 -4"><span class='ocrx_word' id='word_1_8' title='bbox 3371 291 3476 350; x_wconf 71' lang='lat' dir='ltr'><strong>MO</strong></span> 
     </span>
    </p>
   </div>
   <div class='ocr_carea' id='block_1_4' title="bbox 201 404 3472 495">
    <p class='ocr_par' dir='ltr' id='par_1_4' title="bbox 201 404 3472 495">
     <span class='ocr_line' id='line_1_4' title="bbox 201 404 3472 495; baseline -0.009 -7"><span class='ocrx_word' id='word_1_9' title='bbox 201 434 458 488; x_wconf 88' lang='lat' dir='ltr'><strong>laicorum</strong></span> <span class='ocrx_word' id='word_1_10' title='bbox 487 471 502 494; x_wconf 93' lang='lat'><strong>,</strong></span> <span class='ocrx_word' id='word_1_11' title='bbox 551 427 651 485; x_wconf 83' lang='lat' dir='ltr'><strong>sed</strong></span> <span class='ocrx_word' id='word_1_12' title='bbox 703 427 753 481; x_wconf 92' lang='lat' dir='ltr'><strong>iu</strong></span> <span class='ocrx_word' id='word_1_13' title='bbox 817 423 1193 495; x_wconf 87' lang='lat' dir='ltr'><strong>episcoporum</strong></span> <span class='ocrx_word' id='word_1_14' title='bbox 1252 421 1441 477; x_wconf 74' lang='lat' dir='ltr'><strong>tatari.</strong></span> <span class='ocrx_word' id='word_1_15' title='bbox 1492 415 1787 473; x_wconf 75' lang='lat' dir='ltr'><strong>Praesciens</strong></span> <span class='ocrx_word' id='word_1_16' title='bbox 1817 414 1864 474; x_wconf 84' lang='grc' dir='ltr'><strong>Λ</strong></span> <span class='ocrx_word' id='word_1_17' title='bbox 1891 412 2054 480; x_wconf 79' lang='lat' dir='ltr'><strong>elegit</strong></span> <span class='ocrx_word' id='word_1_18' title='bbox 2095 409 2500 465; x_wconf 86' lang='lat' dir='ltr'><strong>cousultissime</strong></span> <span class='ocrx_word' id='word_1_19' title='bbox 2523 449 2538 472; x_wconf 92' lang='lat'><strong>,</strong></span> <span class='ocrx_word' id='word_1_20' title='bbox 2569 415 2624 463; x_wconf 88' lang='lat' dir='ltr'><strong>et</strong></span> <span class='ocrx_word' id='word_1_21' title='bbox 2653 404 2939 462; x_wconf 82' lang='lat' dir='ltr'><strong>admodum</strong></span> <span class='ocrx_word' id='word_1_22' title='bbox 2981 404 3211 460; x_wconf 80' lang='lat' dir='ltr'><strong>mirabili</strong></span> <span class='ocrx_word' id='word_1_23' title='bbox 3245 405 3472 474; x_wconf 75' lang='lat' dir='ltr'><strong>pietate.</strong></span> 
     </span>
    </p>
   </div>
   <div class='ocr_carea' id='block_1_5' title="bbox 199 507 1785 586">
    <p class='ocr_par' dir='ltr' id='par_1_5' title="bbox 199 507 1785 586">
     <span class='ocr_line' id='line_1_5' title="bbox 199 507 1785 586; baseline -0.009 -9"><span class='ocrx_word' id='word_1_24' title='bbox 199 534 416 585; x_wconf 75' lang='lat' dir='ltr'><strong>autem,</strong></span> <span class='ocrx_word' id='word_1_25' title='bbox 463 531 524 576; x_wconf 81' lang='lat' dir='ltr'><strong>et</strong></span> <span class='ocrx_word' id='word_1_26' title='bbox 570 519 712 586; x_wconf 83' lang='lat' dir='ltr'><strong>apud</strong></span> <span class='ocrx_word' id='word_1_27' title='bbox 780 534 864 572; x_wconf 90' lang='lat' dir='ltr'><strong>me</strong></span> <span class='ocrx_word' id='word_1_28' title='bbox 917 516 1092 586; x_wconf 86' lang='lat' dir='ltr'><strong>ipsum</strong></span> <span class='ocrx_word' id='word_1_29' title='bbox 1147 516 1386 584; x_wconf 76' lang='lat' dir='ltr'><strong>cogimus</strong></span> <span class='ocrx_word' id='word_1_30' title='bbox 1417 556 1431 578; x_wconf 95' lang='lat'><strong>,</strong></span> <span class='ocrx_word' id='word_1_31' title='bbox 1487 512 1528 566; x_wconf 91' lang='lat' dir='ltr'><strong>si</strong></span> <span class='ocrx_word' id='word_1_32' title='bbox 1585 507 1785 579; x_wconf 80' lang='lat' dir='ltr'><strong>regulis</strong></span> 
     </span>
    </p>
   </div>
   <div class='ocr_carea' id='block_1_6' title="bbox 197 605 1782 677">
    <p class='ocr_par' dir='ltr' id='par_1_6' title="bbox 197 605 1782 677">
     <span class='ocr_line' id='line_1_6' title="bbox 197 605 1782 677; baseline -0.012 -8"><span class='ocrx_word' id='word_1_33' title='bbox 197 622 510 668; x_wconf 81' lang='lat' dir='ltr'><strong>sant-torum</strong></span> <span class='ocrx_word' id='word_1_34' title='bbox 597 609 809 663; x_wconf 85' lang='lat' dir='ltr'><strong>Patrum</strong></span> <span class='ocrx_word' id='word_1_35' title='bbox 844 650 860 676; x_wconf 88' lang='lat'><strong>,</strong></span> <span class='ocrx_word' id='word_1_36' title='bbox 931 607 1021 677; x_wconf 86' lang='lat' dir='ltr'><strong>qui</strong></span> <span class='ocrx_word' id='word_1_37' title='bbox 1092 605 1319 659; x_wconf 72' lang='lat' dir='ltr'><strong>Niczeatu</strong></span> <span class='ocrx_word' id='word_1_38' title='bbox 1396 605 1782 660; x_wconf 82' lang='lat' dir='ltr'><strong>convenerunt.</strong></span> 
     </span>
    </p>
   </div>
   <div class='ocr_carea' id='block_1_7' title="bbox 199 695 1785 773">
    <p class='ocr_par' dir='ltr' id='par_1_7' title="bbox 199 695 1785 773">
     <span class='ocr_line' id='line_1_7' title="bbox 199 695 1785 773; baseline -0.011 -13"><span class='ocrx_word' id='word_1_39' title='bbox 199 706 526 760; x_wconf 77' lang='lat' dir='ltr'><strong>concinnant</strong></span> <span class='ocrx_word' id='word_1_40' title='bbox 569 702 661 773; x_wconf 91' lang='lat' dir='ltr'><strong>qui</strong></span> <span class='ocrx_word' id='word_1_41' title='bbox 718 701 832 755; x_wconf 74' lang='lat' dir='ltr'><strong>lucc</strong></span> <span class='ocrx_word' id='word_1_42' title='bbox 879 700 1159 763; x_wconf 75' lang='lat' dir='ltr'><strong>iecerunt,</strong></span> <span class='ocrx_word' id='word_1_43' title='bbox 1205 707 1258 751; x_wconf 89' lang='lat' dir='ltr'><strong>et</strong></span> <span class='ocrx_word' id='word_1_44' title='bbox 1313 695 1582 764; x_wconf 82' lang='lat' dir='ltr'><strong>paululum</strong></span> <span class='ocrx_word' id='word_1_45' title='bbox 1631 707 1785 745; x_wconf 87' lang='lat' dir='ltr'><strong>men-</strong></span> 
     </span>
    </p>
   </div>
   <div class='ocr_carea' id='block_1_8' title="bbox 198 787 1786 862">
    <p class='ocr_par' dir='ltr' id='par_1_8' title="bbox 198 787 1786 862">
     <span class='ocr_line' id='line_1_8' title="bbox 198 787 1786 862; baseline -0.011 -11"><span class='ocrx_word' id='word_1_46' title='bbox 198 797 261 851; x_wconf 94' lang='lat' dir='ltr'><strong>tis</strong></span> <span class='ocrx_word' id='word_1_47' title='bbox 287 797 510 850; x_wconf 89' lang='lat' dir='ltr'><strong>oculum</strong></span> <span class='ocrx_word' id='word_1_48' title='bbox 539 795 601 846; x_wconf 86' lang='lat' dir='ltr'><strong>ad</strong></span> <span class='ocrx_word' id='word_1_49' title='bbox 627 807 871 862; x_wconf 82' lang='lat' dir='ltr'><strong>magnam</strong></span> <span class='ocrx_word' id='word_1_50' title='bbox 900 791 1040 845; x_wconf 80' lang='lat' dir='ltr'><strong>illam</strong></span> <span class='ocrx_word' id='word_1_51' title='bbox 1064 787 1533 857; x_wconf 70' lang='lat' dir='ltr'><strong>congregationem</strong></span> <span class='ocrx_word' id='word_1_52' title='bbox 1565 798 1786 839; x_wconf 86' lang='lat' dir='ltr'><strong>eurum-</strong></span> 
     </span>
    </p>
   </div>
   <div class='ocr_carea' id='block_1_9' title="bbox 201 879 1782 942">
    <p class='ocr_par' dir='ltr' id='par_1_9' title="bbox 201 879 1782 942">
     <span class='ocr_line' id='line_1_9' title="bbox 201 879 1782 942; baseline -0.01 0"><span class='ocrx_word' id='word_1_53' title='bbox 201 889 318 942; x_wconf 88' lang='lat' dir='ltr'><strong>dem</strong></span> <span class='ocrx_word' id='word_1_54' title='bbox 370 895 685 941; x_wconf 82' lang='lat' dir='ltr'><strong>sanctorum</strong></span> <span class='ocrx_word' id='word_1_55' title='bbox 737 885 949 938; x_wconf 84' lang='lat' dir='ltr'><strong>Patrum</strong></span> <span class='ocrx_word' id='word_1_56' title='bbox 999 881 1333 942; x_wconf 84' lang='lat' dir='ltr'><strong>extendens,</strong></span> <span class='ocrx_word' id='word_1_57' title='bbox 1367 879 1520 933; x_wconf 86' lang='lat' dir='ltr'><strong>video</strong></span> <span class='ocrx_word' id='word_1_58' title='bbox 1565 888 1782 931; x_wconf 89' lang='lat' dir='ltr'><strong>omnem</strong></span> 
     </span>
    </p>
   </div>
   <div class='ocr_carea' id='block_1_10' title="bbox 197 965 1784 1049">
    <p class='ocr_par' dir='ltr' id='par_1_10' title="bbox 197 965 1784 1049">
     <span class='ocr_line' id='line_1_10' title="bbox 197 965 1784 1049; baseline -0.009 -16"><span class='ocrx_word' id='word_1_59' title='bbox 197 979 337 1034; x_wconf 80' lang='lat' dir='ltr'><strong>illam</strong></span> <span class='ocrx_word' id='word_1_60' title='bbox 395 977 868 1049; x_wconf 75' lang='lat' dir='ltr'><strong>congregationem</strong></span> <span class='ocrx_word' id='word_1_61' title='bbox 920 973 1060 1029; x_wconf 86' lang='lat' dir='ltr'><strong>velut</strong></span> <span class='ocrx_word' id='word_1_62' title='bbox 1104 967 1638 1042; x_wconf 84' lang='lat' dir='ltr'><strong>quibusdam&#39;oculis</strong></span> <span class='ocrx_word' id='word_1_63' title='bbox 1687 965 1784 1019; x_wconf 83' lang='lat' dir='ltr'><strong>ab-</strong></span> 
     </span>
    </p>
   </div>
   <div class='ocr_carea' id='block_1_11' title="bbox 195 1065 1788 1136">
    <p class='ocr_par' dir='ltr' id='par_1_11' title="bbox 195 1065 1788 1136">
     <span class='ocr_line' id='line_1_11' title="bbox 195 1065 1788 1136; baseline -0.009 -11"><span class='ocrx_word' id='word_1_64' title='bbox 195 1083 471 1133; x_wconf 82' lang='lat' dir='ltr'><strong>nuentem,</strong></span> <span class='ocrx_word' id='word_1_65' title='bbox 496 1077 547 1124; x_wconf 88' lang='lat' dir='ltr'><strong>et</strong></span> <span class='ocrx_word' id='word_1_66' title='bbox 576 1069 721 1122; x_wconf 86' lang='lat' dir='ltr'><strong>omni</strong></span> <span class='ocrx_word' id='word_1_67' title='bbox 744 1069 936 1122; x_wconf 89' lang='lat' dir='ltr'><strong>virtute</strong></span> <span class='ocrx_word' id='word_1_68' title='bbox 954 1065 1322 1136; x_wconf 82' lang='lat' dir='ltr'><strong>prohibentem</strong></span> <span class='ocrx_word' id='word_1_69' title='bbox 1347 1076 1442 1116; x_wconf 88' lang='lat' dir='ltr'><strong>nos</strong></span> <span class='ocrx_word' id='word_1_70' title='bbox 1463 1071 1788 1114; x_wconf 88' lang='lat' dir='ltr'><strong>concurrere</strong></span> 
     </span>
    </p>
   </div>
   <div class='ocr_carea' id='block_1_12' title="bbox 196 1150 1787 1233">
    <p class='ocr_par' dir='ltr' id='par_1_12' title="bbox 196 1150 1787 1233">
     <span class='ocr_line' id='line_1_12' title="bbox 196 1150 1787 1233; baseline -0.009 -16"><span class='ocrx_word' id='word_1_71' title='bbox 196 1163 248 1217; x_wconf 81' lang='lat' dir='ltr'><strong>in</strong></span> <span class='ocrx_word' id='word_1_72' title='bbox 266 1162 574 1233; x_wconf 90' lang='lat' dir='ltr'><strong>bujusmodi</strong></span> <span class='ocrx_word' id='word_1_73' title='bbox 597 1174 939 1216; x_wconf 84' lang='lat' dir='ltr'><strong>consensum.</strong></span> <span class='ocrx_word' id='word_1_74' title='bbox 963 1158 1201 1226; x_wconf 82' lang='lat' dir='ltr'><strong>Qualiter</strong></span> <span class='ocrx_word' id='word_1_75' title='bbox 1229 1164 1405 1209; x_wconf 90' lang='lat' dir='ltr'><strong>autem</strong></span> <span class='ocrx_word' id='word_1_76' title='bbox 1423 1150 1787 1207; x_wconf 84' lang='lat' dir='ltr'><strong>sacerdotibus</strong></span> 
     </span>
    </p>
   </div>
   <div class='ocr_carea' id='block_1_13' title="bbox 194 1245 1786 1319">
    <p class='ocr_par' dir='ltr' id='par_1_13' title="bbox 194 1245 1786 1319">
     <span class='ocr_line' id='line_1_13' title="bbox 194 1245 1786 1319; baseline -0.008 -8"><span class='ocrx_word' id='word_1_77' title='bbox 194 1255 286 1312; x_wconf 78' lang='lat' dir='ltr'><strong>Dei</strong></span> <span class='ocrx_word' id='word_1_78' title='bbox 318 1265 770 1319; x_wconf 89' lang='lat' dir='ltr'><strong>connumeretur,</strong></span> <span class='ocrx_word' id='word_1_79' title='bbox 797 1262 852 1308; x_wconf 90' lang='lat' dir='ltr'><strong>et</strong></span> <span class='ocrx_word' id='word_1_80' title='bbox 879 1253 1131 1307; x_wconf 83' lang='lat' dir='ltr'><strong>induatur</strong></span> <span class='ocrx_word' id='word_1_81' title='bbox 1171 1250 1384 1305; x_wconf 91' lang='lat' dir='ltr'><strong>illorum</strong></span> <span class='ocrx_word' id='word_1_82' title='bbox 1429 1257 1627 1303; x_wconf 90' lang='lat' dir='ltr'><strong>sortem</strong></span> <span class='ocrx_word' id='word_1_83' title='bbox 1648 1286 1662 1308; x_wconf 91' lang='lat'><strong>,</strong></span> <span class='ocrx_word' id='word_1_84' title='bbox 1696 1245 1786 1313; x_wconf 86' lang='lat' dir='ltr'><strong>qui</strong></span> 
     </span>
    </p>
   </div>
   <div class='ocr_carea' id='block_1_14' title="bbox 193 1339 1790 1417">
    <p class='ocr_par' dir='ltr' id='par_1_14' title="bbox 193 1339 1790 1417">
     <span class='ocr_line' id='line_1_14' title="bbox 193 1339 1790 1417; baseline -0.009 -13"><span class='ocrx_word' id='word_1_85' title='bbox 193 1344 256 1404; x_wconf 71' lang='lat' dir='ltr'><strong>de</strong></span> <span class='ocrx_word' id='word_1_86' title='bbox 282 1348 594 1404; x_wconf 87' lang='lat' dir='ltr'><strong>sacerdotio</strong></span> <span class='ocrx_word' id='word_1_87' title='bbox 633 1349 816 1417; x_wconf 89' lang='lat' dir='ltr'><strong>pulsus</strong></span> <span class='ocrx_word' id='word_1_88' title='bbox 843 1346 965 1402; x_wconf 87' lang='lat' dir='ltr'><strong>est?</strong></span> <span class='ocrx_word' id='word_1_89' title='bbox 992 1345 1076 1398; x_wconf 77' lang='lat' dir='ltr'><strong>vel</strong></span> <span class='ocrx_word' id='word_1_90' title='bbox 1123 1345 1348 1414; x_wconf 80' lang='lat' dir='ltr'><strong>qualiter</strong></span> <span class='ocrx_word' id='word_1_91' title='bbox 1377 1341 1429 1396; x_wconf 89' lang='lat' dir='ltr'><strong>in</strong></span> <span class='ocrx_word' id='word_1_92' title='bbox 1469 1340 1658 1394; x_wconf 85' lang='lat' dir='ltr'><strong>ordine</strong></span> <span class='ocrx_word' id='word_1_93' title='bbox 1688 1339 1790 1393; x_wconf 86' lang='lat' dir='ltr'><strong>erit</strong></span> 
     </span>
    </p>
   </div>
   <div class='ocr_carea' id='block_1_15' title="bbox 196 1429 1786 1510">
    <p class='ocr_par' dir='ltr' id='par_1_15' title="bbox 196 1429 1786 1510">
     <span class='ocr_line' id='line_1_15' title="bbox 196 1429 1786 1510; baseline -0.009 -16"><span class='ocrx_word' id='word_1_94' title='bbox 196 1439 538 1510; x_wconf 75' lang='lat' dir='ltr'><strong>pontiﬁcum,</strong></span> <span class='ocrx_word' id='word_1_95' title='bbox 571 1439 660 1509; x_wconf 90' lang='lat' dir='ltr'><strong>qui</strong></span> <span class='ocrx_word' id='word_1_96' title='bbox 691 1437 759 1492; x_wconf 90' lang='lat' dir='ltr'><strong>ab</strong></span> <span class='ocrx_word' id='word_1_97' title='bbox 787 1434 1172 1493; x_wconf 82' lang='lat' dir='ltr'><strong>ecclesiasticis</strong></span> <span class='ocrx_word' id='word_1_98' title='bbox 1195 1433 1362 1487; x_wconf 89' lang='lat' dir='ltr'><strong>muris</strong></span> <span class='ocrx_word' id='word_1_99' title='bbox 1387 1431 1642 1484; x_wconf 76' lang='lat' dir='ltr'><strong>exclusus</strong></span> <span class='ocrx_word' id='word_1_100' title='bbox 1672 1429 1786 1482; x_wconf 84' lang='lat' dir='ltr'><strong>est?</strong></span> 
     </span>
    </p>
   </div>
   <div class='ocr_carea' id='block_1_16' title="bbox 197 1519 1786 1600">
    <p class='ocr_par' dir='ltr' id='par_1_16' title="bbox 197 1519 1786 1600">
     <span class='ocr_line' id='line_1_16' title="bbox 197 1519 1786 1600; baseline -0.009 -16"><span class='ocrx_word' id='word_1_101' title='bbox 197 1533 293 1599; x_wconf 80' lang='lat' dir='ltr'><strong>Qui</strong></span> <span class='ocrx_word' id='word_1_102' title='bbox 318 1546 512 1586; x_wconf 82' lang='lat' dir='ltr'><strong>rursus</strong></span> <span class='ocrx_word' id='word_1_103' title='bbox 534 1532 586 1584; x_wconf 91' lang='lat' dir='ltr'><strong>in</strong></span> <span class='ocrx_word' id='word_1_104' title='bbox 616 1529 1071 1600; x_wconf 72' lang='lat' dir='ltr'><strong>coiisequentibus</strong></span> <span class='ocrx_word' id='word_1_105' title='bbox 1097 1525 1336 1596; x_wconf 81' lang='lat' dir='ltr'><strong>ejusdem</strong></span> <span class='ocrx_word' id='word_1_106' title='bbox 1361 1522 1599 1592; x_wconf 70' lang='lat' dir='ltr'><strong>epistolae</strong></span> <span class='ocrx_word' id='word_1_107' title='bbox 1619 1519 1747 1574; x_wconf 83' lang='lat' dir='ltr'><strong>dicit</strong></span> <span class='ocrx_word' id='word_1_108' title='bbox 1774 1536 1786 1570; x_wconf 89' lang='lat'>:</span> 
     </span>
    </p>
   </div>
   <div class='ocr_carea' id='block_1_17' title="bbox 192 1611 1784 1693">
    <p class='ocr_par' dir='ltr' id='par_1_17' title="bbox 192 1611 1784 1693">
     <span class='ocr_line' id='line_1_17' title="bbox 192 1611 1784 1693; baseline -0.011 -14"><span class='ocrx_word' id='word_1_109' title='bbox 192 1623 324 1679; x_wconf 86' lang='lat' dir='ltr'><strong>Jube</strong></span> <span class='ocrx_word' id='word_1_110' title='bbox 347 1639 417 1678; x_wconf 84' lang='lat' dir='ltr'><strong>ex</strong></span> <span class='ocrx_word' id='word_1_111' title='bbox 438 1623 682 1693; x_wconf 77' lang='lat' dir='ltr'><strong>catalogo</strong></span> <span class='ocrx_word' id='word_1_112' title='bbox 703 1628 1076 1692; x_wconf 82' lang='lat' dir='ltr'><strong>episcoporum</strong></span> <span class='ocrx_word' id='word_1_113' title='bbox 1102 1617 1324 1672; x_wconf 79' lang='lat' dir='ltr'><strong>Joannis</strong></span> <span class='ocrx_word' id='word_1_114' title='bbox 1353 1629 1544 1668; x_wconf 87' lang='lat' dir='ltr'><strong>nomen</strong></span> <span class='ocrx_word' id='word_1_115' title='bbox 1569 1611 1784 1667; x_wconf 76' lang='lat' dir='ltr'><strong>auferri.</strong></span> 
     </span>
    </p>
   </div>
   <div class='ocr_carea' id='block_1_18' title="bbox 193 1703 1790 1772">
    <p class='ocr_par' dir='ltr' id='par_1_18' title="bbox 193 1703 1790 1772">
     <span class='ocr_line' id='line_1_18' title="bbox 193 1703 1790 1772; baseline -0.01 -1"><span class='ocrx_word' id='word_1_116' title='bbox 193 1714 241 1771; x_wconf 84' lang='lat' dir='ltr'><strong>Si</strong></span> <span class='ocrx_word' id='word_1_117' title='bbox 270 1715 423 1770; x_wconf 81' lang='lat' dir='ltr'><strong>enim</strong></span> <span class='ocrx_word' id='word_1_118' title='bbox 469 1714 604 1768; x_wconf 86' lang='lat' dir='ltr'><strong>nihil</strong></span> <span class='ocrx_word' id='word_1_119' title='bbox 647 1714 748 1767; x_wconf 90' lang='lat' dir='ltr'><strong>hoc</strong></span> <span class='ocrx_word' id='word_1_120' title='bbox 792 1727 915 1767; x_wconf 82' lang='lat' dir='ltr'><strong>esse</strong></span> <span class='ocrx_word' id='word_1_121' title='bbox 961 1710 1306 1772; x_wconf 83' lang='lat' dir='ltr'><strong>arbitramur,</strong></span> <span class='ocrx_word' id='word_1_122' title='bbox 1357 1719 1462 1760; x_wconf 91' lang='lat' dir='ltr'><strong>non</strong></span> <span class='ocrx_word' id='word_1_123' title='bbox 1505 1703 1790 1759; x_wconf 86' lang='lat' dir='ltr'><strong>contristet</strong></span> 
     </span>
    </p>
   </div>
   <div class='ocr_carea' id='block_1_19' title="bbox 1889 499 3476 570">
    <p class='ocr_par' dir='ltr' id='par_1_19' title="bbox 1889 499 3476 570">
     <span class='ocr_line' id='line_1_19' title="bbox 1889 499 3476 570; baseline -0.004 -13"><span class='ocrx_word' id='word_1_124' title='bbox 1889 503 2197 557; x_wconf 85' lang='lat' dir='ltr'><strong>cathedram</strong></span> <span class='ocrx_word' id='word_1_125' title='bbox 2227 503 2566 570; x_wconf 77' lang='lat' dir='ltr'><strong>episcopatus</strong></span> <span class='ocrx_word' id='word_1_126' title='bbox 2595 500 2675 554; x_wconf 90' lang='lat' dir='ltr'><strong>sui</strong></span> <span class='ocrx_word' id='word_1_127' title='bbox 2721 499 3024 568; x_wconf 86' lang='lat' dir='ltr'><strong>relinquere</strong></span> <span class='ocrx_word' id='word_1_128' title='bbox 3049 515 3064 564; x_wconf 90' lang='lat'><strong>;</strong></span> <span class='ocrx_word' id='word_1_129' title='bbox 3094 514 3254 568; x_wconf 85' lang='lat' dir='ltr'><strong>quam</strong></span> <span class='ocrx_word' id='word_1_130' title='bbox 3287 507 3344 551; x_wconf 91' lang='lat' dir='ltr'><strong>ut</strong></span> <span class='ocrx_word' id='word_1_131' title='bbox 3382 513 3476 566; x_wconf 90' lang='lat' dir='ltr'><strong>per</strong></span> 
     </span>
    </p>
   </div>
   <div class='ocr_carea' id='block_1_20' title="bbox 1889 591 3474 662">
    <p class='ocr_par' dir='ltr' id='par_1_20' title="bbox 1889 591 3474 662">
     <span class='ocr_line' id='line_1_20' title="bbox 1889 591 3474 662; baseline 0 -15"><span class='ocrx_word' id='word_1_132' title='bbox 1889 593 2005 662; x_wconf 88' lang='lat' dir='ltr'><strong>ejus</strong></span> <span class='ocrx_word' id='word_1_133' title='bbox 2034 593 2405 648; x_wconf 79' lang='lat' dir='ltr'><strong>defensionem</strong></span> <span class='ocrx_word' id='word_1_134' title='bbox 2449 596 2604 649; x_wconf 89' lang='lat' dir='ltr'><strong>unica</strong></span> <span class='ocrx_word' id='word_1_135' title='bbox 2645 593 2848 648; x_wconf 85' lang='lat' dir='ltr'><strong>Christi</strong></span> <span class='ocrx_word' id='word_1_136' title='bbox 2891 592 3220 647; x_wconf 77' lang='lat' dir='ltr'><strong>divideretur</strong></span> <span class='ocrx_word' id='word_1_137' title='bbox 3251 591 3474 647; x_wconf 74' lang='lat' dir='ltr'><strong>haeredi-</strong></span> 
     </span>
    </p>
   </div>
   <div class='ocr_carea' id='block_1_21' title="bbox 1893 662 3478 752">
    <p class='ocr_par' dir='ltr' id='par_1_21' title="bbox 1893 662 3478 752">
     <span class='ocr_line' id='line_1_21' title="bbox 1893 662 3478 752; baseline -0.005 -13"><span class='ocrx_word' id='word_1_138' title='bbox 1893 695 1993 740; x_wconf 89' lang='lat' dir='ltr'><strong>tas.</strong></span> <span class='ocrx_word' id='word_1_139' title='bbox 2027 686 2131 740; x_wconf 86' lang='lat' dir='ltr'><strong>Sed</strong></span> <span class='ocrx_word' id='word_1_140' title='bbox 2157 703 2236 739; x_wconf 72' lang='lat' dir='ltr'><strong>va:</strong></span> <span class='ocrx_word' id='word_1_141' title='bbox 2261 687 2458 740; x_wconf 90' lang='lat' dir='ltr'><strong>mundo</strong></span> <span class='ocrx_word' id='word_1_142' title='bbox 2489 701 2518 739; x_wconf 86' lang='lat' dir='ltr'><strong>a</strong></span> <span class='ocrx_word' id='word_1_143' title='bbox 2542 685 2832 748; x_wconf 80' lang='lat' dir='ltr'><strong>scandulis,</strong></span> <span class='ocrx_word' id='word_1_144' title='bbox 2867 700 2960 752; x_wconf 91' lang='lat' dir='ltr'><strong>per</strong></span> <span class='ocrx_word' id='word_1_145' title='bbox 2980 699 3099 752; x_wconf 63' lang='lat' dir='ltr'><strong>quae</strong></span> <span class='ocrx_word' id='word_1_146' title='bbox 3121 682 3357 736; x_wconf 74' lang='lat' dir='ltr'><strong>Joannes</strong></span> <span class='ocrx_word' id='word_1_147' title='bbox 3379 662 3478 749; x_wconf 63' lang='lat' dir='ltr'><strong>pro</strong></span> 
     </span>
    </p>
   </div>
   <div class='ocr_carea' id='block_1_22' title="bbox 1893 773 3478 844">
    <p class='ocr_par' dir='ltr' id='par_1_22' title="bbox 1893 773 3478 844">
     <span class='ocr_line' id='line_1_22' title="bbox 1893 773 3478 844; baseline -0.003 -12"><span class='ocrx_word' id='word_1_148' title='bbox 1893 779 2086 833; x_wconf 86' lang='lat' dir='ltr'><strong>talibus</strong></span> <span class='ocrx_word' id='word_1_149' title='bbox 2114 781 2351 842; x_wconf 88' lang='lat' dir='ltr'><strong>meritis,</strong></span> <span class='ocrx_word' id='word_1_150' title='bbox 2385 778 2582 844; x_wconf 87' lang='lat' dir='ltr'><strong>Judas,</strong></span> <span class='ocrx_word' id='word_1_151' title='bbox 2615 777 2900 834; x_wconf 90' lang='lat' dir='ltr'><strong>Jechonias</strong></span> <span class='ocrx_word' id='word_1_152' title='bbox 2922 817 2936 839; x_wconf 95' lang='lat'><strong>,</strong></span> <span class='ocrx_word' id='word_1_153' title='bbox 2969 792 3030 829; x_wconf 92' lang='lat' dir='ltr'><strong>ac</strong></span> <span class='ocrx_word' id='word_1_154' title='bbox 3060 775 3314 844; x_wconf 78' lang='lat' dir='ltr'><strong>profanus</strong></span> <span class='ocrx_word' id='word_1_155' title='bbox 3343 773 3478 828; x_wconf 82' lang='lat' dir='ltr'><strong>dici-</strong></span> 
     </span>
    </p>
   </div>
   <div class='ocr_carea' id='block_1_23' title="bbox 1892 865 3480 941">
    <p class='ocr_par' dir='ltr' id='par_1_23' title="bbox 1892 865 3480 941">
     <span class='ocr_line' id='line_1_23' title="bbox 1892 865 3480 941; baseline -0.003 -17"><span class='ocrx_word' id='word_1_156' title='bbox 1892 880 1998 939; x_wconf 88' lang='lat' dir='ltr'><strong>tur,</strong></span> <span class='ocrx_word' id='word_1_157' title='bbox 2032 882 2086 926; x_wconf 87' lang='lat' dir='ltr'><strong>et</strong></span> <span class='ocrx_word' id='word_1_158' title='bbox 2115 872 2360 926; x_wconf 80' lang='lat' dir='ltr'><strong>Eudoxio</strong></span> <span class='ocrx_word' id='word_1_159' title='bbox 2387 872 2588 925; x_wconf 83' lang='lat' dir='ltr'><strong>Ariano</strong></span> <span class='ocrx_word' id='word_1_160' title='bbox 2616 873 2871 941; x_wconf 87' lang='lat' dir='ltr'><strong>episcopo</strong></span> <span class='ocrx_word' id='word_1_161' title='bbox 2913 877 3268 938; x_wconf 85' lang='lat' dir='ltr'><strong>comparatur.</strong></span> <span class='ocrx_word' id='word_1_162' title='bbox 3309 865 3480 930; x_wconf 86' lang='lat' dir='ltr'><strong>Quale</strong></span> 
     </span>
    </p>
   </div>
   <div class='ocr_carea' id='block_1_24' title="bbox 1890 959 3478 1034">
    <p class='ocr_par' dir='ltr' id='par_1_24' title="bbox 1890 959 3478 1034">
     <span class='ocr_line' id='line_1_24' title="bbox 1890 959 3478 1034; baseline -0.004 -17"><span class='ocrx_word' id='word_1_163' title='bbox 1890 979 2052 1034; x_wconf 89' lang='lat' dir='ltr'><strong>porro</strong></span> <span class='ocrx_word' id='word_1_164' title='bbox 2086 964 2218 1018; x_wconf 90' lang='lat' dir='ltr'><strong>illud</strong></span> <span class='ocrx_word' id='word_1_165' title='bbox 2245 974 2348 1030; x_wconf 89' lang='lat' dir='ltr'><strong>est,</strong></span> <span class='ocrx_word' id='word_1_166' title='bbox 2382 965 2520 1034; x_wconf 88' lang='lat' dir='ltr'><strong>quod</strong></span> <span class='ocrx_word' id='word_1_167' title='bbox 2553 965 2740 1018; x_wconf 88' lang='lat' dir='ltr'><strong>beatus</strong></span> <span class='ocrx_word' id='word_1_168' title='bbox 2770 962 2977 1017; x_wconf 87' lang='lat' dir='ltr'><strong>Atticus</strong></span> <span class='ocrx_word' id='word_1_169' title='bbox 3007 975 3201 1016; x_wconf 90' lang='lat' dir='ltr'><strong>nomen</strong></span> <span class='ocrx_word' id='word_1_170' title='bbox 3228 959 3478 1013; x_wconf 81' lang='lat' dir='ltr'><strong>decesso-</strong></span> 
     </span>
    </p>
   </div>
   <div class='ocr_carea' id='block_1_25' title="bbox 1891 1049 3478 1119">
    <p class='ocr_par' dir='ltr' id='par_1_25' title="bbox 1891 1049 3478 1119">
     <span class='ocr_line' id='line_1_25' title="bbox 1891 1049 3478 1119; baseline -0.007 -9"><span class='ocrx_word' id='word_1_171' title='bbox 1891 1057 1967 1111; x_wconf 88' lang='lat' dir='ltr'><strong>ris</strong></span> <span class='ocrx_word' id='word_1_172' title='bbox 1997 1057 2080 1110; x_wconf 92' lang='lat' dir='ltr'><strong>sui</strong></span> <span class='ocrx_word' id='word_1_173' title='bbox 2109 1056 2350 1119; x_wconf 87' lang='lat' dir='ltr'><strong>Joannis,</strong></span> <span class='ocrx_word' id='word_1_174' title='bbox 2384 1072 2490 1109; x_wconf 86' lang='lat' dir='ltr'><strong>nou</strong></span> <span class='ocrx_word' id='word_1_175' title='bbox 2522 1057 2572 1109; x_wconf 90' lang='lat' dir='ltr'><strong>in</strong></span> <span class='ocrx_word' id='word_1_176' title='bbox 2604 1055 2793 1108; x_wconf 87' lang='lat' dir='ltr'><strong>ordine</strong></span> <span class='ocrx_word' id='word_1_177' title='bbox 2840 1054 3130 1117; x_wconf 90' lang='lat' dir='ltr'><strong>laicorttm,</strong></span> <span class='ocrx_word' id='word_1_178' title='bbox 3161 1050 3253 1105; x_wconf 89' lang='lat' dir='ltr'><strong>sed</strong></span> <span class='ocrx_word' id='word_1_179' title='bbox 3283 1050 3335 1102; x_wconf 91' lang='lat' dir='ltr'><strong>in</strong></span> <span class='ocrx_word' id='word_1_180' title='bbox 3368 1049 3478 1115; x_wconf 81' lang='lat' dir='ltr'><strong>cpi-</strong></span> 
     </span>
    </p>
   </div>
   <div class='ocr_carea' id='block_1_26' title="bbox 1890 1140 3476 1218">
    <p class='ocr_par' dir='ltr' id='par_1_26' title="bbox 1890 1140 3476 1218">
     <span class='ocr_line' id='line_1_26' title="bbox 1890 1140 3476 1218; baseline -0.009 -15"><span class='ocrx_word' id='word_1_181' title='bbox 1890 1163 2178 1218; x_wconf 87' lang='lat' dir='ltr'><strong>sc0porum</strong></span> <span class='ocrx_word' id='word_1_182' title='bbox 2200 1189 2214 1212; x_wconf 94' lang='lat'><strong>,</strong></span> <span class='ocrx_word' id='word_1_183' title='bbox 2243 1148 2393 1218; x_wconf 89' lang='lat' dir='ltr'><strong>quasi</strong></span> <span class='ocrx_word' id='word_1_184' title='bbox 2444 1156 2630 1200; x_wconf 90' lang='lat' dir='ltr'><strong>contra</strong></span> <span class='ocrx_word' id='word_1_185' title='bbox 2679 1145 2891 1214; x_wconf 80' lang='lat' dir='ltr'><strong>regulas</strong></span> <span class='ocrx_word' id='word_1_186' title='bbox 2921 1150 3228 1197; x_wconf 84' lang='lat' dir='ltr'><strong>sanctorum</strong></span> <span class='ocrx_word' id='word_1_187' title='bbox 3262 1140 3476 1193; x_wconf 83' lang='lat' dir='ltr'><strong>Patrum</strong></span> 
     </span>
    </p>
   </div>
   <div class='ocr_carea' id='block_1_27' title="bbox 1891 1230 3479 1313">
    <p class='ocr_par' dir='ltr' id='par_1_27' title="bbox 1891 1230 3479 1313">
     <span class='ocr_line' id='line_1_27' title="bbox 1891 1230 3479 1313; baseline -0.01 -16"><span class='ocrx_word' id='word_1_188' title='bbox 1891 1243 1981 1313; x_wconf 90' lang='lat' dir='ltr'><strong>qui</strong></span> <span class='ocrx_word' id='word_1_189' title='bbox 2015 1243 2065 1296; x_wconf 94' lang='lat' dir='ltr'><strong>in</strong></span> <span class='ocrx_word' id='word_1_190' title='bbox 2095 1243 2268 1296; x_wconf 65' lang='lat' dir='ltr'><strong>Nicaea</strong></span> <span class='ocrx_word' id='word_1_191' title='bbox 2292 1250 2675 1302; x_wconf 86' lang='lat' dir='ltr'><strong>convenerant,</strong></span> <span class='ocrx_word' id='word_1_192' title='bbox 2715 1249 2932 1291; x_wconf 84' lang='lat' dir='ltr'><strong>taxasse</strong></span> <span class='ocrx_word' id='word_1_193' title='bbox 2955 1234 3237 1302; x_wconf 86' lang='lat' dir='ltr'><strong>culpatur?</strong></span> <span class='ocrx_word' id='word_1_194' title='bbox 3266 1231 3332 1286; x_wconf 81' lang='lat' dir='ltr'><strong>Et</strong></span> <span class='ocrx_word' id='word_1_195' title='bbox 3357 1230 3479 1283; x_wconf 85' lang='lat' dir='ltr'><strong>hinc</strong></span> 
     </span>
    </p>
   </div>
   <div class='ocr_carea' id='block_1_28' title="bbox 1891 1323 3478 1392">
    <p class='ocr_par' dir='ltr' id='par_1_28' title="bbox 1891 1323 3478 1392">
     <span class='ocr_line' id='line_1_28' title="bbox 1891 1323 3478 1392; baseline -0.008 -4"><span class='ocrx_word' id='word_1_196' title='bbox 1891 1336 2153 1390; x_wconf 86' lang='lat' dir='ltr'><strong>asseritur</strong></span> <span class='ocrx_word' id='word_1_197' title='bbox 2182 1334 2323 1386; x_wconf 86' lang='lat' dir='ltr'><strong>inter</strong></span> <span class='ocrx_word' id='word_1_198' title='bbox 2365 1332 2526 1386; x_wconf 89' lang='lat' dir='ltr'><strong>laicos</strong></span> <span class='ocrx_word' id='word_1_199' title='bbox 2555 1346 2676 1385; x_wconf 83' lang='lat' dir='ltr'><strong>eum</strong></span> <span class='ocrx_word' id='word_1_200' title='bbox 2727 1329 2992 1383; x_wconf 80' lang='lat' dir='ltr'><strong>ascribere</strong></span> <span class='ocrx_word' id='word_1_201' title='bbox 3021 1325 3268 1380; x_wconf 90' lang='lat' dir='ltr'><strong>debuisse</strong></span> <span class='ocrx_word' id='word_1_202' title='bbox 3291 1365 3307 1390; x_wconf 87' lang='lat'><strong>,</strong></span> <span class='ocrx_word' id='word_1_203' title='bbox 3336 1323 3478 1392; x_wconf 88' lang='lat' dir='ltr'><strong>quod</strong></span> 
     </span>
    </p>
   </div>
   <div class='ocr_carea' id='block_1_29' title="bbox 1893 1415 3468 1480">
    <p class='ocr_par' dir='ltr' id='par_1_29' title="bbox 1893 1415 3468 1480">
     <span class='ocr_line' id='line_1_29' title="bbox 1893 1415 3468 1480; baseline -0.009 0"><span class='ocrx_word' id='word_1_204' title='bbox 1893 1440 1997 1480; x_wconf 92' lang='lat' dir='ltr'><strong>non</strong></span> <span class='ocrx_word' id='word_1_205' title='bbox 2029 1425 2184 1478; x_wconf 82' lang='lat' dir='ltr'><strong>liceat</strong></span> <span class='ocrx_word' id='word_1_206' title='bbox 2208 1423 2276 1477; x_wconf 89' lang='lat' dir='ltr'><strong>ab</strong></span> <span class='ocrx_word' id='word_1_207' title='bbox 2298 1422 2678 1477; x_wconf 65' lang='lat' dir='ltr'><strong>ecclesiasticis</strong></span> <span class='ocrx_word' id='word_1_208' title='bbox 2701 1421 2869 1474; x_wconf 88' lang='lat' dir='ltr'><strong>muris</strong></span> <span class='ocrx_word' id='word_1_209' title='bbox 2893 1417 3173 1471; x_wconf 71' lang='lat' dir='ltr'><strong>exclusum</strong></span> <span class='ocrx_word' id='word_1_210' title='bbox 3205 1417 3255 1468; x_wconf 92' lang='lat' dir='ltr'><strong>in</strong></span> <span class='ocrx_word' id='word_1_211' title='bbox 3278 1415 3468 1466; x_wconf 83' lang='lat' dir='ltr'><strong>ordine</strong></span> 
     </span>
    </p>
   </div>
   <div class='ocr_carea' id='block_1_30' title="bbox 1896 1505 3480 1586">
    <p class='ocr_par' dir='ltr' id='par_1_30' title="bbox 1896 1505 3480 1586">
     <span class='ocr_line' id='line_1_30' title="bbox 1896 1505 3480 1586; baseline -0.011 -12"><span class='ocrx_word' id='word_1_212' title='bbox 1896 1520 2093 1574; x_wconf 84' lang='lat' dir='ltr'><strong>habere</strong></span> <span class='ocrx_word' id='word_1_213' title='bbox 2125 1516 2465 1586; x_wconf 80' lang='lat' dir='ltr'><strong>pontiﬁcum;</strong></span> <span class='ocrx_word' id='word_1_214' title='bbox 2500 1530 2674 1584; x_wconf 90' lang='lat' dir='ltr'><strong>neque</strong></span> <span class='ocrx_word' id='word_1_215' title='bbox 2715 1513 2864 1566; x_wconf 77' lang='lat' dir='ltr'><strong>Juda:</strong></span> <span class='ocrx_word' id='word_1_216' title='bbox 2895 1505 3172 1564; x_wconf 81' lang='lat' dir='ltr'><strong>traditoris</strong></span> <span class='ocrx_word' id='word_1_217' title='bbox 3201 1523 3396 1561; x_wconf 89' lang='lat' dir='ltr'><strong>nomen</strong></span> <span class='ocrx_word' id='word_1_218' title='bbox 3429 1507 3480 1557; x_wconf 83' lang='lat' dir='ltr'><strong>in</strong></span> 
     </span>
    </p>
   </div>
   <div class='ocr_carea' id='block_1_31' title="bbox 1893 1599 3478 1682">
    <p class='ocr_par' dir='ltr' id='par_1_31' title="bbox 1893 1599 3478 1682">
     <span class='ocr_line' id='line_1_31' title="bbox 1893 1599 3478 1682; baseline -0.01 -19"><span class='ocrx_word' id='word_1_219' title='bbox 1893 1609 2262 1679; x_wconf 49' lang='lat' dir='ltr'><strong>apostolorum</strong></span> <span class='ocrx_word' id='word_1_220' title='bbox 2295 1609 2467 1682; x_wconf 86' lang='lat' dir='ltr'><strong>choro</strong></span> <span class='ocrx_word' id='word_1_221' title='bbox 2500 1605 2860 1666; x_wconf 86' lang='lat' dir='ltr'><strong>introducere,</strong></span> <span class='ocrx_word' id='word_1_222' title='bbox 2885 1603 3000 1656; x_wconf 87' lang='lat' dir='ltr'><strong>sive</strong></span> <span class='ocrx_word' id='word_1_223' title='bbox 3029 1599 3336 1656; x_wconf 87' lang='lat' dir='ltr'><strong>Jechoniam</strong></span> <span class='ocrx_word' id='word_1_224' title='bbox 3360 1612 3478 1650; x_wconf 87' lang='lat' dir='ltr'><strong>cum</strong></span> 
     </span>
    </p>
   </div>
   <div class='ocr_carea' id='block_1_32' title="bbox 1898 1687 3479 1763">
    <p class='ocr_par' dir='ltr' id='par_1_32' title="bbox 1898 1687 3479 1763">
     <span class='ocr_line' id='line_1_32' title="bbox 1898 1687 3479 1763; baseline -0.011 -9"><span class='ocrx_word' id='word_1_225' title='bbox 1898 1699 2064 1754; x_wconf 83' lang='lat' dir='ltr'><strong>David</strong></span> <span class='ocrx_word' id='word_1_226' title='bbox 2116 1707 2174 1754; x_wconf 87' lang='lat' dir='ltr'><strong>et</strong></span> <span class='ocrx_word' id='word_1_227' title='bbox 2211 1696 2426 1752; x_wconf 85' lang='lat' dir='ltr'><strong>Samuel</strong></span> <span class='ocrx_word' id='word_1_228' title='bbox 2457 1706 2513 1750; x_wconf 87' lang='lat' dir='ltr'><strong>et</strong></span> <span class='ocrx_word' id='word_1_229' title='bbox 2554 1694 2832 1763; x_wconf 83' lang='lat' dir='ltr'><strong>prophetis</strong></span> <span class='ocrx_word' id='word_1_230' title='bbox 2874 1703 3285 1745; x_wconf 87' lang='lat' dir='ltr'><strong>eounumcrarc.</strong></span> <span class='ocrx_word' id='word_1_231' title='bbox 3318 1687 3479 1752; x_wconf 83' lang='lat' dir='ltr'><strong>Quasi</strong></span> 
     </span>
    </p>
   </div>
   <div class='ocr_carea' id='block_1_33' title="bbox 193 1781 3482 1875">
    <p class='ocr_par' dir='ltr' id='par_1_33' title="bbox 193 1781 3482 1875">
     <span class='ocr_line' id='line_1_33' title="bbox 193 1781 3482 1875; baseline -0.009 -14"><span class='ocrx_word' id='word_1_232' title='bbox 193 1807 354 1861; x_wconf 82' lang='lat' dir='ltr'><strong>etiam</strong></span> <span class='ocrx_word' id='word_1_233' title='bbox 389 1806 758 1875; x_wconf 87' lang='lat' dir='ltr'><strong>apostolorum</strong></span> <span class='ocrx_word' id='word_1_234' title='bbox 789 1804 1015 1859; x_wconf 88' lang='lat' dir='ltr'><strong>chorum</strong></span> <span class='ocrx_word' id='word_1_235' title='bbox 1059 1801 1284 1855; x_wconf 85' lang='lat' dir='ltr'><strong>traditor</strong></span> <span class='ocrx_word' id='word_1_236' title='bbox 1313 1799 1393 1855; x_wconf 91' lang='lat' dir='ltr'><strong>eis</strong></span> <span class='ocrx_word' id='word_1_237' title='bbox 1423 1811 1783 1852; x_wconf 85' lang='lat' dir='ltr'><strong>cennumera-</strong></span> <span class='ocrx_word' id='word_1_238' title='bbox 1820 1786 1867 1846; x_wconf 86' lang='lat' dir='ltr'><strong>B</strong></span> <span class='ocrx_word' id='word_1_239' title='bbox 1897 1811 2047 1865; x_wconf 90' lang='lat' dir='ltr'><strong>vero,</strong></span> <span class='ocrx_word' id='word_1_240' title='bbox 2076 1796 2120 1850; x_wconf 81' lang='lat' dir='ltr'><strong>si</strong></span> <span class='ocrx_word' id='word_1_241' title='bbox 2147 1794 2383 1848; x_wconf 87' lang='lat' dir='ltr'><strong>Joannes</strong></span> <span class='ocrx_word' id='word_1_242' title='bbox 2405 1791 2474 1845; x_wconf 88' lang='lat' dir='ltr'><strong>ab</strong></span> <span class='ocrx_word' id='word_1_243' title='bbox 2507 1788 2888 1846; x_wconf 72' lang='lat' dir='ltr'><strong>ecclesiasticis</strong></span> <span class='ocrx_word' id='word_1_244' title='bbox 2919 1785 3086 1839; x_wconf 90' lang='lat' dir='ltr'><strong>muris</strong></span> <span class='ocrx_word' id='word_1_245' title='bbox 3125 1790 3271 1838; x_wconf 76' lang='lat' dir='ltr'><strong>esset</strong></span> <span class='ocrx_word' id='word_1_246' title='bbox 3299 1781 3482 1834; x_wconf 78' lang='lat' dir='ltr'><strong>exclu-</strong></span> 
     </span>
    </p>
   </div>
   <div class='ocr_carea' id='block_1_34' title="bbox 193 1885 1784 1960">
    <p class='ocr_par' dir='ltr' id='par_1_34' title="bbox 193 1885 1784 1960">
     <span class='ocr_line' id='line_1_34' title="bbox 193 1885 1784 1960; baseline -0.008 -10"><span class='ocrx_word' id='word_1_247' title='bbox 193 1904 305 1960; x_wconf 80' lang='lat' dir='ltr'><strong>tus;</strong></span> <span class='ocrx_word' id='word_1_248' title='bbox 341 1897 656 1950; x_wconf 89' lang='lat' dir='ltr'><strong>introducto</strong></span> <span class='ocrx_word' id='word_1_249' title='bbox 682 1904 858 1950; x_wconf 88' lang='lat' dir='ltr'><strong>autem</strong></span> <span class='ocrx_word' id='word_1_250' title='bbox 891 1894 1105 1948; x_wconf 90' lang='lat' dir='ltr'><strong>nomine</strong></span> <span class='ocrx_word' id='word_1_251' title='bbox 1134 1891 1308 1955; x_wconf 68' lang='lat' dir='ltr'><strong>Judae,</strong></span> <span class='ocrx_word' id='word_1_252' title='bbox 1342 1889 1430 1942; x_wconf 84' lang='lat' dir='ltr'><strong>tibi</strong></span> <span class='ocrx_word' id='word_1_253' title='bbox 1481 1887 1634 1942; x_wconf 88' lang='lat' dir='ltr'><strong>nobis</strong></span> <span class='ocrx_word' id='word_1_254' title='bbox 1671 1885 1784 1940; x_wconf 77' lang='lat' dir='ltr'><strong>Ma-</strong></span> 
     </span>
    </p>
   </div>
   <div class='ocr_carea' id='block_1_35' title="bbox 195 1977 1784 2055">
    <p class='ocr_par' dir='ltr' id='par_1_35' title="bbox 195 1977 1784 2055">
     <span class='ocr_line' id='line_1_35' title="bbox 195 1977 1784 2055; baseline -0.007 -16"><span class='ocrx_word' id='word_1_255' title='bbox 195 1984 330 2040; x_wconf 80' lang='lat' dir='ltr'><strong>tltias</strong></span> <span class='ocrx_word' id='word_1_256' title='bbox 373 1986 635 2054; x_wconf 78' lang='lat' dir='ltr'><strong>ponitur?</strong></span> <span class='ocrx_word' id='word_1_257' title='bbox 682 1985 739 2041; x_wconf 89' lang='lat' dir='ltr'><strong>Si</strong></span> <span class='ocrx_word' id='word_1_258' title='bbox 783 2000 911 2055; x_wconf 80' lang='lat' dir='ltr'><strong>ergo</strong></span> <span class='ocrx_word' id='word_1_259' title='bbox 954 1997 1134 2050; x_wconf 89' lang='lat' dir='ltr'><strong>nemo,</strong></span> <span class='ocrx_word' id='word_1_260' title='bbox 1167 1981 1458 2036; x_wconf 79' lang='lat' dir='ltr'><strong>excludeus</strong></span> <span class='ocrx_word' id='word_1_261' title='bbox 1491 1977 1740 2033; x_wconf 83' lang='lat' dir='ltr'><strong>Mathiam</strong></span> <span class='ocrx_word' id='word_1_262' title='bbox 1765 2015 1784 2042; x_wconf 92' lang='lat'><strong>,</strong></span> 
     </span>
    </p>
   </div>
   <div class='ocr_carea' id='block_1_36' title="bbox 196 2071 1787 2144">
    <p class='ocr_par' dir='ltr' id='par_1_36' title="bbox 196 2071 1787 2144">
     <span class='ocr_line' id='line_1_36' title="bbox 196 2071 1787 2144; baseline -0.007 -15"><span class='ocrx_word' id='word_1_263' title='bbox 196 2075 381 2130; x_wconf 79' lang='lat' dir='ltr'><strong>scribit</strong></span> <span class='ocrx_word' id='word_1_264' title='bbox 414 2075 607 2130; x_wconf 87' lang='lat' dir='ltr'><strong>Judam</strong></span> <span class='ocrx_word' id='word_1_265' title='bbox 639 2075 693 2130; x_wconf 92' lang='lat' dir='ltr'><strong>in</strong></span> <span class='ocrx_word' id='word_1_266' title='bbox 729 2075 1093 2144; x_wconf 88' lang='lat' dir='ltr'><strong>apostolorum</strong></span> <span class='ocrx_word' id='word_1_267' title='bbox 1123 2071 1313 2137; x_wconf 88' lang='lat' dir='ltr'><strong>choro,</strong></span> <span class='ocrx_word' id='word_1_268' title='bbox 1342 2078 1555 2124; x_wconf 88' lang='lat' dir='ltr'><strong>maneat</strong></span> <span class='ocrx_word' id='word_1_269' title='bbox 1595 2075 1647 2120; x_wconf 91' lang='lat' dir='ltr'><strong>et</strong></span> <span class='ocrx_word' id='word_1_270' title='bbox 1673 2081 1787 2120; x_wconf 86' lang='lat' dir='ltr'><strong>ser-</strong></span> 
     </span>
    </p>
   </div>
   <div class='ocr_carea' id='block_1_37' title="bbox 198 2158 1786 2237">
    <p class='ocr_par' dir='ltr' id='par_1_37' title="bbox 198 2158 1786 2237">
     <span class='ocr_line' id='line_1_37' title="bbox 198 2158 1786 2237; baseline -0.008 -16"><span class='ocrx_word' id='word_1_271' title='bbox 198 2177 354 2221; x_wconf 84' lang='lat' dir='ltr'><strong>vetur</strong></span> <span class='ocrx_word' id='word_1_272' title='bbox 385 2183 521 2237; x_wconf 79' lang='lat' dir='ltr'><strong>rogo</strong></span> <span class='ocrx_word' id='word_1_273' title='bbox 552 2177 668 2237; x_wconf 88' lang='lat' dir='ltr'><strong>post</strong></span> <span class='ocrx_word' id='word_1_274' title='bbox 700 2167 868 2222; x_wconf 80' lang='lat' dir='ltr'><strong>beatae</strong></span> <span class='ocrx_word' id='word_1_275' title='bbox 891 2163 1165 2221; x_wconf 67' lang='lat' dir='ltr'><strong>niemorim</strong></span> <span class='ocrx_word' id='word_1_276' title='bbox 1194 2163 1493 2218; x_wconf 82' lang='lat' dir='ltr'><strong>Nectarium</strong></span> <span class='ocrx_word' id='word_1_277' title='bbox 1521 2158 1786 2214; x_wconf 82' lang='lat' dir='ltr'><strong>secundus</strong></span> 
     </span>
    </p>
   </div>
   <div class='ocr_carea' id='block_1_38' title="bbox 191 2254 1788 2330">
    <p class='ocr_par' dir='ltr' id='par_1_38' title="bbox 191 2254 1788 2330">
     <span class='ocr_line' id='line_1_38' title="bbox 191 2254 1788 2330; baseline -0.007 -15"><span class='ocrx_word' id='word_1_278' title='bbox 191 2261 389 2330; x_wconf 64' lang='lat' dir='ltr'><strong>gradus</strong></span> <span class='ocrx_word' id='word_1_279' title='bbox 437 2261 580 2314; x_wconf 84' lang='lat' dir='ltr'><strong>beati</strong></span> <span class='ocrx_word' id='word_1_280' title='bbox 627 2259 864 2324; x_wconf 82' lang='lat' dir='ltr'><strong>Arsacii,</strong></span> <span class='ocrx_word' id='word_1_281' title='bbox 895 2267 953 2312; x_wconf 88' lang='lat' dir='ltr'><strong>ut</strong></span> <span class='ocrx_word' id='word_1_282' title='bbox 996 2273 1099 2311; x_wconf 89' lang='lat' dir='ltr'><strong>non</strong></span> <span class='ocrx_word' id='word_1_283' title='bbox 1133 2271 1228 2324; x_wconf 90' lang='lat' dir='ltr'><strong>per</strong></span> <span class='ocrx_word' id='word_1_284' title='bbox 1256 2255 1564 2309; x_wconf 87' lang='lat' dir='ltr'><strong>violentiam</strong></span> <span class='ocrx_word' id='word_1_285' title='bbox 1615 2254 1788 2306; x_wconf 89' lang='lat' dir='ltr'><strong>intro-</strong></span> 
     </span>
    </p>
   </div>
   <div class='ocr_carea' id='block_1_39' title="bbox 194 2347 1786 2422">
    <p class='ocr_par' dir='ltr' id='par_1_39' title="bbox 194 2347 1786 2422">
     <span class='ocr_line' id='line_1_39' title="bbox 194 2347 1786 2422; baseline -0.001 -16"><span class='ocrx_word' id='word_1_286' title='bbox 194 2353 412 2408; x_wconf 85' lang='lat' dir='ltr'><strong>ductum</strong></span> <span class='ocrx_word' id='word_1_287' title='bbox 446 2353 606 2422; x_wconf 85' lang='lat' dir='ltr'><strong>hujus</strong></span> <span class='ocrx_word' id='word_1_288' title='bbox 631 2368 824 2407; x_wconf 89' lang='lat' dir='ltr'><strong>nomen</strong></span> <span class='ocrx_word' id='word_1_289' title='bbox 850 2351 1103 2407; x_wconf 78' lang='lat' dir='ltr'><strong>excludat</strong></span> <span class='ocrx_word' id='word_1_290' title='bbox 1127 2350 1264 2404; x_wconf 87' lang='lat' dir='ltr'><strong>beati</strong></span> <span class='ocrx_word' id='word_1_291' title='bbox 1289 2349 1624 2403; x_wconf 88' lang='lat' dir='ltr'><strong>memoriam.</strong></span> <span class='ocrx_word' id='word_1_292' title='bbox 1655 2347 1786 2404; x_wconf 89' lang='lat' dir='ltr'><strong>Item</strong></span> 
     </span>
    </p>
   </div>
   <div class='ocr_carea' id='block_1_40' title="bbox 197 2440 1787 2514">
    <p class='ocr_par' dir='ltr' id='par_1_40' title="bbox 197 2440 1787 2514">
     <span class='ocr_line' id='line_1_40' title="bbox 197 2440 1787 2514; baseline -0.003 -15"><span class='ocrx_word' id='word_1_293' title='bbox 197 2447 418 2501; x_wconf 80' lang='lat' dir='ltr'><strong>interius</strong></span> <span class='ocrx_word' id='word_1_294' title='bbox 467 2446 598 2500; x_wconf 90' lang='lat' dir='ltr'><strong>dicit</strong></span> <span class='ocrx_word' id='word_1_295' title='bbox 642 2463 655 2499; x_wconf 90' lang='lat'><strong>:</strong></span> <span class='ocrx_word' id='word_1_296' title='bbox 694 2445 811 2500; x_wconf 84' lang='lat' dir='ltr'><strong>Non</strong></span> <span class='ocrx_word' id='word_1_297' title='bbox 865 2443 1026 2514; x_wconf 80' lang='lat' dir='ltr'><strong>igitur</strong></span> <span class='ocrx_word' id='word_1_298' title='bbox 1072 2451 1490 2498; x_wconf 83' lang='lat' dir='ltr'><strong>countuueretur</strong></span> <span class='ocrx_word' id='word_1_299' title='bbox 1533 2440 1787 2510; x_wconf 81' lang='lat' dir='ltr'><strong>depulsus</strong></span> 
     </span>
    </p>
   </div>
   <div class='ocr_carea' id='block_1_41' title="bbox 195 2533 1789 2601">
    <p class='ocr_par' dir='ltr' id='par_1_41' title="bbox 195 2533 1789 2601">
     <span class='ocr_line' id='line_1_41' title="bbox 195 2533 1789 2601; baseline -0.006 -7"><span class='ocrx_word' id='word_1_300' title='bbox 195 2538 480 2594; x_wconf 76' lang='lat' dir='ltr'><strong>Jecboiiias</strong></span> <span class='ocrx_word' id='word_1_301' title='bbox 509 2553 630 2591; x_wconf 90' lang='lat' dir='ltr'><strong>cum</strong></span> <span class='ocrx_word' id='word_1_302' title='bbox 665 2537 852 2601; x_wconf 84' lang='lat' dir='ltr'><strong>David,</strong></span> <span class='ocrx_word' id='word_1_303' title='bbox 878 2546 929 2591; x_wconf 92' lang='lat' dir='ltr'><strong>et</strong></span> <span class='ocrx_word' id='word_1_304' title='bbox 956 2535 1226 2600; x_wconf 88' lang='lat' dir='ltr'><strong>Samuele,</strong></span> <span class='ocrx_word' id='word_1_305' title='bbox 1260 2543 1315 2588; x_wconf 89' lang='lat' dir='ltr'><strong>et</strong></span> <span class='ocrx_word' id='word_1_306' title='bbox 1344 2533 1620 2601; x_wconf 79' lang='lat' dir='ltr'><strong>prophetis</strong></span> <span class='ocrx_word' id='word_1_307' title='bbox 1646 2549 1660 2596; x_wconf 92' lang='lat'><strong>;</strong></span> <span class='ocrx_word' id='word_1_308' title='bbox 1694 2548 1789 2586; x_wconf 87' lang='lat' dir='ltr'><strong>ne-</strong></span> 
     </span>
    </p>
   </div>
   <div class='ocr_carea' id='block_1_42' title="bbox 195 2627 1786 2701">
    <p class='ocr_par' dir='ltr' id='par_1_42' title="bbox 195 2627 1786 2701">
     <span class='ocr_line' id='line_1_42' title="bbox 195 2627 1786 2701; baseline -0.001 -19"><span class='ocrx_word' id='word_1_309' title='bbox 195 2645 296 2700; x_wconf 81' lang='lat' dir='ltr'><strong>que</strong></span> <span class='ocrx_word' id='word_1_310' title='bbox 317 2631 442 2700; x_wconf 88' lang='lat' dir='ltr'><strong>quia</strong></span> <span class='ocrx_word' id='word_1_311' title='bbox 477 2631 656 2701; x_wconf 82' lang='lat' dir='ltr'><strong>inepte</strong></span> <span class='ocrx_word' id='word_1_312' title='bbox 682 2629 882 2699; x_wconf 78' lang='lat' dir='ltr'><strong>placuit</strong></span> <span class='ocrx_word' id='word_1_313' title='bbox 924 2629 1151 2684; x_wconf 84' lang='lat' dir='ltr'><strong>Eudoxii</strong></span> <span class='ocrx_word' id='word_1_314' title='bbox 1184 2627 1413 2682; x_wconf 85' lang='lat' dir='ltr'><strong>cadaver</strong></span> <span class='ocrx_word' id='word_1_315' title='bbox 1437 2635 1461 2662; x_wconf 73' lang='grc'>³</span> <span class='ocrx_word' id='word_1_316' title='bbox 1489 2627 1539 2682; x_wconf 92' lang='lat' dir='ltr'><strong>in</strong></span> <span class='ocrx_word' id='word_1_317' title='bbox 1585 2627 1786 2680; x_wconf 84' lang='lat' dir='ltr'><strong>sanctis</strong></span> 
     </span>
    </p>
   </div>
   <div class='ocr_carea' id='block_1_43' title="bbox 196 2719 1776 2791">
    <p class='ocr_par' dir='ltr' id='par_1_43' title="bbox 196 2719 1776 2791">
     <span class='ocr_line' id='line_1_43' title="bbox 196 2719 1776 2791; baseline -0.003 -15"><span class='ocrx_word' id='word_1_318' title='bbox 196 2721 327 2776; x_wconf 85' lang='lat' dir='ltr'><strong>locis</strong></span> <span class='ocrx_word' id='word_1_319' title='bbox 368 2723 664 2791; x_wconf 87' lang='lat' dir='ltr'><strong>deponere,</strong></span> <span class='ocrx_word' id='word_1_320' title='bbox 700 2723 818 2776; x_wconf 85' lang='lat' dir='ltr'><strong>ideo</strong></span> <span class='ocrx_word' id='word_1_321' title='bbox 847 2729 901 2775; x_wconf 89' lang='lat' dir='ltr'><strong>et</strong></span> <span class='ocrx_word' id='word_1_322' title='bbox 943 2735 1039 2775; x_wconf 91' lang='lat' dir='ltr'><strong>uos</strong></span> <span class='ocrx_word' id='word_1_323' title='bbox 1077 2719 1356 2790; x_wconf 79' lang='lat' dir='ltr'><strong>profanum</strong></span> <span class='ocrx_word' id='word_1_324' title='bbox 1400 2719 1534 2773; x_wconf 88' lang='lat' dir='ltr'><strong>sicut</strong></span> <span class='ocrx_word' id='word_1_325' title='bbox 1563 2727 1618 2789; x_wconf 85' lang='lat' dir='ltr'><strong>et</strong></span> <span class='ocrx_word' id='word_1_326' title='bbox 1646 2734 1776 2773; x_wconf 89' lang='lat' dir='ltr'><strong>sau-</strong></span> 
     </span>
    </p>
   </div>
   <div class='ocr_carea' id='block_1_44' title="bbox 194 2808 1786 2880">
    <p class='ocr_par' dir='ltr' id='par_1_44' title="bbox 194 2808 1786 2880">
     <span class='ocr_line' id='line_1_44' title="bbox 194 2808 1786 2880; baseline -0.003 -10"><span class='ocrx_word' id='word_1_327' title='bbox 194 2829 333 2870; x_wconf 70' lang='lat' dir='ltr'><strong>auni</strong></span> <span class='ocrx_word' id='word_1_328' title='bbox 365 2817 790 2870; x_wconf 80' lang='lat' dir='ltr'><strong>introducamus.</strong></span> <span class='ocrx_word' id='word_1_329' title='bbox 839 2833 858 2866; x_wconf 76' lang='grc' dir='ltr'>ι</span> <span class='ocrx_word' id='word_1_330' title='bbox 897 2813 1020 2867; x_wconf 71' lang='lat' dir='ltr'><strong>llmc</strong></span> <span class='ocrx_word' id='word_1_331' title='bbox 1048 2812 1383 2866; x_wconf 87' lang='lat' dir='ltr'><strong>amarissima</strong></span> <span class='ocrx_word' id='word_1_332' title='bbox 1417 2811 1554 2865; x_wconf 87' lang='lat' dir='ltr'><strong>beati</strong></span> <span class='ocrx_word' id='word_1_333' title='bbox 1598 2808 1786 2880; x_wconf 86' lang='lat' dir='ltr'><strong>Cyrilli</strong></span> 
     </span>
    </p>
   </div>
   <div class='ocr_carea' id='block_1_45' title="bbox 196 2903 1789 2973">
    <p class='ocr_par' dir='ltr' id='par_1_45' title="bbox 196 2903 1789 2973">
     <span class='ocr_line' id='line_1_45' title="bbox 196 2903 1789 2973; baseline 0 -16"><span class='ocrx_word' id='word_1_334' title='bbox 196 2907 383 2973; x_wconf 77' lang='lat' dir='ltr'><strong>verba,</strong></span> <span class='ocrx_word' id='word_1_335' title='bbox 417 2906 743 2960; x_wconf 87' lang='lat' dir='ltr'><strong>Christianis</strong></span> <span class='ocrx_word' id='word_1_336' title='bbox 796 2905 1066 2959; x_wconf 83' lang='lat' dir='ltr'><strong>mentibus</strong></span> <span class='ocrx_word' id='word_1_337' title='bbox 1098 2903 1421 2966; x_wconf 80' lang='lat' dir='ltr'><strong>aversanda,</strong></span> <span class='ocrx_word' id='word_1_338' title='bbox 1453 2917 1572 2972; x_wconf 67' lang='lat' dir='ltr'><strong>qutc</strong></span> <span class='ocrx_word' id='word_1_339' title='bbox 1601 2913 1789 2957; x_wconf 85' lang='lat' dir='ltr'><strong>cou&#39;ra</strong></span> 
     </span>
    </p>
   </div>
   <div class='ocr_carea' id='block_1_46' title="bbox 192 2993 1788 3065">
    <p class='ocr_par' dir='ltr' id='par_1_46' title="bbox 192 2993 1788 3065">
     <span class='ocr_line' id='line_1_46' title="bbox 192 2993 1788 3065; baseline -0.004 -13"><span class='ocrx_word' id='word_1_340' title='bbox 192 2998 576 3052; x_wconf 79' lang='lat' dir='ltr'><strong>suavissimum</strong></span> <span class='ocrx_word' id='word_1_341' title='bbox 612 2995 866 3051; x_wconf 71' lang='lat' dir='ltr'><strong>Ecclesia:</strong></span> <span class='ocrx_word' id='word_1_342' title='bbox 903 3008 1140 3065; x_wconf 79' lang='lat' dir='ltr'><strong>patrem,</strong></span> <span class='ocrx_word' id='word_1_343' title='bbox 1173 2995 1330 3048; x_wconf 89' lang='lat' dir='ltr'><strong>melle</strong></span> <span class='ocrx_word' id='word_1_344' title='bbox 1359 2993 1536 3048; x_wconf 87' lang='lat' dir='ltr'><strong>Attico</strong></span> <span class='ocrx_word' id='word_1_345' title='bbox 1581 2994 1788 3050; x_wconf 87' lang='lat' dir='ltr'><strong>dulcio-</strong></span> 
     </span>
    </p>
   </div>
   <div class='ocr_carea' id='block_1_47' title="bbox 191 3086 1786 3157">
    <p class='ocr_par' dir='ltr' id='par_1_47' title="bbox 191 3086 1786 3157">
     <span class='ocr_line' id='line_1_47' title="bbox 191 3086 1786 3157; baseline -0.002 -14"><span class='ocrx_word' id='word_1_346' title='bbox 191 3104 330 3155; x_wconf 85' lang='lat' dir='ltr'><strong>rem,</strong></span> <span class='ocrx_word' id='word_1_347' title='bbox 369 3088 456 3143; x_wconf 90' lang='lat' dir='ltr'><strong>sui</strong></span> <span class='ocrx_word' id='word_1_348' title='bbox 499 3089 697 3142; x_wconf 87' lang='lat' dir='ltr'><strong>oblitus</strong></span> <span class='ocrx_word' id='word_1_349' title='bbox 738 3089 970 3157; x_wconf 78' lang='lat' dir='ltr'><strong>Cyrillus</strong></span> <span class='ocrx_word' id='word_1_350' title='bbox 1011 3089 1229 3150; x_wconf 80' lang='lat' dir='ltr'><strong>elludit,</strong></span> <span class='ocrx_word' id='word_1_351' title='bbox 1261 3103 1366 3141; x_wconf 89' lang='lat' dir='ltr'><strong>non</strong></span> <span class='ocrx_word' id='word_1_352' title='bbox 1411 3086 1528 3140; x_wconf 87' lang='lat' dir='ltr'><strong>sine</strong></span> <span class='ocrx_word' id='word_1_353' title='bbox 1575 3087 1786 3141; x_wconf 83' lang='lat' dir='ltr'><strong>tristitia</strong></span> 
     </span>
    </p>
   </div>
   <div class='ocr_carea' id='block_1_48' title="bbox 1891 1875 3478 1954">
    <p class='ocr_par' dir='ltr' id='par_1_48' title="bbox 1891 1875 3478 1954">
     <span class='ocr_line' id='line_1_48' title="bbox 1891 1875 3478 1954; baseline -0.01 -11"><span class='ocrx_word' id='word_1_354' title='bbox 1891 1903 2006 1954; x_wconf 85' lang='lat' dir='ltr'><strong>sus,</strong></span> <span class='ocrx_word' id='word_1_355' title='bbox 2035 1886 2280 1942; x_wconf 85' lang='lat' dir='ltr'><strong>etJudas</strong></span> <span class='ocrx_word' id='word_1_356' title='bbox 2329 1894 2492 1951; x_wconf 82' lang='lat' dir='ltr'><strong>atque</strong></span> <span class='ocrx_word' id='word_1_357' title='bbox 2531 1883 2817 1938; x_wconf 82' lang='lat' dir='ltr'><strong>Jeehouias</strong></span> <span class='ocrx_word' id='word_1_358' title='bbox 2885 1878 3199 1941; x_wconf 62' lang='lat' dir='ltr'><strong>habt-nilus,</strong></span> <span class='ocrx_word' id='word_1_359' title='bbox 3241 1875 3478 1944; x_wconf 87' lang='lat' dir='ltr'><strong>ipsorum</strong></span> 
     </span>
    </p>
   </div>
   <div class='ocr_carea' id='block_1_49' title="bbox 1895 1963 3481 2046">
    <p class='ocr_par' dir='ltr' id='par_1_49' title="bbox 1895 1963 3481 2046">
     <span class='ocr_line' id='line_1_49' title="bbox 1895 1963 3481 2046; baseline -0.011 -14"><span class='ocrx_word' id='word_1_360' title='bbox 1895 1978 2110 2032; x_wconf 86' lang='lat' dir='ltr'><strong>Patrum</strong></span> <span class='ocrx_word' id='word_1_361' title='bbox 2148 1976 2347 2046; x_wconf 80' lang='lat' dir='ltr'><strong>regulis</strong></span> <span class='ocrx_word' id='word_1_362' title='bbox 2375 1973 2685 2029; x_wconf 87' lang='lat' dir='ltr'><strong>conveniret</strong></span> <span class='ocrx_word' id='word_1_363' title='bbox 2713 1981 2770 2025; x_wconf 92' lang='lat' dir='ltr'><strong>ut</strong></span> <span class='ocrx_word' id='word_1_364' title='bbox 2801 1978 3074 2024; x_wconf 81' lang='lat' dir='ltr'><strong>laxaretur</strong></span> <span class='ocrx_word' id='word_1_365' title='bbox 3099 1966 3181 2022; x_wconf 86' lang='lat' dir='ltr'><strong>vel</strong></span> <span class='ocrx_word' id='word_1_366' title='bbox 3213 1967 3264 2019; x_wconf 91' lang='lat' dir='ltr'><strong>in</strong></span> <span class='ocrx_word' id='word_1_367' title='bbox 3291 1963 3481 2018; x_wconf 79' lang='lat' dir='ltr'><strong>ordine</strong></span> 
     </span>
    </p>
   </div>
   <div class='ocr_carea' id='block_1_50' title="bbox 1893 2063 3481 2136">
    <p class='ocr_par' dir='ltr' id='par_1_50' title="bbox 1893 2063 3481 2136">
     <span class='ocr_line' id='line_1_50' title="bbox 1893 2063 3481 2136; baseline -0.011 -11"><span class='ocrx_word' id='word_1_368' title='bbox 1893 2071 2172 2126; x_wconf 83' lang='lat' dir='ltr'><strong>laicorum.</strong></span> <span class='ocrx_word' id='word_1_369' title='bbox 2197 2070 2333 2136; x_wconf 85' lang='lat' dir='ltr'><strong>Quia</strong></span> <span class='ocrx_word' id='word_1_370' title='bbox 2361 2082 2490 2123; x_wconf 84' lang='lat' dir='ltr'><strong>vero</strong></span> <span class='ocrx_word' id='word_1_371' title='bbox 2519 2083 2622 2120; x_wconf 91' lang='lat' dir='ltr'><strong>non</strong></span> <span class='ocrx_word' id='word_1_372' title='bbox 2658 2075 2884 2135; x_wconf 81' lang='lat' dir='ltr'><strong>negatur</strong></span> <span class='ocrx_word' id='word_1_373' title='bbox 2903 2063 3141 2118; x_wconf 85' lang='lat' dir='ltr'><strong>Joannes</strong></span> <span class='ocrx_word' id='word_1_374' title='bbox 3160 2071 3481 2128; x_wconf 88' lang='lat' dir='ltr'><strong>quocunque</strong></span> 
     </span>
    </p>
   </div>
   <div class='ocr_carea' id='block_1_51' title="bbox 1887 2151 3480 2231">
    <p class='ocr_par' dir='ltr' id='par_1_51' title="bbox 1887 2151 3480 2231">
     <span class='ocr_line' id='line_1_51' title="bbox 1887 2151 3480 2231; baseline -0.006 -14"><span class='ocrx_word' id='word_1_375' title='bbox 1887 2163 2080 2217; x_wconf 90' lang='lat' dir='ltr'><strong>ordine</strong></span> <span class='ocrx_word' id='word_1_376' title='bbox 2129 2163 2181 2216; x_wconf 90' lang='lat' dir='ltr'><strong>in</strong></span> <span class='ocrx_word' id='word_1_377' title='bbox 2231 2161 2399 2216; x_wconf 84' lang='lat' dir='ltr'><strong>sacris</strong></span> <span class='ocrx_word' id='word_1_378' title='bbox 2429 2157 2697 2231; x_wconf 78' lang='lat' dir='ltr'><strong>diptycbis</strong></span> <span class='ocrx_word' id='word_1_379' title='bbox 2741 2157 2957 2210; x_wconf 89' lang='lat' dir='ltr'><strong>interim</strong></span> <span class='ocrx_word' id='word_1_380' title='bbox 2990 2153 3239 2207; x_wconf 73' lang='lat' dir='ltr'><strong>debuisse</strong></span> <span class='ocrx_word' id='word_1_381' title='bbox 3273 2151 3437 2203; x_wconf 83' lang='lat' dir='ltr'><strong>laxari</strong></span> <span class='ocrx_word' id='word_1_382' title='bbox 3467 2188 3480 2208; x_wconf 80' lang='lat'><strong>.</strong></span> 
     </span>
    </p>
   </div>
   <div class='ocr_carea' id='block_1_52' title="bbox 1890 2243 3482 2324">
    <p class='ocr_par' dir='ltr' id='par_1_52' title="bbox 1890 2243 3482 2324">
     <span class='ocr_line' id='line_1_52' title="bbox 1890 2243 3482 2324; baseline -0.015 -13"><span class='ocrx_word' id='word_1_383' title='bbox 1890 2257 2223 2311; x_wconf 69' lang='lat' dir='ltr'><strong>sufficienter</strong></span> <span class='ocrx_word' id='word_1_384' title='bbox 2249 2268 2302 2309; x_wconf 88' lang='lat' dir='ltr'><strong>et</strong></span> <span class='ocrx_word' id='word_1_385' title='bbox 2330 2255 2497 2324; x_wconf 85' lang='lat' dir='ltr'><strong>ipsius</strong></span> <span class='ocrx_word' id='word_1_386' title='bbox 2518 2243 2801 2308; x_wconf 81' lang='lat' dir='ltr'><strong>criminato</strong></span> <span class='ocrx_word' id='word_1_387' title='bbox 2814 2253 2885 2304; x_wconf 91' lang='lat' dir='ltr'><strong>ris</strong></span> <span class='ocrx_word' id='word_1_388' title='bbox 2915 2249 2995 2302; x_wconf 85' lang='lat' dir='ltr'><strong>sui</strong></span> <span class='ocrx_word' id='word_1_389' title='bbox 3025 2246 3331 2300; x_wconf 85' lang='lat' dir='ltr'><strong>testimonio</strong></span> <span class='ocrx_word' id='word_1_390' title='bbox 3359 2257 3482 2308; x_wconf 78' lang='lat' dir='ltr'><strong>pru-</strong></span> 
     </span>
    </p>
   </div>
   <div class='ocr_carea' id='block_1_53' title="bbox 1890 2338 3482 2416">
    <p class='ocr_par' dir='ltr' id='par_1_53' title="bbox 1890 2338 3482 2416">
     <span class='ocr_line' id='line_1_53' title="bbox 1890 2338 3482 2416; baseline -0.011 -15"><span class='ocrx_word' id='word_1_391' title='bbox 1890 2348 2045 2401; x_wconf 87' lang='lat' dir='ltr'><strong>batur</strong></span> <span class='ocrx_word' id='word_1_392' title='bbox 2070 2347 2210 2416; x_wconf 88' lang='lat' dir='ltr'><strong>quod</strong></span> <span class='ocrx_word' id='word_1_393' title='bbox 2238 2363 2336 2400; x_wconf 87' lang='lat' dir='ltr'><strong>nec</strong></span> <span class='ocrx_word' id='word_1_394' title='bbox 2362 2343 2832 2400; x_wconf 81' lang='lat' dir='ltr'><strong>abecclesiasticis</strong></span> <span class='ocrx_word' id='word_1_395' title='bbox 2859 2340 3024 2394; x_wconf 86' lang='lat' dir='ltr'><strong>muris</strong></span> <span class='ocrx_word' id='word_1_396' title='bbox 3047 2338 3296 2391; x_wconf 77' lang='lat' dir='ltr'><strong>exclusus</strong></span> <span class='ocrx_word' id='word_1_397' title='bbox 3327 2373 3344 2401; x_wconf 91' lang='lat'><strong>,</strong></span> <span class='ocrx_word' id='word_1_398' title='bbox 3381 2345 3482 2384; x_wconf 81' lang='lat' dir='ltr'><strong>nec</strong></span> 
     </span>
    </p>
   </div>
   <div class='ocr_carea' id='block_1_54' title="bbox 1884 2423 3476 2497">
    <p class='ocr_par' dir='ltr' id='par_1_54' title="bbox 1884 2423 3476 2497">
     <span class='ocr_line' id='line_1_54' title="bbox 1884 2423 3476 2497; baseline -0.013 -3"><span class='ocrx_word' id='word_1_399' title='bbox 1884 2439 2053 2494; x_wconf 87' lang='lat' dir='ltr'><strong>Judas</strong></span> <span class='ocrx_word' id='word_1_400' title='bbox 2081 2439 2162 2493; x_wconf 86' lang='lat' dir='ltr'><strong>vel</strong></span> <span class='ocrx_word' id='word_1_401' title='bbox 2196 2437 2480 2494; x_wconf 65' lang='lat' dir='ltr'><strong>Jcchouias</strong></span> <span class='ocrx_word' id='word_1_402' title='bbox 2507 2435 2611 2490; x_wconf 75' lang='lat' dir='ltr'><strong>dici</strong></span> <span class='ocrx_word' id='word_1_403' title='bbox 2644 2433 2906 2497; x_wconf 83' lang='lat' dir='ltr'><strong>debuerit,</strong></span> <span class='ocrx_word' id='word_1_404' title='bbox 2944 2439 2998 2484; x_wconf 88' lang='lat' dir='ltr'><strong>et</strong></span> <span class='ocrx_word' id='word_1_405' title='bbox 3029 2429 3304 2493; x_wconf 76' lang='lat' dir='ltr'><strong>profanus.</strong></span> <span class='ocrx_word' id='word_1_406' title='bbox 3343 2423 3476 2476; x_wconf 83' lang='lat' dir='ltr'><strong>Cum</strong></span> 
     </span>
    </p>
   </div>
   <div class='ocr_carea' id='block_1_55' title="bbox 1900 2514 3476 2592">
    <p class='ocr_par' dir='ltr' id='par_1_55' title="bbox 1900 2514 3476 2592">
     <span class='ocr_line' id='line_1_55' title="bbox 1900 2514 3476 2592; baseline -0.015 -6"><span class='ocrx_word' id='word_1_407' title='bbox 1900 2543 2104 2592; x_wconf 83' lang='lat' dir='ltr'><strong>autem,</strong></span> <span class='ocrx_word' id='word_1_408' title='bbox 2132 2532 2268 2584; x_wconf 88' lang='lat' dir='ltr'><strong>sicut</strong></span> <span class='ocrx_word' id='word_1_409' title='bbox 2295 2530 2546 2589; x_wconf 75' lang='lat' dir='ltr'><strong>diximus,</strong></span> <span class='ocrx_word' id='word_1_410' title='bbox 2584 2525 2668 2580; x_wconf 73' lang='lat' dir='ltr'><strong>isti</strong></span> <span class='ocrx_word' id='word_1_411' title='bbox 2709 2523 2857 2576; x_wconf 89' lang='lat' dir='ltr'><strong>nimii</strong></span> <span class='ocrx_word' id='word_1_412' title='bbox 2889 2521 3176 2574; x_wconf 73' lang='lat' dir='ltr'><strong>dilcttot&#39;cs</strong></span> <span class='ocrx_word' id='word_1_413' title='bbox 3202 2556 3216 2579; x_wconf 93' lang='lat'><strong>,</strong></span> <span class='ocrx_word' id='word_1_414' title='bbox 3245 2525 3301 2568; x_wconf 83' lang='lat' dir='ltr'><strong>et</strong></span> <span class='ocrx_word' id='word_1_415' title='bbox 3342 2514 3476 2568; x_wconf 80' lang='lat' dir='ltr'><strong>ultra</strong></span> 
     </span>
    </p>
   </div>
   <div class='ocr_carea' id='block_1_56' title="bbox 1891 2608 3477 2693">
    <p class='ocr_par' dir='ltr' id='par_1_56' title="bbox 1891 2608 3477 2693">
     <span class='ocr_line' id='line_1_56' title="bbox 1891 2608 3477 2693; baseline -0.015 -15"><span class='ocrx_word' id='word_1_416' title='bbox 1891 2626 2106 2678; x_wconf 86' lang='lat' dir='ltr'><strong>modum</strong></span> <span class='ocrx_word' id='word_1_417' title='bbox 2139 2623 2322 2693; x_wconf 85' lang='lat' dir='ltr'><strong>Cyrilli</strong></span> <span class='ocrx_word' id='word_1_418' title='bbox 2367 2633 2652 2688; x_wconf 48' lang='lat' dir='ltr'><strong>sequaces,</strong></span> <span class='ocrx_word' id='word_1_419' title='bbox 2687 2631 2792 2670; x_wconf 92' lang='lat' dir='ltr'><strong>non</strong></span> <span class='ocrx_word' id='word_1_420' title='bbox 2822 2623 3111 2681; x_wconf 76' lang='lat' dir='ltr'><strong>sequantur</strong></span> <span class='ocrx_word' id='word_1_421' title='bbox 3144 2608 3261 2679; x_wconf 79' lang='lat' dir='ltr'><strong>ejus</strong></span> <span class='ocrx_word' id='word_1_422' title='bbox 3294 2623 3477 2662; x_wconf 79' lang='lat' dir='ltr'><strong>exciri.</strong></span> 
     </span>
    </p>
   </div>
   <div class='ocr_carea' id='block_1_57' title="bbox 1901 2701 3484 2786">
    <p class='ocr_par' dir='ltr' id='par_1_57' title="bbox 1901 2701 3484 2786">
     <span class='ocr_line' id='line_1_57' title="bbox 1901 2701 3484 2786; baseline -0.013 -15"><span class='ocrx_word' id='word_1_423' title='bbox 1901 2719 2041 2786; x_wconf 81' lang='lat' dir='ltr'><strong>plum</strong></span> <span class='ocrx_word' id='word_1_424' title='bbox 2074 2718 2124 2770; x_wconf 88' lang='lat' dir='ltr'><strong>in</strong></span> <span class='ocrx_word' id='word_1_425' title='bbox 2152 2730 2313 2769; x_wconf 89' lang='lat' dir='ltr'><strong>causa</strong></span> <span class='ocrx_word' id='word_1_426' title='bbox 2344 2707 2918 2778; x_wconf 82' lang='lat' dir='ltr'><strong>Constatitinopelitaui</strong></span> <span class='ocrx_word' id='word_1_427' title='bbox 2949 2703 3194 2768; x_wconf 80' lang='lat' dir='ltr'><strong>Joannis,</strong></span> <span class='ocrx_word' id='word_1_428' title='bbox 3216 2701 3484 2769; x_wconf 73' lang='lat' dir='ltr'><strong>quomodo</strong></span> 
     </span>
    </p>
   </div>
   <div class='ocr_carea' id='block_1_58' title="bbox 1906 2791 3482 2874">
    <p class='ocr_par' dir='ltr' id='par_1_58' title="bbox 1906 2791 3482 2874">
     <span class='ocr_line' id='line_1_58' title="bbox 1906 2791 3482 2874; baseline -0.013 -11"><span class='ocrx_word' id='word_1_429' title='bbox 1906 2813 1959 2864; x_wconf 92' lang='lat' dir='ltr'><strong>iu</strong></span> <span class='ocrx_word' id='word_1_430' title='bbox 1988 2805 2357 2874; x_wconf 82' lang='lat' dir='ltr'><strong>condiscipulo</strong></span> <span class='ocrx_word' id='word_1_431' title='bbox 2403 2805 2521 2873; x_wconf 87' lang='lat' dir='ltr'><strong>ejus</strong></span> <span class='ocrx_word' id='word_1_432' title='bbox 2548 2801 2832 2857; x_wconf 82' lang='lat' dir='ltr'><strong>Theodoro</strong></span> <span class='ocrx_word' id='word_1_433' title='bbox 2859 2797 3120 2870; x_wconf 81' lang='lat' dir='ltr'><strong>Cyrillum</strong></span> <span class='ocrx_word' id='word_1_434' title='bbox 3163 2792 3331 2848; x_wconf 78' lang='lat' dir='ltr'><strong>seculi</strong></span> <span class='ocrx_word' id='word_1_435' title='bbox 3369 2791 3482 2844; x_wconf 87' lang='lat' dir='ltr'><strong>cxi-</strong></span> 
     </span>
    </p>
   </div>
   <div class='ocr_carea' id='block_1_59' title="bbox 1907 2885 3482 2966">
    <p class='ocr_par' dir='ltr' id='par_1_59' title="bbox 1907 2885 3482 2966">
     <span class='ocr_line' id='line_1_59' title="bbox 1907 2885 3482 2966; baseline -0.015 -9"><span class='ocrx_word' id='word_1_436' title='bbox 1907 2899 2232 2958; x_wconf 84' lang='lat' dir='ltr'><strong>stimentur?</strong></span> <span class='ocrx_word' id='word_1_437' title='bbox 2263 2896 2516 2966; x_wconf 78' lang='lat' dir='ltr'><strong>lutelligis</strong></span> <span class='ocrx_word' id='word_1_438' title='bbox 2547 2895 2728 2964; x_wconf 71' lang='lat' dir='ltr'><strong>igitur,</strong></span> <span class='ocrx_word' id='word_1_439' title='bbox 2763 2895 3018 2962; x_wconf 63' lang='lat' dir='ltr'><strong>August&quot;,</strong></span> <span class='ocrx_word' id='word_1_440' title='bbox 3051 2891 3190 2957; x_wconf 77' lang='lat' dir='ltr'><strong>quod</strong></span> <span class='ocrx_word' id='word_1_441' title='bbox 3225 2885 3482 2940; x_wconf 73' lang='lat' dir='ltr'><strong>Ecclesia:</strong></span> 
     </span>
    </p>
   </div>
   <div class='ocr_carea' id='block_1_60' title="bbox 1902 2981 3480 3048">
    <p class='ocr_par' dir='ltr' id='par_1_60' title="bbox 1902 2981 3480 3048">
     <span class='ocr_line' id='line_1_60' title="bbox 1902 2981 3480 3048; baseline -0.011 -1"><span class='ocrx_word' id='word_1_442' title='bbox 1902 2992 2313 3048; x_wconf 69' lang='lat' dir='ltr'><strong>conturbatur-es</strong></span> <span class='ocrx_word' id='word_1_443' title='bbox 2341 2987 2798 3044; x_wconf 83' lang='lat' dir='ltr'><strong>evidentissimatu</strong></span> <span class='ocrx_word' id='word_1_444' title='bbox 2846 2981 3245 3037; x_wconf 77' lang='lat' dir='ltr'><strong>conuit&#39;eutiatn</strong></span> <span class='ocrx_word' id='word_1_445' title='bbox 3292 2992 3480 3038; x_wconf 89' lang='lat' dir='ltr'><strong>suam,</strong></span> 
     </span>
    </p>
   </div>
   <div class='ocr_carea' id='block_1_61' title="bbox 1895 3071 3479 3154">
    <p class='ocr_par' dir='ltr' id='par_1_61' title="bbox 1895 3071 3479 3154">
     <span class='ocr_line' id='line_1_61' title="bbox 1895 3071 3479 3154; baseline -0.013 -14"><span class='ocrx_word' id='word_1_446' title='bbox 1895 3101 2054 3152; x_wconf 83' lang='lat' dir='ltr'><strong>quam</strong></span> <span class='ocrx_word' id='word_1_447' title='bbox 2099 3082 2447 3154; x_wconf 87' lang='lat' dir='ltr'><strong>Eutyebianis</strong></span> <span class='ocrx_word' id='word_1_448' title='bbox 2486 3089 2676 3134; x_wconf 85' lang='lat' dir='ltr'><strong>contra</strong></span> <span class='ocrx_word' id='word_1_449' title='bbox 2719 3085 2965 3129; x_wconf 85' lang='lat' dir='ltr'><strong>sanctum</strong></span> <span class='ocrx_word' id='word_1_450' title='bbox 3017 3071 3304 3127; x_wconf 87' lang='lat' dir='ltr'><strong>concilium</strong></span> <span class='ocrx_word' id='word_1_451' title='bbox 3342 3085 3479 3137; x_wconf 61' lang='lat' dir='ltr'><strong>pric-</strong></span> 
     </span>
    </p>
   </div>
   <div class='ocr_carea' id='block_1_62' title="bbox 197 3157 3485 3250">
    <p class='ocr_par' dir='ltr' id='par_1_62' title="bbox 197 3157 3485 3250">
     <span class='ocr_line' id='line_1_62' title="bbox 197 3157 3485 3250; baseline -0.008 -13"><span class='ocrx_word' id='word_1_452' title='bbox 197 3181 369 3236; x_wconf 81' lang='lat' dir='ltr'><strong>coacti</strong></span> <span class='ocrx_word' id='word_1_453' title='bbox 405 3183 725 3250; x_wconf 63' lang='lat' dir='ltr'><strong>repetimus,</strong></span> <span class='ocrx_word' id='word_1_454' title='bbox 755 3182 1003 3248; x_wconf 42' lang='lat' dir='ltr'><strong>quoniam</strong></span> <span class='ocrx_word' id='word_1_455' title='bbox 1036 3193 1225 3234; x_wconf 88' lang='lat' dir='ltr'><strong>causas</strong></span> <span class='ocrx_word' id='word_1_456' title='bbox 1265 3195 1385 3234; x_wconf 89' lang='lat' dir='ltr'><strong>cum</strong></span> <span class='ocrx_word' id='word_1_457' title='bbox 1417 3178 1528 3232; x_wconf 89' lang='lat' dir='ltr'><strong>suis</strong></span> <span class='ocrx_word' id='word_1_458' title='bbox 1561 3179 1795 3232; x_wconf 61' lang='lat' dir='ltr'><strong>GUCiOI&#39;i-</strong></span> <span class='ocrx_word' id='word_1_459' title='bbox 1821 3157 1864 3219; x_wconf 64' lang='grc' dir='ltr'><strong>(ἶ</strong></span> <span class='ocrx_word' id='word_1_460' title='bbox 1899 3187 2063 3239; x_wconf 78' lang='lat' dir='ltr'><strong>srant,</strong></span> <span class='ocrx_word' id='word_1_461' title='bbox 2097 3175 2453 3245; x_wconf 87' lang='lat' dir='ltr'><strong>nequidquam</strong></span> <span class='ocrx_word' id='word_1_462' title='bbox 2486 3169 2736 3236; x_wconf 77' lang='lat' dir='ltr'><strong>exemplo</strong></span> <span class='ocrx_word' id='word_1_463' title='bbox 2771 3168 2908 3221; x_wconf 81' lang='lat' dir='ltr'><strong>beati</strong></span> <span class='ocrx_word' id='word_1_464' title='bbox 2945 3164 3129 3236; x_wconf 78' lang='lat' dir='ltr'><strong>Cyrilli</strong></span> <span class='ocrx_word' id='word_1_465' title='bbox 3160 3162 3485 3215; x_wconf 81' lang='lat' dir='ltr'><strong>obumbrare</strong></span> 
     </span>
    </p>
   </div>
   <div class='ocr_carea' id='block_1_63' title="bbox 201 3271 1792 3342">
    <p class='ocr_par' dir='ltr' id='par_1_63' title="bbox 201 3271 1792 3342">
     <span class='ocr_line' id='line_1_63' title="bbox 201 3271 1792 3342; baseline -0.001 -16"><span class='ocrx_word' id='word_1_466' title='bbox 201 3273 302 3326; x_wconf 77' lang='lat' dir='ltr'><strong>bus</strong></span> <span class='ocrx_word' id='word_1_467' title='bbox 325 3272 439 3342; x_wconf 87' lang='lat' dir='ltr'><strong>jam</strong></span> <span class='ocrx_word' id='word_1_468' title='bbox 467 3272 707 3342; x_wconf 64' lang='lat' dir='ltr'><strong>sepultas</strong></span> <span class='ocrx_word' id='word_1_469' title='bbox 731 3274 779 3325; x_wconf 90' lang='lat' dir='ltr'><strong>in</strong></span> <span class='ocrx_word' id='word_1_470' title='bbox 809 3271 1175 3342; x_wconf 84' lang='lat' dir='ltr'><strong>pra-judicium</strong></span> <span class='ocrx_word' id='word_1_471' title='bbox 1199 3271 1651 3325; x_wconf 69' lang='lat' dir='ltr'><strong>Chalcedont&#39;nsis</strong></span> <span class='ocrx_word' id='word_1_472' title='bbox 1671 3285 1792 3325; x_wconf 88' lang='lat' dir='ltr'><strong>con-</strong></span> 
     </span>
    </p>
   </div>
   <div class='ocr_carea' id='block_1_64' title="bbox 195 3367 1792 3434">
    <p class='ocr_par' dir='ltr' id='par_1_64' title="bbox 195 3367 1792 3434">
     <span class='ocr_line' id='line_1_64' title="bbox 195 3367 1792 3434; baseline 0 -14"><span class='ocrx_word' id='word_1_473' title='bbox 195 3367 341 3431; x_wconf 87' lang='lat' dir='ltr'><strong>cilii,</strong></span> <span class='ocrx_word' id='word_1_474' title='bbox 377 3369 706 3421; x_wconf 81' lang='lat' dir='ltr'><strong>resuscitare</strong></span> <span class='ocrx_word' id='word_1_475' title='bbox 749 3367 964 3434; x_wconf 89' lang='lat' dir='ltr'><strong>quidam</strong></span> <span class='ocrx_word' id='word_1_476' title='bbox 1017 3376 1067 3420; x_wconf 87' lang='lat' dir='ltr'><strong>et</strong></span> <span class='ocrx_word' id='word_1_477' title='bbox 1101 3367 1166 3419; x_wconf 87' lang='lat' dir='ltr'><strong>ad</strong></span> <span class='ocrx_word' id='word_1_478' title='bbox 1212 3368 1586 3422; x_wconf 88' lang='lat' dir='ltr'><strong>contentiones</strong></span> <span class='ocrx_word' id='word_1_479' title='bbox 1631 3367 1792 3421; x_wconf 88' lang='lat' dir='ltr'><strong>redu-</strong></span> 
     </span>
    </p>
   </div>
   <div class='ocr_carea' id='block_1_65' title="bbox 197 3457 1793 3524">
    <p class='ocr_par' dir='ltr' id='par_1_65' title="bbox 197 3457 1793 3524">
     <span class='ocr_line' id='line_1_65' title="bbox 197 3457 1793 3524; baseline 0 -12"><span class='ocrx_word' id='word_1_480' title='bbox 197 3472 323 3512; x_wconf 79' lang='lat' dir='ltr'><strong>cere</strong></span> <span class='ocrx_word' id='word_1_481' title='bbox 365 3457 681 3511; x_wconf 78' lang='lat' dir='ltr'><strong>voluerunt.</strong></span> <span class='ocrx_word' id='word_1_482' title='bbox 738 3457 868 3510; x_wconf 79' lang='lat' dir='ltr'><strong>Nam</strong></span> <span class='ocrx_word' id='word_1_483' title='bbox 919 3457 1037 3524; x_wconf 89' lang='lat' dir='ltr'><strong>quis</strong></span> <span class='ocrx_word' id='word_1_484' title='bbox 1090 3471 1392 3510; x_wconf 88' lang='lat' dir='ltr'><strong>memorare</strong></span> <span class='ocrx_word' id='word_1_485' title='bbox 1422 3472 1525 3510; x_wconf 91' lang='lat' dir='ltr'><strong>non</strong></span> <span class='ocrx_word' id='word_1_486' title='bbox 1578 3458 1793 3512; x_wconf 87' lang='lat' dir='ltr'><strong>horreat</strong></span> 
     </span>
    </p>
   </div>
   <div class='ocr_carea' id='block_1_66' title="bbox 197 3549 1788 3622">
    <p class='ocr_par' dir='ltr' id='par_1_66' title="bbox 197 3549 1788 3622">
     <span class='ocr_line' id='line_1_66' title="bbox 197 3549 1788 3622; baseline -0.001 -18"><span class='ocrx_word' id='word_1_487' title='bbox 197 3551 334 3620; x_wconf 84' lang='lat' dir='ltr'><strong>quod</strong></span> <span class='ocrx_word' id='word_1_488' title='bbox 365 3549 610 3622; x_wconf 81' lang='lat' dir='ltr'><strong>Cyrillus</strong></span> <span class='ocrx_word' id='word_1_489' title='bbox 639 3549 923 3610; x_wconf 81' lang='lat' dir='ltr'><strong>Joannem.</strong></span> <span class='ocrx_word' id='word_1_490' title='bbox 954 3557 1028 3613; x_wconf 89' lang='lat' dir='ltr'><strong>et,</strong></span> <span class='ocrx_word' id='word_1_491' title='bbox 1061 3549 1202 3618; x_wconf 89' lang='lat' dir='ltr'><strong>quod</strong></span> <span class='ocrx_word' id='word_1_492' title='bbox 1234 3556 1318 3602; x_wconf 85' lang='lat' dir='ltr'><strong>est</strong></span> <span class='ocrx_word' id='word_1_493' title='bbox 1341 3549 1637 3616; x_wconf 89' lang='lat' dir='ltr'><strong>crudelius,</strong></span> <span class='ocrx_word' id='word_1_494' title='bbox 1676 3549 1788 3618; x_wconf 81' lang='lat' dir='ltr'><strong>jam</strong></span> 
     </span>
    </p>
   </div>
   <div class='ocr_carea' id='block_1_67' title="bbox 197 3638 1792 3710">
    <p class='ocr_par' dir='ltr' id='par_1_67' title="bbox 197 3638 1792 3710">
     <span class='ocr_line' id='line_1_67' title="bbox 197 3638 1792 3710; baseline -0.004 -13"><span class='ocrx_word' id='word_1_495' title='bbox 197 3643 538 3704; x_wconf 72' lang='lat' dir='ltr'><strong>defunctum,</strong></span> <span class='ocrx_word' id='word_1_496' title='bbox 573 3641 706 3710; x_wconf 90' lang='lat' dir='ltr'><strong>prob</strong></span> <span class='ocrx_word' id='word_1_497' title='bbox 749 3642 930 3695; x_wconf 83' lang='lat' dir='ltr'><strong>uel‘asl</strong></span> <span class='ocrx_word' id='word_1_498' title='bbox 960 3639 1173 3704; x_wconf 83' lang='lat' dir='ltr'><strong>Judam,</strong></span> <span class='ocrx_word' id='word_1_499' title='bbox 1224 3638 1537 3693; x_wconf 86' lang='lat' dir='ltr'><strong>Jechoniam</strong></span> <span class='ocrx_word' id='word_1_500' title='bbox 1562 3681 1576 3703; x_wconf 91' lang='lat'><strong>,</strong></span> <span class='ocrx_word' id='word_1_501' title='bbox 1611 3641 1792 3706; x_wconf 64' lang='lat' dir='ltr'><strong>prola-</strong></span> 
     </span>
    </p>
   </div>
   <div class='ocr_carea' id='block_1_68' title="bbox 198 3730 1792 3804">
    <p class='ocr_par' dir='ltr' id='par_1_68' title="bbox 198 3730 1792 3804">
     <span class='ocr_line' id='line_1_68' title="bbox 198 3730 1792 3804; baseline 0 -17"><span class='ocrx_word' id='word_1_502' title='bbox 198 3749 436 3804; x_wconf 81' lang='lat' dir='ltr'><strong>uutnque</strong></span> <span class='ocrx_word' id='word_1_503' title='bbox 466 3747 662 3787; x_wconf 85' lang='lat' dir='ltr'><strong>vocare</strong></span> <span class='ocrx_word' id='word_1_504' title='bbox 692 3747 796 3785; x_wconf 89' lang='lat' dir='ltr'><strong>non</strong></span> <span class='ocrx_word' id='word_1_505' title='bbox 829 3731 1086 3798; x_wconf 75' lang='lat' dir='ltr'><strong>trepidat,</strong></span> <span class='ocrx_word' id='word_1_506' title='bbox 1114 3740 1166 3784; x_wconf 92' lang='lat' dir='ltr'><strong>et</strong></span> <span class='ocrx_word' id='word_1_507' title='bbox 1197 3746 1320 3783; x_wconf 91' lang='lat' dir='ltr'><strong>eum</strong></span> <span class='ocrx_word' id='word_1_508' title='bbox 1367 3730 1654 3786; x_wconf 76' lang='lat' dir='ltr'><strong>conferens</strong></span> <span class='ocrx_word' id='word_1_509' title='bbox 1685 3731 1792 3787; x_wconf 82' lang='lat' dir='ltr'><strong>Eu-</strong></span> 
     </span>
    </p>
   </div>
   <div class='ocr_carea' id='block_1_69' title="bbox 195 3824 1792 3896">
    <p class='ocr_par' dir='ltr' id='par_1_69' title="bbox 195 3824 1792 3896">
     <span class='ocr_line' id='line_1_69' title="bbox 195 3824 1792 3896; baseline 0.002 -18"><span class='ocrx_word' id='word_1_510' title='bbox 195 3824 357 3881; x_wconf 82' lang='lat' dir='ltr'><strong>doxio</strong></span> <span class='ocrx_word' id='word_1_511' title='bbox 387 3826 556 3896; x_wconf 84' lang='lat' dir='ltr'><strong>hujus</strong></span> <span class='ocrx_word' id='word_1_512' title='bbox 582 3827 730 3881; x_wconf 91' lang='lat' dir='ltr'><strong>urbis</strong></span> <span class='ocrx_word' id='word_1_513' title='bbox 762 3827 983 3892; x_wconf 82' lang='lat' dir='ltr'><strong>Ariano,</strong></span> <span class='ocrx_word' id='word_1_514' title='bbox 1013 3827 1154 3880; x_wconf 87' lang='lat' dir='ltr'><strong>sicut</strong></span> <span class='ocrx_word' id='word_1_515' title='bbox 1198 3825 1387 3885; x_wconf 80' lang='lat' dir='ltr'><strong>fertur,</strong></span> <span class='ocrx_word' id='word_1_516' title='bbox 1421 3825 1693 3895; x_wconf 86' lang='lat' dir='ltr'><strong>episcopo,</strong></span> <span class='ocrx_word' id='word_1_517' title='bbox 1726 3826 1792 3882; x_wconf 91' lang='lat' dir='ltr'><strong>ab</strong></span> 
     </span>
    </p>
   </div>
   <div class='ocr_carea' id='block_1_70' title="bbox 194 3917 1790 3986">
    <p class='ocr_par' dir='ltr' id='par_1_70' title="bbox 194 3917 1790 3986">
     <span class='ocr_line' id='line_1_70' title="bbox 194 3917 1790 3986; baseline -0.001 -12"><span class='ocrx_word' id='word_1_518' title='bbox 194 3918 587 3976; x_wconf 71' lang='lat' dir='ltr'><strong>ecclesiasticis</strong></span> <span class='ocrx_word' id='word_1_519' title='bbox 629 3918 800 3972; x_wconf 85' lang='lat' dir='ltr'><strong>muris</strong></span> <span class='ocrx_word' id='word_1_520' title='bbox 831 3917 957 3972; x_wconf 83' lang='lat' dir='ltr'><strong>dicit</strong></span> <span class='ocrx_word' id='word_1_521' title='bbox 990 3917 1302 3972; x_wconf 86' lang='lat' dir='ltr'><strong>exclusum?</strong></span> <span class='ocrx_word' id='word_1_522' title='bbox 1329 3917 1428 3985; x_wconf 89' lang='lat' dir='ltr'><strong>Qui</strong></span> <span class='ocrx_word' id='word_1_523' title='bbox 1461 3931 1556 3986; x_wconf 89' lang='lat' dir='ltr'><strong>pro</strong></span> <span class='ocrx_word' id='word_1_524' title='bbox 1586 3918 1790 3973; x_wconf 86' lang='lat' dir='ltr'><strong>unitate</strong></span> 
     </span>
    </p>
   </div>
   <div class='ocr_carea' id='block_1_71' title="bbox 193 4007 1791 4078">
    <p class='ocr_par' dir='ltr' id='par_1_71' title="bbox 193 4007 1791 4078">
     <span class='ocr_line' id='line_1_71' title="bbox 193 4007 1791 4078; baseline -0.002 -13"><span class='ocrx_word' id='word_1_525' title='bbox 193 4011 461 4066; x_wconf 71' lang='lat' dir='ltr'><strong>servanda</strong></span> <span class='ocrx_word' id='word_1_526' title='bbox 495 4009 751 4064; x_wconf 72' lang='lat' dir='ltr'><strong>Ecclesia:</strong></span> <span class='ocrx_word' id='word_1_527' title='bbox 782 4023 942 4078; x_wconf 89' lang='lat' dir='ltr'><strong>quam</strong></span> <span class='ocrx_word' id='word_1_528' title='bbox 985 4007 1193 4071; x_wconf 84' lang='lat' dir='ltr'><strong>dilexit,</strong></span> <span class='ocrx_word' id='word_1_529' title='bbox 1243 4007 1434 4062; x_wconf 86' lang='lat' dir='ltr'><strong>maluit</strong></span> <span class='ocrx_word' id='word_1_530' title='bbox 1475 4023 1586 4061; x_wconf 71' lang='lat' dir='ltr'><strong>sua:</strong></span> <span class='ocrx_word' id='word_1_531' title='bbox 1611 4022 1791 4062; x_wconf 77' lang='lat' dir='ltr'><strong>causa:</strong></span> 
     </span>
    </p>
   </div>
   <div class='ocr_carea' id='block_1_72' title="bbox 197 4098 1793 4172">
    <p class='ocr_par' dir='ltr' id='par_1_72' title="bbox 197 4098 1793 4172">
     <span class='ocr_line' id='line_1_72' title="bbox 197 4098 1793 4172; baseline -0.002 -17"><span class='ocrx_word' id='word_1_532' title='bbox 197 4104 336 4159; x_wconf 83' lang='lat' dir='ltr'><strong>terre</strong></span> <span class='ocrx_word' id='word_1_533' title='bbox 377 4104 672 4172; x_wconf 81' lang='lat' dir='ltr'><strong>jacturatu.</strong></span> <span class='ocrx_word' id='word_1_534' title='bbox 721 4101 853 4155; x_wconf 81' lang='lat' dir='ltr'><strong>Nam</strong></span> <span class='ocrx_word' id='word_1_535' title='bbox 899 4100 946 4154; x_wconf 86' lang='lat' dir='ltr'><strong>si</strong></span> <span class='ocrx_word' id='word_1_536' title='bbox 974 4114 1096 4154; x_wconf 91' lang='lat' dir='ltr'><strong>eam</strong></span> <span class='ocrx_word' id='word_1_537' title='bbox 1136 4099 1297 4154; x_wconf 87' lang='lat' dir='ltr'><strong>vellet</strong></span> <span class='ocrx_word' id='word_1_538' title='bbox 1333 4113 1577 4154; x_wconf 85' lang='lat' dir='ltr'><strong>asserere</strong></span> <span class='ocrx_word' id='word_1_539' title='bbox 1603 4140 1619 4163; x_wconf 96' lang='lat'><strong>,</strong></span> <span class='ocrx_word' id='word_1_540' title='bbox 1652 4098 1793 4154; x_wconf 86' lang='lat' dir='ltr'><strong>sicut</strong></span> 
     </span>
    </p>
   </div>
   <div class='ocr_carea' id='block_1_73' title="bbox 195 4188 1793 4261">
    <p class='ocr_par' dir='ltr' id='par_1_73' title="bbox 195 4188 1793 4261">
     <span class='ocr_line' id='line_1_73' title="bbox 195 4188 1793 4261; baseline -0.003 -11"><span class='ocrx_word' id='word_1_541' title='bbox 195 4203 310 4250; x_wconf 75' lang='lat' dir='ltr'><strong>erat</strong></span> <span class='ocrx_word' id='word_1_542' title='bbox 340 4196 469 4248; x_wconf 78' lang='lat' dir='ltr'><strong>vita:</strong></span> <span class='ocrx_word' id='word_1_543' title='bbox 512 4193 799 4261; x_wconf 84' lang='lat' dir='ltr'><strong>probabilis</strong></span> <span class='ocrx_word' id='word_1_544' title='bbox 852 4200 906 4246; x_wconf 89' lang='lat' dir='ltr'><strong>et</strong></span> <span class='ocrx_word' id='word_1_545' title='bbox 952 4190 1211 4246; x_wconf 74' lang='lat' dir='ltr'><strong>facundia:</strong></span> <span class='ocrx_word' id='word_1_546' title='bbox 1247 4190 1555 4259; x_wconf 83' lang='lat' dir='ltr'><strong>singularis,</strong></span> <span class='ocrx_word' id='word_1_547' title='bbox 1590 4188 1793 4246; x_wconf 88' lang='lat' dir='ltr'><strong>habens</strong></span> 
     </span>
    </p>
   </div>
   <div class='ocr_carea' id='block_1_74' title="bbox 197 4279 1793 4354">
    <p class='ocr_par' dir='ltr' id='par_1_74' title="bbox 197 4279 1793 4354">
     <span class='ocr_line' id='line_1_74' title="bbox 197 4279 1793 4354; baseline -0.003 -15"><span class='ocrx_word' id='word_1_548' title='bbox 197 4287 365 4339; x_wconf 73' lang='lat' dir='ltr'><strong>etiam</strong></span> <span class='ocrx_word' id='word_1_549' title='bbox 422 4297 674 4354; x_wconf 64' lang='lat' dir='ltr'><strong>magnam</strong></span> <span class='ocrx_word' id='word_1_550' title='bbox 721 4283 948 4352; x_wconf 73' lang='lat' dir='ltr'><strong>gratiam</strong></span> <span class='ocrx_word' id='word_1_551' title='bbox 993 4279 1173 4351; x_wconf 86' lang='lat' dir='ltr'><strong>populi</strong></span> <span class='ocrx_word' id='word_1_552' title='bbox 1211 4280 1533 4349; x_wconf 82' lang='lat' dir='ltr'><strong>Christiani,</strong></span> <span class='ocrx_word' id='word_1_553' title='bbox 1563 4281 1647 4336; x_wconf 91' lang='lat' dir='ltr'><strong>cui</strong></span> <span class='ocrx_word' id='word_1_554' title='bbox 1697 4295 1793 4350; x_wconf 89' lang='lat' dir='ltr'><strong>pro</strong></span> 
     </span>
    </p>
   </div>
   <div class='ocr_carea' id='block_1_75' title="bbox 195 4371 1787 4448">
    <p class='ocr_par' dir='ltr' id='par_1_75' title="bbox 195 4371 1787 4448">
     <span class='ocr_line' id='line_1_75' title="bbox 195 4371 1787 4448; baseline -0.004 -17"><span class='ocrx_word' id='word_1_555' title='bbox 195 4378 500 4448; x_wconf 61' lang='lat' dir='ltr'><strong>majoribus</strong></span> <span class='ocrx_word' id='word_1_556' title='bbox 521 4377 635 4429; x_wconf 81' lang='lat' dir='ltr'><strong>suis</strong></span> <span class='ocrx_word' id='word_1_557' title='bbox 656 4374 862 4428; x_wconf 88' lang='lat' dir='ltr'><strong>meritis</strong></span> <span class='ocrx_word' id='word_1_558' title='bbox 888 4381 1004 4428; x_wconf 90' lang='lat' dir='ltr'><strong>erat</strong></span> <span class='ocrx_word' id='word_1_559' title='bbox 1027 4381 1304 4440; x_wconf 87' lang='lat' dir='ltr'><strong>acceptus,</strong></span> <span class='ocrx_word' id='word_1_560' title='bbox 1334 4382 1390 4426; x_wconf 89' lang='lat' dir='ltr'><strong>et</strong></span> <span class='ocrx_word' id='word_1_561' title='bbox 1415 4371 1787 4427; x_wconf 79' lang='lat' dir='ltr'><strong>defensionem</strong></span> 
     </span>
    </p>
   </div>
   <div class='ocr_carea' id='block_1_76' title="bbox 193 4463 1795 4536">
    <p class='ocr_par' dir='ltr' id='par_1_76' title="bbox 193 4463 1795 4536">
     <span class='ocr_line' id='line_1_76' title="bbox 193 4463 1795 4536; baseline -0.004 -13"><span class='ocrx_word' id='word_1_562' title='bbox 193 4470 343 4523; x_wconf 73' lang='lat' dir='ltr'><strong>sedis</strong></span> <span class='ocrx_word' id='word_1_563' title='bbox 369 4466 716 4536; x_wconf 72' lang='lat' dir='ltr'><strong>apostolicae,</strong></span> <span class='ocrx_word' id='word_1_564' title='bbox 746 4465 864 4520; x_wconf 88' lang='lat' dir='ltr'><strong>sine</strong></span> <span class='ocrx_word' id='word_1_565' title='bbox 895 4463 1048 4534; x_wconf 78' lang='lat' dir='ltr'><strong>cujus</strong></span> <span class='ocrx_word' id='word_1_566' title='bbox 1088 4472 1205 4517; x_wconf 86' lang='lat' dir='ltr'><strong>erat</strong></span> <span class='ocrx_word' id='word_1_567' title='bbox 1235 4463 1440 4533; x_wconf 90' lang='lat' dir='ltr'><strong>judicio</strong></span> <span class='ocrx_word' id='word_1_568' title='bbox 1468 4463 1795 4517; x_wconf 80' lang='lat' dir='ltr'><strong>condemna-</strong></span> 
     </span>
    </p>
   </div>
   <div class='ocr_carea' id='block_1_77' title="bbox 1903 3255 3484 3321">
    <p class='ocr_par' dir='ltr' id='par_1_77' title="bbox 1903 3255 3484 3321">
     <span class='ocr_line' id='line_1_77' title="bbox 1903 3255 3484 3321; baseline -0.01 -1"><span class='ocrx_word' id='word_1_569' title='bbox 1903 3269 2166 3321; x_wconf 89' lang='lat' dir='ltr'><strong>nitantur.</strong></span> <span class='ocrx_word' id='word_1_570' title='bbox 2200 3265 2330 3318; x_wconf 71' lang='lat' dir='ltr'><strong>Nam</strong></span> <span class='ocrx_word' id='word_1_571' title='bbox 2359 3278 2481 3318; x_wconf 92' lang='lat' dir='ltr'><strong>cum</strong></span> <span class='ocrx_word' id='word_1_572' title='bbox 2519 3260 2608 3316; x_wconf 90' lang='lat' dir='ltr'><strong>ille</strong></span> <span class='ocrx_word' id='word_1_573' title='bbox 2647 3258 2905 3313; x_wconf 73' lang='lat' dir='ltr'><strong>Joannem</strong></span> <span class='ocrx_word' id='word_1_574' title='bbox 2939 3256 3079 3309; x_wconf 81' lang='lat' dir='ltr'><strong>dicat</strong></span> <span class='ocrx_word' id='word_1_575' title='bbox 3124 3255 3398 3321; x_wconf 79' lang='lat' dir='ltr'><strong>profanum</strong></span> <span class='ocrx_word' id='word_1_576' title='bbox 3434 3261 3484 3305; x_wconf 86' lang='lat' dir='ltr'><strong>et</strong></span> 
     </span>
    </p>
   </div>
   <div class='ocr_carea' id='block_1_78' title="bbox 1895 3342 3485 3413">
    <p class='ocr_par' dir='ltr' id='par_1_78' title="bbox 1895 3342 3485 3413">
     <span class='ocr_line' id='line_1_78' title="bbox 1895 3342 3485 3413; baseline -0.013 -1"><span class='ocrx_word' id='word_1_577' title='bbox 1895 3360 1964 3412; x_wconf 87' lang='lat' dir='ltr'><strong>ab</strong></span> <span class='ocrx_word' id='word_1_578' title='bbox 1993 3355 2370 3413; x_wconf 82' lang='lat' dir='ltr'><strong>ecclesiasticis</strong></span> <span class='ocrx_word' id='word_1_579' title='bbox 2420 3353 2587 3408; x_wconf 86' lang='lat' dir='ltr'><strong>muris</strong></span> <span class='ocrx_word' id='word_1_580' title='bbox 2631 3351 2944 3410; x_wconf 85' lang='lat' dir='ltr'><strong>exclusum,</strong></span> <span class='ocrx_word' id='word_1_581' title='bbox 2976 3345 3060 3400; x_wconf 90' lang='lat' dir='ltr'><strong>isti</strong></span> <span class='ocrx_word' id='word_1_582' title='bbox 3100 3359 3220 3400; x_wconf 89' lang='lat' dir='ltr'><strong>eum</strong></span> <span class='ocrx_word' id='word_1_583' title='bbox 3265 3342 3485 3401; x_wconf 81' lang='lat' dir='ltr'><strong>habent,</strong></span> 
     </span>
    </p>
   </div>
   <div class='ocr_carea' id='block_1_79' title="bbox 1893 3437 3485 3512">
    <p class='ocr_par' dir='ltr' id='par_1_79' title="bbox 1893 3437 3485 3512">
     <span class='ocr_line' id='line_1_79' title="bbox 1893 3437 3485 3512; baseline -0.013 -6"><span class='ocrx_word' id='word_1_584' title='bbox 1893 3453 2036 3506; x_wconf 89' lang='lat' dir='ltr'><strong>sicut</strong></span> <span class='ocrx_word' id='word_1_585' title='bbox 2070 3448 2346 3504; x_wconf 85' lang='lat' dir='ltr'><strong>habendus</strong></span> <span class='ocrx_word' id='word_1_586' title='bbox 2375 3455 2480 3512; x_wconf 88' lang='lat' dir='ltr'><strong>est,</strong></span> <span class='ocrx_word' id='word_1_587' title='bbox 2513 3444 2686 3500; x_wconf 83' lang='lat' dir='ltr'><strong>virum</strong></span> <span class='ocrx_word' id='word_1_588' title='bbox 2715 3439 3089 3497; x_wconf 88' lang='lat' dir='ltr'><strong>admirabilem</strong></span> <span class='ocrx_word' id='word_1_589' title='bbox 3119 3452 3166 3493; x_wconf 85' lang='lat' dir='ltr'><strong>et</strong></span> <span class='ocrx_word' id='word_1_590' title='bbox 3196 3437 3485 3491; x_wconf 79' lang='lat' dir='ltr'><strong>maximam</strong></span> 
     </span>
    </p>
   </div>
   <div class='ocr_carea' id='block_1_80' title="bbox 1897 3528 3487 3615">
    <p class='ocr_par' dir='ltr' id='par_1_80' title="bbox 1897 3528 3487 3615">
     <span class='ocr_line' id='line_1_80' title="bbox 1897 3528 3487 3615; baseline -0.01 -17"><span class='ocrx_word' id='word_1_591' title='bbox 1897 3545 2122 3615; x_wconf 77' lang='lat' dir='ltr'><strong>gloriam</strong></span> <span class='ocrx_word' id='word_1_592' title='bbox 2149 3549 2484 3603; x_wconf 87' lang='lat' dir='ltr'><strong>merentem;</strong></span> <span class='ocrx_word' id='word_1_593' title='bbox 2515 3537 2860 3593; x_wconf 83' lang='lat' dir='ltr'><strong>Theodorum</strong></span> <span class='ocrx_word' id='word_1_594' title='bbox 2886 3549 3012 3588; x_wconf 80' lang='lat' dir='ltr'><strong>vero</strong></span> <span class='ocrx_word' id='word_1_595' title='bbox 3037 3530 3320 3588; x_wconf 87' lang='lat' dir='ltr'><strong>cumidem</strong></span> <span class='ocrx_word' id='word_1_596' title='bbox 3343 3528 3487 3583; x_wconf 86' lang='lat' dir='ltr'><strong>dicat</strong></span> 
     </span>
    </p>
   </div>
   <div class='ocr_carea' id='block_1_81' title="bbox 1897 3627 3484 3697">
    <p class='ocr_par' dir='ltr' id='par_1_81' title="bbox 1897 3627 3484 3697">
     <span class='ocr_line' id='line_1_81' title="bbox 1897 3627 3484 3697; baseline -0.014 -6"><span class='ocrx_word' id='word_1_597' title='bbox 1897 3639 2071 3691; x_wconf 86' lang='lat' dir='ltr'><strong>virum</strong></span> <span class='ocrx_word' id='word_1_598' title='bbox 2101 3633 2476 3689; x_wconf 88' lang='lat' dir='ltr'><strong>admirabilem</strong></span> <span class='ocrx_word' id='word_1_599' title='bbox 2504 3641 2559 3685; x_wconf 90' lang='lat' dir='ltr'><strong>ct</strong></span> <span class='ocrx_word' id='word_1_600' title='bbox 2589 3629 2875 3683; x_wconf 79' lang='lat' dir='ltr'><strong>maximam</strong></span> <span class='ocrx_word' id='word_1_601' title='bbox 2907 3627 3130 3697; x_wconf 79' lang='lat' dir='ltr'><strong>gloriam</strong></span> <span class='ocrx_word' id='word_1_602' title='bbox 3163 3631 3484 3683; x_wconf 82' lang='lat' dir='ltr'><strong>merentem,</strong></span> 
     </span>
    </p>
   </div>
   <div class='ocr_carea' id='block_1_82' title="bbox 1903 3713 3487 3793">
    <p class='ocr_par' dir='ltr' id='par_1_82' title="bbox 1903 3713 3487 3793">
     <span class='ocr_line' id='line_1_82' title="bbox 1903 3713 3487 3793; baseline -0.013 -8"><span class='ocrx_word' id='word_1_603' title='bbox 1903 3732 1992 3786; x_wconf 91' lang='lat' dir='ltr'><strong>isti</strong></span> <span class='ocrx_word' id='word_1_604' title='bbox 2023 3745 2142 3784; x_wconf 89' lang='lat' dir='ltr'><strong>eum</strong></span> <span class='ocrx_word' id='word_1_605' title='bbox 2169 3726 2371 3781; x_wconf 89' lang='lat' dir='ltr'><strong>habere</strong></span> <span class='ocrx_word' id='word_1_606' title='bbox 2401 3725 2588 3780; x_wconf 80' lang='lat' dir='ltr'><strong>volunt</strong></span> <span class='ocrx_word' id='word_1_607' title='bbox 2624 3721 2902 3793; x_wconf 83' lang='lat' dir='ltr'><strong>profanum</strong></span> <span class='ocrx_word' id='word_1_608' title='bbox 2936 3727 2990 3773; x_wconf 91' lang='lat' dir='ltr'><strong>et</strong></span> <span class='ocrx_word' id='word_1_609' title='bbox 3017 3717 3083 3772; x_wconf 89' lang='lat' dir='ltr'><strong>ab</strong></span> <span class='ocrx_word' id='word_1_610' title='bbox 3109 3713 3487 3770; x_wconf 82' lang='lat' dir='ltr'><strong>ecclesiasticis</strong></span> 
     </span>
    </p>
   </div>
   <div class='ocr_carea' id='block_1_83' title="bbox 1898 3820 2393 3880">
    <p class='ocr_par' dir='ltr' id='par_1_83' title="bbox 1898 3820 2393 3880">
     <span class='ocr_line' id='line_1_83' title="bbox 1898 3820 2393 3880; baseline -0.014 -1"><span class='ocrx_word' id='word_1_611' title='bbox 1898 3824 2066 3880; x_wconf 85' lang='lat' dir='ltr'><strong>muris</strong></span> <span class='ocrx_word' id='word_1_612' title='bbox 2095 3820 2393 3877; x_wconf 80' lang='lat' dir='ltr'><strong>exclusum.</strong></span> 
     </span>
    </p>
   </div>
   <div class='ocr_carea' id='block_1_84' title="bbox 2531 3941 2862 4000">
    <p class='ocr_par' dir='ltr' id='par_1_84' title="bbox 2531 3941 2862 4000">
     <span class='ocr_line' id='line_1_84' title="bbox 2531 3941 2862 4000; baseline -0.018 0"><span class='ocrx_word' id='word_1_613' title='bbox 2531 3942 2758 4000; x_wconf 80' lang='lat' dir='ltr'><strong>CAPUT</strong></span> <span class='ocrx_word' id='word_1_614' title='bbox 2797 3941 2862 3996; x_wconf 87' lang='lat' dir='ltr'><strong>ll.</strong></span> 
     </span>
    </p>
   </div>
   <div class='ocr_carea' id='block_1_85' title="bbox 1899 4045 3490 4133">
    <p class='ocr_par' dir='ltr' id='par_1_85' title="bbox 1899 4045 3490 4133">
     <span class='ocr_line' id='line_1_85' title="bbox 1899 4045 3490 4133; baseline -0.014 -12"><span class='ocrx_word' id='word_1_615' title='bbox 1899 4066 2050 4133; x_wconf 83' lang='lat' dir='ltr'><strong>Quod</strong></span> <span class='ocrx_word' id='word_1_616' title='bbox 2074 4065 2126 4118; x_wconf 84' lang='lat' dir='ltr'><strong>in</strong></span> <span class='ocrx_word' id='word_1_617' title='bbox 2168 4057 2426 4133; x_wconf 81' lang='lat' dir='ltr'><strong>Theodori</strong></span> <span class='ocrx_word' id='word_1_618' title='bbox 2451 4050 3060 4133; x_wconf 58' lang='lat' dir='ltr'><strong>damnationeCyrillum</strong></span> <span class='ocrx_word' id='word_1_619' title='bbox 3089 4047 3233 4118; x_wconf 83' lang='lat' dir='ltr'><strong>sequi</strong></span> <span class='ocrx_word' id='word_1_620' title='bbox 3274 4063 3373 4133; x_wconf 71' lang='lat' dir='ltr'><strong>non</strong></span> <span class='ocrx_word' id='word_1_621' title='bbox 3399 4045 3490 4099; x_wconf 80' lang='lat' dir='ltr'><strong>de-</strong></span> 
     </span>
    </p>
   </div>
   <div class='ocr_carea' id='block_1_86' title="bbox 1969 4119 3489 4200">
    <p class='ocr_par' dir='ltr' id='par_1_86' title="bbox 1969 4119 3489 4200">
     <span class='ocr_line' id='line_1_86' title="bbox 1969 4119 3489 4200; baseline -0.013 -9"><span class='ocrx_word' id='word_1_622' title='bbox 1969 4119 2135 4200; x_wconf 73' lang='lat' dir='ltr'><strong>beant,</strong></span> <span class='ocrx_word' id='word_1_623' title='bbox 2158 4150 2273 4187; x_wconf 87' lang='lat' dir='ltr'><strong>cum</strong></span> <span class='ocrx_word' id='word_1_624' title='bbox 2313 4131 2456 4184; x_wconf 84' lang='lat' dir='ltr'><strong>illum</strong></span> <span class='ocrx_word' id='word_1_625' title='bbox 2475 4131 2551 4200; x_wconf 18' lang='lat' dir='ltr'><strong>fin</strong></span> <span class='ocrx_word' id='word_1_626' title='bbox 2586 4125 2797 4179; x_wconf 83' lang='lat' dir='ltr'><strong>Diodori</strong></span> <span class='ocrx_word' id='word_1_627' title='bbox 2827 4119 3153 4200; x_wconf 68' lang='lat' dir='ltr'><strong>deutnatione</strong></span> <span class='ocrx_word' id='word_1_628' title='bbox 3181 4119 3361 4200; x_wconf 64' lang='lat' dir='ltr'><strong>merito</strong></span> <span class='ocrx_word' id='word_1_629' title='bbox 3390 4134 3489 4171; x_wconf 83' lang='lat' dir='ltr'><strong>non</strong></span> 
     </span>
    </p>
   </div>
   <div class='ocr_carea' id='block_1_87' title="bbox 1966 4191 3490 4279">
    <p class='ocr_par' dir='ltr' id='par_1_87' title="bbox 1966 4191 3490 4279">
     <span class='ocr_line' id='line_1_87' title="bbox 1966 4191 3490 4279; baseline -0.016 -16"><span class='ocrx_word' id='word_1_630' title='bbox 1966 4191 2264 4279; x_wconf 63' lang='lat' dir='ltr'><strong>sequantur,</strong></span> <span class='ocrx_word' id='word_1_631' title='bbox 2287 4218 2447 4279; x_wconf 69' lang='lat' dir='ltr'><strong>quem</strong></span> <span class='ocrx_word' id='word_1_632' title='bbox 2466 4199 2646 4279; x_wconf 65' lang='lat' dir='ltr'><strong>Patres</strong></span> <span class='ocrx_word' id='word_1_633' title='bbox 2671 4204 2729 4279; x_wconf 38' lang='lat' dir='ltr'><strong>.et</strong></span> <span class='ocrx_word' id='word_1_634' title='bbox 2765 4196 3017 4279; x_wconf 69' lang='lat' dir='ltr'><strong>principes</strong></span> <span class='ocrx_word' id='word_1_635' title='bbox 3042 4191 3322 4279; x_wconf 37' lang='lat' dir='ltr'><strong>&#39;orthodoa?’</strong></span> <span class='ocrx_word' id='word_1_636' title='bbox 3346 4203 3490 4279; x_wconf 70' lang='lat' dir='ltr'><strong>com-</strong></span> 
     </span>
    </p>
   </div>
   <div class='ocr_carea' id='block_1_88' title="bbox 1966 4258 3489 4341">
    <p class='ocr_par' dir='ltr' id='par_1_88' title="bbox 1966 4258 3489 4341">
     <span class='ocr_line' id='line_1_88' title="bbox 1966 4258 3489 4341; baseline -0.014 -7"><span class='ocrx_word' id='word_1_637' title='bbox 1966 4258 2364 4341; x_wconf 53' lang='lat' dir='ltr'><strong>mendent,&#39;soli</strong></span> <span class='ocrx_word' id='word_1_638' title='bbox 2415 4258 2778 4340; x_wconf 68' lang='lat' dir='ltr'><strong>Apotinaristaé</strong></span> <span class='ocrx_word' id='word_1_639' title='bbox 2825 4258 3050 4319; x_wconf 51' lang='lat' dir='ltr'><strong>ha&#39;r&#39;etici</strong></span> <span class='ocrx_word' id='word_1_640' title='bbox 3106 4279 3222 4316; x_wconf 84' lang='lat' dir='ltr'><strong>cum</strong></span> <span class='ocrx_word' id='word_1_641' title='bbox 3276 4258 3489 4314; x_wconf 63' lang='grc' dir='ltr'><strong>,παιδαηο</strong></span> 
     </span>
    </p>
   </div>
   <div class='ocr_carea' id='block_1_89' title="bbox 1969 4347 2556 4420">
    <p class='ocr_par' dir='ltr' id='par_1_89' title="bbox 1969 4347 2556 4420">
     <span class='ocr_line' id='line_1_89' title="bbox 1969 4347 2556 4420; baseline -0.017 -15"><span class='ocrx_word' id='word_1_642' title='bbox 1969 4353 2220 4420; x_wconf 80' lang='lat' dir='ltr'><strong>Apostata</strong></span> <span class='ocrx_word' id='word_1_643' title='bbox 2245 4347 2556 4412; x_wconf 79' lang='lat' dir='ltr'><strong>vituperant.</strong></span> 
     </span>
    </p>
   </div>
   <div class='ocr_carea' id='block_1_90' title="bbox 1971 4446 3489 4531">
    <p class='ocr_par' dir='ltr' id='par_1_90' title="bbox 1971 4446 3489 4531">
     <span class='ocr_line' id='line_1_90' title="bbox 1971 4446 3489 4531; baseline -0.013 -12"><span class='ocrx_word' id='word_1_644' title='bbox 1971 4465 2110 4531; x_wconf 87' lang='lat' dir='ltr'><strong>Quid</strong></span> <span class='ocrx_word' id='word_1_645' title='bbox 2138 4462 2302 4518; x_wconf 92' lang='lat' dir='ltr'><strong>etiam</strong></span> <span class='ocrx_word' id='word_1_646' title='bbox 2325 4458 2486 4529; x_wconf 90' lang='lat' dir='ltr'><strong>quod,</strong></span> <span class='ocrx_word' id='word_1_647' title='bbox 2522 4456 2660 4511; x_wconf 87' lang='lat' dir='ltr'><strong>sicut</strong></span> <span class='ocrx_word' id='word_1_648' title='bbox 2680 4454 2787 4522; x_wconf 91' lang='lat' dir='ltr'><strong>jam</strong></span> <span class='ocrx_word' id='word_1_649' title='bbox 2816 4450 3232 4507; x_wconf 81' lang='lat' dir='ltr'><strong>memoravimus</strong></span> <span class='ocrx_word' id='word_1_650' title='bbox 3252 4489 3268 4514; x_wconf 90' lang='lat'><strong>,</strong></span> <span class='ocrx_word' id='word_1_651' title='bbox 3301 4447 3370 4501; x_wconf 82' lang='lat' dir='ltr'><strong>ita</strong></span> <span class='ocrx_word' id='word_1_652' title='bbox 3398 4446 3489 4501; x_wconf 86' lang='lat' dir='ltr'><strong>di-</strong></span> 
     </span>
    </p>
   </div>
   <div class='ocr_carea' id='block_1_91' title="bbox 195 4539 1803 4625">
    <p class='ocr_par' dir='ltr' id='par_1_91' title="bbox 195 4553 1790 4625">
     <span class='ocr_line' id='line_1_91' title="bbox 195 4553 1790 4625; baseline -0.003 -13"><span class='ocrx_word' id='word_1_653' title='bbox 195 4567 302 4622; x_wconf 68' lang='lat' dir='ltr'><strong>tus,</strong></span> <span class='ocrx_word' id='word_1_654' title='bbox 327 4557 492 4613; x_wconf 76' lang='lat' dir='ltr'><strong>tacite</strong></span> <span class='ocrx_word' id='word_1_655' title='bbox 514 4567 692 4625; x_wconf 82' lang='lat' dir='ltr'><strong>posset</strong></span> <span class='ocrx_word' id='word_1_656' title='bbox 715 4555 958 4610; x_wconf 89' lang='lat' dir='ltr'><strong>obtinere</strong></span> <span class='ocrx_word' id='word_1_657' title='bbox 987 4553 1289 4620; x_wconf 87' lang='lat' dir='ltr'><strong>victoriam,</strong></span> <span class='ocrx_word' id='word_1_658' title='bbox 1314 4570 1431 4624; x_wconf 76' lang='lat' dir='ltr'><strong>qua:</strong></span> <span class='ocrx_word' id='word_1_659' title='bbox 1455 4553 1606 4608; x_wconf 91' lang='lat' dir='ltr'><strong>illum</strong></span> <span class='ocrx_word' id='word_1_660' title='bbox 1630 4555 1790 4608; x_wconf 85' lang='lat' dir='ltr'><strong>etiam</strong></span> 
     </span>
    </p>
   </div>
   <div class='ocr_carea' id='block_1_92' title="bbox 1901 4539 3490 4625">
    <p class='ocr_par' dir='ltr' id='par_1_92' title="bbox 1901 4542 3490 4621">
     <span class='ocr_line' id='line_1_92' title="bbox 1901 4542 3490 4621; baseline -0.013 -6"><span class='ocrx_word' id='word_1_661' title='bbox 1901 4569 2027 4616; x_wconf 90' lang='lat' dir='ltr'><strong>cunt</strong></span> <span class='ocrx_word' id='word_1_662' title='bbox 2054 4557 2126 4611; x_wconf 72' lang='lat' dir='ltr'><strong>ab‘</strong></span> <span class='ocrx_word' id='word_1_663' title='bbox 2141 4554 2332 4610; x_wconf 86' lang='lat' dir='ltr'><strong>eodem</strong></span> <span class='ocrx_word' id='word_1_664' title='bbox 2347 4550 2550 4621; x_wconf 82' lang='lat' dir='ltr'><strong>Cyrillo</strong></span> <span class='ocrx_word' id='word_1_665' title='bbox 2568 4546 2953 4616; x_wconf 77' lang='lat' dir='ltr'><strong>reprehensum</strong></span> <span class='ocrx_word' id='word_1_666' title='bbox 2975 4557 3098 4599; x_wconf 89' lang='lat' dir='ltr'><strong>esse</strong></span> <span class='ocrx_word' id='word_1_667' title='bbox 3123 4542 3490 4603; x_wconf 80' lang='lat' dir='ltr'><strong>Theodorum.</strong></span> 
     </span>
    </p>
   </div>
   <div class='ocr_carea' id='block_1_93' title="bbox 191 4645 1794 4722">
    <p class='ocr_par' dir='ltr' id='par_1_93' title="bbox 191 4645 1794 4722">
     <span class='ocr_line' id='line_1_93' title="bbox 191 4645 1794 4722; baseline -0.003 -18"><span class='ocrx_word' id='word_1_668' title='bbox 191 4651 502 4722; x_wconf 67' lang='lat' dir='ltr'><strong>tugiaitem</strong></span> <span class='ocrx_word' id='word_1_669' title='bbox 528 4657 612 4704; x_wconf 81' lang='lat' dir='ltr'><strong>est</strong></span> <span class='ocrx_word' id='word_1_670' title='bbox 639 4656 922 4718; x_wconf 84' lang='lat' dir='ltr'><strong>persecuta</strong></span> <span class='ocrx_word' id='word_1_671' title='bbox 969 4657 1088 4714; x_wconf 90' lang='lat' dir='ltr'><strong>post</strong></span> <span class='ocrx_word' id='word_1_672' title='bbox 1127 4654 1378 4701; x_wconf 88' lang='lat' dir='ltr'><strong>mortem.</strong></span> <span class='ocrx_word' id='word_1_673' title='bbox 1413 4645 1518 4700; x_wconf 88' lang='lat' dir='ltr'><strong>Sed</strong></span> <span class='ocrx_word' id='word_1_674' title='bbox 1548 4654 1794 4700; x_wconf 87' lang='lat' dir='ltr'><strong>metuens</strong></span> 
     </span>
    </p>
   </div>
   <div class='ocr_carea' id='block_1_94' title="bbox 191 4737 1792 4808">
    <p class='ocr_par' dir='ltr' id='par_1_94' title="bbox 191 4737 1792 4808">
     <span class='ocr_line' id='line_1_94' title="bbox 191 4737 1792 4808; baseline -0.002 -11"><span class='ocrx_word' id='word_1_675' title='bbox 191 4758 300 4807; x_wconf 81' lang='lat' dir='ltr'><strong>uc,</strong></span> <span class='ocrx_word' id='word_1_676' title='bbox 334 4742 626 4797; x_wconf 70' lang='lat' dir='ltr'><strong>absolutus</strong></span> <span class='ocrx_word' id='word_1_677' title='bbox 679 4739 907 4794; x_wconf 81' lang='lat' dir='ltr'><strong>aliorum</strong></span> <span class='ocrx_word' id='word_1_678' title='bbox 950 4737 1154 4808; x_wconf 80' lang='lat' dir='ltr'><strong>judicio</strong></span> <span class='ocrx_word' id='word_1_679' title='bbox 1180 4777 1195 4801; x_wconf 92' lang='lat'><strong>,</strong></span> <span class='ocrx_word' id='word_1_680' title='bbox 1246 4753 1339 4806; x_wconf 85' lang='lat' dir='ltr'><strong>per</strong></span> <span class='ocrx_word' id='word_1_681' title='bbox 1377 4737 1792 4794; x_wconf 53' lang='lat' dir='ltr'><strong>nbstiuatiouen‘t</strong></span> 
     </span>
    </p>
   </div>
   <div class='ocr_carea' id='block_1_95' title="bbox 190 4832 1794 4902">
    <p class='ocr_par' dir='ltr' id='par_1_95' title="bbox 190 4832 1794 4902">
     <span class='ocr_line' id='line_1_95' title="bbox 190 4832 1794 4902; baseline -0.001 -12"><span class='ocrx_word' id='word_1_682' title='bbox 190 4834 636 4892; x_wconf 70' lang='lat' dir='ltr'><strong>adversariam</strong></span> <span class='ocrx_word' id='word_1_683' title='bbox 656 4848 876 4889; x_wconf 86' lang='lat' dir='ltr'><strong>suorum</strong></span> <span class='ocrx_word' id='word_1_684' title='bbox 900 4847 1008 4888; x_wconf 88' lang='lat' dir='ltr'><strong>non</strong></span> <span class='ocrx_word' id='word_1_685' title='bbox 1028 4832 1362 4900; x_wconf 86' lang='lat' dir='ltr'><strong>reciperetur</strong></span> <span class='ocrx_word' id='word_1_686' title='bbox 1382 4832 1452 4887; x_wconf 91' lang='lat' dir='ltr'><strong>ab</strong></span> <span class='ocrx_word' id='word_1_687' title='bbox 1468 4833 1610 4897; x_wconf 61' lang='lat' dir='ltr'><strong>aliis,</strong></span> <span class='ocrx_word' id='word_1_688' title='bbox 1635 4843 1794 4902; x_wconf 83' lang='lat' dir='ltr'><strong>atque</strong></span> 
     </span>
    </p>
   </div>
   <div class='ocr_carea' id='block_1_96' title="bbox 192 4925 1797 4997">
    <p class='ocr_par' dir='ltr' id='par_1_96' title="bbox 192 4925 1797 4997">
     <span class='ocr_line' id='line_1_96' title="bbox 192 4925 1797 4997; baseline 0.002 -16"><span class='ocrx_word' id='word_1_689' title='bbox 192 4927 264 4981; x_wconf 87' lang='lat' dir='ltr'><strong>ita</strong></span> <span class='ocrx_word' id='word_1_690' title='bbox 295 4927 631 4997; x_wconf 78' lang='lat' dir='ltr'><strong>quibusdam</strong></span> <span class='ocrx_word' id='word_1_691' title='bbox 658 4925 709 4982; x_wconf 86' lang='lat' dir='ltr'><strong>ei</strong></span> <span class='ocrx_word' id='word_1_692' title='bbox 730 4926 1281 4989; x_wconf 82' lang='lat' dir='ltr'><strong>communicantibus,</strong></span> <span class='ocrx_word' id='word_1_693' title='bbox 1309 4926 1633 4996; x_wconf 85' lang='lat' dir='ltr'><strong>quibusdam</strong></span> <span class='ocrx_word' id='word_1_694' title='bbox 1667 4945 1797 4984; x_wconf 89' lang='lat' dir='ltr'><strong>vero</strong></span> 
     </span>
    </p>
   </div>
   <div class='ocr_carea' id='block_1_97' title="bbox 187 5017 1798 5090">
    <p class='ocr_par' dir='ltr' id='par_1_97' title="bbox 187 5017 1798 5090">
     <span class='ocr_line' id='line_1_97' title="bbox 187 5017 1798 5090; baseline 0.001 -15"><span class='ocrx_word' id='word_1_695' title='bbox 187 5020 581 5077; x_wconf 67' lang='lat' dir='ltr'><strong>amantibus</strong></span> <span class='ocrx_word' id='word_1_696' title='bbox 607 5021 722 5090; x_wconf 76' lang='lat' dir='ltr'><strong>ejus</strong></span> <span class='ocrx_word' id='word_1_697' title='bbox 749 5021 1186 5076; x_wconf 85' lang='lat' dir='ltr'><strong>communionem</strong></span> <span class='ocrx_word' id='word_1_698' title='bbox 1205 5054 1224 5084; x_wconf 90' lang='lat'><strong>,</strong></span> <span class='ocrx_word' id='word_1_699' title='bbox 1255 5017 1493 5072; x_wconf 84' lang='lat' dir='ltr'><strong>Ecclesia</strong></span> <span class='ocrx_word' id='word_1_700' title='bbox 1526 5020 1798 5076; x_wconf 86' lang='lat' dir='ltr'><strong>scindere-</strong></span> 
     </span>
    </p>
   </div>
   <div class='ocr_carea' id='block_1_98' title="bbox 189 5110 1792 5184">
    <p class='ocr_par' dir='ltr' id='par_1_98' title="bbox 189 5110 1792 5184">
     <span class='ocr_line' id='line_1_98' title="bbox 189 5110 1792 5184; baseline -0.001 -16"><span class='ocrx_word' id='word_1_701' title='bbox 189 5123 306 5177; x_wconf 75' lang='lat' dir='ltr'><strong>tur,</strong></span> <span class='ocrx_word' id='word_1_702' title='bbox 346 5128 446 5184; x_wconf 82' lang='lat' dir='ltr'><strong>pro</strong></span> <span class='ocrx_word' id='word_1_703' title='bbox 473 5114 631 5184; x_wconf 85' lang='lat' dir='ltr'><strong>cujus</strong></span> <span class='ocrx_word' id='word_1_704' title='bbox 658 5113 888 5168; x_wconf 85' lang='lat' dir='ltr'><strong>utilitate</strong></span> <span class='ocrx_word' id='word_1_705' title='bbox 917 5112 1124 5168; x_wconf 85' lang='lat' dir='ltr'><strong>sciebat</strong></span> <span class='ocrx_word' id='word_1_706' title='bbox 1151 5125 1211 5166; x_wconf 74' lang='lat' dir='ltr'><strong>se</strong></span> <span class='ocrx_word' id='word_1_707' title='bbox 1240 5110 1548 5179; x_wconf 74' lang='lat' dir='ltr'><strong>episcomnu</strong></span> <span class='ocrx_word' id='word_1_708' title='bbox 1573 5112 1792 5180; x_wconf 86' lang='lat' dir='ltr'><strong>laetum,</strong></span> 
     </span>
    </p>
   </div>
   <div class='ocr_carea' id='block_1_99' title="bbox 188 5243 1792 5337">
    <p class='ocr_par' dir='ltr' id='par_1_99' title="bbox 188 5243 1792 5337">
     <span class='ocr_line' id='line_1_99' title="bbox 188 5243 1792 5337; baseline 0 -33"><span class='ocrx_word' id='word_1_709' title='bbox 188 5250 513 5337; x_wconf 56' lang='grc' dir='ltr'><strong>ξιξειτος</strong></span> <span class='ocrx_word' id='word_1_710' title='bbox 529 5245 752 5337; x_wconf 54' lang='grc' dir='ltr'><strong>ἰωάνιξρυ</strong></span> <span class='ocrx_word' id='word_1_711' title='bbox 777 5247 1119 5337; x_wconf 50' lang='grc' dir='ltr'><strong>προσηγῗρίαν</strong></span> <span class='ocrx_word' id='word_1_712' title='bbox 1134 5252 1242 5306; x_wconf 80' lang='grc' dir='ltr'><strong>τοῖς</strong></span> <span class='ocrx_word' id='word_1_713' title='bbox 1263 5243 1692 5337; x_wconf 45' lang='lat' dir='ltr'><strong>intinctas-frmi;</strong></span> <span class='ocrx_word' id='word_1_714' title='bbox 1715 5247 1792 5304; x_wconf 78' lang='grc' dir='ltr'><strong>διο</strong></span> 
     </span>
    </p>
   </div>
   <div class='ocr_carea' id='block_1_100' title="bbox 186 5318 1790 5393">
    <p class='ocr_par' dir='ltr' id='par_1_100' title="bbox 186 5318 1790 5393">
     <span class='ocr_line' id='line_1_100' title="bbox 186 5318 1790 5393; baseline 0 -19"><span class='ocrx_word' id='word_1_715' title='bbox 186 5318 376 5393; x_wconf 64' lang='grc' dir='ltr'><strong>θῦροις</strong></span> <span class='ocrx_word' id='word_1_716' title='bbox 406 5319 650 5393; x_wconf 65' lang='grc' dir='ltr'><strong>ἕνέταττς.</strong></span> <span class='ocrx_word' id='word_1_717' title='bbox 678 5318 908 5393; x_wconf 71' lang='lat' dir='ltr'><strong>Cyr-illus</strong></span> <span class='ocrx_word' id='word_1_718' title='bbox 952 5318 1115 5393; x_wconf 73' lang='lat' dir='ltr'><strong>idem</strong></span> <span class='ocrx_word' id='word_1_719' title='bbox 1143 5325 1348 5393; x_wconf 82' lang='lat' dir='ltr'><strong>postea,</strong></span> <span class='ocrx_word' id='word_1_720' title='bbox 1390 5319 1660 5388; x_wconf 69' lang='grc' dir='ltr'><strong>κατάλογον</strong></span> <span class='ocrx_word' id='word_1_721' title='bbox 1690 5327 1790 5373; x_wconf 73' lang='grc' dir='ltr'><strong>τῶν</strong></span> 
     </span>
    </p>
   </div>
   <div class='ocr_carea' id='block_1_101' title="bbox 185 5387 1790 5471">
    <p class='ocr_par' dir='ltr' id='par_1_101' title="bbox 185 5387 1790 5471">
     <span class='ocr_line' id='line_1_101' title="bbox 185 5387 1790 5471; baseline 0 -27"><span class='ocrx_word' id='word_1_722' title='bbox 185 5387 515 5471; x_wconf 47' lang='lat' dir='ltr'><strong>(sicanium,</strong></span> <span class='ocrx_word' id='word_1_723' title='bbox 545 5390 669 5458; x_wconf 86' lang='lat' dir='ltr'><strong>quia</strong></span> <span class='ocrx_word' id='word_1_724' title='bbox 713 5391 766 5444; x_wconf 89' lang='lat' dir='ltr'><strong>in</strong></span> <span class='ocrx_word' id='word_1_725' title='bbox 796 5387 1064 5459; x_wconf 84' lang='lat' dir='ltr'><strong>diptychis</strong></span> <span class='ocrx_word' id='word_1_726' title='bbox 1105 5389 1356 5454; x_wconf 87' lang='lat' dir='ltr'><strong>inscripta</strong></span> <span class='ocrx_word' id='word_1_727' title='bbox 1395 5400 1548 5441; x_wconf 87' lang='lat' dir='ltr'><strong>erant</strong></span> <span class='ocrx_word' id='word_1_728' title='bbox 1579 5387 1790 5444; x_wconf 81' lang='lat' dir='ltr'><strong>nomina</strong></span> 
     </span>
    </p>
   </div>
   <div class='ocr_carea' id='block_1_102' title="bbox 186 5474 607 5531">
    <p class='ocr_par' dir='ltr' id='par_1_102' title="bbox 186 5474 607 5531">
     <span class='ocr_line' id='line_1_102' title="bbox 186 5474 607 5531; baseline -0.002 -17"><span class='ocrx_word' id='word_1_729' title='bbox 186 5474 607 5531; x_wconf 59' lang='lat' dir='ltr'><strong>episcoporum.</strong></span> 
     </span>
    </p>
   </div>
   <div class='ocr_carea' id='block_1_103' title="bbox 267 5527 1789 5599">
    <p class='ocr_par' dir='ltr' id='par_1_103' title="bbox 267 5527 1789 5599">
     <span class='ocr_line' id='line_1_103' title="bbox 267 5527 1789 5599; baseline 0 -15"><span class='ocrx_word' id='word_1_730' title='bbox 267 5541 296 5566; x_wconf 76' lang='grc' dir='ltr'>ι</span> <span class='ocrx_word' id='word_1_731' title='bbox 345 5530 566 5594; x_wconf 82' lang='lat' dir='ltr'><strong>Ariani,</strong></span> <span class='ocrx_word' id='word_1_732' title='bbox 599 5527 1652 5599; x_wconf 10' lang='lat' dir='ltr'><strong>episcopiConstantinopolitaui.illnjus</strong></span> <span class='ocrx_word' id='word_1_733' title='bbox 1702 5545 1789 5585; x_wconf 90' lang='lat' dir='ltr'><strong>re-</strong></span> 
     </span>
    </p>
   </div>
   <div class='ocr_carea' id='block_1_104' title="bbox 190 5598 1788 5669">
    <p class='ocr_par' dir='ltr' id='par_1_104' title="bbox 190 5598 1788 5669">
     <span class='ocr_line' id='line_1_104' title="bbox 190 5598 1788 5669; baseline -0.003 -14"><span class='ocrx_word' id='word_1_734' title='bbox 190 5602 404 5666; x_wconf 68' lang='lat' dir='ltr'><strong>liquias</strong></span> <span class='ocrx_word' id='word_1_735' title='bbox 443 5601 494 5654; x_wconf 92' lang='lat' dir='ltr'><strong>in</strong></span> <span class='ocrx_word' id='word_1_736' title='bbox 539 5598 903 5669; x_wconf 67' lang='lat' dir='ltr'><strong>apoStolornm</strong></span> <span class='ocrx_word' id='word_1_737' title='bbox 947 5601 1145 5667; x_wconf 89' lang='lat' dir='ltr'><strong>templo</strong></span> <span class='ocrx_word' id='word_1_738' title='bbox 1175 5598 1422 5669; x_wconf 81' lang='lat' dir='ltr'><strong>conditas</strong></span> <span class='ocrx_word' id='word_1_739' title='bbox 1456 5598 1619 5652; x_wconf 67' lang='lat' dir='ltr'><strong>iniisse</strong></span> <span class='ocrx_word' id='word_1_740' title='bbox 1654 5603 1788 5653; x_wconf 81' lang='lat' dir='ltr'><strong>scri—</strong></span> 
     </span>
    </p>
   </div>
   <div class='ocr_carea' id='block_1_105' title="bbox 188 5667 1788 5746">
    <p class='ocr_par' dir='ltr' id='par_1_105' title="bbox 188 5667 1788 5746">
     <span class='ocr_line' id='line_1_105' title="bbox 188 5667 1788 5746; baseline 0 -21"><span class='ocrx_word' id='word_1_741' title='bbox 188 5681 392 5743; x_wconf 61' lang='lat' dir='ltr'><strong>pserat</strong></span> <span class='ocrx_word' id='word_1_742' title='bbox 420 5667 625 5726; x_wconf 67' lang='lat' dir='ltr'><strong>Atticus</strong></span> <span class='ocrx_word' id='word_1_743' title='bbox 648 5686 662 5723; x_wconf 90' lang='lat'><strong>:</strong></span> <span class='ocrx_word' id='word_1_744' title='bbox 691 5671 816 5727; x_wconf 70' lang='grc' dir='ltr'><strong>οὐδδ</strong></span> <span class='ocrx_word' id='word_1_745' title='bbox 845 5673 942 5746; x_wconf 73' lang='grc' dir='ltr'><strong>’γάρ</strong></span> <span class='ocrx_word' id='word_1_746' title='bbox 979 5692 1029 5725; x_wconf 84' lang='grc' dir='ltr'>τι</span> <span class='ocrx_word' id='word_1_747' title='bbox 1055 5672 1140 5726; x_wconf 81' lang='grc' dir='ltr'><strong>τὸν</strong></span> <span class='ocrx_word' id='word_1_748' title='bbox 1166 5668 1321 5726; x_wconf 79' lang='grc' dir='ltr'>Δαϐὶδ</span> <span class='ocrx_word' id='word_1_749' title='bbox 1349 5667 1571 5740; x_wconf 65' lang='grc' dir='ltr'><strong>ἔϐλαψεν</strong></span> <span class='ocrx_word' id='word_1_750' title='bbox 1599 5673 1629 5729; x_wconf 76' lang='lat' dir='ltr'><strong>ri</strong></span> <span class='ocrx_word' id='word_1_751' title='bbox 1653 5669 1788 5730; x_wconf 69' lang='grc' dir='ltr'><strong>ἔνι-ιο</strong></span> 
     </span>
    </p>
   </div>
   <div class='ocr_carea' id='block_1_106' title="bbox 273 5809 1086 5880">
    <p class='ocr_par' dir='ltr' id='par_1_106' title="bbox 273 5809 1086 5880">
     <span class='ocr_line' id='line_1_106' title="bbox 273 5809 1086 5880; baseline -0.005 -11"><span class='ocrx_word' id='word_1_752' title='bbox 273 5814 295 5845; x_wconf 85' lang='grc'>⁸</span> <span class='ocrx_word' id='word_1_753' title='bbox 342 5809 478 5868; x_wconf 84' lang='lat' dir='ltr'><strong>Cod.</strong></span> <span class='ocrx_word' id='word_1_754' title='bbox 515 5811 735 5880; x_wconf 72' lang='lat' dir='ltr'><strong>Veram,</strong></span> <span class='ocrx_word' id='word_1_755' title='bbox 763 5811 1086 5867; x_wconf 78' lang='lat' dir='ltr'><strong>damnarent.</strong></span> 
     </span>
    </p>
   </div>
   <div class='ocr_carea' id='block_1_107' title="bbox 1901 4634 3493 4717">
    <p class='ocr_par' dir='ltr' id='par_1_107' title="bbox 1901 4634 3493 4717">
     <span class='ocr_line' id='line_1_107' title="bbox 1901 4634 3493 4717; baseline -0.014 -8"><span class='ocrx_word' id='word_1_756' title='bbox 1901 4663 1962 4709; x_wconf 88' lang='lat' dir='ltr'><strong>ut</strong></span> <span class='ocrx_word' id='word_1_757' title='bbox 2009 4659 2255 4708; x_wconf 84' lang='lat' dir='ltr'><strong>sanetum</strong></span> <span class='ocrx_word' id='word_1_758' title='bbox 2310 4659 2526 4717; x_wconf 88' lang='lat' dir='ltr'><strong>quoque</strong></span> <span class='ocrx_word' id='word_1_759' title='bbox 2585 4641 2913 4704; x_wconf 86' lang='lat' dir='ltr'><strong>Diodorum,</strong></span> <span class='ocrx_word' id='word_1_760' title='bbox 2952 4638 3267 4708; x_wconf 79' lang='lat' dir='ltr'><strong>magistrum</strong></span> <span class='ocrx_word' id='word_1_761' title='bbox 3329 4634 3493 4703; x_wconf 78' lang='lat' dir='ltr'><strong>ipsius</strong></span> 
     </span>
    </p>
   </div>
   <div class='ocr_carea' id='block_1_108' title="bbox 1902 4728 3491 4809">
    <p class='ocr_par' dir='ltr' id='par_1_108' title="bbox 1902 4728 3491 4809">
     <span class='ocr_line' id='line_1_108' title="bbox 1902 4728 3491 4809; baseline -0.015 -8"><span class='ocrx_word' id='word_1_762' title='bbox 1902 4743 2207 4806; x_wconf 85' lang='lat' dir='ltr'><strong>Theodori,</strong></span> <span class='ocrx_word' id='word_1_763' title='bbox 2253 4741 2454 4809; x_wconf 88' lang='lat' dir='ltr'><strong>pariter</strong></span> <span class='ocrx_word' id='word_1_764' title='bbox 2491 4735 2560 4789; x_wconf 89' lang='lat' dir='ltr'><strong>ab</strong></span> <span class='ocrx_word' id='word_1_765' title='bbox 2597 4749 2661 4789; x_wconf 90' lang='lat' dir='ltr'><strong>eu</strong></span> <span class='ocrx_word' id='word_1_766' title='bbox 2690 4741 2744 4787; x_wconf 90' lang='lat' dir='ltr'><strong>et</strong></span> <span class='ocrx_word' id='word_1_767' title='bbox 2786 4733 2840 4786; x_wconf 89' lang='lat' dir='ltr'><strong>in</strong></span> <span class='ocrx_word' id='word_1_768' title='bbox 2897 4733 3086 4786; x_wconf 89' lang='lat' dir='ltr'><strong>eadem</strong></span> <span class='ocrx_word' id='word_1_769' title='bbox 3127 4744 3285 4783; x_wconf 74' lang='lat' dir='ltr'><strong>causa</strong></span> <span class='ocrx_word' id='word_1_770' title='bbox 3313 4728 3491 4780; x_wconf 89' lang='lat' dir='ltr'><strong>dicant</strong></span> 
     </span>
    </p>
   </div>
   <div class='ocr_carea' id='block_1_109' title="bbox 1901 4817 3508 4905">
    <p class='ocr_par' dir='ltr' id='par_1_109' title="bbox 1901 4817 3508 4905">
     <span class='ocr_line' id='line_1_109' title="bbox 1901 4817 3508 4905; baseline -0.014 -11"><span class='ocrx_word' id='word_1_771' title='bbox 1901 4839 2070 4894; x_wconf 80' lang='lat' dir='ltr'><strong>fuisse</strong></span> <span class='ocrx_word' id='word_1_772' title='bbox 2097 4834 2402 4905; x_wconf 88' lang='lat' dir='ltr'><strong>culpatum?</strong></span> <span class='ocrx_word' id='word_1_773' title='bbox 2432 4831 2488 4886; x_wconf 84' lang='lat' dir='ltr'><strong>Si</strong></span> <span class='ocrx_word' id='word_1_774' title='bbox 2519 4831 2680 4899; x_wconf 77' lang='lat' dir='ltr'><strong>igitur</strong></span> <span class='ocrx_word' id='word_1_775' title='bbox 2705 4825 2932 4880; x_wconf 84' lang='lat' dir='ltr'><strong>auctorit</strong></span> <span class='ocrx_word' id='word_1_776' title='bbox 2951 4831 3076 4878; x_wconf 72' lang='lat' dir='ltr'><strong>item</strong></span> <span class='ocrx_word' id='word_1_777' title='bbox 3101 4817 3508 4892; x_wconf 71' lang='lat' dir='ltr'><strong>Cyrilli-secuti&quot;</strong></span> 
     </span>
    </p>
   </div>
   <div class='ocr_carea' id='block_1_110' title="bbox 1900 4913 3484 4995">
    <p class='ocr_par' dir='ltr' id='par_1_110' title="bbox 1900 4913 3484 4995">
     <span class='ocr_line' id='line_1_110' title="bbox 1900 4913 3484 4995; baseline -0.016 -7"><span class='ocrx_word' id='word_1_778' title='bbox 1900 4939 2045 4995; x_wconf 89' lang='lat' dir='ltr'><strong>sunt,</strong></span> <span class='ocrx_word' id='word_1_779' title='bbox 2078 4928 2419 4983; x_wconf 87' lang='lat' dir='ltr'><strong>Theodorum</strong></span> <span class='ocrx_word' id='word_1_780' title='bbox 2443 4919 2804 4982; x_wconf 75' lang='lat' dir='ltr'><strong>damnantes‘,</strong></span> <span class='ocrx_word' id='word_1_781' title='bbox 2832 4931 3129 4986; x_wconf 84' lang='lat' dir='ltr'><strong>quanquam</strong></span> <span class='ocrx_word' id='word_1_782' title='bbox 3161 4913 3342 4965; x_wconf 79' lang='lat' dir='ltr'><strong>dicere</strong></span> <span class='ocrx_word' id='word_1_783' title='bbox 3376 4925 3484 4963; x_wconf 91' lang='lat' dir='ltr'><strong>non</strong></span> 
     </span>
    </p>
   </div>
   <div class='ocr_carea' id='block_1_111' title="bbox 1903 4992 3511 5089">
    <p class='ocr_par' dir='ltr' id='par_1_111' title="bbox 1903 4992 3511 5089">
     <span class='ocr_line' id='line_1_111' title="bbox 1903 4992 3511 5089; baseline -0.016 -11"><span class='ocrx_word' id='word_1_784' title='bbox 1903 4992 2144 5078; x_wconf 79' lang='lat' dir='ltr'><strong>audeant</strong></span> <span class='ocrx_word' id='word_1_785' title='bbox 2167 5019 2309 5089; x_wconf 81' lang='lat' dir='ltr'><strong>quod</strong></span> <span class='ocrx_word' id='word_1_786' title='bbox 2334 5018 2427 5072; x_wconf 88' lang='lat' dir='ltr'><strong>ille</strong></span> <span class='ocrx_word' id='word_1_787' title='bbox 2454 5013 2738 5069; x_wconf 82' lang='lat' dir='ltr'><strong>Theodoro</strong></span> <span class='ocrx_word' id='word_1_788' title='bbox 2763 5011 3046 5064; x_wconf 86' lang='lat' dir='ltr'><strong>anathema</strong></span> <span class='ocrx_word' id='word_1_789' title='bbox 3079 5003 3294 5062; x_wconf 84' lang='lat' dir='ltr'><strong>dixerit,</strong></span> <span class='ocrx_word' id='word_1_790' title='bbox 3325 4992 3511 5071; x_wconf 56' lang='lat' dir='ltr'><strong>cujus&#39;</strong></span> 
     </span>
    </p>
   </div>
   <div class='ocr_carea' id='block_1_112' title="bbox 1899 5096 3488 5184">
    <p class='ocr_par' dir='ltr' id='par_1_112' title="bbox 1899 5096 3488 5184">
     <span class='ocr_line' id='line_1_112' title="bbox 1899 5096 3488 5184; baseline -0.018 -12"><span class='ocrx_word' id='word_1_791' title='bbox 1899 5119 2060 5172; x_wconf 85' lang='lat' dir='ltr'><strong>etiam</strong></span> <span class='ocrx_word' id='word_1_792' title='bbox 2083 5113 2278 5184; x_wconf 89' lang='lat' dir='ltr'><strong>scripta</strong></span> <span class='ocrx_word' id='word_1_793' title='bbox 2303 5107 2757 5165; x_wconf 81' lang='lat' dir='ltr'><strong>auathematizare</strong></span> <span class='ocrx_word' id='word_1_794' title='bbox 2788 5096 3076 5174; x_wconf 82' lang='lat' dir='ltr'><strong>prohibuit.</strong></span> <span class='ocrx_word' id='word_1_795' title='bbox 3096 5109 3262 5164; x_wconf 87' lang='lat' dir='ltr'><strong>quare</strong></span> <span class='ocrx_word' id='word_1_796' title='bbox 3287 5102 3488 5156; x_wconf 90' lang='lat' dir='ltr'><strong>tamen,</strong></span> 
     </span>
    </p>
   </div>
   <div class='ocr_carea' id='block_1_113' title="bbox 1897 5230 3489 5337">
    <p class='ocr_par' dir='ltr' id='par_1_113' title="bbox 1897 5230 3489 5337">
     <span class='ocr_line' id='line_1_113' title="bbox 1897 5230 3489 5337; baseline -0.01 -34"><span class='ocrx_word' id='word_1_797' title='bbox 1897 5275 1996 5337; x_wconf 65' lang='grc' dir='ltr'><strong>μσς</strong></span> <span class='ocrx_word' id='word_1_798' title='bbox 2020 5259 2112 5307; x_wconf 79' lang='grc' dir='ltr'><strong>τοῦ</strong></span> <span class='ocrx_word' id='word_1_799' title='bbox 2142 5250 2298 5307; x_wconf 69' lang='grc' dir='ltr'><strong>Σαοὺλ</strong></span> <span class='ocrx_word' id='word_1_800' title='bbox 2325 5246 2519 5307; x_wconf 79' lang='grc' dir='ltr'><strong>κηδεὶα⁸</strong></span> <span class='ocrx_word' id='word_1_801' title='bbox 2549 5243 2684 5337; x_wconf 60' lang='lat' dir='ltr'><strong>0’5er</strong></span> <span class='ocrx_word' id='word_1_802' title='bbox 2703 5244 2825 5330; x_wconf 50' lang='grc' dir='ltr'><strong>γοὺς</strong></span> <span class='ocrx_word' id='word_1_803' title='bbox 2855 5234 3177 5324; x_wconf 37' lang='lat' dir='ltr'><strong>cirros-releras</strong></span> <span class='ocrx_word' id='word_1_804' title='bbox 3202 5230 3354 5337; x_wconf 43' lang='lat' dir='ltr'><strong>ira;</strong></span> <span class='ocrx_word' id='word_1_805' title='bbox 3405 5242 3489 5287; x_wconf 79' lang='grc' dir='ltr'><strong>τοῦ</strong></span> 
     </span>
     <span class='ocr_line' id='line_1_114' title="bbox 1927 5309 3489 5337; baseline 0 0"><span class='ocrx_word' id='word_1_806' title='bbox 1927 5333 1935 5337; x_wconf 79' lang='grc'><strong>.</strong></span> <span class='ocrx_word' id='word_1_807' title='bbox 2017 5328 2025 5337; x_wconf 87' lang='grc'><strong><em>.</em></strong></span> <span class='ocrx_word' id='word_1_808' title='bbox 2123 5326 2134 5337; x_wconf 78' lang='grc' dir='ltr'>ι</span> <span class='ocrx_word' id='word_1_809' title='bbox 2215 5323 2242 5337; x_wconf 64' lang='grc' dir='ltr'><strong><em>Δ</em></strong></span> <span class='ocrx_word' id='word_1_810' title='bbox 2277 5327 2284 5337; x_wconf 74' lang='grc' dir='ltr'><strong><em>σ</em></strong></span> <span class='ocrx_word' id='word_1_811' title='bbox 2377 5322 2387 5336; x_wconf 65' lang='grc' dir='ltr'>ς</span> <span class='ocrx_word' id='word_1_812' title='bbox 2482 5317 2524 5337; x_wconf 56' lang='grc' dir='ltr'><strong>’θ’</strong></span> <span class='ocrx_word' id='word_1_813' title='bbox 2589 5319 2646 5337; x_wconf 63' lang='grc' dir='ltr'><strong>η*</strong></span> <span class='ocrx_word' id='word_1_814' title='bbox 2697 5317 2818 5337; x_wconf 36' lang='grc' dir='ltr'><strong>μη--</strong></span> <span class='ocrx_word' id='word_1_815' title='bbox 2866 5309 2962 5337; x_wconf 60' lang='grc' dir='ltr'><strong>-⁴...ζ</strong></span> <span class='ocrx_word' id='word_1_816' title='bbox 2989 5309 3105 5337; x_wconf 61' lang='grc' dir='ltr'><strong>...ι-ὲ</strong></span> <span class='ocrx_word' id='word_1_817' title='bbox 3129 5326 3184 5337; x_wconf 69' lang='grc' dir='ltr'><strong>,Α</strong></span> <span class='ocrx_word' id='word_1_818' title='bbox 3261 5309 3489 5337; x_wconf 61' lang='grc' dir='ltr'><strong>.-.ηρ-...1-</strong></span> 
     </span>
    </p>
   </div>
   <div class='ocr_carea' id='block_1_114' title="bbox 1913 5307 3492 5398">
    <p class='ocr_par' dir='ltr' id='par_1_114' title="bbox 1913 5307 3492 5398">
     <span class='ocr_line' id='line_1_115' title="bbox 1913 5307 3492 5398; baseline -0.016 -19"><span class='ocrx_word' id='word_1_819' title='bbox 1913 5328 2088 5398; x_wconf 75' lang='grc' dir='ltr'><strong>Αριὶου</strong></span> <span class='ocrx_word' id='word_1_820' title='bbox 2111 5323 2348 5381; x_wconf 53' lang='lat' dir='ltr'><strong>deﬁcior,-</strong></span> <span class='ocrx_word' id='word_1_821' title='bbox 2369 5317 2560 5375; x_wconf 65' lang='grc' dir='ltr'><strong>ὁπαῖὸς</strong></span> <span class='ocrx_word' id='word_1_822' title='bbox 2589 5311 2840 5390; x_wconf 40' lang='grc' dir='ltr'><strong>Εὐδόξιος..</strong></span> <span class='ocrx_word' id='word_1_823' title='bbox 2866 5309 2964 5398; x_wconf 48' lang='grc' dir='ltr'><strong>ὑπὸ</strong></span> <span class='ocrx_word' id='word_1_824' title='bbox 2987 5308 3107 5398; x_wconf 37' lang='lat' dir='ltr'><strong>getes</strong></span> <span class='ocrx_word' id='word_1_825' title='bbox 3129 5307 3185 5359; x_wconf 86' lang='grc' dir='ltr'><strong>τὸ</strong></span> <span class='ocrx_word' id='word_1_826' title='bbox 3211 5307 3492 5398; x_wconf 38' lang='lat' dir='ltr'><strong>minuami-</strong></span> 
     </span>
    </p>
   </div>
   <div class='ocr_carea' id='block_1_115' title="bbox 1897 5375 3488 5470">
    <p class='ocr_par' dir='ltr' id='par_1_115' title="bbox 1897 5375 3488 5470">
     <span class='ocr_line' id='line_1_116' title="bbox 1897 5375 3488 5470; baseline -0.017 -19"><span class='ocrx_word' id='word_1_827' title='bbox 2309 5375 2456 5442; x_wconf 65' lang='grc' dir='ltr'><strong>Νίνυι</strong></span> <span class='ocrx_word' id='word_1_828' title='bbox 2483 5388 2614 5440; x_wconf 78' lang='lat' dir='ltr'><strong>enim</strong></span> <span class='ocrx_word' id='word_1_829' title='bbox 2647 5375 2830 5470; x_wconf 39' lang='lat' dir='ltr'><strong>{Mt-nidi</strong></span> <span class='ocrx_word' id='word_1_830' title='bbox 2857 5378 3018 5462; x_wconf 60' lang='lat' dir='ltr'><strong>obluit</strong></span> <span class='ocrx_word' id='word_1_831' title='bbox 3047 5375 3333 5458; x_wconf 75' lang='lat' dir='ltr'><strong>honoriﬁca</strong></span> <span class='ocrx_word' id='word_1_832' title='bbox 3360 5375 3488 5470; x_wconf 49' lang='lat' dir='ltr'><strong>Sim-</strong></span> 
     </span>
    </p>
   </div>
   <div class='ocr_carea' id='block_1_116' title="bbox 1899 5443 3488 5529">
    <p class='ocr_par' dir='ltr' id='par_1_116' title="bbox 1899 5443 3488 5529">
     <span class='ocr_line' id='line_1_117' title="bbox 1899 5443 3488 5529; baseline -0.013 -11"><span class='ocrx_word' id='word_1_833' title='bbox 1899 5443 2270 5529; x_wconf 68' lang='grc' dir='ltr'><strong>ῖίῖ</strong></span> <span class='ocrx_word' id='word_1_834' title='bbox 2288 5476 2442 5526; x_wconf 78' lang='lat' dir='ltr'><strong>neque</strong></span> <span class='ocrx_word' id='word_1_835' title='bbox 2466 5454 2711 5527; x_wconf 72' lang='lat' dir='ltr'><strong>apostolis</strong></span> <span class='ocrx_word' id='word_1_836' title='bbox 2726 5453 2830 5529; x_wconf 65' lang='lat' dir='ltr'><strong>Arii</strong></span> <span class='ocrx_word' id='word_1_837' title='bbox 2860 5443 3132 5529; x_wconf 54' lang='lat' dir='ltr'><strong>impietatis</strong></span> <span class='ocrx_word' id='word_1_838' title='bbox 3160 5455 3382 5529; x_wconf 45' lang='grc' dir='ltr'><strong>κοῖαι-οε</strong></span> <span class='ocrx_word' id='word_1_839' title='bbox 3397 5443 3488 5498; x_wconf 70' lang='lat' dir='ltr'><strong>ltu-</strong></span> 
     </span>
    </p>
   </div>
   <div class='ocr_carea' id='block_1_117' title="bbox 1898 5514 3483 5602">
    <p class='ocr_par' dir='ltr' id='par_1_117' title="bbox 1898 5514 3483 5602">
     <span class='ocr_line' id='line_1_118' title="bbox 1898 5514 3483 5602; baseline -0.013 -15"><span class='ocrx_word' id='word_1_840' title='bbox 1898 5514 2084 5589; x_wconf 62' lang='lat' dir='ltr'><strong>rloxitis</strong></span> <span class='ocrx_word' id='word_1_841' title='bbox 2118 5536 2207 5587; x_wconf 69' lang='grc' dir='ltr'><strong>»ἐὺ</strong></span> <span class='ocrx_word' id='word_1_842' title='bbox 2237 5514 2403 5602; x_wconf 63' lang='lat' dir='ltr'><strong>ipsum</strong></span> <span class='ocrx_word' id='word_1_843' title='bbox 2450 5514 2610 5602; x_wconf 53' lang='lat' dir='ltr'><strong>ul&#39;tnre</strong></span> <span class='ocrx_word' id='word_1_844' title='bbox 2637 5522 3030 5602; x_wconf 54' lang='lat' dir='ltr'><strong>conditumiloc</strong></span> <span class='ocrx_word' id='word_1_845' title='bbox 3060 5536 3185 5602; x_wconf 64' lang='lat' dir='ltr'><strong>ergo</strong></span> <span class='ocrx_word' id='word_1_846' title='bbox 3205 5527 3272 5602; x_wconf 47' lang='lat' dir='ltr'><strong>[ut</strong></span> <span class='ocrx_word' id='word_1_847' title='bbox 3299 5514 3483 5602; x_wconf 58' lang='grc' dir='ltr'><strong>ὰξξῖκως</strong></span> 
     </span>
    </p>
   </div>
   <div class='ocr_carea' id='block_1_118' title="bbox 1898 5587 3461 5662">
    <p class='ocr_par' dir='ltr' id='par_1_118' title="bbox 1898 5587 3461 5662">
     <span class='ocr_line' id='line_1_119' title="bbox 1898 5587 3461 5662; baseline -0.013 -2"><span class='ocrx_word' id='word_1_848' title='bbox 1898 5587 2160 5662; x_wconf 15' lang='grc' dir='ltr'><strong>ριᾚρωιίιιολ</strong></span> <span class='ocrx_word' id='word_1_849' title='bbox 2194 5587 2424 5659; x_wconf 69' lang='lat' dir='ltr'><strong>capones</strong></span> <span class='ocrx_word' id='word_1_850' title='bbox 2457 5601 2648 5652; x_wconf 76' lang='lat' dir='ltr'><strong>factum</strong></span> <span class='ocrx_word' id='word_1_851' title='bbox 2685 5595 2877 5650; x_wconf 84' lang='lat' dir='ltr'><strong>merito</strong></span> <span class='ocrx_word' id='word_1_852' title='bbox 2909 5593 3173 5662; x_wconf 84' lang='lat' dir='ltr'><strong>improbat</strong></span> <span class='ocrx_word' id='word_1_853' title='bbox 3203 5587 3461 5659; x_wconf 77' lang='lat' dir='ltr'><strong>Cyr-illus.</strong></span> 
     </span>
    </p>
   </div>
  </div>
