3878 6194
447 277 543 330 till

1537 263 1832 322 FACUNDI
1875 230 2086 322 celse.
2119 263 2622 322 llEliMlANENSlS
3565 287 3650 341 tua

450 408 558 447 non
590 389 874 447 Diodorum
903 399 1114 457 quoque
1162 380 1586 437 damnaverunt?
1620 382 1699 435 An
1723 381 1864 450 Iquia
1918 380 2032 446 ipse
2069 382 2115 439 Α
2140 393 2299 434 ausos
2342 379 2505 435 fuisse
2552 379 2912 436 condemnare
2969 380 3174 435 beatum
3217 381 3504 458 Diodorum,
3539 411 3651 465 quo-

451 498 558 538 non
588 489 672 536 est
702 479 944 533 laudatus
971 477 1028 530 in
1053 473 1471 530 Cbalcedoncnsi
1493 473 1744 536 concilio,
1780 487 1890 526 non
1912 486 2034 527 eum

449 575 822 645 iudicaverunt
877 582 999 623 esse
1045 566 1447 630 damnandum;
1503 564 1842 619 Theodorum
1903 578 2036 619 vero

451 670 859 727 damnaverunt,
889 660 1012 730 quia
1040 670 1095 715 et
1123 660 1175 713 in
1205 659 1432 728 epistola
1465 658 1568 712 Iba:
1597 671 1758 726 quam
1799 672 2038 726 pronun-

449 760 600 814 tiavit
638 755 1032 820 orthodoxam,
1065 763 1120 808 et
1161 755 1214 807 in
1249 753 1482 808 decretis
1523 752 1712 824 synodi
1746 751 2038 806 Orientalis

447 865 568 918 quae
595 847 913 917 approbavit
957 845 1097 900 idem
1129 844 1567 899 Chalcedoneuse
1593 843 1916 905 concilium,
1955 843 2040 895 in-

448 941 658 994 venitur
685 939 952 1003 laudatus,
986 947 1042 990 ut
1067 937 1441 994 auctoritatem
1487 936 1655 1004 ipsius
1689 935 1898 989 concilii
1933 936 2036 987 bu~

459 1048 520 1085 us
534 1031 881 1086 damnatione
899 1030 1204 1084 calcarcnt?
1235 1030 1307 1082 lta
1332 1028 1489 1096 plane
1515 1037 1616 1091 est,
1641 1037 1694 1082 et
1714 1028 1816 1081 hoc
1840 1041 2038 1093 negare

430 1125 625 1186 _uul|us
663 1123 880 1192 sapiens
928 1132 1123 1190 potest.
1156 1121 1289 1174 Nam
1323 1121 1470 1190 prius
1502 1121 1684 1192 utique
1711 1127 1768 1173 et
1800 1118 2032 1188 amplius

453 1221 766 1288 magistrum
813 1219 931 1286 ejus
976 1216 1262 1270 Diodorum
1309 1215 1666 1276 damnarent,
1694 1213 1846 1266 velut
1887 1227 2039 1266 coui-

451 1310 628 1364 muuis
675 1309 876 1364 erroris
913 1317 1205 1362 auctorem.
1266 1307 1458 1362 Verum
1505 1321 1604 1375 ego
1643 1319 1892 1376 promere
1931 1318 2037 1358 non

449 1403 733 1466 omittam,
783 1400 1153 1469 qualecunque
1195 1397 1326 1453 illud
1371 1406 1486 1462 est,
1545 1397 1686 1467 quod
1743 1397 1827 1449 hic
1868 1395 2042 1449 videri

451 1504 629 1566 potest
673 1509 857 1549 eorum
906 1491 1208 1547 defensioni
1243 1500 1574 1560 competere.
1606 1490 1871 1544 Fortassis
1896 1489 2040 1546 enim

451 1588 744 1642 dicentes:
791 1585 845 1640 Si
905 1585 1024 1652 quis
1084 1598 1190 1637 non
1228 1581 1646 1637 anathematisat
1697 1579 2040 1634 Theodorum

453 1680 788 1748 Mopsuestia
811 1687 867 1733 et
894 1678 1013 1746 ejus
1035 1677 1308 1745 dogmata.
1343 1677 1395 1729 in
1441 1690 1508 1729 eo
1534 1674 1674 1743 quod
1706 1671 2040 1742 adjecerunt,

2143 473 2318 540 niam,
2369 471 2508 525 sicut
2554 481 2608 526 et
2656 471 2878 526 inferius
2929 472 3292 544 ostendemus,
3347 483 3572 548 optimum
3615 500 3657 543 ,ει

2143 562 2431 618 maximum
2482 563 2846 618 testimonium
2894 563 3052 618 habet
3099 568 3258 622 sancti
3293 569 3570 644 Athanasii,
3615 595 3656 637 et

2143 657 2285 712 Petri
2326 666 2484 726 atque
2511 657 2776 712 Timothei
2807 657 3279 715 Alexandrinorum
3305 667 3597 736 antistitum,
3619 685 3660 730 et

2145 748 2322 802 Basilii
2347 748 2712 812 Caesariensis,
2729 758 2780 803 et
2811 748 3030 804 Joannis
3059 751 3598 829 Constantittopojitani’
3617 776 3658 822 εκ

2151 839 2431 907 Epiphanii
2460 839 2676 907 Cyprii,
2707 851 2758 894 et
2786 842 3160 908 episcoporum
3189 842 3530 914 ngyptiorum
3553 893 3567 917 ,
3591 857 3661 922 qui

2145 932 2197 986 in
2223 932 2468 985 exsilium
2500 933 2716 1001 relegati
2747 948 2773 984 a
2809 931 3030 986 Valente
3053 931 3364 1000 imperatore
3391 938 3590 1006 inerant,
3615 956 3660 1000 et

2141 1039 2174 1076 c.
2199 1023 2354 1078 ncilii
2383 1033 2597 1078 centum
2647 1025 3030 1093 quinquaginta
3074 1025 3430 1098 sacerdotum,
3467 1034 3544 1100 qui
3569 1051 3664 1092 cum

2142 1117 2261 1188 ipso
2284 1108 2515 1175 Diodoro
2543 1121 2595 1174 in
2622 1121 2758 1176 hanc
2791 1123 2977 1176 urbem
3005 1134 3186 1179 contra
3214 1125 3545 1185 Macedoniam
3565 1147 3668 1190 con-

2145 1222 2422 1274 venerant,
2453 1213 2649 1282 quibus
2681 1215 2843 1271 tantis
2871 1229 2936 1269 ac
2975 1214 3169 1278 talibus
3205 1216 3423 1283 Cyrillus
3462 1235 3553 1276 non
3576 1197 3685 1284 erat

2145 1302 2509 1371 praeferendus
2535 1345 2550 1368 ,
2580 1306 2772 1359 omitto
2815 1321 2957 1360 nunc
3001 1307 3344 1373 respondere,
3367 1285 3605 1379 quad/nec
3626 1315 3667 1376 in

2145 1406 2303 1446 causa
2335 1392 2604 1448 Theodori
2633 1396 2784 1449 solus
2811 1394 3044 1466 Cyrillus
3078 1397 3238 1454 tantis
3278 1397 3529 1466 Patribus,
3557 1421 3669 1472 quo-

2147 1496 2265 1536 rum
2314 1492 2368 1537 et
2406 1483 2494 1538 ille
2533 1485 2843 1539 testimonio
2881 1487 3322 1552 commendatur,
3367 1492 3576 1557 praeferri
3599 1497 3664 1550 de-

2150 1573 2344 1628 buerit.
2396 1575 2509 1629 Hoc
2547 1590 2712 1630 unum
2762 1577 2975 1632 interim
3016 1586 3205 1645 teneo,
3251 1582 3485 1648 quoniam
3511 1593 3554 1638 et
3595 1585 3672 1652 ipsi

2151 1662 2373 1729 docent,
2403 1664 2548 1734 justa
2590 1667 2804 1726 ratione
2829 1668 3097 1732 dictante,
3129 1669 3266 1730 beati
3295 1669 3464 1742 Cyrilli
3491 1675 3584 1745 sej
3615 1678 3675 1736 di-

451 1789 653 1843 eosque
682 1773 770 1841 qui
812 1778 905 1824 aut
929 1769 1127 1823 similia
1159 1771 1208 1823 ei
1253 1778 1547 1838 Szipuerunl
1570 1807 1586 1831 ,
1615 1775 1858 1820 sanctum
1909 1765 2036 1819 Dio-
2079 1753 2127 1814 B
2153 1755 2300 1810 cium
2331 1758 2633 1825 reliquisse.
2669 1758 2994 1828 incipiamus
3021 1760 3209 1830 itaque
3230 1763 3333 1831 jam
3358 1765 3675 1832 praedictorum

449 1866 637 1919 dorum
667 1863 888 1933 intelligi
921 1862 1153 1916 voluisse
1199 1860 1468 1915 dicentur.
1502 1859 1611 1915 Sed
1639 1874 1756 1924 cur,
1780 1858 2032 1923 obsecro,

459 1960 506 2013 si
551 1957 922 2011 auctoritatem
953 1959 966 1986 ¹
999 1953 1167 2008 secuti
1199 1964 1326 2008 sunt
1365 1953 1508 2008 beati
1547 1950 1765 2022 Cyrilli,
1797 1951 1966 2020 magis
1994 1958 2050 2005 et

450 2050 598 2118 prius
632 2049 894 2103 Diodorus
925 2046 1180 2116 magister
1225 2045 1344 2115 ejus
1384 2047 1689 2098 nominatus
1736 2057 1844 2098 non
1869 2045 1888 2076 ⁸
1913 2051 2044 2109 est,

2155 1847 2541 1903 venerabilium
2593 1846 2808 1906 Pa'rum
2843 1850 3152 1909 teSIimonia
3196 1867 3494 1923 recensere,
3521 1851 3676 1926 ditibus

2153 1937 2556 1992 mtittmendatur
2582 1939 2864 2006 Diodorus,
2889 1955 3048 2009 quem
3075 1957 3202 1998 cum
3223 1943 3500 2001 Theodoro
3520 1951 3676 2016 pariter

2151 2040 2207 2084 et
2233 2032 2286 2085 in
2317 2031 2506 2086 eadem
2535 2047 2697 2088 causa
2742 2034 3017 2101 culpatum
3049 2034 3240 2092 dicunt
3265 2051 3295 2096 α
3334 2037 3681 2109 Cyrillo,velut

2151 2136 2214 2177 ea
2242 2121 2525 2178 docentem
2559 2138 2679 2192 quae
2701 2122 2977 2184 Nestorius
3002 2124 3188 2181 docuit
3213 2143 3230 2182 :
3255 2135 3310 2184 ut
3331 2130 3445 2198 quia
3471 2130 3571 2186 sine
3592 2147 3678 2186 uia-

2148 2217 2326 2286 gistro
2369 2230 2470 2271 suo
2514 2232 2635 2271 cum
2680 2231 2787 2286 quo
2829 2217 2905 2272 illi
2949 2233 3112 2280 causa
3153 2221 3439 2278 communis
3469 2229 3570 2285 est.
3601 2237 3683 2278 non

2153 2309 2324 2378 potuit
2340 2308 2488 2378 juste
2515 2308 2832 2366 Theodorus
2856 2308 3209 2366 condemnari
3238 2352 3254 2378 ,
3283 2327 3399 2368 cum
3429 2313 3683 2381 probaveri-

2151 2415 2274 2454 mus
2304 2399 2594 2456 Diodorum
2649 2415 2756 2455 non
2805 2415 2927 2457 esse
2972 2401 3379 2468 damnandum,
3426 2402 3574 2460 multo
3599 2419 3685 2461 am-

2151 2493 2292 2563 plius
2317 2493 2658 2549 manifestum
2703 2494 2795 2549 [iat
2832 2495 3083 2555 omnibus
3128 2511 3228 2564 pro
3271 2494 3386 2550 solo
3430 2496 3686 2564 praeiudicio

2161 2582 2352 2654 synodi
2407 2581 2904 2651 Chalcedonensis,
2953 2584 3140 2653 inique
3188 2585 3514 2640 Theodorum
3560 2585 3689 2640 fuisse

2163 2677 2495 2734 damnatum.
2531 2678 2725 2734 Beatus
2759 2679 2918 2748 igitur
2949 2678 3278 2741 Athanasius
3324 2680 3395 2734 ita
3440 2690 3688 2735 memorato

2156 2778 2343 2825 sancto
2371 2769 2602 2825 Diodoro
2625 2771 2810 2825 scribit
2836 2787 2852 2824 :
2886 2789 2905 2822 ι
2941 2770 3173 2827 Domino
3197 2787 3316 2826 meo
3345 2770 3448 2826 ﬁlio
3466 2779 3516 2826 et
3533 2785 3683 2826 ainan-

2153 2864 2362 2920 tissimo
2385 2864 2756 2919 consacerdoti
2775 2905 2790 2929 ,
2823 2865 3076 2932 episcopo
3105 2865 3258 2920 Tarsi
3287 2863 3529 2929 Diodoro,
3559 2862 3692 2918 Allia-

455 2149 514 2194 ut
544 2143 612 2194 ita
655 2141 844 2194 saltem
903 2138 1316 2202 decerneretur;
1348 2137 1392 2190 si
1423 2137 1544 2207 quis
1573 2151 1679 2190 non
1725 2133 2044 2190 anathema-

450 2238 582 2287 tizat
612 2232 900 2287 Diodorum
931 2241 985 2284 et
1011 2230 1131 2300 ejus
1160 2228 1430 2298 dogmata,
1455 2229 1737 2281 anathema
1765 2227 1867 2293 sit,
1897 2226 2047 2280 velut

449 2324 643 2393 quibus
677 2323 817 2376 male
846 2319 1190 2376 Theodorum
1217 2319 1419 2373 dicitur
1449 2318 1739 2384 imbuisse;
1769 2325 1823 2372 et
1843 2316 2037 2373 deinde

448 2425 783 2488 sequeretur,
812 2428 1013 2486 eosque
1043 2414 1138 2482 qui
1169 2421 1264 2466 aut
1289 2411 1483 2466 similia
1515 2412 1564 2466 ei
1591 2419 1920 2480 sapuerunt,
1951 2419 2045 2466 aut

448 2510 681 2579 sapiunt.
715 2508 866 2562 Nunc
894 2517 1072 2562 autem
1101 2505 1153 2559 in
1184 2504 1472 2559 Theodoro
1501 2504 1619 2574 ejus
1648 2505 1910 2573 discipqu
1942 2505 2025 2558 in-

447 2599 618 2656 tentio
657 2607 841 2670 aperta
878 2607 935 2653 et
975 2596 1258 2652 manifesta
1303 2596 1585 2665 dirigitur,
1617 2594 1878 2651 Diodorus
1907 2609 2038 2651 vero

449 2706 556 2746 non
586 2690 982 2753 dinumeratur,
1016 2688 1100 2742 vel
1133 2687 1179 2741 si
1222 2697 1275 2740 et
1315 2687 1429 2755 ipse
1450 2685 1869 2756 subintelligitur
1892 2685 2049 2740 abdi-

451 2783 676 2838 candus.
710 2781 913 2838 Deinde
951 2781 1030 2836 sic
1057 2779 1246 2834 beatus
1275 2777 1508 2850 Cyrillus
1552 2777 1606 2832 in
1647 2780 2048 2833 accusationem

450 2876 616 2929 sancti
665 2872 878 2928 Diodori
924 2870 1126 2942 aliquid
1164 2871 1450 2940 scripsisse
1477 2870 1695 2936 dicitur,
1737 2879 1796 2926 ut
1825 2870 1960 2925 nihil
1992 2873 2044 2926 in

455 2967 573 3034 ejus
626 2964 998 3022 defensionem
1044 2964 1326 3032 scripsisse
1356 2963 1597 3028 dicatur;
1652 2965 1704 3018 in
1751 2963 2048 3018 accusatio-
2161 2955 2343 3010 nasius
2370 2955 2422 3008 in
2453 2954 2681 3008 Domino
2711 2953 3204 3013 salutem.Gratias
3243 2955 3458 3009 Domino
3487 2969 3608 3015 utet),
3625 2953 3694 3020 qui

452 3071 574 3110 nem
599 3070 727 3110 vero
753 3053 1020 3110 Theodori
1060 3054 1140 3110 sic
1183 3053 1381 3122 aliquid
1427 3053 1712 3124 scripsisse
1747 3053 1963 3122 dicitur,
1989 3061 2047 3108 ut
2154 3046 2457 3115 ubicunque
2487 3059 2638 3100 suam
2683 3045 2985 3104 doctrinam
3031 3045 3245 3115 fundat,
3291 3056 3347 3101 et
3387 3044 3597 3100 maxime
3624 3059 3696 3112 per

452 3149 615 3201 etiam
667 3148 719 3200 in
768 3147 884 3218 ejus
934 3145 1302 3201 defensionem
1349 3146 1630 3213 scripsisse
1686 3155 2037 3200 monstretur.
2077 3131 2124 3194 C
2155 3135 2292 3190 ﬁlios
2317 3136 2584 3206 proprios,
2619 3138 2832 3205 qualem
2867 3144 2925 3190 et
2954 3147 3004 3191 te
3051 3137 3230 3205 ipsum
3275 3152 3358 3191 res
3390 3137 3490 3204 ipsa
3517 3136 3698 3188 ili-mou-

451 3240 666 3293 Clarum
715 3249 796 3293 est
836 3237 1050 3307 itaque,
1086 3239 1131 3290 si
1171 3237 1354 3291 videre
1399 3235 1690 3298 velimus’,
1731 3236 1873 3305 quod
1922 3251 2046 3305 pro—
2167 3236 2322 3281 strat.
2359 3227 2567 3282 Etenim
2594 3235 2878 3296 antequam
2922 3228 3194 3284 scriberet
3223 3238 3401 3282 vestra
3426 3228 3698 3287 reverentia,

460 3344 660 3402 pte2ca,
706 3347 812 3384 non
856 3330 1203 3384 denomiuato
1248 3328 1521 3392 Diodoro,
1554 3328 1894 3383 Theodorum
1920 3343 2044 3382 cum
2156 3319 2503 3388 cognovimus
2559 3330 2754 3388 quanta
2805 3319 2974 3389 gratia
3024 3318 3170 3375 facta
3223 3333 3303 3375 est
3355 3319 3405 3372 in
3451 3319 3578 3389 Tyro
3619 3331 3692 3386 per

450 3427 565 3477 suis
594 3423 954 3492 dogmatibus,
987 3431 1041 3477 et
1067 3435 1161 3476 eos
1186 3422 1276 3490 qui
1299 3421 1350 3476 ei
1385 3436 1489 3475 non
1520 3419 1704 3475 dicunt
1728 3421 2036 3484 anathema,
2155 3420 2300 3479 illam
2350 3413 2842 3480 perseverantiam;
2897 3423 2947 3466 et
2992 3413 3399 3482 congaudcmus
3447 3411 3562 3474 tibi,
3602 3412 3700 3478 quin

452 3513 860 3579 damnaverunt,
891 3512 1014 3583 quia
1044 3511 1292 3586 laudatus
1339 3521 1502 3566 estet
1543 3515 1594 3567 in
1626 3512 1851 3581 epistola
1883 3529 2044 3569 vene-
2156 3520 2250 3575 per
2279 3513 2332 3560 te
2361 3505 2611 3573 Cognovit
2641 3517 2693 3560 et
2719 3504 2896 3576 Tyrus
2926 3517 3138 3559 rectum
3165 3505 3384 3560 verbum
3412 3501 3622 3572 pietatis.
3652 3500 3702 3553 Et

461 3604 647 3658 rabilis
679 3602 784 3658 ibas
812 3618 970 3673 quam
1000 3602 1242 3673 synodus
1272 3603 1638 3673 pronuntiavit
1663 3605 2047 3672 orthodoxam,
2155 3613 2255 3666 ego
2277 3599 2491 3668 Quidem
2520 3601 2858 3654 occasionem
2902 3614 3194 3654 assumens
3226 3600 3415 3669 scripsi
3462 3598 3576 3664 tibi,
3600 3597 3706 3652 dile-

456 3705 512 3750 et
544 3695 598 3749 in
631 3695 871 3762 epistol‘s
897 3694 1254 3749 Orientalium
1285 3696 1503 3754 Patrum
1534 3695 1729 3766 quibus
1757 3697 2048 3753 auctorita-
2159 3697 2407 3754 ctissime
2429 3708 2483 3752 et
2513 3697 2900 3751 amantissime.
2932 3696 3014 3751 Tu
3042 3712 3178 3752 vero
3207 3696 3474 3766 quomodo
3495 3709 3576 3750 me
3594 3694 3706 3748 scri-

462 3796 568 3842 tcm
600 3788 923 3856 praecipuam
955 3785 1166 3840 detulit.
1220 3786 1468 3856 Alioquin
1489 3828 1503 3851 ,
1534 3788 1581 3841 si
1615 3803 1770 3842 error
1799 3789 2049 3848 conside—
2154 3790 2317 3846 bente
2339 3804 2447 3844 non
2481 3788 2806 3857 rescripsisti
2827 3831 2839 3852 ,
2886 3788 3114 3844 miratus
3145 3805 3291 3847 sum.
3325 3789 3502 3858 Itaque
3539 3784 3706 3840 uersis

457 3889 608 3932 retur
635 3879 722 3948 qui
750 3881 912 3933 fuisse
937 3877 1177 3946 jactatur
1205 3878 1508 3946 amborum,
1541 3881 1679 3935 idem
1716 3879 1930 3935 Diodori
1960 3883 2046 3951 qui
2157 3881 2338 3952 segnis
2369 3881 2606 3936 scribere
2646 3879 2929 3944 continue;
2958 3879 3141 3936 sciens
3171 3880 3298 3949 quia
3335 3880 3470 3935 sicut
3499 3877 3621 3934 ﬁlius
3644 3889 3707 3928 te-

454 3970 724 4026 Tbeodori
774 3971 993 4024 dicitur.
1032 3969 1086 4026 Si
1122 3984 1352 4039 persona
1408 3971 1651 4039 magistri
1690 3980 1850 4039 atque
1881 3967 2046 4025 disci-
2149 3976 2431 4044 quiescere
2460 3987 2547 4027 me
2578 3973 2705 4028 facis
2736 3982 2942 4042 patrem
2969 4011 2983 4035 ,
3015 3981 3071 4026 et
3118 3972 3264 4027 sicut
3305 3985 3478 4040 prmco
3500 3966 3702 4024 veritatis

462 4064 602 4132 puli,
633 4072 724 4118 aut
756 4063 926 4127 solus,
963 4074 1054 4114 aut
1087 4063 1234 4130 prius
1265 4061 1581 4117 nominatim
1609 4063 2048 4117 eoudemnandus
2151 4067 2555 4136 supez‘lzetitieas
2580 4080 2683 4119 u'e.
2712 4065 2776 4119 Et
2802 4064 2934 4118 nihil
2959 4067 3264 4120 contendas
3290 4065 3539 4119 adversus
3567 4063 3705 4114 luere-

454 4162 573 4209 erat
592 4167 781 4208 auctor
811 4154 1034 4208 erroris.
1066 4154 1120 4208 Si
1155 4155 1451 4210 auctoritas
1495 4156 1632 4209 beati
1673 4153 1858 4225 Cyrilli
1879 4196 1894 4217 ,
1927 4154 2047 4209 D.o-
2153 4161 2308 4226 ticos,
2334 4159 2430 4212 sed
2452 4158 2668 4212 silentio
2693 4157 3072 4211 verbositatem
3111 4158 3330 4212 illorum
3356 4169 3564 4226 supera,
3586 4167 3711 4205 utan-

455 4243 624 4297 dorus
654 4243 934 4297 evidenter
957 4253 1009 4296 et
1036 4242 1154 4296 sine
1180 4243 1524 4311 ambiguitate
1557 4244 1884 4312 culpandus;
1919 4261 2047 4300 con-
2151 4249 2434 4304 suetudine
2461 4247 2735 4301 mabtiam.
2758 4246 2850 4302 Sic
2865 4246 3014 4304 enim
3036 4261 3227 4304 sermo
3259 4257 3406 4313 tuus,
3430 4244 3541 4299 sale
3557 4239 3712 4296 condi-

461 4347 538 4388 tra
569 4349 731 4405 quem
779 4351 804 4388 s
827 4351 858 4388 c
901 4333 1081 4389 invehi
1129 4332 1344 4400 dicitur,
1375 4347 1432 4388 ut
1464 4351 1560 4403 pro
1607 4335 1702 4390 illo
1757 4354 1862 4390 non
1895 4339 2041 4394 inve-

2153 4353 2258 4404 tus.
2293 4341 2510 4396 habebit
2534 4341 2758 4410 gratiam
2786 4358 2799 4393 :
2828 4341 2898 4393 illi
2943 4349 3128 4394 autem
3170 4340 3317 4410 apud
3347 4340 3579 4393 omnium
3607 4347 3713 4387 con-

456 4426 637 4480 niatur
689 4425 791 4480 alia
841 4425 1026 4498 Cyrill-i
1079 4428 1367 4482 sententia.
1420 4429 1526 4484 Cur
1574 4429 1740 4499 igitur
1786 4431 2045 4497 adversus
2154 4436 2432 4488 scientiam
2463 4435 2840 4503 culpabuutttr.
2875 4451 2896 4484 ι
2929 4432 3064 4499 Quid
3099 4433 3189 4486 bie
3211 4430 3456 4486 decernit
3475 4436 3632 4482 vestra
3654 4422 3711 4490 iu

459 4517 802 4573 Theodorum
828 4520 1008 4583 nimis,
1032 4519 1288 4574 adversus
1312 4520 1601 4576 Diodorum
1631 4522 1806 4578 nihil?
1837 4524 1968 4589 Quis
1993 4525 2043 4580 in
2075 4513 2125 4574 D
2151 4529 2295 4584 stitia
2315 4569 2330 4596 ,
2375 4529 2725 4584 serenissime
2780 4527 3114 4595 imperator?
3171 4526 3485 4597 Equumne
3519 4518 3716 4576 censetis

456 4609 575 4664 haec
607 4609 878 4679 paululum
905 4611 1159 4667 cordatus
1192 4613 1474 4668 attendens
1511 4630 1616 4669 non
1655 4616 1831 4670 statim
1861 4617 2048 4671 t'actio-
2155 4631 2214 4678 ut
2234 4624 2336 4677 iste
2361 4621 2602 4675 veritatis
2621 4633 2796 4689 ρτςιιεο
2815 4618 3436 4685 Diodoms,cuim.mm
3457 4609 3719 4679 congiuch

455 4705 548 4760 nis
568 4697 841 4761 haereticis
865 4705 1017 4760 dolos
1048 4706 1337 4777 intelligat,
1367 4707 1512 4778 quod
1553 4709 1700 4764 solus
1730 4711 2048 4769 deuoiuiua-
2154 4718 2235 4771 vir
2256 4715 2442 4769 doctus
2471 4722 2524 4767 et
2547 4714 2718 4770 bonos
2749 4711 3094 4779 Athanasius,
3129 4711 3324 4766 livoris
3345 4719 3400 4766 et
3433 4705 3630 4762 invidia:
3649 4715 3723 4755 tte-

458 4809 549 4855 tus
601 4811 684 4854 est
728 4802 776 4853 in
810 4813 970 4854 causa
1001 4802 1272 4854 communi
1310 4800 1665 4866 Theodorus;
1693 4817 1813 4858 cum
1853 4802 1900 4860 si
1942 4818 2048 4862 non
2154 4807 2322 4870 scius,
2353 4804 2604 4872 quoniam
2635 4817 2734 4872 per
2763 4794 2880 4870 ejus
2912 4803 3377 4869 perseverantiam
3406 4807 3598 4853 rectum
3625 4805 3722 4845 ref-

456 4904 682 4963 uterque
724 4891 767 4955 ‘,
821 4891 915 4946 sed
968 4893 1103 4948 alter
1157 4895 1345 4948 eorum
1399 4893 1831 4950 denominandus
1881 4905 2047 4962 esset,
2158 4899 2280 4953 bum
2313 4896 2527 4965 pietatis
2557 4894 2734 4964 Tyrus
2763 4907 2974 4962 quoque
2995 4893 3274 4961 cognovit,
3308 4901 3372 4946 us
3398 4889 3555 4944 etiam
3575 4885 3721 4938 bone-

459 4987 748 5041 Diodorutn
805 4986 984 5056 potius
1041 4985 1378 5040 denominari
1422 4985 1690 5041 deceret?
1730 4987 1797 5042 Et
1845 4987 2048 5043 hicirco
2161 4997 2246 5044 tur
2273 5003 2395 5042 eum
2421 4987 2662 5040 seribero
2689 4984 2791 5043 sibi
2816 4984 3098 5050 continue,
3135 4995 3199 5039 et
3247 4975 3722 5053 requiemereseiﬂ

454 5078 653 5130 {rustra
686 5089 933 5146 negatur,
959 5076 1101 5147 quod
1134 5077 1280 5132 lucet
1311 5079 1582 5142 omnibus,
1605 5089 1658 5132 et
1685 5079 1804 5135 luce
1827 5080 2046 5145 clarius,
2160 5079 2252 5134 iilo
2275 5087 2528 5146 tanquam
2572 5083 2779 5145 patrem
2826 5075 2970 5130 dicat
3010 5074 3062 5128 in
3102 5075 3260 5139 tilio,
3302 5074 3578 5136 damnetur
3603 5064 3719 5122 rei!"

460 5170 544 5223 vel
576 5170 619 5223 si
652 5172 915 5235 nolimus,
947 5179 1206 5242 apparet,
1241 5170 1495 5240 quoniam
1528 5180 1581 5225 ut
1622 5170 1736 5225 haec
1764 5183 2052 5241 agerentur

458 5267 647 5314 contra
671 5259 1038 5328 Theodorum,
1073 5277 1177 5317 non
1213 5261 1472 5316 Ecclesiae
1503 5276 1637 5330 opus
1665 5273 1779 5316 erat
1799 5262 2050 5331 judicare

459 5351 534 5405 de
564 5360 806 5415 mortuo;
839 5352 934 5406 sed
959 5353 1225 5408 haereticis
1259 5352 1438 5422 potius
1465 5350 1892 5409 Cbalcedonensi
1917 5368 2053 5422 prte-

458 5442 699 5512 judicare
729 5443 974 5498 concilio.
1015 5445 1167 5512 Quod
1201 5445 1244 5500 si
1297 5446 1480 5501 dicunt
1527 5455 1808 5515 propterea
1859 5462 1917 5502 se
1950 5464 2053 5502 non

539 5623 554 5658 ¹
597 5626 728 5679 (ἰού.
780 5623 975 5678 Veroo.
1001 5666 1015 5688 ,

458 5711 603 5762 sunt,
639 5706 744 5751 etc.

539 5773 558 5801 ’
604 5776 654 5822 in
685 5769 872 5824 eodem
900 5766 1020 5821 cod.
1055 5766 1204 5822 deest
1234 5769 1293 5823 τὸ
1322 5785 1443 5823 non.

1081 5628 1466 5693 auctoritatem,
1513 5631 1644 5683 sicut
1689 5640 1832 5691 acta,
1888 5633 2050 5687 secuti

2163 5173 2274 5226 bmr
2309 5175 2444 5226 ticus
2469 5212 2481 5236 ,
2515 5171 2690 5240 quiet
2736 5168 2852 5244 ipse
2904 5167 3154 5236 culpatus
3207 5167 3410 5222 dicitur
3438 5181 3466 5219 a
3515 5156 3722 5234 Cyriilo?

2164 5271 2361 5326 Durum
2397 5269 2552 5322 nimis
2582 5276 2687 5331 est,
2718 5276 2772 5319 ut
2804 5266 2905 5320 hoc
2945 5265 3011 5332 de
3042 5274 3228 5328 vestra
3271 5262 3520 5336 mquitate
3558 5253 3720 5312 creda-

2161 5376 2298 5418 mus.
2333 5361 2464 5416 Nam
2486 5370 2541 5415 et
2588 5360 2686 5426 ipsi
2726 5367 3151 5426 praesumptorcs
3186 5357 3430 5426 iniquum
3465 5367 3579 5408 esse
3602 5347 3723 5402 vicla-

2161 5458 2303 5505 runt.
2351 5447 2408 5503 Si
2447 5459 2572 5499 vero
2614 5443 2866 5513 magister
2905 5440 3176 5495 Diodorus
3220 5438 3566 5495 condemnari
3605 5433 3723 5486 velut

2230 5631 2251 5661 ³
2293 5630 2434 5684 Idem
2453 5625 2615 5691 cod.,
2666 5626 2710 5680 si
2751 5626 2923 5679 ridere
2973 5623 3218 5690 velimus,
3272 5623 3352 5680 vel
3399 5618 3565 5693 potius
3597 5613 3723 5667 libere

2157 5702 2325 5754 dicere
2353 5701 2584 5758 velimus,
2616 5697 2774 5765 quod,
2803 5703 2909 5749 etc.

2230 5772 2250 5802 ⁸
2288 5771 2431 5828 Idem
2463 5769 2608 5836 cod.,
2629 5763 2718 5822 uel
2745 5777 2880 5822 certe
2905 5767 2994 5821 sed
3023 5763 3179 5824 alter.
