3962 6196
417 275 526 330 615

1511 263 1806 322 FACUNDI
1849 261 2058 318 EPISC.
2107 255 2614 316 llERMlAlVE-NSIS

3598 244 3705 303 6l6

418 391 698 448 utilitatem
729 389 1003 445 hominum
1030 380 1436 443 cttliSCt'iltCllliS.
1473 399 1488 430 ι
1524 379 1589 438 Et
1615 378 1746 431 infra
1779 395 1790 429 :
1823 395 1839 426 ι
1872 376 1999 430 Cer-
2039 379 2086 438 Α
2117 389 2318 428 morem
2359 370 2637 426 tumulatus
2667 379 2748 424 est
2774 368 2996 426 Joannis
3023 369 3241 438 sapiens
3269 370 3372 425 iste
3399 378 3582 426 uoster
3615 386 3707 441 pa-

420 496 532 542 tum
563 487 704 540 enim
739 485 933 547 habeo,
962 481 1103 550 quod
1153 481 1239 549 qui
1290 485 1490 530 tantum
1539 475 1704 529 habes
1743 473 2014 528 scribendi

419 577 686 644 studium,
715 575 878 630 etiam
922 574 1025 627 alia
1074 572 1376 637 scripturus
1421 580 1501 622 es.
1535 567 1666 619 Nam
1714 580 1886 633 neque
1925 564 2015 631 qui

419 665 684 720 scribendi
727 664 1039 718 occas'ones
1085 667 1345 730 genercnt
1384 659 1578 712 desunt
1623 658 1812 714 vobis:
1859 655 2022 710 nobis

419 767 600 812 autem
642 771 805 810 suave
832 739 887 809 et
914 753 1143 807 amabile
1188 761 1273 807 est
1313 751 1490 819 legere
1519 758 1692 802 vestri
1738 746 1954 815 scripta.
1992 763 2013 798 ι

421 849 488 903 Et
532 856 650 915 post
694 863 857 915 pauca
893 865 905 899 :
942 864 961 898 r
1002 845 1180 899 Direxi
1227 853 1402 897 autem
1449 855 1589 895 nunc
1626 856 1721 909 per
1761 839 2020 893 lectorem

424 936 686 1008 majorem
719 937 986 1002 codicem,
1018 927 1248 1004 primum
1298 932 1658 1001 pertransiens
1701 943 1848 994 eum,
1882 928 2022 981 sicut

422 1031 553 1086 mihi
585 1029 837 1098 possibile
868 1027 985 1081 fuit.
1006 1027 1267 1080 Minorem
1294 1034 1472 1078 autem
1503 1019 1867 1086 tenui,volens
1895 1031 2019 1072 eum

422 1121 668 1177 describe
701 1136 760 1184 e,
788 1128 843 1172 et
870 1133 977 1172 non
1009 1117 1214 1170 habens
1243 1115 1308 1168 ad
1344 1127 1578 1180 pra-seps
1614 1110 1844 1180 aliquem
1877 1107 2023 1162 velo-

423 1217 558 1269 citer
588 1213 936 1267 scribentium
982 1226 998 1264 :
1045 1225 1164 1264 nam
1195 1223 1365 1277 usque
1395 1206 1460 1260 ad
1494 1213 1693 1259 tantam
1740 1207 2024 1272 pauperta-

427 1314 534 1360 tem
568 1309 926 1373 pervenerunt
955 1301 1211 1355 invidiosa
1243 1297 1641 1365 Cappadocum.
1680 1312 1698 1346 ι
1730 1294 1861 1346 (lum
1896 1306 2026 1346 vero

429 1399 586 1450 istum
641 1395 960 1454 Diodorum,
985 1405 1286 1462 quanquam
1318 1391 1523 1442 dicatur
1552 1401 1674 1442 cum
1703 1384 2023 1454 Theodoro,

437 1490 545 1540 imo
579 1502 687 1554 prze
713 1485 1021 1548 Theodoro,
1045 1483 1184 1537 sicut
1208 1481 1324 1548 ejus
1351 1480 1624 1547 magister,
1652 1479 1818 1532 fuisse
1846 1476 2029 1544 culpa-

431 1589 546 1641 lus;
583 1587 760 1630 tamen
794 1575 915 1644 quia
953 1575 1032 1628 sic
1061 1590 1182 1626 eum
1214 1570 1385 1641 diligit
1413 1583 1475 1624 ac
1503 1567 1759 1637 prtedicat
1788 1566 1873 1620 vir
1900 1579 2028 1618 sas;-

431 1683 548 1723 ctns
592 1682 645 1725 et
692 1669 880 1723 doctus
930 1667 1183 1731 Basilius,
1207 1674 1261 1720 et
1291 1664 1412 1734 quia
1444 1663 1520 1716 sic
1553 1663 1780 1716 honorat
1809 1668 2028 1728 propter

2122 472 2223 524 ter,
2257 471 2312 516 ιιι
2353 463 2686 530 cognoscatis
2729 459 2976 529 quoniam
3017 469 3070 514 et
3111 460 3522 530 appellationem
3570 463 3712 518 illius

2117 555 2261 620 juste
2282 553 2394 621 ipse
2419 551 2694 619 possidere
2717 550 2892 604 debet.
2923 549 3036 605 Non
3066 563 3178 604 erat
3211 549 3287 605 illi
3313 566 3518 618 mensa,
3539 567 3712 621 neque

2124 645 2324 710 lectus,
2353 658 2524 710 neque
2551 642 2742 695 domus
2773 656 2937 710 Super
2968 649 3202 706 terram;
3243 641 3338 696 sed
3385 659 3559 709 neque
3590 644 3711 699 huic

2123 734 2410 804 aliquando
2441 733 2570 798 fuit;
2601 742 2655 788 et
2685 732 2840 800 hujus
2877 733 2954 787 rei
2985 747 3083 787 nos
3113 741 3279 787 testes
3307 749 3514 800 sumus,
3538 736 3709 805 quali-

2126 832 2208 878 ter
2234 839 2392 877 omne
2423 833 2628 892 tempus
2659 821 2881 887 advixit,
2906 823 3255 890 apostolicam
3283 824 3710 882 demonstravit‘

2129 916 2290 994 vitam
2311 955 2324 980 ,
2356 913 2484 968 nihil
2535 913 2804 983 preprium
2855 913 3091 980 habens,
3123 915 3217 968 sed
3249 932 3278 991 ξι
3309 916 3470 971 sociis
3501 933 3717 987 semper

2129 993 2359 1060 nutritus
2390 1022 2405 1060 :
2439 1007 2552 1073 ipse
2596 1006 2647 1059 in
2677 1005 2922 1059 oratione
2949 993 3004 1060 et
3032 1005 3275 1060 doctrina
3309 1007 3463 1062 Verbi
3499 1024 3716 1076 perma-

2129 1114 2262 1154 nens
2308 1098 2650 1170 prmdicabat.
2701 1097 2792 1152 llle
2837 1109 2982 1151 trans
3033 1096 3249 1152 ﬂuvium
3297 1099 3618 1167 prmdicabat
3663 1101 3719 1156 in

2128 1193 2356 1248 desertis
2409 1210 2421 1245 :
2464 1202 2518 1248 et
2562 1191 2662 1246 iste
2707 1202 2853 1245 trans
2881 1190 3096 1244 fluvium
3129 1191 3413 1260 aliquando
3440 1193 3719 1248 civitatem

2129 1301 2342 1340 onmem
2371 1284 2624 1348 edccens,
2655 1282 2984 1336 salutiferam
3013 1281 3310 1335 doctrinam
3336 1283 3588 1339 ducebat.
3619 1284 3715 1338 lla-

2131 1377 2316 1432 bitavit
2357 1376 2448 1431 ille
2491 1376 2543 1430 in
2592 1374 2855 1440 custodia,
2887 1385 2940 1429 et
2967 1373 3140 1442 capite
3167 1374 3458 1428 diminutas
3485 1385 3569 1429 est
3599 1390 3714 1443 pro-

2130 1483 2251 1541 pter
2277 1469 2523 1523 fiduciam
2552 1484 2708 1538 quam
2741 1481 2838 1535 pro
2869 1467 2983 1536 lege
3013 1465 3242 1522 habebat
3273 1485 3284 1518 :
3312 1466 3406 1520 sed
3433 1467 3592 1521 etiam
3620 1469 3722 1522 ista

2131 1565 2326 1632 sacpius
2373 1562 2462 1616 illa
2511 1559 2676 1630 patria
2726 1559 3000 1614 fraudatus
3041 1567 3154 1623 est,
3206 1567 3419 1627 prepter
3467 1557 3720 1611 fiduciam

2133 1672 2292 1725 quam
2325 1670 2420 1726 pro
2449 1653 2556 1708 fide
2597 1651 2763 1723 gerit;
2796 1651 2991 1719 saepius
3017 1649 3178 1704 etiam
3209 1649 3383 1717 capite
3426 1647 3725 1701 diminutas

430 1761 656 1830 gratiam
691 1759 804 1822 Dei,
834 1773 928 1826 per
959 1773 1117 1826 quam
1154 1757 1367 1825 plurimi
1393 1753 1462 1808 ad
1492 1767 1614 1808 eum
1644 1751 2025 1805 convenientes
2057 1754 2104 1814 Β
2131 1757 2213 1802 est
2243 1756 2460 1816 propter
2489 1744 2733 1799 eamdem
2762 1756 3009 1805 causam,
3036 1740 3138 1795 etsi
3168 1755 3275 1795 non
3315 1753 3373 1794 re
3413 1738 3558 1806 ipsa,
3593 1750 3722 1804 pro-

401 1840 407 1846 ’
433 1851 684 1904 meliores
714 1848 1119 1913 efficiebantur;
1152 1859 1204 1901 et
1230 1845 1353 1916 quia
1385 1847 1582 1913 scripta
1613 1844 1729 1910 ejus
1758 1842 1934 1911 legere
1961 1841 2030 1894 ita

434 1956 598 1994 suave
626 1940 700 1993 illi
733 1951 784 1994 et
815 1940 1042 1993 antabi'e
1073 1939 1188 1998 fuit.
1211 1946 1268 1992 ut
1295 1937 1454 1992 etiam
1484 1951 1545 1990 ea
1576 1934 1678 1990 sibi
1706 1934 2038 1989 describeret

435 2029 501 2083 ad
528 2029 841 2100 legendum;
871 2029 1104 2081 fautores
1129 2027 1502 2081 literelicorum
1525 2040 1646 2079 cum
1677 2024 1788 2077 suis
1815 2022 2034 2091 dogma-

333 2176 344 2186 _
437 2119 576 2172 tibus
604 2132 935 2187 ttequaqttam
967 2116 1223 2170 damnare
1256 2122 1585 2185 praesumunt
1613 2130 1625 2166 :
1659 2114 1827 2168 multo
1855 2112 2035 2166 minus

437 2209 806 2272 Theodorum,
840 2209 909 2262 ob
943 2224 1003 2261 ea
1038 2223 1157 2278 quae
1187 2208 1434 2278 superius
1461 2206 1900 2272 memoravimus,
1930 2203 2034 2259 nisi

442 2301 494 2355 in
543 2300 909 2371 pruijudieiun:
960 2301 1150 2372 synodi
1209 2300 1698 2362 Chalcedonensis,
1747 2315 1869 2360 cum
1926 2298 2037 2354 suis

439 2392 776 2462 dogmatibus
813 2391 1069 2446 damnare
1111 2399 1514 2461 praesumerent.
1543 2391 1824 2461 Agendum
1857 2390 2039 2445 venia-

442 2501 561 2540 mus
579 2495 631 2538 et
649 2486 713 2537 ad
743 2483 872 2537 illud
891 2499 949 2538 os
965 2500 1048 2538 aut
1065 2500 1182 2540 eum
1204 2485 1774 2554 Constautinopolitani
1790 2483 2035 2546 Joannis,

445 2592 602 2648 quem
648 2577 886 2630 Domnus
928 2577 1294 2630 Antiochenus
1335 2577 1641 2644 episcopus,
1671 2575 1806 2628 sicut
1851 2573 1902 2627 in
1950 2588 2038 2628 se-

447 2671 737 2742 quentibus
764 2669 1129 2732 ostendemus,
1156 2665 1474 2735 discipulum
1511 2663 1724 2718 Diodori
1765 2663 1930 2718 fuisse
1959 2675 2040 2718 tc—

448 2773 622 2817 statur
672 2780 684 2816 :
735 2762 786 2816 in
836 2778 942 2832 quo
995 2761 1330 2830 potissimum
1367 2759 1607 2814 doctrina
1643 2759 1768 2812 tanti
1802 2759 2040 2828 magistri

447 2871 560 2911 sua:
588 2854 867 2924 probitatis
897 2869 944 2910 et
983 2853 1194 2907 virtutis
1221 2853 1364 2907 dedit
1393 2853 1671 2917 indicium,
1699 2861 1752 2905 et
1780 2853 1929 2921 cujus
1960 2849 2040 2904 fe-

452 2945 684 3000 cundum
719 2955 901 3015 pectus
943 2943 1242 3013 copiosiore
1292 2946 1404 3014 spei
1439 2945 1630 2999 saturis
1663 2945 1904 2998 ubertate
1951 2959 2040 2997 re-

455 3034 696 3104 spondit,
726 3047 777 3090 ut
810 3035 1019 3106 quantis
1065 3035 1178 3105 ip-e
1205 3050 1415 3105 quoque
1443 3035 1726 3090 Diodorum
1761 3035 2044 3103 prices-niis

2136 1842 2310 1910 posito
2355 1851 2552 1894 tamen.
2587 1837 2702 1891 Non
2753 1836 2896 1890 enim
2940 1833 3202 1888 sufferunt
3239 1831 3478 1886 veritatis
3517 1828 3723 1884 inimici

2135 1932 2252 2001 ejus
2283 1932 2472 2001 linguae
2497 1930 2770 1994 virtutem,
2795 1928 2979 1980 decem
3010 1925 3174 1979 millia
3201 1937 3414 1994 semper
3437 1930 3724 1991 praestrue-

2135 2024 2265 2077 bant
2299 2022 2542 2085 insidias,
2568 2028 2621 2074 et
2651 2035 2714 2074 ex
2744 2018 2991 2072 onmibus
3021 2033 3141 2072 eum
3169 2015 3414 2072 liberavit
3444 2013 3724 2068 Dominus.

2136 2118 2248 2186 Age
2280 2116 2476 2184 itaque,
2497 2112 2608 2182 jam
2640 2111 2871 2181 linguam
2899 2111 3014 2178 ejus
3042 2107 3358 2163 audiamus:
3391 2109 3529 2160 hanc
3556 2107 3725 2176 ipsam

2139 2217 2360 2279 propter
2385 2221 2542 2277 quam
2588 2214 2640 2258 et
2685 2201 3011 2271 periclitatus
3050 2210 3152 2267 est,
3192 2209 3246 2254 et
3289 2198 3545 2253 salvatus.
3579 2197 3724 2250 Illam

2138 2303 2371 2370 linguam
2393 2342 2405 2361 .
2434 2298 2500 2354 de
2529 2312 2628 2367 qua
2663 2298 2706 2350 si
2738 2295 2856 2364 quis
2901 2293 3097 2348 dixerit
3128 2291 3268 2362 quod
3299 2289 3367 2345 de
3395 2297 3536 2345 terra
3586 2305 3727 2360 pro-

2141 2394 2413 2449 missionis
2439 2387 2572 2456 dijit
2598 2389 2834 2458 Moyses,
2867 2386 3170 2440 nullatenus
3197 2392 3400 2453 peccat.
3433 2382 3572 2447 Quid
3602 2397 3729 2450 ergo

2141 2487 2207 2540 de
2228 2487 2319 2541 illa
2337 2483 2504 2537 dixit?
2526 2482 2688 2536 Terra
2715 2478 2886 2533 fluens
2911 2479 3042 2532 laete
3063 2478 3117 2531 et
3138 2477 3296 2530 melle
3321 2493 3334 2527 :
3360 2474 3461 2528 hoc
3479 2473 3638 2529 etiam
3662 2474 3728 2529 de

2143 2580 2292 2634 istius
2317 2579 2492 2647 lingua
2510 2574 2791 2632 dicendum
2816 2581 2916 2642 est,
2934 2571 3077 2641 lingu
3095 2589 3106 2621 l
3131 2570 3299 2624 ﬂuens
3325 2572 3457 2623 lacte
3477 2577 3532 2621 et
3549 2566 3728 2622 uelle.

2145 2671 2214 2727 Ut
2253 2671 2414 2741 igitur
2462 2670 2598 2724 lacte
2639 2675 2694 2722 et
2741 2666 2895 2720 melle
2940 2675 3262 2728 saturemur,
3295 2661 3379 2716 hic
3409 2670 3593 2715 noster
3616 2659 3730 2728 jam

2145 2765 2385 2832 quiescat.
2407 2776 2606 2827 sermo,
2630 2768 2685 2814 et
2705 2760 2981 2812 audiamus
3013 2758 3178 2825 lyram
3206 2767 3258 2808 et
3286 2756 3485 2809 tubam.
3505 2752 3732 2820 Quando

2147 2860 2286 2914 enim
2319 2859 2634 2911 suavitatem
2663 2856 2836 2910 sentio
2863 2853 3167 2916 verborum,
3194 2851 3360 2920 lyram
3391 2849 3604 2917 appello
3633 2848 3733 2901 bu-

2143 2953 2230 3020 jus
2262 2964 2478 3014 VLCCID;
2525 2947 2739 3017 quando
2785 2960 2911 3000 vero
2952 2943 3316 2999 fortitudinem
3349 2941 3734 3011 intelligentia-

2147 3058 2287 3105 rum,
2319 3041 2495 3094 tubun
2527 3037 2810 3109 quamdam
2834 3035 3096 3100 bellicam,
3124 3044 3176 3089 et
3204 3035 3358 3089 talem
3389 3033 3602 3103 qualem
3635 3031 3734 3088 ha-

449 3127 699 3183 extulerit
722 3127 1086 3180 advertamus.
1111 3127 1238 3180 Nam
1271 3126 1346 3182 sic
1375 3127 1440 3181 de
1473 3127 1564 3181 illo
1594 3126 1644 3180 in
1677 3129 1903 3194 quodam
1929 3142 2040 3182 ser-

2151 3137 2347 3190 bebant
2369 3133 2560 3199 Judaei,
2588 3149 2707 3188 cum
2739 3131 2954 3187 Jericho
2984 3144 3165 3185 muros
3192 3129 3547 3183 destruerent.
3580 3128 3736 3180 Sicut

449 3233 606 3276 mone
636 3219 844 3274 locatus
870 3229 951 3274 est
981 3233 996 3272 :
1029 3237 1047 3269 ι
1084 3217 1312 3288 Sapiens
1356 3219 1456 3273 iste
1500 3226 1552 3273 ct
1582 3218 1902 3273 fortissimus
1948 3218 2047 3273 do-

450 3320 587 3375 ctor,
613 3326 779 3380 nuper
804 3310 1116 3364 infirmitate
1146 3312 1387 3379 corporis
1411 3312 1649 3380 exposita
1679 3327 1838 3381 super
1863 3315 2046 3368 sedem

452 3405 608 3459 istam
653 3403 977 3469 ascendens,
1023 3403 1091 3459 de
1131 3420 1215 3458 me
1259 3406 1521 3458 sermonis
1571 3405 1695 3459 fecit
1739 3405 2047 3463 exordium.

456 3496 742 3566 baptistam
773 3512 857 3552 me
883 3496 923 3552 J-
951 3513 1140 3552 annem
1172 3498 1376 3558 dicens,
1406 3507 1460 3552 et
1483 3513 1668 3554 vocem
1701 3498 1975 3567 Ecclesiae,
1996 3508 2051 3554 et

455 3589 655 3658 virgam
685 3588 876 3660 Moysi,
901 3598 954 3644 ct
981 3590 1082 3642 alia
1115 3589 1304 3643 horum
1338 3589 1566 3658 plurima
1597 3590 1665 3645 de
1697 3604 1781 3645 me
1806 3591 1958 3644 dixit.
1983 3591 2050 3645 Et

455 3677 569 3747 ipse
617 3677 832 3750 quidem
884 3678 1138 3745 laudavit,
1174 3695 1269 3734 vos
1315 3690 1494 3736 autem
1542 3681 1905 3736 acclamastis.
1941 3681 2047 3737 Sed

460 3783 562 3840 ego
607 3771 786 3840 procul
819 3770 1034 3836 sedens,
1067 3772 1402 3828 amarissime
1442 3773 1726 3842 suspiravi.
1765 3793 1781 3825 ι
1819 3773 1885 3828 Et
1935 3785 2052 3842 rost

456 3859 768 3928 aliquanta:
799 3878 816 3912 r
847 3860 938 3916 Sic
960 3864 1117 3915 etiam
1144 3862 1493 3932 imperatores
1518 3863 1712 3918 faciunt
1743 3864 2048 3930 aliquttties,

457 3959 516 4004 et
539 3950 637 4006 sibi
671 3963 852 4020 aptum
885 3951 1128 4007 diadema
1158 3954 1479 4020 auferentes,
1507 3955 1740 4011 filiorum
1773 3958 2052 4027 imponunt

464 4043 757 4112 capitibus;
790 4053 948 4113 atque
975 4046 1043 4099 ita
1074 4061 1194 4099 cum
1225 4046 1454 4101 viderint
1481 4048 1660 4102 minus
1692 4049 1931 4104 infantile
1959 4065 2052 4104 ca-

464 4141 560 4202 put
582 4148 742 4202 quam
771 4148 970 4188 corona
1003 4145 1104 4200 est,
1132 4137 1351 4205 cupiunt
1378 4139 1454 4192 eis
1486 4141 1853 4195 tantummodo
1884 4141 2052 4209 impo-

459 4244 608 4294 nere,
637 4231 879 4300 quamvis
920 4233 1230 4301 incongrue,
1261 4248 1328 4288 eo
1371 4235 1486 4303 ipso
1515 4237 1686 4290 solum
1717 4238 2052 4295 satisfacien-

466 4331 546 4376 tes
573 4325 753 4377 animo
779 4339 878 4378 suo
909 4341 923 4377 :
967 4325 1269 4380 auferentes
1297 4326 1516 4392 deinde,
1550 4329 1762 4385 sibimet
1790 4330 1918 4400 ipsis
1946 4333 2050 4386 im-

462 4421 686 4482 ponunt.
728 4415 986 4481 Quoniam
1041 4431 1170 4485 ergo
1216 4425 1273 4471 et
1319 4425 1470 4487 pater
1518 4418 1603 4474 bic
1647 4435 1906 4475 coronam
1952 4422 2053 4477 sibi

2152 3231 2290 3284 cuitu
2323 3238 2448 3284 tunc
2479 3230 2722 3282 tubarutn
2764 3241 2954 3289 sonus,
2991 3226 3110 3294 igne
3148 3223 3378 3278 velocior
3406 3237 3564 3290 super
3594 3221 3736 3289 lapi-

2153 3323 2248 3376 des
2276 3323 2508 3384 irruens,
2527 3321 2704 3374 omnia
2736 3318 3085 3372 consumebat
3114 3334 3127 3369 :
3160 3315 3240 3369 sic
3265 3326 3318 3371 et
3339 3315 3453 3383 ejus
3479 3330 3602 3377 vox,
3628 3329 3738 3368 non

2153 3417 2330 3470 minus
2353 3429 2515 3483 quam
2558 3413 2648 3468 illa
2686 3411 2833 3478 tuba,
2863 3425 3022 3480 super
3057 3408 3330 3462 mohmina
3359 3406 3738 3460 hereticorum

2155 3509 2389 3566 irruens.
2437 3505 2540 3560 hoc
2589 3514 2692 3572 est,
2733 3503 2965 3572 disputat
2989 3515 3119 3556 ones
3166 3485 3375 3555 illorum
3427 3499 3641 3564 evertit,
3683 3509 3739 3553 et

2153 3617 2368 3657 onmem
2408 3600 2741 3654 altitudinem
2784 3597 3125 3652 extollentem
3175 3610 3235 3649 se
3276 3593 3532 3648 adversus
3562 3593 3740 3648 scien-

2154 3701 2280 3748 t;am
2312 3692 2425 3747 Dei.
2451 3690 2601 3758 Quod
2633 3705 2701 3744 ne
2731 3705 2828 3758 per
2857 3698 3089 3744 nostram
3120 3687 3286 3756 magis
3313 3686 3546 3756 linguam
3577 3699 3740 3756 quam

2157 3803 2249 3857 per
2281 3788 2439 3858 hujus
2469 3791 2581 3841 hare
2611 3785 2874 3850 dicamus,
2906 3783 3013 3852 jam
3050 3781 3134 3835 hic
3165 3791 3347 3835 noster
3375 3793 3556 3835 sermo
3586 3779 3742 3847 quie~

2153 3893 2293 3944 seat,
2324 3880 2545 3950 gloriam
2575 3879 2764 3932 dantes
2790 3877 2898 3932 Deo
2934 3877 3066 3930 tales
3095 3875 3248 3930 nobis
3271 3874 3526 3929 tribuenti
3551 3873 3744 3929 docto-

2157 3992 2263 4032 res.
2293 3994 2310 4026 ›
2343 3975 2486 4028 Ilanc
2515 3961 3192 4042 eloquentissimiJoannis
3213 3969 3264 4022 in
3292 3967 3580 4023 Diodorum
3605 3982 3745 4036 pra:-

2155 4070 2363 4136 cipuam
2393 4067 2624 4127 laudem,
2652 4079 2745 4133 per
2767 4079 2924 4133 quam
2959 4063 3110 4116 nobis
3135 4049 3431 4117 doctrinam
3455 4062 3572 4130 ejus
3596 4076 3746 4116 com-

2157 4157 2428 4213 mendavit
2455 4167 2510 4211 et
2533 4157 2716 4219 vitam,
2747 4169 3051 4222 quanquam
3079 4151 3252 4206 minus
3285 4153 3532 4207 decorem
3561 4168 3745 4214 suum,

2160 4264 2252 4318 pro
2290 4247 2608 4301 necessitate
2641 4245 2804 4312 ipsius
2834 4243 3311 4312 iuterprctation’s,
3339 4243 3424 4298 vel
3453 4245 3630 4296 etiam‘
3650 4260 3748 4311 pro

2161 4338 2466 4405 interpretis
2512 4337 2782 4399 facultate,
2814 4334 3138 4398 servaverit;
3183 4336 3314 4388 meis
3364 4342 3544 4388 tame
3590 4333 3750 4401 longe

2159 4428 2452 4500 imparibus
2482 4427 2660 4481 verbis
2688 4425 3068 4481 commendare
3099 4424 3426 4494 superfluum
3457 4435 3605 4492 puto.
3635 4423 3754 4478 lloe

460 4513 854 4571 competentem
886 4517 1047 4576 atque
1075 4507 1348 4563 sedentem
1379 4510 1529 4564 nobis
1559 4511 1832 4580 imposuit,
1862 4523 1913 4568 et
1945 4527 2040 4568 ma-

2161 4526 2330 4578 solutn
2364 4521 2516 4576 nobis
2545 4519 2889 4575 considerare
2919 4518 3171 4582 sufficiat,
3193 4517 3331 4585 quod
3361 4517 3598 4571 Joannes
3624 4532 3752 4570 eum

461 4593 551 4663 jor
579 4604 761 4649 nostro
791 4597 969 4667 capite
998 4598 1273 4668 apparuit;
1302 4615 1365 4655 ex
1401 4615 1582 4655 nostro
1613 4617 1728 4656 eam
1761 4603 1934 4672 capite
1961 4605 2057 4660 de-

465 4685 777 4754 trahentes,
824 4698 1003 4759 aptam
1051 4690 1206 4760 lmjus
1255 4693 1415 4760 patris
1475 4693 1632 4762 capiti
1696 4693 1875 4764 impun
1897 4710 2052 4750 unus.

459 4776 686 4834 Joannis
733 4781 878 4835 enim
929 4797 1126 4836 nomen
1172 4784 1311 4852 apud
1363 4799 1490 4851 nos,
1521 4785 1824 4841 intellectus
1873 4798 2052 4842 autem

459 4873 601 4943 apud
631 4874 806 4942 ipsum
842 4884 953 4939 est;
987 4883 1042 4929 et
1070 4876 1482 4944 appellationem
1513 4879 1728 4949 quidem
1758 4894 1855 4934 nos
1885 4879 2057 4934 susci-

462 4967 668 5033 pimus,
713 4965 1106 5035 philosophiam
1154 4977 1331 5022 autem
1385 4968 1498 5037 ipse
1543 4971 1798 5038 possidet.
1832 4971 2054 5040 Propter

465 5059 567 5114 ltoc
608 5068 664 5114 et
705 5058 868 5129 ipsius
897 5059 1270 5130 appellationis
1294 5059 1490 5130 justior
1516 5063 1682 5131 magis
1713 5064 1824 5133 ipse
1851 5065 1921 5117 sit
1949 5064 2056 5117 lite-

463 5165 554 5203 res
573 5166 730 5219 quam
773 5167 892 5207 nos.
926 5153 1232 5223 Synonynta
1263 5154 1428 5215 enim,
1460 5171 1564 5208 non
1599 5158 1872 5209 nominum
1904 5172 2056 5209 com-

464 5248 670 5311 munio,
697 5250 789 5303 sed
823 5266 1003 5305 rerum
1033 5252 1280 5319 cognatio
1312 5251 1485 5309 facere
1513 5253 1807 5317 consuevit,
1832 5255 1931 5308 etsi
1964 5270 2058 5306 no-

465 5335 606 5390 mina
637 5337 903 5392 differant.
937 5359 956 5392 ι
990 5340 1056 5394 Ει
1085 5340 1218 5395 infra
1249 5359 1261 5394 :
1301 5363 1318 5394 ι
1353 5343 1484 5409 Quia
1529 5359 1656 5414 ergo
1695 5345 2056 5400 indubitanter

465 5432 568 5486 ista
615 5441 699 5487 est
745 5435 949 5502 regula,
997 5445 1050 5490 et
1095 5437 1300 5506 integra
1343 5438 1581 5494 definitio
1628 5455 2050 5512 synonymorum

464 5524 604 5594 apud
650 5523 979 5594 Scripturam
1019 5528 1274 5595 divinam,
1307 5545 1404 5600 age
1447 5533 1790 5588 ostendamus
1820 5533 2053 5602 qualiter

541 5746 560 5779 ⁸
586 5745 716 5803 Cod.
754 5745 976 5812 Veram,
1003 5749 1372 5811 demonstrans.

2160 4616 2405 4684 baptista:
2435 4612 2628 4668 Joanni
2669 4613 3078 4668 conversatione
3123 4626 3185 4665 ac
3231 4612 3486 4680 martyrio
3529 4624 3754 4677 comm-

2161 4721 2307 4773 rans,
2334 4718 2386 4760 et
2414 4721 2566 4760 suum
2598 4708 2794 4759 nomen
2826 4704 2879 4758 in
2903 4703 3050 4757 illum
3083 4703 3349 4757 transtulit
3379 4712 3433 4756 et
3463 4717 3752 4756 coronam.

2158 4797 2258 4863 Qui
2307 4811 2494 4851 rursus
2543 4797 2596 4850 in
2642 4797 2746 4849 alio
2794 4810 3041 4850 sermone
3089 4795 3156 4849 de
3202 4795 3315 4863 ipso
3354 4808 3448 4848 suo
3493 4795 3756 4862 magistro

2161 4887 2390 4943 Diodoro
2435 4889 2611 4943 dixit:
2649 4905 2668 4938 ‹
2705 4887 2818 4940 Non
2865 4886 3155 4954 superflue,
3187 4885 3323 4940 sicut
3362 4892 3605 4954 apparet,
3637 4899 3756 4938 ser-

2158 4995 2347 5036 mones
2386 4980 2621 5049 prolixos
2650 4973 3029 5049 expendimus.
3056 4978 3161 5034 Sed
3198 4980 3340 5032 enim
3371 4979 3756 5058 in_martyrum

2155 5074 2519 5129 celebratione
2550 5087 2958 5126 commonemnr
2981 5072 3140 5125 etiam
3173 5071 3276 5123 vivi
3307 5070 3554 5140 martyris
3583 5070 3757 5122 vieini

2158 5167 2416 5237 martyrio
2461 5165 2700 5219 lltturinis
2746 5163 3060 5230 spiritualis.
3107 5161 3274 5216 Vivus
3319 5168 3403 5214 est
3445 5159 3590 5214 enim
3650 5159 3760 5214 iste

2158 5268 2378 5326 martyr,
2403 5269 2456 5310 et
2485 5264 2704 5326 martyr,
2729 5255 2990 5323 siquidem
3022 5262 3266 5308 mortuus
3295 5259 3376 5306 est
3397 5250 3595 5320 sacpius
3623 5267 3759 5318 pro-

2159 5351 2350 5418 posito.
2377 5349 2567 5403 Videte
2597 5347 2716 5418 ejus
2757 5347 2998 5403 membra
3039 5345 3375 5408 mortiﬁcata,
3407 5347 3583 5399 videte
3614 5345 3759 5411 ligu-

2157 5457 2269 5494 ram
2309 5440 2774 5495 circumferentem
2818 5454 2938 5506 qua:
2987 5445 3113 5493 sunt
3153 5436 3401 5502 hominis,
3430 5444 3488 5491 et
3523 5450 3755 5490 sonsum

2159 5534 2438 5588 habentem
2469 5533 2787 5604 angelicum.
2824 5549 2842 5583 ι
2877 5531 2942 5586 Et
2975 5539 3094 5602 post
3122 5531 3389 5602 aliquanta
3420 5546 3432 5583 :
3470 5548 3487 5580 r
3523 5528 3632 5585 Sed
3667 5543 3759 5584 re-
