3878 6194
170 284 254 341 617

994 282 1124 337 P120
1166 284 1587 339 DEFENSIONE
1628 283 1841 338 TRIUM
1883 281 2191 336 CAPITL'I..
2227 280 2347 333 LIB.
2397 278 2482 335 IV.

3307 275 3410 334 6&8

169 408 410 452 vertamur
437 394 502 450 ad
534 376 821 466 martyrem
872 396 1030 452 istum
1078 398 1270 451 iterum
1316 390 1532 467 propter
1561 415 1717 466 quem
1757 406 1795 458 Α
1830 414 1886 450 ra
1915 399 2125 467 proprie
2153 400 2164 428 ¹
2202 396 2432 461 Domini,
2460 406 2512 450 et
2543 396 2962 449 IleCt‘S‘arilﬂ'IIl"
2996 403 3254 462 quantum
3279 408 3413 461 opus

167 502 207 545 et
234 493 324 543 ista
354 489 611 543 diximus.
636 488 917 555 Quomodo
949 491 1127 558 itaque
1159 501 1401 544 mortuus
1426 500 1509 545 est
1541 493 1725 544 morti-

170 583 306 635 licans
342 580 578 633 membra
610 594 727 646 sua,
753 589 808 636 et
826 582 1146 635 conculcans
1178 595 1380 635 natura:
1411 582 1725 650 cupiditates

168 675 211 727 in
239 674 461 726 humano
490 685 736 740 corpore.
766 682 817 726 et
849 673 1143 741 angelicam
1180 672 1332 726 nobis
1353 674 1726 726 demonstrans

166 762 406 817 ritamlSi
428 775 607 817 autem
634 762 792 815 vultis
818 764 997 817 videre
1019 764 1140 831 quia
1175 775 1224 817 et
1255 780 1310 817 re
1342 763 1454 832 ipsa
1486 775 1726 817 mortuus

168 869 257 919 est,
279 855 629 911 recordamini
659 856 803 909 illius
835 856 1089 924 temporis
1117 856 1328 924 quando
1357 856 1547 909 bellum
1573 870 1728 923 astte-

165 962 260 1000 rem
300 946 555 998 adversus
600 944 893 1000 Ecclesiam
941 956 1335 1010 exsurrexerat,
1367 956 1422 1000 et
1461 949 1729 1002 exercitus

166 1036 512 1099 movebantur,
541 1041 599 1089 et
640 1049 786 1089 arma
838 1037 1293 1105 prccparabantur,
1324 1038 1534 1105 quando
1583 1047 1729 1093 trans

164 1128 355 1184 ﬂuvium
388 1142 579 1182 omnes
609 1129 1088 1198 congregabantur.
1122 1128 1271 1182 Tunc
1302 1130 1414 1197 ipse
1443 1130 1653 1194 exiens,
1677 1139 1731 1185 et

165 1220 284 1272 velut
306 1218 475 1273 turris
505 1229 630 1274 ante
660 1219 851 1288 posita,
880 1220 958 1273 vel
990 1220 1241 1288 scopulus
1271 1220 1484 1289 quidam
1510 1221 1649 1273 altus
1676 1231 1729 1276 et

162 1321 365 1377 magnus
395 1317 521 1361 ante
549 1296 684 1361 alios
722 1316 889 1374 stans,
923 1317 977 1363 et
1005 1309 1398 1363 contrariorum
1432 1310 1730 1379 suscipiens

161 1402 331 1455 ﬂuctus
355 1410 413 1453 et
437 1400 733 1455 resolvens.
762 1400 811 1453 in
844 1402 1227 1469 tranquilli'ate
1255 1411 1504 1455 cmterum
1536 1416 1731 1469 corpus

161 1488 398 1544 Ecclesia:
445 1490 762 1555 custodivit,
807 1492 1173 1560 repercutiens
1224 1504 1627 1562 tempeSIatem,
1679 1503 1733 1548 et

161 1594 404 1650 przestam
429 1583 582 1638 nobis
605 1584 840 1652 quietum
869 1594 1102 1653 portum.
1132 1603 1150 1634 ι
1178 1584 1331 1638 Ilunc
1357 1587 1531 1655 itaque
1554 1586 1730 1639 vivum

162 1686 464 1743 martyrem,
506 1690 570 1728 ac
614 1677 810 1743 saepius
858 1687 1178 1747 martyrem,
1222 1686 1277 1731 et
1324 1678 1733 1732 mortificatione

1827 499 1941 542 erat
1964 489 2203 556 exigebat
2231 503 2568 552 mensuram;
2599 488 3093 557 super-abundanter
3117 496 3293 541 autem
3324 502 3383 539 re

1829 581 2007 649 plebat
2032 581 2351 647 praebentem
2374 579 2472 632 sibi
2499 578 2944 639 benedictionem,
2960 593 2985 628 a
3007 577 3163 631 vidua
3184 580 3202 607 ’
3229 588 3415 645 petens

1832 686 2040 739 panem,
2088 687 2179 738 per
2228 672 2562 723 occasionem
2611 678 2786 723 autem
2837 669 3107 736 petitionis
3156 677 3415 737 prtestans

1829 762 2203 815 abundantiam
2251 760 2636 814 benedictionis
2671 779 2683 812 :
2714 762 2789 813 sic
2820 770 2871 815 et
2904 768 2991 814 tua
3034 759 3415 813 bunurabilitas

1832 863 2068 906 nostram
2097 853 2439 921 exiguitatem
2476 864 2679 920 pett-ns,
2715 854 2881 917 magis
2910 852 3004 905 das
3035 868 3190 921 quam
3224 852 3415 905 sumis.

1831 943 2254 997 Sulnninistrans
2283 944 2518 1012 quidem,
2544 953 2630 996 tua
2677 943 2738 997 ad
2773 944 2940 998 Deum
2972 943 3258 1011 postulatio
3286 958 3415 1009 cap-

1831 1035 1937 1088 saci
1985 1045 2168 1088 nostro
2212 1034 2618 1089 indelicii-ntiam
2660 1050 2721 1090 ex
2759 1050 2919 1102 parvo
2962 1043 3269 1103 prmstat,et
3321 1033 3417 1102 hy-

1833 1126 1961 1178 dria:
1994 1126 2382 1179 imlelicientem
2413 1141 2474 1179 ex
2510 1127 2825 1195 parvissima
2867 1124 3140 1178 cumulum
3173 1122 3413 1192 largitur.

1836 1214 1978 1269 I’etis
2009 1214 2186 1284 itaque
2229 1218 2278 1269 in
2325 1216 2582 1284 principio
2624 1216 2863 1284 epistola:
2910 1224 3036 1275 tum,
3070 1214 3415 1275 honorabilis,

1834 1306 1901 1361 de
1944 1308 2206 1373 lapidibus
2255 1309 2303 1360 in
2349 1308 2594 1361 rationali
2635 1307 3086 1375 superliumeralis
3128 1305 3417 1359 sacerdotis

1833 1412 1999 1468 super
2026 1408 2210 1467 pectus
2237 1400 2413 1453 Aaron
2440 1400 2726 1469 dispositis
2745 1411 2797 1454 et
2824 1400 3055 1459 insertis.
3083 1409 3138 1453 et
3160 1398 3180 1428 ³
3209 1413 3415 1459 eorum,

1835 1499 1891 1545 et
1921 1492 2157 1555 nomina,
2183 1500 2238 1544 et
2264 1492 2500 1559 colores,
2535 1501 2588 1544 et
2618 1491 2845 1558 species,
2874 1499 2925 1544 et
2955 1490 3092 1553 loca,
3122 1498 3175 1539 et
3204 1489 3268 1540 ad
3313 1488 3420 1555 pie-

1838 1590 1998 1635 tatem
2027 1581 2281 1636 ducentes
2313 1582 2547 1649 ipsorum
2582 1582 2815 1650 lapidum
2843 1582 3341 1647 ermtemplatlones,
3365 1588 3421 1633 et

1838 1672 2205 1741 unu3quisque
2247 1671 2379 1738 lapis
2410 1687 2505 1739 pro
2534 1672 2670 1741 quali
2708 1672 2843 1724 tribu
2877 1670 3026 1721 ordin
3051 1680 3151 1721 tua
3190 1682 3335 1729 erat,
3369 1676 3422 1722 et

162 1767 505 1818 membrorum
534 1766 844 1819 continuum
876 1777 1186 1837 martyrem,
1211 1768 1485 1837 solamque
1514 1768 1731 1837 ﬁguram
1771 1788 1813 1847 Β
1842 1764 1983 1819 unde
2013 1764 2261 1818 inventus
2292 1775 2400 1826 est,
2432 1774 2482 1816 et
2513 1779 2574 1817 ex
2610 1777 2711 1831 qua
2746 1761 2934 1828 patria.
2968 1758 3063 1821 Et,
3094 1759 3246 1813 sicuti
3278 1759 3419 1822 dixi,

162 1855 612 1910 circumferentem
656 1856 906 1921 hominis,
938 1859 1099 1910 vitam
1129 1872 1258 1911 vero
1303 1860 1596 1928 angelicam
1640 1863 1733 1917 de-

163 1956 568 2010 moustrantem;
602 1961 763 2014 quem
802 1949 962 2001 etiam
998 1949 1141 2002 velut
1184 1951 1370 2003 turrim
1421 1950 1472 2003 in
1525 1953 1732 2019 praelio,

162 2036 400 2092 adversus
443 2032 692 2091 inimiciis
721 2037 841 2092 ﬁdei
870 2050 1121 2104 stantem,
1153 2048 1209 2094 et
1243 2042 1508 2111 ingentem
1541 2056 1735 2112 scopu-

160 2126 271 2192 lum,
297 2127 538 2182 Joannes
565 2128 685 2197 ejus
712 2115 1006 2199 discipulus
1034 2130 1183 2192 dicit,
1231 2131 1282 2185 in
1326 2146 1484 2199 quem
1522 2142 1727 2187 eontra-

161 2219 337 2271 riorum
368 2218 570 2272 ﬂuctus
618 2219 1012 2273 resolvereittur
1060 2218 1220 2285 illisi;
1264 2219 1503 2287 nunquid
1529 2219 1735 2289 justum

159 2311 437 2376 existimas,
458 2310 547 2380 pie
576 2308 844 2380 princeps,
871 2311 1029 2364 talem
1065 2310 1467 2365 retributionem
1493 2309 1737 2366 laborum

159 2413 203 2455 et
226 2402 577 2457 certaminum
608 2418 828 2456 suorum
872 2402 940 2456 de
982 2401 1180 2457 Christi
1229 2403 1466 2458 Ecclesia
1500 2408 1643 2457 'mer:
1668 2406 1734 2465 ri,

160 2497 290 2549 utab
313 2511 382 2550 ea
412 2496 560 2550 velut
607 2495 890 2549 bmreticus
932 2495 1284 2550 excludatur?
1325 2495 1438 2549 Non
1482 2472 1712 2549 arbitriir

161 2588 213 2641 Et
254 2596 438 2642 timeo
490 2588 542 2641 in
593 2587 958 2655 prmjudicium
1008 2589 1197 2657 synodi
1246 2588 1735 2652 Chalcedonensis,

159 2675 340 2733 idcirco
383 2674 626 2746 jactatur
672 2678 924 2732 exclusus
967 2678 1132 2732 fuisse
1160 2672 1496 2744 Theodorus,
1528 2681 1667 2748 quod
1709 2695 1739 2735 a

158 2768 340 2838 Cyrillo
387 2780 627 2822 sectator
672 2769 792 2837 eius
839 2770 1000 2823 l‘umit
1043 2769 1335 2838 judicatus.
1381 2771 1517 2825 Sunt
1545 2773 1739 2827 adhuc

156 2859 305 2913 multa
357 2873 461 2928 pro
504 2860 697 2913 eodem
729 2869 913 2914 sancto
947 2860 1179 2915 Diodoro
1210 2862 1385 2931 magni
1413 2861 1633 2916 Joannis
1659 2863 1741 2918 di-

155 2961 248 3017 cta,
268 2968 393 3021 qua:
428 2951 493 3005 ad
521 2952 623 3003 alia
656 2960 1003 3020 properantes
1035 2953 1354 3007 omittimus.
1386 2953 1737 3021 Epiphaniam

154 3059 353 3115 quique
368 3042 830 3116 Cyprium,virum
849 3043 1220 3099 doctissimum
1241 3043 1436 3098 scimus
1459 3044 1740 3112 scripsisse

1841 1854 1994 1906 nobis
2023 1852 2232 1920 quidem
2264 1851 2451 1905 harum
2486 1867 2664 1905 rerum
2695 1849 2930 1903 difﬁcilis
2954 1850 3050 1901 fuit
3071 1849 3423 1909 omnino,vel-

1837 1954 1897 1999 ut
1924 1946 1994 1999 illi
2022 1945 2192 1999 vidum
2223 1954 2438 2013 propter
2462 1954 2852 2013 paupertatem,
2877 1942 3128 1995 inventio.
3154 1940 3191 1995 S
3225 1940 3256 1993 d
3288 1942 3424 1997 sicut

1837 2037 1913 2093 illi
1945 2054 2039 2106 per
2071 2038 2501 2092 benedictionem
2535 2039 2851 2091 miraculum
2881 2038 3132 2104 contigit,
3162 2047 3216 2089 et
3242 2036 3424 2089 Sama-

1839 2128 2025 2183 ritana:
2059 2143 2155 2198 pro
2187 2145 2323 2198 aqua
2365 2130 2603 2183 sensibili
2636 2128 2841 2181 Domini
2884 2128 3195 2197 mysterium
3220 2127 3239 2157 ‘
3270 2143 3425 2181 reve-

1838 2219 2044 2274 labatur
2076 2237 2087 2272 :
2123 2223 2198 2274 sic
2226 2231 2280 2273 et
2310 2222 2463 2274 nobis
2502 2222 2708 2290 exiguis
2746 2221 3111 2283 exstantibus,
3146 2219 3239 2273 sed
3289 2234 3424 2272 novo

1838 2310 2111 2367 intellectu
2144 2322 2197 2367 et
2225 2329 2359 2367 nova
2398 2311 2702 2382 cognitione
2732 2320 2787 2366 et
2817 2326 2953 2363 nova
2985 2310 3221 2373 ratione,
3254 2309 3425 2363 abun-

1837 2403 2014 2459 dantia
2046 2405 2281 2473 undique
2310 2404 2495 2459 elTecta
2526 2415 2627 2470 est,
2657 2404 2820 2460 veluti
2851 2419 2915 2460 ex
2954 2420 3143 2474 magna
3175 2404 3426 2460 iml'a‘um

1837 2497 2103 2553 ell’usione
2133 2513 2225 2565 per
2277 2499 2572 2552 Orationem
2630 2497 2757 2551 Elia
2792 2507 2848 2551 et
2883 2497 3109 2551 aliorum
3146 2498 3427 2565 propheta-

1840 2604 1981 2657 rum,
2010 2606 2236 2659 quorum
2270 2600 2323 2644 et
2352 2589 2491 2645 ﬁlius
2517 2597 2571 2644 et
2596 2589 2892 2658 discipulus
2926 2600 2979 2645 et
3006 2604 3289 2644 successor
3314 2590 3428 2644 exi-

1839 2681 1934 2736 stis
1960 2723 1974 2746 ,
2020 2681 2345 2736 honorabilis
2369 2724 2384 2747 ,
2426 2681 2721 2750 suscipiens
2757 2682 3105 2751 proninquam
3138 2681 3244 2735 illis
3284 2682 3421 2735 hanc

1840 2771 2062 2842 gratiam
2112 2785 2143 2824 a
2193 2771 2439 2837 Domino,
2486 2780 2541 2826 et
2584 2771 2733 2826 nobis
2779 2787 2873 2840 per
2926 2772 3222 2826 orationem
3272 2771 3429 2827 attri~

1840 2862 2026 2916 buens.
2068 2880 2087 2914 ι
2123 2860 2239 2915 Non
2273 2862 2422 2929 parvi
2465 2872 2607 2917 esset
2632 2862 2814 2916 indicii
2839 2906 2852 2929 ,
2887 2863 3303 2917 clementiss‘me
3331 2862 3428 2914 im-

1842 2961 2076 3021 perator,
2122 2952 2202 3005 vel
2246 2952 2291 3007 si
2341 2952 2567 3007 aliorum
2611 2953 2825 3006 Patrum
2879 2954 3182 3008 testimonia
3229 2953 3430 3008 defuis—

1840 3052 1956 3097 sent
1981 3042 2023 3107 ⁸,
2049 3042 2245 3097 nullius
2274 3052 2546 3097 auctorem
2579 3044 2799 3097 haeresis
2817 3044 3085 3098 exstitisse
3110 3043 3425 3107 Diodorum,

155 3140 215 3192 tle
253 3137 559 3192 haeresibus
608 3135 802 3198 libros,
840 3135 895 3188 in
937 3136 1131 3202 quibus
1172 3144 1226 3189 et
1264 3146 1509 3191 auctores
1552 3152 1736 3191 earum
1764 3161 1810 3223 ο
1842 3134 1983 3204 quod
2021 3148 2143 3188 eum
2179 3133 2531 3204 Epiphanius,
2558 3133 2638 3186 vir
2664 3134 3041 3203 sagacissimus
3070 3144 3117 3188 et
3153 3135 3203 3187 in
3234 3134 3428 3188 doctri-

158 3236 201 3278 et
216 3240 414 3280 causas
436 3225 721 3294 diligenter
746 3225 1078 3294 exposuit,et
1111 3240 1215 3279 non
1248 3227 1417 3280 solum
1448 3227 1735 3283 Diodorum

160 3317 286 3369 velut
330 3327 621 3370 auctorem
671 3316 895 3383 alicujus
948 3316 1166 3370 hauesis
1197 3317 1413 3372 minime
1444 3319 1735 3387 denotavit,

157 3416 329 3458 verum
352 3406 528 3459 etiam
561 3405 836 3459 in—litteris
859 3408 968 3460 suis
1000 3407 1086 3458 tali
1118 3420 1238 3460 eum
1273 3407 1473 3462 honore
1495 3409 1740 3478 dignatus

156 3503 246 3556 est,
267 3505 329 3549 ut
378 3495 554 3547 lilium
610 3508 731 3548 eum
784 3503 840 3549 et
886 3495 1208 3564 discipulum
1266 3504 1320 3549 et
1374 3511 1740 3551 successorem

158 3584 274 3637 Elia:
289 3586 642 3654 aliorumque
661 3586 1037 3652 prephetarum
1055 3586 1438 3652 primuntiaret,
1459 3599 1508 3641 et
1530 3602 1743 3657 propin-

154 3690 299 3744 qnam
352 3676 469 3730 illis
516 3690 549 3729 a
599 3676 823 3730 Doniino
866 3676 1090 3744 gratiam
1128 3677 1332 3731 diceret
1370 3688 1739 3732 consecutum.

157 3766 299 3823 Unde
344 3767 683 3823 conveniens
713 3765 917 3821 tidetur
950 3776 1012 3820 ut
1044 3769 1162 3831 hoc,
1192 3768 1329 3821 sicut
1375 3768 1425 3819 in
1472 3768 1590 3822 aliis
1619 3767 1746 3820 Ieci-

154 3874 283 3926 taus,
314 3878 384 3916 ex
428 3859 674 3929 epistola:
718 3859 886 3926 ipsius
935 3870 1117 3914 tenore
1170 3868 1547 3914 monstremus.
1577 3878 1597 3911 σ
1635 3861 1744 3914 Do-

155 3950 290 4003 mino
322 3966 459 4004 niteo
492 3949 793 4003 lmuorabili
836 3950 985 4003 fratri
1015 3960 1068 4003 et
1094 3952 1460 4006 consacerdoti
1491 3951 1743 4013 Diodoro,

152 4041 365 4095 amabili
407 4042 689 4108 episcopo,
719 4040 1043 4110 Epiphanius
1071 4050 1093 4077 ι
1125 4042 1174 4094 in
1223 4041 1448 4095 Domino
1493 4044 1741 4098 salutem.

153 4129 389 4186 Gratiam
430 4132 690 4200 majorem
726 4143 1003 4199 praestans,
1033 4146 1191 4200 quam
1220 4134 1504 4200 accipiens,
1535 4134 1747 4201 petebat

152 4221 419 4277 Dominus
452 4237 484 4274 a
511 4221 846 4276 Samaritana
873 4238 1064 4290 aquam
1096 4222 1277 4276 bibere
1309 4238 1321 4275 :
1358 4225 1468 4291 ipse
1499 4223 1619 4277 fons
1643 4239 1746 4277 οι·

152 4320 317 4375 setas,
346 4314 510 4379 juxta
563 4320 775 4379 puteum
826 4312 1067 4375 sedebat,
1103 4323 1157 4366 et
1188 4312 1430 4380 latiga:u~
1461 4327 1525 4367 ex
1558 4314 1749 4367 itinere

156 4401 556 4464 eueniet-amr,
585 4413 641 4455 ut
670 4412 1063 4470 consequenter
1088 4402 1333 4469 presenti
1362 4417 1629 4467 sermone,
1664 4404 1713 4456 in
1732 4435 1748 4445 -

151 4494 492 4547 turbationis
524 4509 629 4547 non
661 4495 946 4547 excederet
973 4496 1269 4547 veritatem.
1308 4512 1328 4546 ι
1372 4494 1436 4547 Et
1466 4503 1583 4561 pust
1614 4510 1746 4562 pau-

153 4582 320 4639 lulum
361 4602 376 4637 :
421 4602 444 4635 ι
480 4585 584 4638 Sed
613 4585 773 4638 etiam
806 4583 924 4653 ejus
953 4583 1197 4652 discipuli
1228 4593 1281 4637 et
1308 4583 1466 4647 servi,
1496 4598 1525 4637 a
1554 4583 1746 4647 quibus

148 4681 349 4746 aliquid
388 4679 666 4747 petebant,
695 4676 861 4744 Inagis
889 4678 968 4729 eis
994 4677 1190 4729 dabant
1217 4691 1375 4744 quam
1416 4677 1751 4745 accipiebant

148 4772 211 4823 ab
240 4769 329 4826 eis
364 4787 383 4826 :
416 4783 470 4827 et
498 4770 869 4839 alloquebatur
920 4769 1132 4839 quidem
1174 4768 1336 4834 Elius,
1359 4768 1450 4838 qui
1479 4777 1596 4822 erat
1622 4769 1753 4837 ligno

215 5007 245 5037 ⁸
278 5000 430 5053 llinc
459 4999 627 5068 liquet
668 4997 734 5050 ad
788 4993 1072 5068 Diodotum
1120 4992 1448 5068 Tarsensem
1489 4991 1745 5068 scriptum

145 5072 317 5126 luisse
352 5074 429 5121 alt
458 5061 749 5137 Epiphanio
790 5066 1027 5138 liltrllunt
1058 5067 1178 5138 περὶ
1214 5061 1541 5138 grauidam
1569 5063 1746 5138 ᾼίθων,

146 5144 211 5193 de
243 5131 594 5193 Geminis.”
621 5141 780 5190 vestis
808 5136 1106 5197 Aaronicm,
1125 5131 1184 5185 'et
1213 5134 1389 5184 libello
1419 5131 1749 5198 praemissam

142 5212 287 5265 hanc
334 5210 629 5275 epistolam
676 5225 692 5261 :

142 5284 196 5335 ita
223 5272 483 5348 volgatis
510 5295 630 5331 cum
662 5272 815 5330 nudo
836 5275 1049 5348 nomine
1082 5272 1319 5348 Diodori.

222 5351 252 5387 ³
289 5337 565 5406 linteam
610 5352 895 5415 episcopus
920 5344 1134 5413 Aigypti
1180 5343 1277 5396 sub
1309 5341 1566 5404 Valente,
1598 5337 1752 5392 Aria-

218 5546 239 5575 ⁸
269 5547 434 5604 Cod.
457 5546 671 5609 Verum,
695 5545 903 5616 prOprii.

211 5623 235 5652 ¹
270 5620 446 5672 Idem
472 5616 613 5679 cod.,
638 5631 670 5667 α
695 5613 848 5667 uidua
876 5613 1096 5682 quidem.

213 5689 240 5720 ⁸
276 5688 450 5742 Idem
476 5688 619 5751 0041.,
644 5695 697 5738 ut
720 5700 916 5737 eorum.

210 5760 238 5791 ⁸
265 5760 447 5814 Idem
470 5756 613 5827 cnd.,
638 5759 827 5807 donum
859 5751 1227 5822 mysteriorum.

462 5846 720 5907 Panot.
768 5841 1020 5902 LXVII.

1777 4545 1828 4604 D

737 5210 891 5273 cujus
921 5204 1231 5273 lmdtepars
1260 5211 1477 5269 tantum_
1494 5200 1635 5254 edita
1667 5208 1751 5252 est

1843 3242 1907 3281 na
1947 3227 2222 3281 catholicae
2264 3226 2384 3280 ﬁdei
2415 3226 2751 3280 laudabiliter
2778 3226 3081 3279 dilTatnatzts
3102 3267 3117 3289 ,
3149 3241 3252 3279 non
3313 3241 3427 3279 me-

1843 3316 2133 3371 moraverit
2182 3316 2321 3370 inter
2370 3316 2783 3372 haeresiarchas.
2834 3318 3048 3385 quando
3095 3332 3266 3382 neque
3311 3316 3429 3371 illos

1842 3409 1930 3477 qui
1967 3416 2090 3461 ante
2116 3410 2408 3461 adventum
2444 3408 2650 3462 Domini
2683 3421 2845 3461 novas
2884 3406 3153 3461 doctrinas
3184 3408 3427 3462 institue-

1844 3506 1968 3552 runt
1998 3539 2012 3563 ,
2037 3497 2299 3552 omiserit.
2333 3497 2465 3552 Cum
2505 3512 2633 3567 ergo
2665 3508 2803 3551 lanta
2838 3498 2993 3552 fuerit
3019 3498 3279 3551 industria
3310 3500 3426 3564 ejus

1844 3597 2005 3659 atque
2030 3589 2278 3653 scientia,
2309 3599 2365 3642 ut
2403 3589 2650 3657 antiquos
2674 3589 2835 3643 etiam
2866 3589 2953 3656 qui
2981 3590 3309 3658 temporibus
3336 3589 3431 3642 ιιι-

1846 3679 2087 3733 deorum
2136 3694 2270 3733 nova
2321 3680 2619 3733 docnerunt
2649 3718 2665 3743 ,
2718 3679 2997 3732 haereticos
3044 3694 3148 3732 non
3201 3689 3428 3742 taceret;

1846 3768 2114 3837 quomodo
2139 3779 2457 3837 praesentem
2490 3767 2781 3821 Diodorum
2820 3769 3135 3837 magistrum
3168 3768 3436 3822 Theodori

1848 3859 2175 3927 prmteriret,
2207 3860 2250 3914 si
2291 3875 2441 3913 novre
2473 3859 2731 3913 doctrinae
2756 3874 2911 3928 quam
2955 3858 3229 3913 Nestorius
3274 3875 3431 3912 secu-

1848 3961 1933 4005 tus
1972 3960 2055 4005 est
2078 3992 2092 4014 ,
2127 3949 2319 4004 fuisset
2365 3950 2654 4004 inventor?
2685 3950 2860 4018 Super
2891 3950 3006 4004 hanc
3036 3961 3210 4004 autem
3248 3950 3433 4019 adjici-

1850 4054 1968 4093 mus
1994 4040 2157 4094 etiam
2210 4040 2584 4109 episcoporum
2620 4038 2995 4110 Egyptiorum
3022 4042 3108 4109 qui
3141 4043 3192 4094 in
3228 4043 3430 4095 Diocaz-

1850 4144 2002 4185 sarea
2028 4129 2343 4185 exsulabant
2376 4129 2401 4167 δ
2434 4130 2533 4183 sub
2561 4128 2788 4184 Valente
2816 4130 3156 4198 imperatore,
3184 4145 3432 4200 magnum

1850 4235 1946 4290 pro
1978 4231 2163 4276 sancto
2194 4220 2429 4275 Diodoro
2451 4222 2837 4276 testimonium.
2869 4222 2998 4275 Nam
3031 4237 3151 4275 cum
3176 4225 3435 4276 adversus

1850 4312 2210 4380 Apollinarem
2262 4312 2561 4366 scriberent
2619 4312 2870 4366 monachi
2919 4312 2970 4365 in
3026 4311 3191 4365 Nitria
3248 4313 3436 4367 ουιιεεί-

1850 4403 1948 4457 tuti
1980 4402 2021 4465 ⁸,
2053 4402 2166 4456 hzec
2193 4412 2311 4471 post
2336 4403 2605 4471 aliquanta
2633 4401 2886 4457 dixerunt
2913 4419 2928 4458 :
2966 4420 2985 4454 ε
3024 4403 3281 4457 Mirabilis
3307 4419 3436 4458 Yrru

1851 4494 2212 4564 Apollinarius
2233 4494 2364 4549 tales
2416 4495 2619 4548 litteras
2658 4509 2725 4549 ex
2780 4496 2994 4555 nomine
3025 4505 3211 4550 nostro
3263 4498 3436 4549 susei-

1857 4587 2048 4654 pieus.
2100 4584 2395 4653 suscipiens
2440 4587 2601 4640 etiam
2657 4594 2712 4639 et
2758 4587 3025 4655 propriam
3052 4588 3333 4655 epistolam
3386 4589 3436 4639 in

1859 4680 2076 4731 nomine
2123 4676 2350 4744 Adelphi
2387 4684 2441 4730 et
2491 4677 2710 4737 ls‘dori,
2752 4675 2902 4745 juxta
2936 4688 3114 4731 votum
3145 4692 3329 4738 suum,
3384 4678 3436 4729 in

1862 4776 2067 4822 tantum
2100 4783 2198 4821 nos
2224 4770 2588 4837 contempsit,
2635 4776 2696 4821 ut
2725 4770 2837 4838 ipse
2870 4779 3051 4837 postea
3088 4768 3308 4823 auderet
3326 4768 3437 4818 suis

1855 5006 2041 5045 uorum
2069 4991 2295 5057 impulsu
2314 5032 2329 5055 ,
2367 4991 2536 5061 Magni
2565 4990 2701 5044 comi
2734 4991 2773 5041 is
2798 5003 3064 5042 sacrarum
3090 4987 3435 5061 largitionum

1853 5078 2011 5127 Opera
2046 5064 2094 5113 itt
2127 5063 2376 5115 exsilium
2402 5058 2602 5128 ejet'tos
2626 5102 2642 5126 ,
2669 5077 2730 5111 at:
2758 5061 3096 5128 Diuca'sareae
3120 5058 3316 5123 Oppido
3342 5059 3437 5111 l’a.

1856 5132 2077 5184 ltestinze
2124 5132 2367 5185 habitare
2407 5127 2610 5200 jussits,
2650 5145 2748 5182 auc
2774 5144 2834 5180 or
2854 5139 2942 5200 est
2982 5127 3168 5179 I’etrus
3202 5128 3435 5180 Alexan-

1855 5203 2057 5261 drinus,
2086 5203 2139 5255 in
2170 5196 2425 5269 epistola'
2448 5200 2729 5264 circulari,
2782 5196 2953 5269 Cujus
2990 5206 3192 5261 partem
3245 5200 3438 5253 reeitat

1854 5266 2226 5327 Theodoretus
2255 5272 2346 5324 lib.
2384 5286 2431 5323 tv
2465 5270 2732 5333 lliSlOrlw,
2755 5282 2872 5335 cap.
2894 5266 2983 5322 20.

1928 5533 1949 5563 '
1977 5530 2107 5583 Cod.
2133 5530 2353 5593 Veram,
2386 5530 2526 5582 nobis
2567 5530 2866 5598 defuissent.

1930 5602 1952 5633 ⁸
1994 5602 2158 5655 Idem.
2189 5603 2334 5663 cod.,
2366 5600 2627 5653 monachis
2680 5604 2731 5652 in
2785 5598 2959 5653 Nitria
2989 5603 3294 5654 const'tutis.
3344 5602 3438 5656 llis

1853 5672 2004 5726 enim
2051 5675 2293 5724 scribunt
2338 5670 2572 5741 epismpi
2604 5671 2836 5741 [Egyptii
2878 5672 2928 5724 in
2975 5673 3298 5727 ltinearsarca
3338 5677 3442 5726 sub

1866 5743 2082 5800 Valente
2117 5742 2439 5797 cxsulames.

3384 5888 3407 5907 θ’
