  <div class='ocr_page' id='page_1' title='image "/cluster/home/n/w/nwhite01/storage/ocr_20150623/67/hvd.32044073505273/317.png"; bbox 0 0 3962 6196; ppageno 0'>
   <div class='ocr_carea' id='block_1_1' title="bbox 448 329 547 388">
    <p class='ocr_par' dir='ltr' id='par_1_1' title="bbox 448 329 547 388">
     <span class='ocr_line' id='line_1_1' title="bbox 448 329 547 388; baseline 0.071 -7"><span class='ocrx_word' id='word_1_1' title='bbox 448 329 547 388; x_wconf 64' lang='lat' dir='ltr'><strong>Cl?)</strong></span> 
     </span>
    </p>
   </div>
   <div class='ocr_carea' id='block_1_2' title="bbox 1573 334 2657 392">
    <p class='ocr_par' dir='ltr' id='par_1_2' title="bbox 1573 334 2657 392">
     <span class='ocr_line' id='line_1_2' title="bbox 1573 334 2657 392; baseline 0.001 -2"><span class='ocrx_word' id='word_1_2' title='bbox 1573 336 1861 391; x_wconf 75' lang='lat' dir='ltr'><strong>FAl.U.\Dl</strong></span> <span class='ocrx_word' id='word_1_3' title='bbox 1909 334 2106 389; x_wconf 67' lang='lat' dir='ltr'><strong>lil‘lSll.</strong></span> <span class='ocrx_word' id='word_1_4' title='bbox 2159 335 2657 392; x_wconf 59' lang='lat' dir='ltr'><strong>llEliTiilANiziVSlS</strong></span> 
     </span>
    </p>
   </div>
   <div class='ocr_carea' id='block_1_3' title="bbox 3630 351 3737 405">
    <p class='ocr_par' dir='ltr' id='par_1_3' title="bbox 3630 351 3737 405">
     <span class='ocr_line' id='line_1_3' title="bbox 3630 351 3737 405; baseline 0.009 -1"><span class='ocrx_word' id='word_1_5' title='bbox 3630 351 3737 405; x_wconf 63' lang='lat'><strong>620</strong></span> 
     </span>
    </p>
   </div>
   <div class='ocr_carea' id='block_1_4' title="bbox 440 447 3733 529">
    <p class='ocr_par' dir='ltr' id='par_1_4' title="bbox 440 447 3733 529">
     <span class='ocr_line' id='line_1_4' title="bbox 440 447 3733 529; baseline 0.007 -31"><span class='ocrx_word' id='word_1_6' title='bbox 440 449 637 503; x_wconf 50' lang='lat' dir='ltr'><strong>litteris</strong></span> <span class='ocrx_word' id='word_1_7' title='bbox 663 464 853 504; x_wconf 81' lang='lat' dir='ltr'><strong>accusa</strong></span> <span class='ocrx_word' id='word_1_8' title='bbox 886 447 1456 518; x_wconf 74' lang='lat' dir='ltr'><strong>eirrcprcheusibilcm</strong></span> <span class='ocrx_word' id='word_1_9' title='bbox 1486 460 1536 502; x_wconf 88' lang='lat' dir='ltr'><strong>et</strong></span> <span class='ocrx_word' id='word_1_10' title='bbox 1568 450 2028 520; x_wconf 77' lang='lat' dir='ltr'><strong>religios’ssiutuui</strong></span> <span class='ocrx_word' id='word_1_11' title='bbox 2064 456 2103 511; x_wconf 73' lang='grc' dir='ltr'><strong>Α</strong></span> <span class='ocrx_word' id='word_1_12' title='bbox 2138 448 2422 502; x_wconf 54' lang='lat' dir='ltr'><strong>haereticos</strong></span> <span class='ocrx_word' id='word_1_13' title='bbox 2465 451 2816 517; x_wconf 86' lang='lat' dir='ltr'><strong>memoravit,</strong></span> <span class='ocrx_word' id='word_1_14' title='bbox 2862 453 2952 523; x_wconf 87' lang='lat' dir='ltr'><strong>qui</strong></span> <span class='ocrx_word' id='word_1_15' title='bbox 2984 454 3052 510; x_wconf 84' lang='lat' dir='ltr'><strong>de</strong></span> <span class='ocrx_word' id='word_1_16' title='bbox 3106 458 3404 529; x_wconf 87' lang='lat' dir='ltr'><strong>Scripturis</strong></span> <span class='ocrx_word' id='word_1_17' title='bbox 3447 465 3651 520; x_wconf 85' lang='lat' dir='ltr'><strong>sanctis</strong></span> <span class='ocrx_word' id='word_1_18' title='bbox 3680 468 3733 522; x_wconf 90' lang='lat' dir='ltr'><strong>in</strong></span> 
     </span>
    </p>
   </div>
   <div class='ocr_carea' id='block_1_5' title="bbox 449 540 2034 613">
    <p class='ocr_par' dir='ltr' id='par_1_5' title="bbox 449 540 2034 613">
     <span class='ocr_line' id='line_1_5' title="bbox 449 540 2034 613; baseline 0.004 -24"><span class='ocrx_word' id='word_1_19' title='bbox 449 540 907 609; x_wconf 83' lang='lat' dir='ltr'><strong>archiepiscopum</strong></span> <span class='ocrx_word' id='word_1_20' title='bbox 950 540 1249 594; x_wconf 76' lang='lat' dir='ltr'><strong>Antiochia:</strong></span> <span class='ocrx_word' id='word_1_21' title='bbox 1296 541 1616 609; x_wconf 77' lang='lat' dir='ltr'><strong>Paulinum,</strong></span> <span class='ocrx_word' id='word_1_22' title='bbox 1675 542 1764 613; x_wconf 89' lang='lat' dir='ltr'><strong>qtti</strong></span> <span class='ocrx_word' id='word_1_23' title='bbox 1821 556 2034 611; x_wconf 81' lang='lat' dir='ltr'><strong>semper</strong></span> 
     </span>
    </p>
   </div>
   <div class='ocr_carea' id='block_1_6' title="bbox 445 631 2035 701">
    <p class='ocr_par' dir='ltr' id='par_1_6' title="bbox 445 631 2035 701">
     <span class='ocr_line' id='line_1_6' title="bbox 445 631 2035 701; baseline 0.003 -18"><span class='ocrx_word' id='word_1_24' title='bbox 445 631 860 685; x_wconf 71' lang='lat' dir='ltr'><strong>communicavit</strong></span> <span class='ocrx_word' id='word_1_25' title='bbox 915 642 995 686; x_wconf 89' lang='lat' dir='ltr'><strong>ter</strong></span> <span class='ocrx_word' id='word_1_26' title='bbox 1042 631 1196 685; x_wconf 93' lang='lat' dir='ltr'><strong>beato</strong></span> <span class='ocrx_word' id='word_1_27' title='bbox 1226 646 1373 701; x_wconf 67' lang='lat' dir='ltr'><strong>papa:</strong></span> <span class='ocrx_word' id='word_1_28' title='bbox 1406 641 1604 689; x_wconf 80' lang='lat' dir='ltr'><strong>nostro</strong></span> <span class='ocrx_word' id='word_1_29' title='bbox 1651 632 1943 687; x_wconf 87' lang='lat' dir='ltr'><strong>Athanasio</strong></span> <span class='ocrx_word' id='word_1_30' title='bbox 1982 644 2035 687; x_wconf 91' lang='lat' dir='ltr'><strong>ct</strong></span> 
     </span>
    </p>
   </div>
   <div class='ocr_carea' id='block_1_7' title="bbox 447 722 2033 795">
    <p class='ocr_par' dir='ltr' id='par_1_7' title="bbox 447 722 2033 795">
     <span class='ocr_line' id='line_1_7' title="bbox 447 722 2033 795; baseline 0.004 -22"><span class='ocrx_word' id='word_1_31' title='bbox 447 724 694 776; x_wconf 86' lang='lat' dir='ltr'><strong>omnibus</strong></span> <span class='ocrx_word' id='word_1_32' title='bbox 724 724 775 776; x_wconf 92' lang='lat' dir='ltr'><strong>in</strong></span> <span class='ocrx_word' id='word_1_33' title='bbox 824 722 1111 778; x_wconf 78' lang='lat' dir='ltr'><strong>Occidente</strong></span> <span class='ocrx_word' id='word_1_34' title='bbox 1162 724 1477 778; x_wconf 73' lang='lat' dir='ltr'><strong>ortliodoxis</strong></span> <span class='ocrx_word' id='word_1_35' title='bbox 1526 726 1813 795; x_wconf 70' lang='lat' dir='ltr'><strong>cpi~copis.</strong></span> <span class='ocrx_word' id='word_1_36' title='bbox 1870 725 2033 780; x_wconf 89' lang='lat' dir='ltr'><strong>Nobis</strong></span> 
     </span>
    </p>
   </div>
   <div class='ocr_carea' id='block_1_8' title="bbox 445 816 2034 883">
    <p class='ocr_par' dir='ltr' id='par_1_8' title="bbox 445 816 2034 883">
     <span class='ocr_line' id='line_1_8' title="bbox 445 816 2034 883; baseline 0.008 -21"><span class='ocrx_word' id='word_1_37' title='bbox 445 823 622 866; x_wconf 83' lang='lat' dir='ltr'><strong>autem</strong></span> <span class='ocrx_word' id='word_1_38' title='bbox 654 829 716 868; x_wconf 84' lang='lat' dir='ltr'><strong>ex</strong></span> <span class='ocrx_word' id='word_1_39' title='bbox 747 816 1058 882; x_wconf 90' lang='lat' dir='ltr'><strong>acceptione</strong></span> <span class='ocrx_word' id='word_1_40' title='bbox 1091 817 1273 869; x_wconf 86' lang='lat' dir='ltr'><strong>talium</strong></span> <span class='ocrx_word' id='word_1_41' title='bbox 1299 817 1595 872; x_wconf 81' lang='lat' dir='ltr'><strong>litterarum</strong></span> <span class='ocrx_word' id='word_1_42' title='bbox 1627 820 1935 883; x_wconf 77' lang='lat' dir='ltr'><strong>commotis,</strong></span> <span class='ocrx_word' id='word_1_43' title='bbox 1981 828 2034 874; x_wconf 89' lang='lat' dir='ltr'><strong>et</strong></span> 
     </span>
    </p>
   </div>
   <div class='ocr_carea' id='block_1_9' title="bbox 446 904 2033 968">
    <p class='ocr_par' dir='ltr' id='par_1_9' title="bbox 446 904 2033 968">
     <span class='ocr_line' id='line_1_9' title="bbox 446 904 2033 968; baseline 0.009 -14"><span class='ocrx_word' id='word_1_44' title='bbox 446 904 767 958; x_wconf 79' lang='lat' dir='ltr'><strong>habentibus</strong></span> <span class='ocrx_word' id='word_1_45' title='bbox 807 906 873 959; x_wconf 91' lang='lat' dir='ltr'><strong>de</strong></span> <span class='ocrx_word' id='word_1_46' title='bbox 930 915 1176 959; x_wconf 70' lang='lat' dir='ltr'><strong>arcusato</strong></span> <span class='ocrx_word' id='word_1_47' title='bbox 1214 907 1295 960; x_wconf 81' lang='lat' dir='ltr'><strong>vel</strong></span> <span class='ocrx_word' id='word_1_48' title='bbox 1350 910 1568 963; x_wconf 66' lang='lat' dir='ltr'><strong>haeresis</strong></span> <span class='ocrx_word' id='word_1_49' title='bbox 1611 911 1693 965; x_wconf 82' lang='lat' dir='ltr'><strong>vel</strong></span> <span class='ocrx_word' id='word_1_50' title='bbox 1722 911 2033 968; x_wconf 87' lang='lat' dir='ltr'><strong>scltismatis</strong></span> 
     </span>
    </p>
   </div>
   <div class='ocr_carea' id='block_1_10' title="bbox 444 996 2030 1066">
    <p class='ocr_par' dir='ltr' id='par_1_10' title="bbox 444 996 2030 1066">
     <span class='ocr_line' id='line_1_10' title="bbox 444 996 2030 1066; baseline 0.006 -20"><span class='ocrx_word' id='word_1_51' title='bbox 444 996 836 1063; x_wconf 72' lang='lat' dir='ltr'><strong>suspicionem,</strong></span> <span class='ocrx_word' id='word_1_52' title='bbox 887 1011 1029 1066; x_wconf 67' lang='lat' dir='ltr'><strong>sarpe</strong></span> <span class='ocrx_word' id='word_1_53' title='bbox 1060 999 1399 1053; x_wconf 76' lang='lat' dir='ltr'><strong>volueramus</strong></span> <span class='ocrx_word' id='word_1_54' title='bbox 1446 999 1519 1053; x_wconf 91' lang='lat' dir='ltr'><strong>illi</strong></span> <span class='ocrx_word' id='word_1_55' title='bbox 1574 1002 1890 1055; x_wconf 81' lang='lat' dir='ltr'><strong>rescribere.</strong></span> <span class='ocrx_word' id='word_1_56' title='bbox 1925 1002 2030 1058; x_wconf 90' lang='lat' dir='ltr'><strong>Sed</strong></span> 
     </span>
    </p>
   </div>
   <div class='ocr_carea' id='block_1_11' title="bbox 447 1089 2033 1161">
    <p class='ocr_par' dir='ltr' id='par_1_11' title="bbox 447 1089 2033 1161">
     <span class='ocr_line' id='line_1_11' title="bbox 447 1089 2033 1161; baseline 0.008 -23"><span class='ocrx_word' id='word_1_57' title='bbox 447 1089 569 1140; x_wconf 69' lang='lat' dir='ltr'><strong>ilum</strong></span> <span class='ocrx_word' id='word_1_58' title='bbox 630 1089 743 1141; x_wconf 82' lang='lat' dir='ltr'><strong>haec</strong></span> <span class='ocrx_word' id='word_1_59' title='bbox 796 1098 1044 1158; x_wconf 80' lang='lat' dir='ltr'><strong>aguntur,</strong></span> <span class='ocrx_word' id='word_1_60' title='bbox 1113 1105 1178 1143; x_wconf 81' lang='lat' dir='ltr'><strong>ex</strong></span> <span class='ocrx_word' id='word_1_61' title='bbox 1225 1091 1624 1161; x_wconf 64' lang='lat' dir='ltr'><strong>dispensatione</strong></span> <span class='ocrx_word' id='word_1_62' title='bbox 1676 1095 1770 1149; x_wconf 88' lang='lat' dir='ltr'><strong>Dei</strong></span> <span class='ocrx_word' id='word_1_63' title='bbox 1821 1094 2033 1151; x_wconf 87' lang='lat' dir='ltr'><strong>demun-</strong></span> 
     </span>
    </p>
   </div>
   <div class='ocr_carea' id='block_1_12' title="bbox 444 1182 2033 1256">
    <p class='ocr_par' dir='ltr' id='par_1_12' title="bbox 444 1182 2033 1256">
     <span class='ocr_line' id='line_1_12' title="bbox 444 1182 2033 1256; baseline 0.009 -25"><span class='ocrx_word' id='word_1_64' title='bbox 444 1190 626 1233; x_wconf 74' lang='lat' dir='ltr'><strong>stratte</strong></span> <span class='ocrx_word' id='word_1_65' title='bbox 655 1190 780 1234; x_wconf 88' lang='lat' dir='ltr'><strong>sunt</strong></span> <span class='ocrx_word' id='word_1_66' title='bbox 830 1182 983 1235; x_wconf 77' lang='lat' dir='ltr'><strong>nobis</strong></span> <span class='ocrx_word' id='word_1_67' title='bbox 1015 1192 1067 1236; x_wconf 90' lang='lat' dir='ltr'><strong>et</strong></span> <span class='ocrx_word' id='word_1_68' title='bbox 1123 1184 1389 1251; x_wconf 60' lang='lat' dir='ltr'><strong>inscripta!</strong></span> <span class='ocrx_word' id='word_1_69' title='bbox 1418 1185 1535 1253; x_wconf 87' lang='lat' dir='ltr'><strong>ejus</strong></span> <span class='ocrx_word' id='word_1_70' title='bbox 1571 1186 1949 1256; x_wconf 88' lang='lat' dir='ltr'><strong>dispositiones</strong></span> <span class='ocrx_word' id='word_1_71' title='bbox 1980 1199 2033 1244; x_wconf 89' lang='lat' dir='ltr'><strong>et</strong></span> 
     </span>
    </p>
   </div>
   <div class='ocr_carea' id='block_1_13' title="bbox 445 1272 2031 1348">
    <p class='ocr_par' dir='ltr' id='par_1_13' title="bbox 445 1272 2031 1348">
     <span class='ocr_line' id='line_1_13' title="bbox 445 1272 2031 1348; baseline 0.007 -25"><span class='ocrx_word' id='word_1_72' title='bbox 445 1272 780 1327; x_wconf 82' lang='lat' dir='ltr'><strong>ilcliuitioues</strong></span> <span class='ocrx_word' id='word_1_73' title='bbox 810 1274 876 1327; x_wconf 91' lang='lat' dir='ltr'><strong>de</strong></span> <span class='ocrx_word' id='word_1_74' title='bbox 909 1273 1032 1341; x_wconf 92' lang='lat' dir='ltr'><strong>ﬁde,</strong></span> <span class='ocrx_word' id='word_1_75' title='bbox 1059 1284 1415 1330; x_wconf 74' lang='lat' dir='ltr'><strong>consonantes</strong></span> <span class='ocrx_word' id='word_1_76' title='bbox 1442 1277 1523 1331; x_wconf 89' lang='lat' dir='ltr'><strong>eis</strong></span> <span class='ocrx_word' id='word_1_77' title='bbox 1554 1293 1674 1348; x_wconf 73' lang='lat' dir='ltr'><strong>qua:</strong></span> <span class='ocrx_word' id='word_1_78' title='bbox 1695 1288 1848 1332; x_wconf 82' lang='lat' dir='ltr'><strong>antea</strong></span> <span class='ocrx_word' id='word_1_79' title='bbox 1880 1280 2031 1334; x_wconf 90' lang='lat' dir='ltr'><strong>multi</strong></span> 
     </span>
    </p>
   </div>
   <div class='ocr_carea' id='block_1_14' title="bbox 446 1362 2026 1453">
    <p class='ocr_par' dir='ltr' id='par_1_14' title="bbox 446 1362 2026 1453">
     <span class='ocr_line' id='line_1_14' title="bbox 446 1362 2026 1453; baseline 0.007 -40"><span class='ocrx_word' id='word_1_80' title='bbox 446 1362 726 1417; x_wconf 80' lang='lat' dir='ltr'><strong>venientes</strong></span> <span class='ocrx_word' id='word_1_81' title='bbox 757 1364 820 1416; x_wconf 88' lang='lat' dir='ltr'><strong>ad</strong></span> <span class='ocrx_word' id='word_1_82' title='bbox 852 1378 948 1418; x_wconf 92' lang='lat' dir='ltr'><strong>nos</strong></span> <span class='ocrx_word' id='word_1_83' title='bbox 977 1365 1043 1419; x_wconf 83' lang='lat' dir='ltr'><strong>de</strong></span> <span class='ocrx_word' id='word_1_84' title='bbox 1076 1367 1189 1453; x_wconf 53' lang='lat' dir='ltr'><strong>ipso</strong></span> <span class='ocrx_word' id='word_1_85' title='bbox 1221 1367 1374 1421; x_wconf 90' lang='lat' dir='ltr'><strong>nobis</strong></span> <span class='ocrx_word' id='word_1_86' title='bbox 1403 1370 1711 1439; x_wconf 85' lang='lat' dir='ltr'><strong>Apolittario</strong></span> <span class='ocrx_word' id='word_1_87' title='bbox 1760 1371 2026 1440; x_wconf 74' lang='lat' dir='ltr'><strong>dixeram,</strong></span> 
     </span>
    </p>
   </div>
   <div class='ocr_carea' id='block_1_15' title="bbox 440 1452 2027 1520">
    <p class='ocr_par' dir='ltr' id='par_1_15' title="bbox 440 1452 2027 1520">
     <span class='ocr_line' id='line_1_15' title="bbox 440 1452 2027 1520; baseline 0.009 -15"><span class='ocrx_word' id='word_1_88' title='bbox 440 1452 701 1508; x_wconf 77' lang='lat' dir='ltr'><strong>habentes</strong></span> <span class='ocrx_word' id='word_1_89' title='bbox 731 1470 789 1509; x_wconf 90' lang='lat' dir='ltr'><strong>se</strong></span> <span class='ocrx_word' id='word_1_90' title='bbox 820 1472 925 1509; x_wconf 91' lang='lat' dir='ltr'><strong>non</strong></span> <span class='ocrx_word' id='word_1_91' title='bbox 977 1466 1121 1512; x_wconf 85' lang='lat' dir='ltr'><strong>recte</strong></span> <span class='ocrx_word' id='word_1_92' title='bbox 1148 1452 1241 1513; x_wconf 86' lang='lat' dir='ltr'><strong>de</strong></span> <span class='ocrx_word' id='word_1_93' title='bbox 1297 1459 1667 1517; x_wconf 84' lang='lat' dir='ltr'><strong>incarnatione</strong></span> <span class='ocrx_word' id='word_1_94' title='bbox 1712 1462 2027 1520; x_wconf 86' lang='lat' dir='ltr'><strong>Salvatoris.</strong></span> 
     </span>
    </p>
   </div>
   <div class='ocr_carea' id='block_1_16' title="bbox 443 1546 2031 1623">
    <p class='ocr_par' dir='ltr' id='par_1_16' title="bbox 443 1546 2031 1623">
     <span class='ocr_line' id='line_1_16' title="bbox 443 1546 2031 1623; baseline 0.006 -23"><span class='ocrx_word' id='word_1_95' title='bbox 443 1546 523 1602; x_wconf 84' lang='lat' dir='ltr'><strong>Ad</strong></span> <span class='ocrx_word' id='word_1_96' title='bbox 550 1548 661 1601; x_wconf 64' lang='lat' dir='ltr'><strong>hinc</strong></span> <span class='ocrx_word' id='word_1_97' title='bbox 690 1548 848 1601; x_wconf 86' lang='lat' dir='ltr'><strong>etiam</strong></span> <span class='ocrx_word' id='word_1_98' title='bbox 892 1559 944 1603; x_wconf 91' lang='lat' dir='ltr'><strong>et</strong></span> <span class='ocrx_word' id='word_1_99' title='bbox 986 1549 1115 1603; x_wconf 86' lang='lat' dir='ltr'><strong>alias</strong></span> <span class='ocrx_word' id='word_1_100' title='bbox 1171 1550 1406 1616; x_wconf 81' lang='lat' dir='ltr'><strong>litteras,</strong></span> <span class='ocrx_word' id='word_1_101' title='bbox 1438 1551 1714 1623; x_wconf 78' lang='lat' dir='ltr'><strong>inquibus</strong></span> <span class='ocrx_word' id='word_1_102' title='bbox 1762 1557 2031 1615; x_wconf 89' lang='lat' dir='ltr'><strong>accusavit</strong></span> 
     </span>
    </p>
   </div>
   <div class='ocr_carea' id='block_1_17' title="bbox 439 1637 2027 1712">
    <p class='ocr_par' dir='ltr' id='par_1_17' title="bbox 439 1637 2027 1712">
     <span class='ocr_line' id='line_1_17' title="bbox 439 1637 2027 1712; baseline 0.008 -25"><span class='ocrx_word' id='word_1_103' title='bbox 439 1637 806 1691; x_wconf 80' lang='lat' dir='ltr'><strong>vcuer..ltilem</strong></span> <span class='ocrx_word' id='word_1_104' title='bbox 839 1639 1300 1708; x_wconf 79' lang='lat' dir='ltr'><strong>archiepiscopum</strong></span> <span class='ocrx_word' id='word_1_105' title='bbox 1332 1639 1493 1711; x_wconf 82' lang='lat' dir='ltr'><strong>Cypri</strong></span> <span class='ocrx_word' id='word_1_106' title='bbox 1546 1641 1903 1712; x_wconf 88' lang='lat' dir='ltr'><strong>Epiphanium</strong></span> <span class='ocrx_word' id='word_1_107' title='bbox 1937 1658 2027 1699; x_wconf 84' lang='lat' dir='ltr'><strong>or-</strong></span> 
     </span>
    </p>
   </div>
   <div class='ocr_carea' id='block_1_18' title="bbox 443 1730 2029 1804">
    <p class='ocr_par' dir='ltr' id='par_1_18' title="bbox 443 1730 2029 1804">
     <span class='ocr_line' id='line_1_18' title="bbox 443 1730 2029 1804; baseline 0.006 -22"><span class='ocrx_word' id='word_1_108' title='bbox 443 1730 730 1786; x_wconf 81' lang='lat' dir='ltr'><strong>thodoxutu</strong></span> <span class='ocrx_word' id='word_1_109' title='bbox 758 1774 772 1798; x_wconf 93' lang='lat'><strong>,</strong></span> <span class='ocrx_word' id='word_1_110' title='bbox 830 1740 883 1785; x_wconf 90' lang='lat' dir='ltr'><strong>et</strong></span> <span class='ocrx_word' id='word_1_111' title='bbox 929 1734 1412 1788; x_wconf 88' lang='lat' dir='ltr'><strong>communicantem</strong></span> <span class='ocrx_word' id='word_1_112' title='bbox 1457 1748 1670 1804; x_wconf 84' lang='lat' dir='ltr'><strong>semper</strong></span> <span class='ocrx_word' id='word_1_113' title='bbox 1722 1737 2029 1792; x_wconf 88' lang='lat' dir='ltr'><strong>beatissimo</strong></span> 
     </span>
    </p>
   </div>
   <div class='ocr_carea' id='block_1_19' title="bbox 2140 539 3736 616">
    <p class='ocr_par' dir='ltr' id='par_1_19' title="bbox 2140 539 3736 616">
     <span class='ocr_line' id='line_1_19' title="bbox 2140 539 3736 616; baseline 0.012 -23"><span class='ocrx_word' id='word_1_114' title='bbox 2140 549 2365 609; x_wconf 87' lang='lat' dir='ltr'><strong>utraque</strong></span> <span class='ocrx_word' id='word_1_115' title='bbox 2397 539 2581 613; x_wconf 68' lang='lat' dir='ltr'><strong>lingua</strong></span> <span class='ocrx_word' id='word_1_116' title='bbox 2614 541 2813 613; x_wconf 89' lang='lat' dir='ltr'><strong>aliquid</strong></span> <span class='ocrx_word' id='word_1_117' title='bbox 2847 548 3325 616; x_wconf 82' lang='lat' dir='ltr'><strong>conscripserunt:</strong></span> <span class='ocrx_word' id='word_1_118' title='bbox 3360 568 3468 608; x_wconf 92' lang='lat' dir='ltr'><strong>non</strong></span> <span class='ocrx_word' id='word_1_119' title='bbox 3520 556 3736 612; x_wconf 75' lang='lat' dir='ltr'><strong>tacuit‘</strong></span> 
     </span>
    </p>
   </div>
   <div class='ocr_carea' id='block_1_20' title="bbox 2139 635 3732 723">
    <p class='ocr_par' dir='ltr' id='par_1_20' title="bbox 2139 635 3732 723">
     <span class='ocr_line' id='line_1_20' title="bbox 2139 635 3732 723; baseline 0.016 -38"><span class='ocrx_word' id='word_1_120' title='bbox 2139 635 2231 705; x_wconf 88' lang='lat' dir='ltr'><strong>qui</strong></span> <span class='ocrx_word' id='word_1_121' title='bbox 2264 635 2527 690; x_wconf 71' lang='lat' dir='ltr'><strong>bmrestttn</strong></span> <span class='ocrx_word' id='word_1_122' title='bbox 2562 637 2761 693; x_wconf 81' lang='lat' dir='ltr'><strong>fuerint</strong></span> <span class='ocrx_word' id='word_1_123' title='bbox 2790 642 3133 711; x_wconf 76' lang='lat' dir='ltr'><strong>conditores,</strong></span> <span class='ocrx_word' id='word_1_124' title='bbox 3182 648 3344 716; x_wconf 83' lang='lat' dir='ltr'><strong>quive</strong></span> <span class='ocrx_word' id='word_1_125' title='bbox 3392 665 3732 723; x_wconf 65' lang='lat' dir='ltr'><strong>assertores,</strong></span> 
     </span>
    </p>
   </div>
   <div class='ocr_carea' id='block_1_21' title="bbox 2139 725 3729 813">
    <p class='ocr_par' dir='ltr' id='par_1_21' title="bbox 2139 725 3729 813">
     <span class='ocr_line' id='line_1_21' title="bbox 2139 725 3729 813; baseline 0.014 -35"><span class='ocrx_word' id='word_1_126' title='bbox 2139 725 2220 779; x_wconf 84' lang='lat' dir='ltr'><strong>vel</strong></span> <span class='ocrx_word' id='word_1_127' title='bbox 2244 727 2330 796; x_wconf 90' lang='lat' dir='ltr'><strong>qui</strong></span> <span class='ocrx_word' id='word_1_128' title='bbox 2363 728 2523 782; x_wconf 88' lang='lat' dir='ltr'><strong>etiam</strong></span> <span class='ocrx_word' id='word_1_129' title='bbox 2554 746 2582 781; x_wconf 89' lang='lat' dir='ltr'><strong>a</strong></span> <span class='ocrx_word' id='word_1_130' title='bbox 2616 731 2933 800; x_wconf 79' lang='lat' dir='ltr'><strong>quibusdam</strong></span> <span class='ocrx_word' id='word_1_131' title='bbox 2976 743 3033 789; x_wconf 91' lang='lat' dir='ltr'><strong>ut</strong></span> <span class='ocrx_word' id='word_1_132' title='bbox 3056 736 3293 797; x_wconf 67' lang='lat' dir='ltr'><strong>hazretici</strong></span> <span class='ocrx_word' id='word_1_133' title='bbox 3322 754 3729 813; x_wconf 79' lang='lat' dir='ltr'><strong>accusareutur,</strong></span> 
     </span>
    </p>
   </div>
   <div class='ocr_carea' id='block_1_22' title="bbox 2137 814 3732 893">
    <p class='ocr_par' dir='ltr' id='par_1_22' title="bbox 2137 814 3732 893">
     <span class='ocr_line' id='line_1_22' title="bbox 2137 814 3732 893; baseline 0.017 -27"><span class='ocrx_word' id='word_1_134' title='bbox 2137 814 2258 868; x_wconf 69' lang='lat' dir='ltr'><strong>aliis</strong></span> <span class='ocrx_word' id='word_1_135' title='bbox 2289 828 2473 871; x_wconf 87' lang='lat' dir='ltr'><strong>contra</strong></span> <span class='ocrx_word' id='word_1_136' title='bbox 2502 817 2933 878; x_wconf 88' lang='lat' dir='ltr'><strong>defendentibus.</strong></span> <span class='ocrx_word' id='word_1_137' title='bbox 2967 827 3070 893; x_wconf 80' lang='lat' dir='ltr'><strong>Qui</strong></span> <span class='ocrx_word' id='word_1_138' title='bbox 3097 836 3275 885; x_wconf 88' lang='lat' dir='ltr'><strong>tamen</strong></span> <span class='ocrx_word' id='word_1_139' title='bbox 3322 844 3569 889; x_wconf 85' lang='lat' dir='ltr'><strong>sanctum</strong></span> <span class='ocrx_word' id='word_1_140' title='bbox 3600 837 3732 893; x_wconf 51' lang='lat' dir='ltr'><strong>Dio.</strong></span> 
     </span>
    </p>
   </div>
   <div class='ocr_carea' id='block_1_23' title="bbox 2139 906 3731 985">
    <p class='ocr_par' dir='ltr' id='par_1_23' title="bbox 2139 906 3731 985">
     <span class='ocr_line' id='line_1_23' title="bbox 2139 906 3731 985; baseline 0.016 -26"><span class='ocrx_word' id='word_1_141' title='bbox 2139 906 2329 961; x_wconf 90' lang='lat' dir='ltr'><strong>dorum</strong></span> <span class='ocrx_word' id='word_1_142' title='bbox 2360 924 2459 964; x_wconf 91' lang='lat' dir='ltr'><strong>nec</strong></span> <span class='ocrx_word' id='word_1_143' title='bbox 2490 910 2542 964; x_wconf 93' lang='lat' dir='ltr'><strong>in</strong></span> <span class='ocrx_word' id='word_1_144' title='bbox 2586 914 2943 979; x_wconf 88' lang='lat' dir='ltr'><strong>suspicionem</strong></span> <span class='ocrx_word' id='word_1_145' title='bbox 2976 918 3195 975; x_wconf 69' lang='lat' dir='ltr'><strong>haeresis</strong></span> <span class='ocrx_word' id='word_1_146' title='bbox 3234 923 3449 980; x_wconf 55' lang='lat' dir='ltr'><strong>venisse</strong></span> <span class='ocrx_word' id='word_1_147' title='bbox 3494 929 3685 985; x_wconf 85' lang='lat' dir='ltr'><strong>retulit</strong></span> <span class='ocrx_word' id='word_1_148' title='bbox 3715 947 3731 984; x_wconf 93' lang='lat'><strong>:</strong></span> 
     </span>
    </p>
   </div>
   <div class='ocr_carea' id='block_1_24' title="bbox 2137 999 3733 1089">
    <p class='ocr_par' dir='ltr' id='par_1_24' title="bbox 2137 999 3733 1089">
     <span class='ocr_line' id='line_1_24' title="bbox 2137 999 3733 1089; baseline 0.016 -36"><span class='ocrx_word' id='word_1_149' title='bbox 2137 999 2203 1054; x_wconf 91' lang='lat' dir='ltr'><strong>de</strong></span> <span class='ocrx_word' id='word_1_150' title='bbox 2235 1016 2339 1071; x_wconf 86' lang='lat' dir='ltr'><strong>quo</strong></span> <span class='ocrx_word' id='word_1_151' title='bbox 2365 1004 2433 1057; x_wconf 85' lang='lat' dir='ltr'><strong>sit</strong></span> <span class='ocrx_word' id='word_1_152' title='bbox 2460 1002 2533 1057; x_wconf 83' lang='lat' dir='ltr'><strong>ait</strong></span> <span class='ocrx_word' id='word_1_153' title='bbox 2558 1020 2570 1056; x_wconf 91' lang='lat'><strong>:</strong></span> <span class='ocrx_word' id='word_1_154' title='bbox 2607 1024 2624 1056; x_wconf 82' lang='lat' dir='ltr'><strong>i</strong></span> <span class='ocrx_word' id='word_1_155' title='bbox 2665 1006 2926 1065; x_wconf 90' lang='lat' dir='ltr'><strong>Diodorus</strong></span> <span class='ocrx_word' id='word_1_156' title='bbox 2952 1010 3235 1068; x_wconf 80' lang='lat' dir='ltr'><strong>Tarsensis</strong></span> <span class='ocrx_word' id='word_1_157' title='bbox 3264 1019 3573 1089; x_wconf 85' lang='lat' dir='ltr'><strong>episcopus,</strong></span> <span class='ocrx_word' id='word_1_158' title='bbox 3602 1021 3733 1079; x_wconf 74' lang='lat' dir='ltr'><strong>dut-</strong></span> 
     </span>
    </p>
   </div>
   <div class='ocr_carea' id='block_1_25' title="bbox 2138 1092 3736 1176">
    <p class='ocr_par' dir='ltr' id='par_1_25' title="bbox 2138 1092 3736 1176">
     <span class='ocr_line' id='line_1_25' title="bbox 2138 1092 3736 1176; baseline 0.015 -28"><span class='ocrx_word' id='word_1_159' title='bbox 2138 1092 2438 1149; x_wconf 82' lang='lat' dir='ltr'><strong>Antiochiae</strong></span> <span class='ocrx_word' id='word_1_160' title='bbox 2488 1105 2633 1152; x_wconf 81' lang='lat' dir='ltr'><strong>esset</strong></span> <span class='ocrx_word' id='word_1_161' title='bbox 2679 1101 2987 1171; x_wconf 82' lang='lat' dir='ltr'><strong>presbyter,</strong></span> <span class='ocrx_word' id='word_1_162' title='bbox 3019 1105 3186 1176; x_wconf 76' lang='lat' dir='ltr'><strong>magis</strong></span> <span class='ocrx_word' id='word_1_163' title='bbox 3232 1107 3449 1165; x_wconf 77' lang='lat' dir='ltr'><strong>claruit.</strong></span> <span class='ocrx_word' id='word_1_164' title='bbox 3502 1111 3736 1171; x_wconf 73' lang='lat' dir='ltr'><strong>Exstant</strong></span> 
     </span>
    </p>
   </div>
   <div class='ocr_carea' id='block_1_26' title="bbox 2135 1184 3732 1271">
    <p class='ocr_par' dir='ltr' id='par_1_26' title="bbox 2135 1184 3732 1271">
     <span class='ocr_line' id='line_1_26' title="bbox 2135 1184 3732 1271; baseline 0.016 -35"><span class='ocrx_word' id='word_1_165' title='bbox 2135 1184 2252 1257; x_wconf 80' lang='lat' dir='ltr'><strong>ejus</strong></span> <span class='ocrx_word' id='word_1_166' title='bbox 2292 1187 2344 1241; x_wconf 88' lang='lat' dir='ltr'><strong>iit</strong></span> <span class='ocrx_word' id='word_1_167' title='bbox 2393 1188 2649 1257; x_wconf 87' lang='lat' dir='ltr'><strong>Apostolo</strong></span> <span class='ocrx_word' id='word_1_168' title='bbox 2686 1197 3117 1262; x_wconf 87' lang='lat' dir='ltr'><strong>commentaria,</strong></span> <span class='ocrx_word' id='word_1_169' title='bbox 3168 1206 3225 1253; x_wconf 90' lang='lat' dir='ltr'><strong>et</strong></span> <span class='ocrx_word' id='word_1_170' title='bbox 3272 1200 3443 1261; x_wconf 81' lang='lat' dir='ltr'><strong>multa</strong></span> <span class='ocrx_word' id='word_1_171' title='bbox 3490 1203 3633 1271; x_wconf 84' lang='lat' dir='ltr'><strong>alia,</strong></span> <span class='ocrx_word' id='word_1_172' title='bbox 3662 1207 3732 1260; x_wconf 86' lang='lat' dir='ltr'><strong>ad</strong></span> 
     </span>
    </p>
   </div>
   <div class='ocr_carea' id='block_1_27' title="bbox 2137 1278 3732 1364">
    <p class='ocr_par' dir='ltr' id='par_1_27' title="bbox 2137 1278 3732 1364">
     <span class='ocr_line' id='line_1_27' title="bbox 2137 1278 3732 1364; baseline 0.014 -34"><span class='ocrx_word' id='word_1_173' title='bbox 2137 1278 2353 1333; x_wconf 80' lang='lat' dir='ltr'><strong>Eusebii</strong></span> <span class='ocrx_word' id='word_1_174' title='bbox 2386 1281 2552 1349; x_wconf 82' lang='lat' dir='ltr'><strong>magis</strong></span> <span class='ocrx_word' id='word_1_175' title='bbox 2603 1281 2971 1339; x_wconf 79' lang='lat' dir='ltr'><strong>characterem</strong></span> <span class='ocrx_word' id='word_1_176' title='bbox 3001 1288 3329 1356; x_wconf 85' lang='lat' dir='ltr'><strong>pertinentia</strong></span> <span class='ocrx_word' id='word_1_177' title='bbox 3372 1308 3389 1346; x_wconf 89' lang='lat'><strong>:</strong></span> <span class='ocrx_word' id='word_1_178' title='bbox 3420 1292 3579 1364; x_wconf 81' lang='lat' dir='ltr'><strong>cujus</strong></span> <span class='ocrx_word' id='word_1_179' title='bbox 3606 1312 3732 1352; x_wconf 68' lang='lat' dir='ltr'><strong>cum</strong></span> 
     </span>
    </p>
   </div>
   <div class='ocr_carea' id='block_1_28' title="bbox 2134 1374 3734 1457">
    <p class='ocr_par' dir='ltr' id='par_1_28' title="bbox 2134 1374 3734 1457">
     <span class='ocr_line' id='line_1_28' title="bbox 2134 1374 3734 1457; baseline 0.013 -33"><span class='ocrx_word' id='word_1_180' title='bbox 2134 1385 2352 1426; x_wconf 85' lang='lat' dir='ltr'><strong>sensum</strong></span> <span class='ocrx_word' id='word_1_181' title='bbox 2384 1384 2602 1427; x_wconf 89' lang='lat' dir='ltr'><strong>secutus</strong></span> <span class='ocrx_word' id='word_1_182' title='bbox 2633 1374 2702 1428; x_wconf 89' lang='lat' dir='ltr'><strong>sit</strong></span> <span class='ocrx_word' id='word_1_183' title='bbox 2722 1413 2738 1440; x_wconf 85' lang='lat'><strong>,</strong></span> <span class='ocrx_word' id='word_1_184' title='bbox 2765 1376 3128 1447; x_wconf 81' lang='lat' dir='ltr'><strong>eloquentiam</strong></span> <span class='ocrx_word' id='word_1_185' title='bbox 3182 1381 3381 1438; x_wconf 84' lang='lat' dir='ltr'><strong>imitari</strong></span> <span class='ocrx_word' id='word_1_186' title='bbox 3423 1401 3529 1441; x_wconf 88' lang='lat' dir='ltr'><strong>non</strong></span> <span class='ocrx_word' id='word_1_187' title='bbox 3556 1391 3734 1457; x_wconf 72' lang='lat' dir='ltr'><strong>potuit</strong></span> 
     </span>
    </p>
   </div>
   <div class='ocr_carea' id='block_1_29' title="bbox 2135 1465 3731 1536">
    <p class='ocr_par' dir='ltr' id='par_1_29' title="bbox 2135 1465 3731 1536">
     <span class='ocr_line' id='line_1_29' title="bbox 2135 1465 3731 1536; baseline 0.013 -20"><span class='ocrx_word' id='word_1_188' title='bbox 2135 1474 2357 1533; x_wconf 84' lang='lat' dir='ltr'><strong>prepter</strong></span> <span class='ocrx_word' id='word_1_189' title='bbox 2386 1465 2743 1535; x_wconf 77' lang='lat' dir='ltr'><strong>ignorantiam</strong></span> <span class='ocrx_word' id='word_1_190' title='bbox 2773 1470 3113 1525; x_wconf 69' lang='lat' dir='ltr'><strong>saecularium</strong></span> <span class='ocrx_word' id='word_1_191' title='bbox 3168 1473 3492 1532; x_wconf 85' lang='lat' dir='ltr'><strong>litterarum.</strong></span> <span class='ocrx_word' id='word_1_192' title='bbox 3530 1498 3551 1531; x_wconf 70' lang='grc' dir='ltr'><strong><em>ι</em></strong></span> <span class='ocrx_word' id='word_1_193' title='bbox 3585 1479 3731 1536; x_wconf 88' lang='lat' dir='ltr'><strong>Con-</strong></span> 
     </span>
    </p>
   </div>
   <div class='ocr_carea' id='block_1_30' title="bbox 2134 1556 3730 1638">
    <p class='ocr_par' dir='ltr' id='par_1_30' title="bbox 2134 1556 3730 1638">
     <span class='ocr_line' id='line_1_30' title="bbox 2134 1556 3730 1638; baseline 0.012 -30"><span class='ocrx_word' id='word_1_194' title='bbox 2134 1564 2287 1609; x_wconf 86' lang='lat' dir='ltr'><strong>sonat</strong></span> <span class='ocrx_word' id='word_1_195' title='bbox 2317 1566 2494 1611; x_wconf 87' lang='lat' dir='ltr'><strong>autem</strong></span> <span class='ocrx_word' id='word_1_196' title='bbox 2524 1556 2613 1611; x_wconf 86' lang='lat' dir='ltr'><strong>hic</strong></span> <span class='ocrx_word' id='word_1_197' title='bbox 2661 1572 2840 1619; x_wconf 87' lang='lat' dir='ltr'><strong>sermo</strong></span> <span class='ocrx_word' id='word_1_198' title='bbox 2884 1558 3027 1616; x_wconf 88' lang='lat' dir='ltr'><strong>beati</strong></span> <span class='ocrx_word' id='word_1_199' title='bbox 3066 1562 3394 1636; x_wconf 76' lang='lat' dir='ltr'><strong>Hieronymi,</strong></span> <span class='ocrx_word' id='word_1_200' title='bbox 3427 1584 3534 1638; x_wconf 88' lang='lat' dir='ltr'><strong>quo</strong></span> <span class='ocrx_word' id='word_1_201' title='bbox 3558 1571 3730 1635; x_wconf 73' lang='lat' dir='ltr'><strong>refert</strong></span> 
     </span>
    </p>
   </div>
   <div class='ocr_carea' id='block_1_31' title="bbox 2133 1647 3729 1735">
    <p class='ocr_par' dir='ltr' id='par_1_31' title="bbox 2133 1647 3729 1735">
     <span class='ocr_line' id='line_1_31' title="bbox 2133 1647 3729 1735; baseline 0.011 -33"><span class='ocrx_word' id='word_1_202' title='bbox 2133 1647 2437 1717; x_wconf 88' lang='lat' dir='ltr'><strong>eloquentia</strong></span> <span class='ocrx_word' id='word_1_203' title='bbox 2485 1649 2748 1705; x_wconf 87' lang='lat' dir='ltr'><strong>minorem</strong></span> <span class='ocrx_word' id='word_1_204' title='bbox 2805 1652 3093 1710; x_wconf 90' lang='lat' dir='ltr'><strong>Diodorum</strong></span> <span class='ocrx_word' id='word_1_205' title='bbox 3140 1656 3344 1725; x_wconf 85' lang='lat' dir='ltr'><strong>fuisse,</strong></span> <span class='ocrx_word' id='word_1_206' title='bbox 3399 1661 3579 1717; x_wconf 79' lang='lat' dir='ltr'><strong>verbis</strong></span> <span class='ocrx_word' id='word_1_207' title='bbox 3606 1680 3729 1735; x_wconf 77' lang='lat' dir='ltr'><strong>qua</strong></span> 
     </span>
    </p>
   </div>
   <div class='ocr_carea' id='block_1_32' title="bbox 2135 1737 3730 1815">
    <p class='ocr_par' dir='ltr' id='par_1_32' title="bbox 2135 1737 3730 1815">
     <span class='ocr_line' id='line_1_32' title="bbox 2135 1737 3730 1815; baseline 0.011 -24"><span class='ocrx_word' id='word_1_208' title='bbox 2135 1737 2551 1793; x_wconf 78' lang='lat' dir='ltr'><strong>memoravimus</strong></span> <span class='ocrx_word' id='word_1_209' title='bbox 2602 1742 2745 1795; x_wconf 87' lang='lat' dir='ltr'><strong>beati</strong></span> <span class='ocrx_word' id='word_1_210' title='bbox 2798 1742 3009 1810; x_wconf 85' lang='lat' dir='ltr'><strong>Basilii,</strong></span> <span class='ocrx_word' id='word_1_211' title='bbox 3041 1744 3235 1815; x_wconf 80' lang='lat' dir='ltr'><strong>quibus</strong></span> <span class='ocrx_word' id='word_1_212' title='bbox 3278 1749 3453 1804; x_wconf 79' lang='lat' dir='ltr'><strong>eidem</strong></span> <span class='ocrx_word' id='word_1_213' title='bbox 3495 1751 3730 1809; x_wconf 77' lang='lat' dir='ltr'><strong>Diodore</strong></span> 
     </span>
    </p>
   </div>
   <div class='ocr_carea' id='block_1_33' title="bbox 440 1823 3726 1911">
    <p class='ocr_par' dir='ltr' id='par_1_33' title="bbox 440 1823 3726 1911">
     <span class='ocr_line' id='line_1_33' title="bbox 440 1823 3726 1911; baseline 0.006 -33"><span class='ocrx_word' id='word_1_214' title='bbox 440 1838 591 1893; x_wconf 61' lang='lat' dir='ltr'><strong>papae</strong></span> <span class='ocrx_word' id='word_1_215' title='bbox 622 1832 806 1879; x_wconf 90' lang='lat' dir='ltr'><strong>nostro</strong></span> <span class='ocrx_word' id='word_1_216' title='bbox 837 1823 1151 1880; x_wconf 62' lang='lat' dir='ltr'><strong>Athanasio.</strong></span> <span class='ocrx_word' id='word_1_217' title='bbox 1191 1826 1381 1880; x_wconf 87' lang='lat' dir='ltr'><strong>Adhuc</strong></span> <span class='ocrx_word' id='word_1_218' title='bbox 1431 1828 1596 1882; x_wconf 89' lang='lat' dir='ltr'><strong>etiam</strong></span> <span class='ocrx_word' id='word_1_219' title='bbox 1643 1837 1697 1882; x_wconf 85' lang='lat' dir='ltr'><strong>et</strong></span> <span class='ocrx_word' id='word_1_220' title='bbox 1751 1829 2029 1885; x_wconf 83' lang='lat' dir='ltr'><strong>sanctissi-</strong></span> <span class='ocrx_word' id='word_1_221' title='bbox 2058 1835 2105 1896; x_wconf 84' lang='lat' dir='ltr'><strong>B</strong></span> <span class='ocrx_word' id='word_1_222' title='bbox 2131 1831 2373 1886; x_wconf 91' lang='lat' dir='ltr'><strong>scribens</strong></span> <span class='ocrx_word' id='word_1_223' title='bbox 2400 1831 2467 1887; x_wconf 91' lang='lat' dir='ltr'><strong>de</strong></span> <span class='ocrx_word' id='word_1_224' title='bbox 2495 1833 2633 1889; x_wconf 88' lang='lat' dir='ltr'><strong>libro</strong></span> <span class='ocrx_word' id='word_1_225' title='bbox 2663 1850 2821 1904; x_wconf 89' lang='lat' dir='ltr'><strong>quem</strong></span> <span class='ocrx_word' id='word_1_226' title='bbox 2850 1836 2901 1891; x_wconf 88' lang='lat' dir='ltr'><strong>ei</strong></span> <span class='ocrx_word' id='word_1_227' title='bbox 2952 1838 3212 1904; x_wconf 83' lang='lat' dir='ltr'><strong>miserat,</strong></span> <span class='ocrx_word' id='word_1_228' title='bbox 3246 1840 3381 1895; x_wconf 80' lang='lat' dir='ltr'><strong>dixit</strong></span> <span class='ocrx_word' id='word_1_229' title='bbox 3414 1859 3428 1895; x_wconf 91' lang='lat'><strong>:</strong></span> <span class='ocrx_word' id='word_1_230' title='bbox 3460 1842 3596 1911; x_wconf 82' lang='lat' dir='ltr'><strong>Quia</strong></span> <span class='ocrx_word' id='word_1_231' title='bbox 3628 1860 3726 1899; x_wconf 81' lang='lat' dir='ltr'><strong>va-</strong></span> 
     </span>
    </p>
   </div>
   <div class='ocr_carea' id='block_1_34' title="bbox 428 1916 2028 1983">
    <p class='ocr_par' dir='ltr' id='par_1_34' title="bbox 428 1916 2028 1983">
     <span class='ocr_line' id='line_1_34' title="bbox 428 1916 2028 1983; baseline 0.005 -14"><span class='ocrx_word' id='word_1_232' title='bbox 428 1931 584 1969; x_wconf 74' lang='lat' dir='ltr'><strong>‘mlllll</strong></span> <span class='ocrx_word' id='word_1_233' title='bbox 618 1916 969 1983; x_wconf 87' lang='lat' dir='ltr'><strong>Tarsensem,</strong></span> <span class='ocrx_word' id='word_1_234' title='bbox 1003 1926 1057 1971; x_wconf 90' lang='lat' dir='ltr'><strong>et</strong></span> <span class='ocrx_word' id='word_1_235' title='bbox 1086 1918 1568 1974; x_wconf 89' lang='lat' dir='ltr'><strong>communicantem</strong></span> <span class='ocrx_word' id='word_1_236' title='bbox 1599 1919 1842 1977; x_wconf 88' lang='lat' dir='ltr'><strong>similiter</strong></span> <span class='ocrx_word' id='word_1_237' title='bbox 1870 1922 2028 1978; x_wconf 86' lang='lat' dir='ltr'><strong>beato</strong></span> 
     </span>
    </p>
   </div>
   <div class='ocr_carea' id='block_1_35' title="bbox 443 2006 2030 2082">
    <p class='ocr_par' dir='ltr' id='par_1_35' title="bbox 443 2006 2030 2082">
     <span class='ocr_line' id='line_1_35' title="bbox 443 2006 2030 2082; baseline 0.006 -24"><span class='ocrx_word' id='word_1_238' title='bbox 443 2022 591 2075; x_wconf 71' lang='lat' dir='ltr'><strong>p-ipae</strong></span> <span class='ocrx_word' id='word_1_239' title='bbox 615 2018 797 2060; x_wconf 82' lang='lat' dir='ltr'><strong>nostro</strong></span> <span class='ocrx_word' id='word_1_240' title='bbox 846 2006 1169 2073; x_wconf 76' lang='lat' dir='ltr'><strong>Athanasio,</strong></span> <span class='ocrx_word' id='word_1_241' title='bbox 1202 2018 1255 2062; x_wconf 90' lang='lat' dir='ltr'><strong>ei</strong></span> <span class='ocrx_word' id='word_1_242' title='bbox 1282 2020 1521 2063; x_wconf 89' lang='lat' dir='ltr'><strong>nostrum</strong></span> <span class='ocrx_word' id='word_1_243' title='bbox 1555 2010 1793 2080; x_wconf 89' lang='lat' dir='ltr'><strong>ipsorum</strong></span> <span class='ocrx_word' id='word_1_244' title='bbox 1821 2014 2030 2082; x_wconf 85' lang='lat' dir='ltr'><strong>episco-</strong></span> 
     </span>
    </p>
   </div>
   <div class='ocr_carea' id='block_1_36' title="bbox 438 2098 2029 2173">
    <p class='ocr_par' dir='ltr' id='par_1_36' title="bbox 438 2098 2029 2173">
     <span class='ocr_line' id='line_1_36' title="bbox 438 2098 2029 2173; baseline 0.009 -24"><span class='ocrx_word' id='word_1_245' title='bbox 438 2098 603 2167; x_wconf 82' lang='lat' dir='ltr'><strong>puiu&#39;</strong></span> <span class='ocrx_word' id='word_1_246' title='bbox 637 2098 925 2152; x_wconf 91' lang='lat' dir='ltr'><strong>Diodorum</strong></span> <span class='ocrx_word' id='word_1_247' title='bbox 982 2098 1311 2168; x_wconf 77' lang='lat' dir='ltr'><strong>alijudiizavit</strong></span> <span class='ocrx_word' id='word_1_248' title='bbox 1339 2103 1358 2131; x_wconf 81' lang='grc'>³</span> <span class='ocrx_word' id='word_1_249' title='bbox 1396 2099 1611 2171; x_wconf 68' lang='lat' dir='ltr'><strong>ittjttstln</strong></span> <span class='ocrx_word' id='word_1_250' title='bbox 1661 2117 1757 2172; x_wconf 89' lang='lat' dir='ltr'><strong>per</strong></span> <span class='ocrx_word' id='word_1_251' title='bbox 1782 2103 2029 2173; x_wconf 86' lang='lat' dir='ltr'><strong>proprias</strong></span> 
     </span>
    </p>
   </div>
   <div class='ocr_carea' id='block_1_37' title="bbox 437 2189 2029 2257">
    <p class='ocr_par' dir='ltr' id='par_1_37' title="bbox 437 2189 2029 2257">
     <span class='ocr_line' id='line_1_37' title="bbox 437 2189 2029 2257; baseline 0.004 -14"><span class='ocrx_word' id='word_1_252' title='bbox 437 2190 658 2257; x_wconf 84' lang='lat' dir='ltr'><strong>litteras,</strong></span> <span class='ocrx_word' id='word_1_253' title='bbox 711 2191 754 2244; x_wconf 90' lang='lat' dir='ltr'><strong>si</strong></span> <span class='ocrx_word' id='word_1_254' title='bbox 786 2204 891 2244; x_wconf 88' lang='lat' dir='ltr'><strong>non</strong></span> <span class='ocrx_word' id='word_1_255' title='bbox 924 2189 1270 2246; x_wconf 82' lang='lat' dir='ltr'><strong>abstinuisset</strong></span> <span class='ocrx_word' id='word_1_256' title='bbox 1312 2206 1341 2243; x_wconf 86' lang='lat' dir='ltr'><strong>a</strong></span> <span class='ocrx_word' id='word_1_257' title='bbox 1371 2193 1749 2249; x_wconf 88' lang='lat' dir='ltr'><strong>communione</strong></span> <span class='ocrx_word' id='word_1_258' title='bbox 1777 2202 1903 2253; x_wconf 89' lang='lat' dir='ltr'><strong>ante</strong></span> <span class='ocrx_word' id='word_1_259' title='bbox 1945 2195 2029 2251; x_wconf 88' lang='lat' dir='ltr'><strong>di-</strong></span> 
     </span>
    </p>
   </div>
   <div class='ocr_carea' id='block_1_38' title="bbox 424 2282 2029 2359">
    <p class='ocr_par' dir='ltr' id='par_1_38' title="bbox 424 2282 2029 2359">
     <span class='ocr_line' id='line_1_38' title="bbox 424 2282 2029 2359; baseline 0.005 -24"><span class='ocrx_word' id='word_1_260' title='bbox 424 2294 644 2337; x_wconf 85' lang='lat' dir='ltr'><strong>ctorum</strong></span> <span class='ocrx_word' id='word_1_261' title='bbox 674 2282 1095 2338; x_wconf 77' lang='lat' dir='ltr'><strong>orthodoiorum</strong></span> <span class='ocrx_word' id='word_1_262' title='bbox 1124 2284 1502 2354; x_wconf 68' lang='lat' dir='ltr'><strong>episcoiiorum</strong></span> <span class='ocrx_word' id='word_1_263' title='bbox 1551 2284 1760 2343; x_wconf 73' lang='lat' dir='ltr'><strong>Paulini</strong></span> <span class='ocrx_word' id='word_1_264' title='bbox 1805 2297 1858 2343; x_wconf 91' lang='lat' dir='ltr'><strong>et</strong></span> <span class='ocrx_word' id='word_1_265' title='bbox 1888 2288 2029 2359; x_wconf 84' lang='lat' dir='ltr'><strong>Epi-</strong></span> 
     </span>
    </p>
   </div>
   <div class='ocr_carea' id='block_1_39' title="bbox 434 2375 2027 2448">
    <p class='ocr_par' dir='ltr' id='par_1_39' title="bbox 434 2375 2027 2448">
     <span class='ocr_line' id='line_1_39' title="bbox 434 2375 2027 2448; baseline 0.006 -21"><span class='ocrx_word' id='word_1_266' title='bbox 434 2376 639 2443; x_wconf 85' lang='lat' dir='ltr'><strong>plianii.</strong></span> <span class='ocrx_word' id='word_1_267' title='bbox 680 2395 697 2427; x_wconf 77' lang='grc' dir='ltr'><strong><em>ι</em></strong></span> <span class='ocrx_word' id='word_1_268' title='bbox 735 2375 826 2429; x_wconf 88' lang='lat' dir='ltr'><strong>llis</strong></span> <span class='ocrx_word' id='word_1_269' title='bbox 855 2377 1015 2430; x_wconf 89' lang='lat' dir='ltr'><strong>etiam</strong></span> <span class='ocrx_word' id='word_1_270' title='bbox 1045 2376 1398 2432; x_wconf 78' lang='lat' dir='ltr'><strong>Consideratis</strong></span> <span class='ocrx_word' id='word_1_271' title='bbox 1428 2394 1546 2448; x_wconf 65' lang='lat' dir='ltr'><strong>qua:</strong></span> <span class='ocrx_word' id='word_1_272' title='bbox 1574 2379 1915 2436; x_wconf 90' lang='lat' dir='ltr'><strong>confessores</strong></span> <span class='ocrx_word' id='word_1_273' title='bbox 1938 2382 2027 2437; x_wconf 85' lang='lat' dir='ltr'><strong>isti</strong></span> 
     </span>
    </p>
   </div>
   <div class='ocr_carea' id='block_1_40' title="bbox 424 2469 2023 2538">
    <p class='ocr_par' dir='ltr' id='par_1_40' title="bbox 424 2469 2023 2538">
     <span class='ocr_line' id='line_1_40' title="bbox 424 2469 2023 2538; baseline 0.003 -15"><span class='ocrx_word' id='word_1_274' title='bbox 424 2469 762 2538; x_wconf 22' lang='lat' dir='ltr'><strong>eloquuntur,</strong></span> <span class='ocrx_word' id='word_1_275' title='bbox 796 2470 1037 2524; x_wconf 89' lang='lat' dir='ltr'><strong>conﬁteri</strong></span> <span class='ocrx_word' id='word_1_276' title='bbox 1085 2470 1346 2526; x_wconf 84' lang='lat' dir='ltr'><strong>debemus</strong></span> <span class='ocrx_word' id='word_1_277' title='bbox 1391 2471 1861 2528; x_wconf 84' lang='lat' dir='ltr'><strong>condemnandum</strong></span> <span class='ocrx_word' id='word_1_278' title='bbox 1918 2489 2023 2529; x_wconf 91' lang='lat' dir='ltr'><strong>non</strong></span> 
     </span>
    </p>
   </div>
   <div class='ocr_carea' id='block_1_41' title="bbox 434 2558 2022 2631">
    <p class='ocr_par' dir='ltr' id='par_1_41' title="bbox 434 2558 2022 2631">
     <span class='ocr_line' id='line_1_41' title="bbox 434 2558 2022 2631; baseline 0.004 -17"><span class='ocrx_word' id='word_1_279' title='bbox 434 2572 555 2614; x_wconf 90' lang='lat' dir='ltr'><strong>esse</strong></span> <span class='ocrx_word' id='word_1_280' title='bbox 586 2558 893 2625; x_wconf 85' lang='lat' dir='ltr'><strong>Diodorum,</strong></span> <span class='ocrx_word' id='word_1_281' title='bbox 924 2575 1083 2630; x_wconf 90' lang='lat' dir='ltr'><strong>quem</strong></span> <span class='ocrx_word' id='word_1_282' title='bbox 1099 2561 1339 2615; x_wconf 89' lang='lat' dir='ltr'><strong>videmus</strong></span> <span class='ocrx_word' id='word_1_283' title='bbox 1362 2576 1389 2614; x_wconf 90' lang='lat' dir='ltr'><strong>a</strong></span> <span class='ocrx_word' id='word_1_284' title='bbox 1418 2562 1612 2617; x_wconf 88' lang='lat' dir='ltr'><strong>talibus</strong></span> <span class='ocrx_word' id='word_1_285' title='bbox 1633 2572 1683 2617; x_wconf 91' lang='lat' dir='ltr'><strong>et</strong></span> <span class='ocrx_word' id='word_1_286' title='bbox 1707 2579 1802 2631; x_wconf 85' lang='lat' dir='ltr'><strong>pro</strong></span> <span class='ocrx_word' id='word_1_287' title='bbox 1828 2564 2022 2621; x_wconf 75' lang='lat' dir='ltr'><strong>talibus</strong></span> 
     </span>
    </p>
   </div>
   <div class='ocr_carea' id='block_1_42' title="bbox 434 2647 2021 2723">
    <p class='ocr_par' dir='ltr' id='par_1_42' title="bbox 434 2647 2021 2723">
     <span class='ocr_line' id='line_1_42' title="bbox 434 2647 2021 2723; baseline 0.006 -23"><span class='ocrx_word' id='word_1_288' title='bbox 434 2647 819 2719; x_wconf 87' lang='lat' dir='ltr'><strong>adjudicatum.</strong></span> <span class='ocrx_word' id='word_1_289' title='bbox 849 2649 963 2703; x_wconf 86' lang='lat' dir='ltr'><strong>Non</strong></span> <span class='ocrx_word' id='word_1_290' title='bbox 1008 2651 1148 2704; x_wconf 88' lang='lat' dir='ltr'><strong>enim</strong></span> <span class='ocrx_word' id='word_1_291' title='bbox 1186 2651 1339 2706; x_wconf 90' lang='lat' dir='ltr'><strong>decet</strong></span> <span class='ocrx_word' id='word_1_292' title='bbox 1368 2649 1687 2723; x_wconf 82' lang='lat' dir='ltr'><strong>Apollinaris</strong></span> <span class='ocrx_word' id='word_1_293' title='bbox 1745 2652 2021 2709; x_wconf 78' lang='lat' dir='ltr'><strong>haeresiar-</strong></span> 
     </span>
    </p>
   </div>
   <div class='ocr_carea' id='block_1_43' title="bbox 429 2740 2021 2812">
    <p class='ocr_par' dir='ltr' id='par_1_43' title="bbox 429 2740 2021 2812">
     <span class='ocr_line' id='line_1_43' title="bbox 429 2740 2021 2812; baseline 0.004 -18"><span class='ocrx_word' id='word_1_294' title='bbox 429 2741 546 2795; x_wconf 79' lang='lat' dir='ltr'><strong>chae</strong></span> <span class='ocrx_word' id='word_1_295' title='bbox 590 2754 686 2794; x_wconf 90' lang='lat' dir='ltr'><strong>nos</strong></span> <span class='ocrx_word' id='word_1_296' title='bbox 714 2740 940 2794; x_wconf 83' lang='lat' dir='ltr'><strong>inveniri</strong></span> <span class='ocrx_word' id='word_1_297' title='bbox 971 2741 1167 2807; x_wconf 90' lang='lat' dir='ltr'><strong>socios,</strong></span> <span class='ocrx_word' id='word_1_298' title='bbox 1200 2742 1282 2796; x_wconf 90' lang='lat' dir='ltr'><strong>vel</strong></span> <span class='ocrx_word' id='word_1_299' title='bbox 1315 2742 1773 2812; x_wconf 87' lang='lat' dir='ltr'><strong>irrepreheusibili</strong></span> <span class='ocrx_word' id='word_1_300' title='bbox 1799 2754 1852 2798; x_wconf 89' lang='lat' dir='ltr'><strong>et</strong></span> <span class='ocrx_word' id='word_1_301' title='bbox 1891 2746 2021 2802; x_wconf 90' lang='lat' dir='ltr'><strong>reli-</strong></span> 
     </span>
    </p>
   </div>
   <div class='ocr_carea' id='block_1_44' title="bbox 432 2831 2019 2910">
    <p class='ocr_par' dir='ltr' id='par_1_44' title="bbox 432 2831 2019 2910">
     <span class='ocr_line' id='line_1_44' title="bbox 432 2831 2019 2910; baseline 0.006 -27"><span class='ocrx_word' id='word_1_302' title='bbox 432 2831 739 2899; x_wconf 72' lang='lat' dir='ltr'><strong>giosissime</strong></span> <span class='ocrx_word' id='word_1_303' title='bbox 768 2831 992 2886; x_wconf 86' lang='lat' dir='ltr'><strong>Paulino</strong></span> <span class='ocrx_word' id='word_1_304' title='bbox 1034 2832 1332 2888; x_wconf 71' lang='lat' dir='ltr'><strong>Antiochia:</strong></span> <span class='ocrx_word' id='word_1_305' title='bbox 1359 2844 1413 2889; x_wconf 77' lang='lat' dir='ltr'><strong>et</strong></span> <span class='ocrx_word' id='word_1_306' title='bbox 1446 2836 1741 2891; x_wconf 85' lang='lat' dir='ltr'><strong>venerabili</strong></span> <span class='ocrx_word' id='word_1_307' title='bbox 1768 2838 2019 2910; x_wconf 87' lang='lat' dir='ltr'><strong>episcopo</strong></span> 
     </span>
    </p>
   </div>
   <div class='ocr_carea' id='block_1_45' title="bbox 438 2921 2019 2996">
    <p class='ocr_par' dir='ltr' id='par_1_45' title="bbox 438 2921 2019 2996">
     <span class='ocr_line' id='line_1_45' title="bbox 438 2921 2019 2996; baseline 0.007 -21"><span class='ocrx_word' id='word_1_308' title='bbox 438 2921 735 2991; x_wconf 77' lang='lat' dir='ltr'><strong>Epiphanio</strong></span> <span class='ocrx_word' id='word_1_309' title='bbox 764 2921 958 2993; x_wconf 87' lang='lat' dir='ltr'><strong>Cyprio</strong></span> <span class='ocrx_word' id='word_1_310' title='bbox 1003 2926 1336 2981; x_wconf 75' lang='lat' dir='ltr'><strong>contrarios:</strong></span> <span class='ocrx_word' id='word_1_311' title='bbox 1370 2936 1425 2981; x_wconf 89' lang='lat' dir='ltr'><strong>ut</strong></span> <span class='ocrx_word' id='word_1_312' title='bbox 1454 2926 1569 2996; x_wconf 84' lang='lat' dir='ltr'><strong>ejus</strong></span> <span class='ocrx_word' id='word_1_313' title='bbox 1599 2930 1870 2984; x_wconf 72' lang='lat' dir='ltr'><strong>memoria:</strong></span> <span class='ocrx_word' id='word_1_314' title='bbox 1912 2946 2019 2987; x_wconf 88' lang='lat' dir='ltr'><strong>non</strong></span> 
     </span>
    </p>
   </div>
   <div class='ocr_carea' id='block_1_46' title="bbox 432 3015 2016 3092">
    <p class='ocr_par' dir='ltr' id='par_1_46' title="bbox 432 3015 2016 3092">
     <span class='ocr_line' id='line_1_46' title="bbox 432 3015 2016 3092; baseline 0.009 -26"><span class='ocrx_word' id='word_1_315' title='bbox 432 3015 890 3070; x_wconf 83' lang='lat' dir='ltr'><strong>commutticcmus</strong></span> <span class='ocrx_word' id='word_1_316' title='bbox 918 3056 935 3083; x_wconf 90' lang='lat'><strong>,</strong></span> <span class='ocrx_word' id='word_1_317' title='bbox 967 3017 1112 3072; x_wconf 88' lang='lat' dir='ltr'><strong>velut</strong></span> <span class='ocrx_word' id='word_1_318' title='bbox 1156 3016 1389 3074; x_wconf 82' lang='lat' dir='ltr'><strong>haeretici</strong></span> <span class='ocrx_word' id='word_1_319' title='bbox 1416 3063 1430 3085; x_wconf 95' lang='lat'><strong>,</strong></span> <span class='ocrx_word' id='word_1_320' title='bbox 1460 3022 1548 3088; x_wconf 89' lang='lat' dir='ltr'><strong>qui</strong></span> <span class='ocrx_word' id='word_1_321' title='bbox 1576 3037 1638 3092; x_wconf 89' lang='lat' dir='ltr'><strong>pr</strong></span> <span class='ocrx_word' id='word_1_322' title='bbox 1676 3034 1855 3091; x_wconf 87' lang='lat' dir='ltr'><strong>ptcrea</strong></span> <span class='ocrx_word' id='word_1_323' title='bbox 1886 3038 2016 3081; x_wconf 82' lang='lat' dir='ltr'><strong>con~</strong></span> 
     </span>
    </p>
   </div>
   <div class='ocr_carea' id='block_1_47' title="bbox 418 3106 2018 3182">
    <p class='ocr_par' dir='ltr' id='par_1_47' title="bbox 418 3106 2018 3182">
     <span class='ocr_line' id='line_1_47' title="bbox 418 3106 2018 3182; baseline 0.009 -24"><span class='ocrx_word' id='word_1_324' title='bbox 418 3106 717 3169; x_wconf 31' lang='lat' dir='ltr'><strong>,demtiatus</strong></span> <span class='ocrx_word' id='word_1_325' title='bbox 742 3115 825 3161; x_wconf 91' lang='lat' dir='ltr'><strong>est</strong></span> <span class='ocrx_word' id='word_1_326' title='bbox 865 3107 933 3162; x_wconf 92' lang='lat' dir='ltr'><strong>ab</strong></span> <span class='ocrx_word' id='word_1_327' title='bbox 964 3107 1217 3164; x_wconf 62' lang='lat' dir='ltr'><strong>liceretico</strong></span> <span class='ocrx_word' id='word_1_328' title='bbox 1242 3152 1260 3177; x_wconf 91' lang='lat'><strong>,</strong></span> <span class='ocrx_word' id='word_1_329' title='bbox 1291 3111 1431 3182; x_wconf 89' lang='lat' dir='ltr'><strong>quod</strong></span> <span class='ocrx_word' id='word_1_330' title='bbox 1462 3126 1568 3166; x_wconf 89' lang='lat' dir='ltr'><strong>non</strong></span> <span class='ocrx_word' id='word_1_331' title='bbox 1612 3114 1959 3170; x_wconf 59' lang='lat' dir='ltr'><strong>abetinuiswt</strong></span> <span class='ocrx_word' id='word_1_332' title='bbox 1987 3132 2018 3173; x_wconf 87' lang='lat' dir='ltr'><strong>a</strong></span> 
     </span>
    </p>
   </div>
   <div class='ocr_carea' id='block_1_48' title="bbox 2134 1924 3727 1991">
    <p class='ocr_par' dir='ltr' id='par_1_48' title="bbox 2134 1924 3727 1991">
     <span class='ocr_line' id='line_1_48' title="bbox 2134 1924 3727 1991; baseline 0.009 -15"><span class='ocrx_word' id='word_1_333' title='bbox 2134 1924 2307 1978; x_wconf 88' lang='lat' dir='ltr'><strong>riatur</strong></span> <span class='ocrx_word' id='word_1_334' title='bbox 2344 1924 2657 1991; x_wconf 83' lang='lat' dir='ltr'><strong>sententiis,</strong></span> <span class='ocrx_word' id='word_1_335' title='bbox 2692 1934 2748 1981; x_wconf 93' lang='lat' dir='ltr'><strong>et</strong></span> <span class='ocrx_word' id='word_1_336' title='bbox 2774 1924 2933 1983; x_wconf 82' lang='lat' dir='ltr'><strong>facile</strong></span> <span class='ocrx_word' id='word_1_337' title='bbox 2976 1929 3028 1982; x_wconf 92' lang='lat' dir='ltr'><strong>in</strong></span> <span class='ocrx_word' id='word_1_338' title='bbox 3056 1943 3123 1984; x_wconf 90' lang='lat' dir='ltr'><strong>eo</strong></span> <span class='ocrx_word' id='word_1_339' title='bbox 3151 1930 3535 1988; x_wconf 83' lang='lat' dir='ltr'><strong>discernuntur</strong></span> <span class='ocrx_word' id='word_1_340' title='bbox 3557 1949 3727 1989; x_wconf 64' lang='lat' dir='ltr'><strong>econo</strong></span> 
     </span>
    </p>
   </div>
   <div class='ocr_carea' id='block_1_49' title="bbox 2134 2014 3725 2091">
    <p class='ocr_par' dir='ltr' id='par_1_49' title="bbox 2134 2014 3725 2091">
     <span class='ocr_line' id='line_1_49' title="bbox 2134 2014 3725 2091; baseline 0.01 -25"><span class='ocrx_word' id='word_1_341' title='bbox 2134 2014 2298 2068; x_wconf 91' lang='lat' dir='ltr'><strong>trario</strong></span> <span class='ocrx_word' id='word_1_342' title='bbox 2325 2014 2693 2091; x_wconf 80' lang='lat' dir='ltr'><strong>Oppositioues</strong></span> <span class='ocrx_word' id='word_1_343' title='bbox 2716 2058 2731 2083; x_wconf 92' lang='lat'><strong>,</strong></span> <span class='ocrx_word' id='word_1_344' title='bbox 2776 2025 2833 2072; x_wconf 91' lang='lat' dir='ltr'><strong>et</strong></span> <span class='ocrx_word' id='word_1_345' title='bbox 2882 2018 2947 2071; x_wconf 86' lang='lat' dir='ltr'><strong>ad</strong></span> <span class='ocrx_word' id='word_1_346' title='bbox 2979 2032 3073 2073; x_wconf 86' lang='lat' dir='ltr'><strong>eas</strong></span> <span class='ocrx_word' id='word_1_347' title='bbox 3124 2022 3532 2089; x_wconf 80' lang='lat' dir='ltr'><strong>responsiones,</strong></span> <span class='ocrx_word' id='word_1_348' title='bbox 3560 2036 3618 2079; x_wconf 85' lang='lat' dir='ltr'><strong>et</strong></span> <span class='ocrx_word' id='word_1_349' title='bbox 3644 2035 3725 2082; x_wconf 74' lang='lat' dir='ltr'><strong>est</strong></span> 
     </span>
    </p>
   </div>
   <div class='ocr_carea' id='block_1_50' title="bbox 2130 2104 3725 2176">
    <p class='ocr_par' dir='ltr' id='par_1_50' title="bbox 2130 2104 3725 2176">
     <span class='ocr_line' id='line_1_50' title="bbox 2130 2104 3725 2176; baseline 0.009 -19"><span class='ocrx_word' id='word_1_350' title='bbox 2130 2104 2373 2160; x_wconf 87' lang='lat' dir='ltr'><strong>oratione</strong></span> <span class='ocrx_word' id='word_1_351' title='bbox 2433 2105 2656 2176; x_wconf 82' lang='lat' dir='ltr'><strong>simplex</strong></span> <span class='ocrx_word' id='word_1_352' title='bbox 2682 2149 2697 2174; x_wconf 94' lang='lat'><strong>,</strong></span> <span class='ocrx_word' id='word_1_353' title='bbox 2730 2114 2785 2162; x_wconf 89' lang='lat' dir='ltr'><strong>et</strong></span> <span class='ocrx_word' id='word_1_354' title='bbox 2821 2108 2939 2163; x_wconf 87' lang='lat' dir='ltr'><strong>sine</strong></span> <span class='ocrx_word' id='word_1_355' title='bbox 2967 2109 3077 2164; x_wconf 92' lang='lat' dir='ltr'><strong>ullo</strong></span> <span class='ocrx_word' id='word_1_356' title='bbox 3112 2112 3379 2169; x_wconf 83' lang='lat' dir='ltr'><strong>sermonis</strong></span> <span class='ocrx_word' id='word_1_357' title='bbox 3408 2114 3679 2170; x_wconf 76' lang='lat' dir='ltr'><strong>cothurno</strong></span> <span class='ocrx_word' id='word_1_358' title='bbox 3709 2131 3725 2171; x_wconf 85' lang='lat'><strong>:</strong></span> 
     </span>
    </p>
   </div>
   <div class='ocr_carea' id='block_1_51' title="bbox 2131 2196 3725 2277">
    <p class='ocr_par' dir='ltr' id='par_1_51' title="bbox 2131 2196 3725 2277">
     <span class='ocr_line' id='line_1_51' title="bbox 2131 2196 3725 2277; baseline 0.009 -28"><span class='ocrx_word' id='word_1_359' title='bbox 2131 2196 2272 2265; x_wconf 90' lang='lat' dir='ltr'><strong>quod</strong></span> <span class='ocrx_word' id='word_1_360' title='bbox 2325 2199 2616 2253; x_wconf 88' lang='lat' dir='ltr'><strong>convenire</strong></span> <span class='ocrx_word' id='word_1_361' title='bbox 2664 2197 2794 2252; x_wconf 89' lang='lat' dir='ltr'><strong>mihi</strong></span> <span class='ocrx_word' id='word_1_362' title='bbox 2860 2199 3033 2254; x_wconf 88' lang='lat' dir='ltr'><strong>visum</strong></span> <span class='ocrx_word' id='word_1_363' title='bbox 3083 2210 3167 2257; x_wconf 85' lang='lat' dir='ltr'><strong>est</strong></span> <span class='ocrx_word' id='word_1_364' title='bbox 3211 2201 3502 2261; x_wconf 80' lang='lat' dir='ltr'><strong>Christiani</strong></span> <span class='ocrx_word' id='word_1_365' title='bbox 3543 2208 3725 2277; x_wconf 82' lang='lat' dir='ltr'><strong>style,</strong></span> 
     </span>
    </p>
   </div>
   <div class='ocr_carea' id='block_1_52' title="bbox 2129 2288 3724 2361">
    <p class='ocr_par' dir='ltr' id='par_1_52' title="bbox 2129 2288 3724 2361">
     <span class='ocr_line' id='line_1_52' title="bbox 2129 2288 3724 2361; baseline 0.008 -19"><span class='ocrx_word' id='word_1_366' title='bbox 2129 2302 2236 2342; x_wconf 92' lang='lat' dir='ltr'><strong>non</strong></span> <span class='ocrx_word' id='word_1_367' title='bbox 2265 2288 2331 2341; x_wconf 85' lang='lat' dir='ltr'><strong>ad</strong></span> <span class='ocrx_word' id='word_1_368' title='bbox 2374 2289 2822 2357; x_wconf 85' lang='lat' dir='ltr'><strong>ostentationem,</strong></span> <span class='ocrx_word' id='word_1_369' title='bbox 2869 2292 2967 2348; x_wconf 88' lang='lat' dir='ltr'><strong>sed</strong></span> <span class='ocrx_word' id='word_1_370' title='bbox 3012 2292 3079 2349; x_wconf 88' lang='lat' dir='ltr'><strong>ad</strong></span> <span class='ocrx_word' id='word_1_371' title='bbox 3132 2295 3415 2353; x_wconf 72' lang='lat' dir='ltr'><strong>utilitatem</strong></span> <span class='ocrx_word' id='word_1_372' title='bbox 3444 2299 3724 2361; x_wconf 80' lang='lat' dir='ltr'><strong>hominum</strong></span> 
     </span>
    </p>
   </div>
   <div class='ocr_carea' id='block_1_53' title="bbox 2128 2379 3725 2460">
    <p class='ocr_par' dir='ltr' id='par_1_53' title="bbox 2128 2379 3725 2460">
     <span class='ocr_line' id='line_1_53' title="bbox 2128 2379 3725 2460; baseline 0.011 -26"><span class='ocrx_word' id='word_1_373' title='bbox 2128 2379 2435 2435; x_wconf 87' lang='lat' dir='ltr'><strong>scribentis.</strong></span> <span class='ocrx_word' id='word_1_374' title='bbox 2491 2380 2560 2435; x_wconf 85' lang='lat' dir='ltr'><strong>Et</strong></span> <span class='ocrx_word' id='word_1_375' title='bbox 2586 2382 2994 2439; x_wconf 83' lang='lat' dir='ltr'><strong>abundaverant</strong></span> <span class='ocrx_word' id='word_1_376' title='bbox 3041 2387 3256 2457; x_wconf 85' lang='lat' dir='ltr'><strong>quidem</strong></span> <span class='ocrx_word' id='word_1_377' title='bbox 3290 2390 3446 2445; x_wconf 80' lang='lat' dir='ltr'><strong>nobis</strong></span> <span class='ocrx_word' id='word_1_378' title='bbox 3469 2436 3486 2460; x_wconf 92' lang='lat'><strong>,</strong></span> <span class='ocrx_word' id='word_1_379' title='bbox 3529 2393 3599 2447; x_wconf 81' lang='lat' dir='ltr'><strong>ad</strong></span> <span class='ocrx_word' id='word_1_380' title='bbox 3626 2396 3725 2450; x_wconf 65' lang='grc' dir='ltr'><strong>σε.</strong></span> 
     </span>
    </p>
   </div>
   <div class='ocr_carea' id='block_1_54' title="bbox 2128 2473 3725 2550">
    <p class='ocr_par' dir='ltr' id='par_1_54' title="bbox 2128 2473 3725 2550">
     <span class='ocr_line' id='line_1_54' title="bbox 2128 2473 3725 2550; baseline 0.013 -26"><span class='ocrx_word' id='word_1_381' title='bbox 2128 2473 2535 2529; x_wconf 88' lang='lat' dir='ltr'><strong>monstrandum</strong></span> <span class='ocrx_word' id='word_1_382' title='bbox 2567 2474 2707 2544; x_wconf 91' lang='lat' dir='ltr'><strong>quod</strong></span> <span class='ocrx_word' id='word_1_383' title='bbox 2734 2479 3113 2548; x_wconf 83' lang='lat' dir='ltr'><strong>proposuimus</strong></span> <span class='ocrx_word' id='word_1_384' title='bbox 3136 2480 3239 2536; x_wconf 82' lang='lat' dir='ltr'><strong>ista</strong></span> <span class='ocrx_word' id='word_1_385' title='bbox 3258 2498 3384 2550; x_wconf 84' lang='lat' dir='ltr'><strong>quie</strong></span> <span class='ocrx_word' id='word_1_386' title='bbox 3409 2483 3553 2539; x_wconf 81' lang='lat' dir='ltr'><strong>dicta</strong></span> <span class='ocrx_word' id='word_1_387' title='bbox 3573 2499 3725 2543; x_wconf 80' lang='lat' dir='ltr'><strong>sunt.</strong></span> 
     </span>
    </p>
   </div>
   <div class='ocr_carea' id='block_1_55' title="bbox 2130 2560 3722 2646">
    <p class='ocr_par' dir='ltr' id='par_1_55' title="bbox 2130 2560 3722 2646">
     <span class='ocr_line' id='line_1_55' title="bbox 2130 2560 3722 2646; baseline 0.012 -30"><span class='ocrx_word' id='word_1_388' title='bbox 2130 2560 2326 2618; x_wconf 86' lang='lat' dir='ltr'><strong>Verum</strong></span> <span class='ocrx_word' id='word_1_389' title='bbox 2357 2564 2479 2635; x_wconf 73' lang='lat' dir='ltr'><strong>quia</strong></span> <span class='ocrx_word' id='word_1_390' title='bbox 2518 2565 2649 2622; x_wconf 89' lang='lat' dir='ltr'><strong>nihil</strong></span> <span class='ocrx_word' id='word_1_391' title='bbox 2687 2567 2979 2636; x_wconf 80' lang='lat' dir='ltr'><strong>debemus,</strong></span> <span class='ocrx_word' id='word_1_392' title='bbox 3008 2572 3096 2628; x_wconf 85' lang='lat' dir='ltr'><strong>vel</strong></span> <span class='ocrx_word' id='word_1_393' title='bbox 3140 2574 3327 2644; x_wconf 66' lang='lat' dir='ltr'><strong>gloriae</strong></span> <span class='ocrx_word' id='word_1_394' title='bbox 3378 2577 3549 2646; x_wconf 82' lang='lat' dir='ltr'><strong>ipsius</strong></span> <span class='ocrx_word' id='word_1_395' title='bbox 3578 2578 3722 2635; x_wconf 80' lang='lat' dir='ltr'><strong>beati</strong></span> 
     </span>
    </p>
   </div>
   <div class='ocr_carea' id='block_1_56' title="bbox 2128 2653 3723 2741">
    <p class='ocr_par' dir='ltr' id='par_1_56' title="bbox 2128 2653 3723 2741">
     <span class='ocr_line' id='line_1_56' title="bbox 2128 2653 3723 2741; baseline 0.013 -32"><span class='ocrx_word' id='word_1_396' title='bbox 2128 2653 2377 2725; x_wconf 90' lang='lat' dir='ltr'><strong>Diodori,</strong></span> <span class='ocrx_word' id='word_1_397' title='bbox 2410 2658 2495 2713; x_wconf 86' lang='lat' dir='ltr'><strong>vel</strong></span> <span class='ocrx_word' id='word_1_398' title='bbox 2547 2674 2724 2715; x_wconf 78' lang='lat' dir='ltr'><strong>causa:</strong></span> <span class='ocrx_word' id='word_1_399' title='bbox 2772 2663 3063 2733; x_wconf 67' lang='lat' dir='ltr'><strong>cognitioni</strong></span> <span class='ocrx_word' id='word_1_400' title='bbox 3112 2664 3133 2696; x_wconf 71' lang='lat'><strong>‘</strong></span> <span class='ocrx_word' id='word_1_401' title='bbox 3161 2667 3431 2737; x_wconf 81' lang='lat' dir='ltr'><strong>minuere,</strong></span> <span class='ocrx_word' id='word_1_402' title='bbox 3482 2673 3723 2741; x_wconf 80' lang='lat' dir='ltr'><strong>qualiter</strong></span> 
     </span>
    </p>
   </div>
   <div class='ocr_carea' id='block_1_57' title="bbox 2125 2749 3723 2832">
    <p class='ocr_par' dir='ltr' id='par_1_57' title="bbox 2125 2749 3723 2832">
     <span class='ocr_line' id='line_1_57' title="bbox 2125 2749 3723 2832; baseline 0.011 -26"><span class='ocrx_word' id='word_1_403' title='bbox 2125 2749 2289 2806; x_wconf 85' lang='lat' dir='ltr'><strong>etiam</strong></span> <span class='ocrx_word' id='word_1_404' title='bbox 2328 2752 2757 2819; x_wconf 73' lang='lat' dir='ltr'><strong>priedecessores</strong></span> <span class='ocrx_word' id='word_1_405' title='bbox 2788 2757 2950 2813; x_wconf 85' lang='lat' dir='ltr'><strong>vestri</strong></span> <span class='ocrx_word' id='word_1_406' title='bbox 2995 2757 3233 2828; x_wconf 74' lang='lat' dir='ltr'><strong>religiosi</strong></span> <span class='ocrx_word' id='word_1_407' title='bbox 3262 2762 3551 2832; x_wconf 71' lang='lat' dir='ltr'><strong>principes,</strong></span> <span class='ocrx_word' id='word_1_408' title='bbox 3585 2766 3723 2822; x_wconf 80' lang='lat' dir='ltr'><strong>Gra-</strong></span> 
     </span>
    </p>
   </div>
   <div class='ocr_carea' id='block_1_58' title="bbox 2123 2842 3725 2924">
    <p class='ocr_par' dir='ltr' id='par_1_58' title="bbox 2123 2842 3725 2924">
     <span class='ocr_line' id='line_1_58' title="bbox 2123 2842 3725 2924; baseline 0.012 -30"><span class='ocrx_word' id='word_1_409' title='bbox 2123 2842 2324 2909; x_wconf 78' lang='lat' dir='ltr'><strong>tianus,</strong></span> <span class='ocrx_word' id='word_1_410' title='bbox 2403 2842 2841 2912; x_wconf 85' lang='lat' dir='ltr'><strong>Valentinianus,</strong></span> <span class='ocrx_word' id='word_1_411' title='bbox 2908 2860 2964 2905; x_wconf 86' lang='lat' dir='ltr'><strong>et</strong></span> <span class='ocrx_word' id='word_1_412' title='bbox 3026 2849 3199 2921; x_wconf 76' lang='lat' dir='ltr'><strong>major</strong></span> <span class='ocrx_word' id='word_1_413' title='bbox 3245 2852 3613 2924; x_wconf 80' lang='lat' dir='ltr'><strong>Theodosius,</strong></span> <span class='ocrx_word' id='word_1_414' title='bbox 3666 2858 3725 2914; x_wconf 78' lang='lat' dir='ltr'><strong>ei</strong></span> 
     </span>
    </p>
   </div>
   <div class='ocr_carea' id='block_1_59' title="bbox 2124 2933 3721 3007">
    <p class='ocr_par' dir='ltr' id='par_1_59' title="bbox 2124 2933 3721 3007">
     <span class='ocr_line' id='line_1_59' title="bbox 2124 2933 3721 3007; baseline 0.011 -19"><span class='ocrx_word' id='word_1_415' title='bbox 2124 2933 2323 2991; x_wconf 81' lang='lat' dir='ltr'><strong>fuerint</strong></span> <span class='ocrx_word' id='word_1_416' title='bbox 2368 2939 2641 3007; x_wconf 88' lang='lat' dir='ltr'><strong>attestati,</strong></span> <span class='ocrx_word' id='word_1_417' title='bbox 2686 2942 3042 2997; x_wconf 81' lang='lat' dir='ltr'><strong>omittendum</strong></span> <span class='ocrx_word' id='word_1_418' title='bbox 3099 2957 3221 3000; x_wconf 78' lang='lat' dir='ltr'><strong>esse</strong></span> <span class='ocrx_word' id='word_1_419' title='bbox 3265 2961 3371 3000; x_wconf 89' lang='lat' dir='ltr'><strong>non</strong></span> <span class='ocrx_word' id='word_1_420' title='bbox 3418 2949 3721 3006; x_wconf 74' lang='lat' dir='ltr'><strong>credimus.</strong></span> 
     </span>
    </p>
   </div>
   <div class='ocr_carea' id='block_1_60' title="bbox 2122 3027 3729 3104">
    <p class='ocr_par' dir='ltr' id='par_1_60' title="bbox 2122 3027 3729 3104">
     <span class='ocr_line' id='line_1_60' title="bbox 2122 3027 3729 3104; baseline 0.011 -25"><span class='ocrx_word' id='word_1_421' title='bbox 2122 3027 2222 3095; x_wconf 85' lang='lat' dir='ltr'><strong>Qui</strong></span> <span class='ocrx_word' id='word_1_422' title='bbox 2248 3042 2368 3083; x_wconf 91' lang='lat' dir='ltr'><strong>cum</strong></span> <span class='ocrx_word' id='word_1_423' title='bbox 2398 3028 2703 3095; x_wconf 85' lang='lat' dir='ltr'><strong>scriberent</strong></span> <span class='ocrx_word' id='word_1_424' title='bbox 2724 3031 2790 3087; x_wconf 85' lang='lat' dir='ltr'><strong>ad</strong></span> <span class='ocrx_word' id='word_1_425' title='bbox 2821 3035 3130 3093; x_wconf 71' lang='lat' dir='ltr'><strong>Ausonium</strong></span> <span class='ocrx_word' id='word_1_426' title='bbox 3162 3039 3539 3104; x_wconf 76' lang='lat' dir='ltr'><strong>proconsulem</strong></span> <span class='ocrx_word' id='word_1_427' title='bbox 3568 3039 3729 3097; x_wconf 68' lang='lat' dir='ltr'><strong>Asia:</strong></span> 
     </span>
    </p>
   </div>
   <div class='ocr_carea' id='block_1_61' title="bbox 2122 3122 3721 3200">
    <p class='ocr_par' dir='ltr' id='par_1_61' title="bbox 2122 3122 3721 3200">
     <span class='ocr_line' id='line_1_61' title="bbox 2122 3122 3721 3200; baseline 0.008 -23"><span class='ocrx_word' id='word_1_428' title='bbox 2122 3122 2189 3178; x_wconf 89' lang='lat' dir='ltr'><strong>de</strong></span> <span class='ocrx_word' id='word_1_429' title='bbox 2218 3123 2564 3180; x_wconf 82' lang='lat' dir='ltr'><strong>restituendis</strong></span> <span class='ocrx_word' id='word_1_430' title='bbox 2584 3125 2852 3193; x_wconf 81' lang='lat' dir='ltr'><strong>ecclesiis,</strong></span> <span class='ocrx_word' id='word_1_431' title='bbox 2878 3128 2948 3182; x_wconf 87' lang='lat' dir='ltr'><strong>ita</strong></span> <span class='ocrx_word' id='word_1_432' title='bbox 2971 3137 3094 3198; x_wconf 90' lang='lat' dir='ltr'><strong>post</strong></span> <span class='ocrx_word' id='word_1_433' title='bbox 3113 3129 3386 3200; x_wconf 76' lang='lat' dir='ltr'><strong>aliquanta</strong></span> <span class='ocrx_word' id='word_1_434' title='bbox 3414 3132 3671 3188; x_wconf 74' lang='lat' dir='ltr'><strong>dixerunt</strong></span> <span class='ocrx_word' id='word_1_435' title='bbox 3702 3152 3721 3189; x_wconf 87' lang='lat'><strong>:</strong></span> 
     </span>
    </p>
   </div>
   <div class='ocr_carea' id='block_1_62' title="bbox 422 3199 3723 3289">
    <p class='ocr_par' dir='ltr' id='par_1_62' title="bbox 422 3199 3723 3289">
     <span class='ocr_line' id='line_1_62' title="bbox 422 3199 3723 3289; baseline 0.009 -39"><span class='ocrx_word' id='word_1_436' title='bbox 422 3200 807 3254; x_wconf 83' lang='lat' dir='ltr'><strong>communione</strong></span> <span class='ocrx_word' id='word_1_437' title='bbox 835 3208 961 3254; x_wconf 91' lang='lat' dir='ltr'><strong>ante</strong></span> <span class='ocrx_word' id='word_1_438' title='bbox 1007 3199 1273 3256; x_wconf 71' lang='lat' dir='ltr'><strong>dietoi&#39;utn</strong></span> <span class='ocrx_word' id='word_1_439' title='bbox 1320 3202 1766 3260; x_wconf 77' lang='lat' dir='ltr'><strong>orthodoxorum.</strong></span> <span class='ocrx_word' id='word_1_440' title='bbox 1800 3208 2019 3263; x_wconf 84' lang='lat' dir='ltr'><strong>Accedit</strong></span> <span class='ocrx_word' id='word_1_441' title='bbox 2046 3205 2092 3267; x_wconf 82' lang='lat' dir='ltr'>C</span> <span class='ocrx_word' id='word_1_442' title='bbox 2128 3232 2148 3265; x_wconf 73' lang='lat' dir='ltr'><strong>i</strong></span> <span class='ocrx_word' id='word_1_443' title='bbox 2184 3214 2296 3269; x_wconf 88' lang='lat' dir='ltr'><strong>Soli</strong></span> <span class='ocrx_word' id='word_1_444' title='bbox 2347 3213 2425 3269; x_wconf 88' lang='lat' dir='ltr'><strong>illi</strong></span> <span class='ocrx_word' id='word_1_445' title='bbox 2460 3216 2693 3272; x_wconf 85' lang='lat' dir='ltr'><strong>habeant</strong></span> <span class='ocrx_word' id='word_1_446' title='bbox 2733 3219 3031 3287; x_wconf 85' lang='lat' dir='ltr'><strong>ecclesias,</strong></span> <span class='ocrx_word' id='word_1_447' title='bbox 3062 3221 3153 3289; x_wconf 90' lang='lat' dir='ltr'><strong>qui</strong></span> <span class='ocrx_word' id='word_1_448' title='bbox 3183 3199 3584 3278; x_wconf 78' lang='lat' dir='ltr'><strong>communicant</strong></span> <span class='ocrx_word' id='word_1_449' title='bbox 3613 3224 3723 3280; x_wconf 80' lang='lat' dir='ltr'><strong>Ne-</strong></span> 
     </span>
    </p>
   </div>
   <div class='ocr_carea' id='block_1_63' title="bbox 422 3290 2016 3356">
    <p class='ocr_par' dir='ltr' id='par_1_63' title="bbox 422 3290 2016 3356">
     <span class='ocr_line' id='line_1_63' title="bbox 422 3290 2016 3356; baseline 0.009 -14"><span class='ocrx_word' id='word_1_450' title='bbox 422 3290 591 3343; x_wconf 81' lang='lat' dir='ltr'><strong>etiam</strong></span> <span class='ocrx_word' id='word_1_451' title='bbox 644 3298 844 3345; x_wconf 65' lang='lat' dir='ltr'><strong>nostra:</strong></span> <span class='ocrx_word' id='word_1_452' title='bbox 889 3291 1308 3348; x_wconf 84' lang='lat' dir='ltr'><strong>considerationi</strong></span> <span class='ocrx_word' id='word_1_453' title='bbox 1337 3296 1628 3351; x_wconf 88' lang='lat' dir='ltr'><strong>auctoritas</strong></span> <span class='ocrx_word' id='word_1_454' title='bbox 1667 3299 1881 3355; x_wconf 89' lang='lat' dir='ltr'><strong>concilii</strong></span> <span class='ocrx_word' id='word_1_455' title='bbox 1916 3300 2016 3356; x_wconf 81' lang='lat' dir='ltr'><strong>l50</strong></span> 
     </span>
    </p>
   </div>
   <div class='ocr_carea' id='block_1_64' title="bbox 430 3382 2015 3456">
    <p class='ocr_par' dir='ltr' id='par_1_64' title="bbox 430 3382 2015 3456">
     <span class='ocr_line' id='line_1_64' title="bbox 430 3382 2015 3456; baseline 0.008 -22"><span class='ocrx_word' id='word_1_456' title='bbox 430 3382 804 3451; x_wconf 87' lang='lat' dir='ltr'><strong>episcoporum</strong></span> <span class='ocrx_word' id='word_1_457' title='bbox 826 3424 839 3448; x_wconf 96' lang='lat'><strong>,</strong></span> <span class='ocrx_word' id='word_1_458' title='bbox 875 3382 928 3435; x_wconf 90' lang='lat' dir='ltr'><strong>in</strong></span> <span class='ocrx_word' id='word_1_459' title='bbox 975 3387 1111 3437; x_wconf 86' lang='lat' dir='ltr'><strong>hanc</strong></span> <span class='ocrx_word' id='word_1_460' title='bbox 1138 3388 1338 3456; x_wconf 78' lang='lat' dir='ltr'><strong>regiam</strong></span> <span class='ocrx_word' id='word_1_461' title='bbox 1370 3386 1642 3443; x_wconf 88' lang='lat' dir='ltr'><strong>civitatem</strong></span> <span class='ocrx_word' id='word_1_462' title='bbox 1688 3398 1874 3445; x_wconf 87' lang='lat' dir='ltr'><strong>contra</strong></span> <span class='ocrx_word' id='word_1_463' title='bbox 1906 3392 2015 3447; x_wconf 78' lang='lat' dir='ltr'><strong>Ma—</strong></span> 
     </span>
    </p>
   </div>
   <div class='ocr_carea' id='block_1_65' title="bbox 426 3472 2019 3549">
    <p class='ocr_par' dir='ltr' id='par_1_65' title="bbox 426 3472 2019 3549">
     <span class='ocr_line' id='line_1_65' title="bbox 426 3472 2019 3549; baseline 0.008 -22"><span class='ocrx_word' id='word_1_464' title='bbox 426 3472 712 3527; x_wconf 77' lang='lat' dir='ltr'><strong>cedonium</strong></span> <span class='ocrx_word' id='word_1_465' title='bbox 759 3485 1200 3544; x_wconf 81' lang='lat' dir='ltr'><strong>congregatarum</strong></span> <span class='ocrx_word' id='word_1_466' title='bbox 1228 3519 1243 3544; x_wconf 93' lang='lat'><strong>,</strong></span> <span class='ocrx_word' id='word_1_467' title='bbox 1277 3478 1417 3535; x_wconf 89' lang='lat' dir='ltr'><strong>inter</strong></span> <span class='ocrx_word' id='word_1_468' title='bbox 1447 3494 1584 3549; x_wconf 89' lang='lat' dir='ltr'><strong>quos</strong></span> <span class='ocrx_word' id='word_1_469' title='bbox 1635 3492 1752 3537; x_wconf 91' lang='lat' dir='ltr'><strong>erat</strong></span> <span class='ocrx_word' id='word_1_470' title='bbox 1798 3496 2019 3540; x_wconf 85' lang='lat' dir='ltr'><strong>sanctus</strong></span> 
     </span>
    </p>
   </div>
   <div class='ocr_carea' id='block_1_66' title="bbox 430 3563 2017 3647">
    <p class='ocr_par' dir='ltr' id='par_1_66' title="bbox 430 3563 2017 3647">
     <span class='ocr_line' id='line_1_66' title="bbox 430 3563 2017 3647; baseline 0.009 -27"><span class='ocrx_word' id='word_1_471' title='bbox 430 3566 533 3620; x_wconf 86' lang='lat' dir='ltr'><strong>iste</strong></span> <span class='ocrx_word' id='word_1_472' title='bbox 575 3563 852 3621; x_wconf 87' lang='lat' dir='ltr'><strong>Diodorus.</strong></span> <span class='ocrx_word' id='word_1_473' title='bbox 886 3568 1119 3623; x_wconf 85' lang='lat' dir='ltr'><strong>Accedat</strong></span> <span class='ocrx_word' id='word_1_474' title='bbox 1147 3569 1288 3640; x_wconf 90' lang='lat' dir='ltr'><strong>quod</strong></span> <span class='ocrx_word' id='word_1_475' title='bbox 1330 3572 1383 3627; x_wconf 91' lang='lat' dir='ltr'><strong>in</strong></span> <span class='ocrx_word' id='word_1_476' title='bbox 1417 3573 1674 3630; x_wconf 73' lang='lat' dir='ltr'><strong>Ecclesiae</strong></span> <span class='ocrx_word' id='word_1_477' title='bbox 1698 3591 1861 3645; x_wconf 82' lang='lat' dir='ltr'><strong>pace.</strong></span> <span class='ocrx_word' id='word_1_478' title='bbox 1907 3578 2017 3647; x_wconf 83' lang='lat' dir='ltr'><strong>ple-</strong></span> 
     </span>
    </p>
   </div>
   <div class='ocr_carea' id='block_1_67' title="bbox 428 3656 2017 3732">
    <p class='ocr_par' dir='ltr' id='par_1_67' title="bbox 428 3656 2017 3732">
     <span class='ocr_line' id='line_1_67' title="bbox 428 3656 2017 3732; baseline 0.01 -24"><span class='ocrx_word' id='word_1_479' title='bbox 428 3670 531 3710; x_wconf 90' lang='lat' dir='ltr'><strong>nus</strong></span> <span class='ocrx_word' id='word_1_480' title='bbox 577 3656 818 3725; x_wconf 90' lang='lat' dir='ltr'><strong>dierum,</strong></span> <span class='ocrx_word' id='word_1_481' title='bbox 849 3672 968 3713; x_wconf 91' lang='lat' dir='ltr'><strong>cum</strong></span> <span class='ocrx_word' id='word_1_482' title='bbox 1000 3659 1168 3729; x_wconf 78' lang='lat' dir='ltr'><strong>gloria</strong></span> <span class='ocrx_word' id='word_1_483' title='bbox 1219 3677 1409 3732; x_wconf 78' lang='lat' dir='ltr'><strong>magna</strong></span> <span class='ocrx_word' id='word_1_484' title='bbox 1456 3663 1744 3721; x_wconf 83' lang='lat' dir='ltr'><strong>defunctus</strong></span> <span class='ocrx_word' id='word_1_485' title='bbox 1792 3676 1896 3723; x_wconf 83' lang='lat' dir='ltr'><strong>est.</strong></span> <span class='ocrx_word' id='word_1_486' title='bbox 1951 3671 2017 3726; x_wconf 76' lang='lat' dir='ltr'><strong>Et</strong></span> 
     </span>
    </p>
   </div>
   <div class='ocr_carea' id='block_1_68' title="bbox 429 3746 2012 3817">
    <p class='ocr_par' dir='ltr' id='par_1_68' title="bbox 429 3746 2012 3817">
     <span class='ocr_line' id='line_1_68' title="bbox 429 3746 2012 3817; baseline 0.009 -18"><span class='ocrx_word' id='word_1_487' title='bbox 429 3746 588 3800; x_wconf 86' lang='lat' dir='ltr'><strong>nimis</strong></span> <span class='ocrx_word' id='word_1_488' title='bbox 636 3747 805 3802; x_wconf 76' lang='lat' dir='ltr'><strong>audax</strong></span> <span class='ocrx_word' id='word_1_489' title='bbox 862 3748 1101 3817; x_wconf 76' lang='lat' dir='ltr'><strong>proiecto</strong></span> <span class='ocrx_word' id='word_1_490' title='bbox 1146 3750 1445 3817; x_wconf 82' lang='lat' dir='ltr'><strong>videbitur,</strong></span> <span class='ocrx_word' id='word_1_491' title='bbox 1494 3763 1549 3808; x_wconf 86' lang='lat' dir='ltr'><strong>ut</strong></span> <span class='ocrx_word' id='word_1_492' title='bbox 1594 3767 1780 3812; x_wconf 85' lang='lat' dir='ltr'><strong>contra</strong></span> <span class='ocrx_word' id='word_1_493' title='bbox 1823 3757 2012 3815; x_wconf 88' lang='lat' dir='ltr'><strong>horum</strong></span> 
     </span>
    </p>
   </div>
   <div class='ocr_carea' id='block_1_69' title="bbox 428 3825 2011 3908">
    <p class='ocr_par' dir='ltr' id='par_1_69' title="bbox 428 3825 2011 3908">
     <span class='ocr_line' id='line_1_69' title="bbox 428 3825 2011 3908; baseline 0.009 -15"><span class='ocrx_word' id='word_1_494' title='bbox 428 3825 665 3893; x_wconf 77' lang='lat' dir='ltr'><strong>omnium</strong></span> <span class='ocrx_word' id='word_1_495' title='bbox 698 3842 1069 3897; x_wconf 83' lang='lat' dir='ltr'><strong>auctoritatem</strong></span> <span class='ocrx_word' id='word_1_496' title='bbox 1097 3884 1110 3908; x_wconf 93' lang='lat'><strong>,</strong></span> <span class='ocrx_word' id='word_1_497' title='bbox 1161 3844 1283 3899; x_wconf 87' lang='lat' dir='ltr'><strong>talis</strong></span> <span class='ocrx_word' id='word_1_498' title='bbox 1311 3860 1374 3900; x_wconf 78' lang='lat' dir='ltr'><strong>:ic</strong></span> <span class='ocrx_word' id='word_1_499' title='bbox 1406 3856 1582 3903; x_wconf 90' lang='lat' dir='ltr'><strong>tantus</strong></span> <span class='ocrx_word' id='word_1_500' title='bbox 1614 3848 1867 3906; x_wconf 73' lang='lat' dir='ltr'><strong>Ecclesia:</strong></span> <span class='ocrx_word' id='word_1_501' title='bbox 1916 3853 2011 3908; x_wconf 86' lang='lat' dir='ltr'><strong>do-</strong></span> 
     </span>
    </p>
   </div>
   <div class='ocr_carea' id='block_1_70' title="bbox 426 3932 2016 4015">
    <p class='ocr_par' dir='ltr' id='par_1_70' title="bbox 426 3932 2016 4015">
     <span class='ocr_line' id='line_1_70' title="bbox 426 3932 2016 4015; baseline 0.011 -28"><span class='ocrx_word' id='word_1_502' title='bbox 426 3942 542 3988; x_wconf 89' lang='lat' dir='ltr'><strong>ctor</strong></span> <span class='ocrx_word' id='word_1_503' title='bbox 569 3948 665 4003; x_wconf 90' lang='lat' dir='ltr'><strong>pro</strong></span> <span class='ocrx_word' id='word_1_504' title='bbox 695 3932 876 4006; x_wconf 89' lang='lat' dir='ltr'><strong>Cyrilli</strong></span> <span class='ocrx_word' id='word_1_505' title='bbox 906 3938 1137 4006; x_wconf 88' lang='lat' dir='ltr'><strong>querelis</strong></span> <span class='ocrx_word' id='word_1_506' title='bbox 1159 3939 1640 4015; x_wconf 79' lang='lat' dir='ltr'><strong>anathematizctur</strong></span> <span class='ocrx_word' id='word_1_507' title='bbox 1671 3947 1813 4001; x_wconf 84' lang='lat' dir='ltr'><strong>velut</strong></span> <span class='ocrx_word' id='word_1_508' title='bbox 1844 3948 2016 4003; x_wconf 75' lang='lat' dir='ltr'><strong>Incre-</strong></span> 
     </span>
    </p>
   </div>
   <div class='ocr_carea' id='block_1_71' title="bbox 427 4027 2014 4103">
    <p class='ocr_par' dir='ltr' id='par_1_71' title="bbox 427 4027 2014 4103">
     <span class='ocr_line' id='line_1_71' title="bbox 427 4027 2014 4103; baseline 0.013 -25"><span class='ocrx_word' id='word_1_509' title='bbox 427 4027 566 4082; x_wconf 91' lang='lat' dir='ltr'><strong>ticus</strong></span> <span class='ocrx_word' id='word_1_510' title='bbox 590 4044 603 4079; x_wconf 87' lang='lat'><strong>:</strong></span> <span class='ocrx_word' id='word_1_511' title='bbox 638 4028 777 4097; x_wconf 89' lang='lat' dir='ltr'><strong>quod</strong></span> <span class='ocrx_word' id='word_1_512' title='bbox 801 4039 854 4084; x_wconf 90' lang='lat' dir='ltr'><strong>ct</strong></span> <span class='ocrx_word' id='word_1_513' title='bbox 884 4031 1014 4085; x_wconf 90' lang='lat' dir='ltr'><strong>istos</strong></span> <span class='ocrx_word' id='word_1_514' title='bbox 1039 4031 1253 4103; x_wconf 83' lang='lat' dir='ltr'><strong>judices</strong></span> <span class='ocrx_word' id='word_1_515' title='bbox 1279 4046 1613 4091; x_wconf 89' lang='lat' dir='ltr'><strong>mortuorum</strong></span> <span class='ocrx_word' id='word_1_516' title='bbox 1642 4040 2014 4097; x_wconf 80' lang='lat' dir='ltr'><strong>considerasse</strong></span> 
     </span>
    </p>
   </div>
   <div class='ocr_carea' id='block_1_72' title="bbox 422 4119 2012 4197">
    <p class='ocr_par' dir='ltr' id='par_1_72' title="bbox 422 4119 2012 4197">
     <span class='ocr_line' id='line_1_72' title="bbox 422 4119 2012 4197; baseline 0.009 -25"><span class='ocrx_word' id='word_1_517' title='bbox 422 4119 751 4173; x_wconf 85' lang='lat' dir='ltr'><strong>credendum</strong></span> <span class='ocrx_word' id='word_1_518' title='bbox 774 4130 874 4175; x_wconf 89' lang='lat' dir='ltr'><strong>est.</strong></span> <span class='ocrx_word' id='word_1_519' title='bbox 908 4121 1013 4176; x_wconf 92' lang='lat' dir='ltr'><strong>Sed</strong></span> <span class='ocrx_word' id='word_1_520' title='bbox 1037 4138 1156 4177; x_wconf 87' lang='lat' dir='ltr'><strong>cum</strong></span> <span class='ocrx_word' id='word_1_521' title='bbox 1188 4138 1283 4192; x_wconf 88' lang='lat' dir='ltr'><strong>pro</strong></span> <span class='ocrx_word' id='word_1_522' title='bbox 1324 4125 1514 4181; x_wconf 87' lang='lat' dir='ltr'><strong>iisdem</strong></span> <span class='ocrx_word' id='word_1_523' title='bbox 1543 4129 1777 4197; x_wconf 78' lang='lat' dir='ltr'><strong>querelis</strong></span> <span class='ocrx_word' id='word_1_524' title='bbox 1804 4170 1821 4196; x_wconf 87' lang='lat'><strong>,</strong></span> <span class='ocrx_word' id='word_1_525' title='bbox 1854 4133 1935 4187; x_wconf 87' lang='lat' dir='ltr'><strong>vel</strong></span> <span class='ocrx_word' id='word_1_526' title='bbox 1967 4132 2012 4186; x_wconf 87' lang='lat' dir='ltr'><strong>si</strong></span> 
     </span>
    </p>
   </div>
   <div class='ocr_carea' id='block_1_73' title="bbox 425 4211 2011 4290">
    <p class='ocr_par' dir='ltr' id='par_1_73' title="bbox 425 4211 2011 4290">
     <span class='ocr_line' id='line_1_73' title="bbox 425 4211 2011 4290; baseline 0.009 -29"><span class='ocrx_word' id='word_1_527' title='bbox 425 4225 609 4263; x_wconf 89' lang='lat' dir='ltr'><strong>verum</strong></span> <span class='ocrx_word' id='word_1_528' title='bbox 643 4211 732 4276; x_wconf 91' lang='lat' dir='ltr'><strong>sit,</strong></span> <span class='ocrx_word' id='word_1_529' title='bbox 762 4227 867 4289; x_wconf 88' lang='lat' dir='ltr'><strong>non</strong></span> <span class='ocrx_word' id='word_1_530' title='bbox 894 4212 994 4267; x_wconf 88' lang='lat' dir='ltr'><strong>nisi</strong></span> <span class='ocrx_word' id='word_1_531' title='bbox 1039 4212 1188 4282; x_wconf 88' lang='lat' dir='ltr'><strong>prius</strong></span> <span class='ocrx_word' id='word_1_532' title='bbox 1218 4214 1439 4270; x_wconf 78' lang='lat' dir='ltr'><strong>excluso</strong></span> <span class='ocrx_word' id='word_1_533' title='bbox 1468 4218 1724 4287; x_wconf 75' lang='lat' dir='ltr'><strong>magistro</strong></span> <span class='ocrx_word' id='word_1_534' title='bbox 1752 4220 2011 4290; x_wconf 82' lang='lat' dir='ltr'><strong>Diodoro,</strong></span> 
     </span>
    </p>
   </div>
   <div class='ocr_carea' id='block_1_74' title="bbox 423 4300 2015 4376">
    <p class='ocr_par' dir='ltr' id='par_1_74' title="bbox 423 4300 2015 4376">
     <span class='ocr_line' id='line_1_74' title="bbox 423 4300 2015 4376; baseline 0.006 -21"><span class='ocrx_word' id='word_1_535' title='bbox 423 4300 637 4355; x_wconf 81' lang='lat' dir='ltr'><strong>excludi</strong></span> <span class='ocrx_word' id='word_1_536' title='bbox 667 4300 782 4372; x_wconf 88' lang='lat' dir='ltr'><strong>ejus</strong></span> <span class='ocrx_word' id='word_1_537' title='bbox 812 4302 1104 4371; x_wconf 88' lang='lat' dir='ltr'><strong>discipulus</strong></span> <span class='ocrx_word' id='word_1_538' title='bbox 1157 4305 1367 4375; x_wconf 88' lang='lat' dir='ltr'><strong>possit:</strong></span> <span class='ocrx_word' id='word_1_539' title='bbox 1392 4308 1661 4376; x_wconf 89' lang='lat' dir='ltr'><strong>quomodo</strong></span> <span class='ocrx_word' id='word_1_540' title='bbox 1684 4310 1751 4363; x_wconf 88' lang='lat' dir='ltr'><strong>ab</strong></span> <span class='ocrx_word' id='word_1_541' title='bbox 1774 4310 1889 4367; x_wconf 82' lang='lat' dir='ltr'><strong>istis</strong></span> <span class='ocrx_word' id='word_1_542' title='bbox 1920 4329 2015 4367; x_wconf 87' lang='lat' dir='ltr'><strong>so-</strong></span> 
     </span>
    </p>
   </div>
   <div class='ocr_carea' id='block_1_75' title="bbox 426 4392 2011 4468">
    <p class='ocr_par' dir='ltr' id='par_1_75' title="bbox 426 4392 2011 4468">
     <span class='ocr_line' id='line_1_75' title="bbox 426 4392 2011 4468; baseline 0.008 -23"><span class='ocrx_word' id='word_1_543' title='bbox 426 4395 506 4447; x_wconf 90' lang='lat' dir='ltr'><strong>lus</strong></span> <span class='ocrx_word' id='word_1_544' title='bbox 536 4392 849 4448; x_wconf 80' lang='lat' dir='ltr'><strong>Theodorus</strong></span> <span class='ocrx_word' id='word_1_545' title='bbox 880 4408 984 4451; x_wconf 87' lang='lat' dir='ltr'><strong>non</strong></span> <span class='ocrx_word' id='word_1_546' title='bbox 1024 4394 1092 4449; x_wconf 90' lang='lat' dir='ltr'><strong>ad</strong></span> <span class='ocrx_word' id='word_1_547' title='bbox 1134 4396 1467 4451; x_wconf 85' lang='lat' dir='ltr'><strong>eversionem</strong></span> <span class='ocrx_word' id='word_1_548' title='bbox 1492 4399 1682 4468; x_wconf 82' lang='lat' dir='ltr'><strong>synodi</strong></span> <span class='ocrx_word' id='word_1_549' title='bbox 1712 4400 2011 4459; x_wconf 78' lang='lat' dir='ltr'><strong>Chalcedo—</strong></span> 
     </span>
    </p>
   </div>
   <div class='ocr_carea' id='block_1_76' title="bbox 426 4484 2004 4563">
    <p class='ocr_par' dir='ltr' id='par_1_76' title="bbox 426 4484 2004 4563">
     <span class='ocr_line' id='line_1_76' title="bbox 426 4484 2004 4563; baseline 0.009 -26"><span class='ocrx_word' id='word_1_550' title='bbox 426 4486 610 4538; x_wconf 88' lang='lat' dir='ltr'><strong>nensis</strong></span> <span class='ocrx_word' id='word_1_551' title='bbox 633 4484 883 4539; x_wconf 88' lang='lat' dir='ltr'><strong>credatur</strong></span> <span class='ocrx_word' id='word_1_552' title='bbox 904 4487 1188 4541; x_wconf 66' lang='lat' dir='ltr'><strong>CXCIUSlb?</strong></span> <span class='ocrx_word' id='word_1_553' title='bbox 1212 4486 1566 4559; x_wconf 85' lang='lat' dir='ltr'><strong>Hieronymus</strong></span> <span class='ocrx_word' id='word_1_554' title='bbox 1584 4507 1794 4563; x_wconf 87' lang='lat' dir='ltr'><strong>quoque</strong></span> <span class='ocrx_word' id='word_1_555' title='bbox 1807 4506 2004 4563; x_wconf 82' lang='lat' dir='ltr'><strong>uoster,</strong></span> 
     </span>
    </p>
   </div>
   <div class='ocr_carea' id='block_1_77' title="bbox 2119 3308 3721 3380">
    <p class='ocr_par' dir='ltr' id='par_1_77' title="bbox 2119 3308 3721 3380">
     <span class='ocr_line' id='line_1_77' title="bbox 2119 3308 3721 3380; baseline 0.007 -19"><span class='ocrx_word' id='word_1_556' title='bbox 2119 3317 2290 3362; x_wconf 81' lang='lat' dir='ltr'><strong>claro</strong></span> <span class='ocrx_word' id='word_1_557' title='bbox 2338 3308 2359 3338; x_wconf 83' lang='grc'>⁸</span> <span class='ocrx_word' id='word_1_558' title='bbox 2389 3309 3008 3380; x_wconf 80' lang='lat' dir='ltr'><strong>Constintinopolitano,</strong></span> <span class='ocrx_word' id='word_1_559' title='bbox 3057 3322 3113 3367; x_wconf 91' lang='lat' dir='ltr'><strong>et</strong></span> <span class='ocrx_word' id='word_1_560' title='bbox 3164 3312 3447 3369; x_wconf 81' lang='lat' dir='ltr'><strong>Timotheo</strong></span> <span class='ocrx_word' id='word_1_561' title='bbox 3477 3318 3721 3372; x_wconf 72' lang='lat' dir='ltr'><strong>Alexan-</strong></span> 
     </span>
    </p>
   </div>
   <div class='ocr_carea' id='block_1_78' title="bbox 2120 3399 3727 3472">
    <p class='ocr_par' dir='ltr' id='par_1_78' title="bbox 2120 3399 3727 3472">
     <span class='ocr_line' id='line_1_78' title="bbox 2120 3399 3727 3472; baseline 0.007 -19"><span class='ocrx_word' id='word_1_562' title='bbox 2120 3400 2307 3465; x_wconf 89' lang='lat' dir='ltr'><strong>drino,</strong></span> <span class='ocrx_word' id='word_1_563' title='bbox 2361 3408 2419 3454; x_wconf 89' lang='lat' dir='ltr'><strong>et</strong></span> <span class='ocrx_word' id='word_1_564' title='bbox 2457 3399 2674 3472; x_wconf 79' lang='lat' dir='ltr'><strong>Pelagio</strong></span> <span class='ocrx_word' id='word_1_565' title='bbox 2736 3401 3005 3458; x_wconf 68' lang='lat' dir='ltr'><strong>Laodicia:</strong></span> <span class='ocrx_word' id='word_1_566' title='bbox 3050 3401 3319 3471; x_wconf 84' lang='lat' dir='ltr'><strong>Orientis,</strong></span> <span class='ocrx_word' id='word_1_567' title='bbox 3372 3414 3428 3460; x_wconf 91' lang='lat' dir='ltr'><strong>et</strong></span> <span class='ocrx_word' id='word_1_568' title='bbox 3481 3405 3727 3465; x_wconf 82' lang='lat' dir='ltr'><strong>Diodoro</strong></span> 
     </span>
    </p>
   </div>
   <div class='ocr_carea' id='block_1_79' title="bbox 2120 3491 3718 3566">
    <p class='ocr_par' dir='ltr' id='par_1_79' title="bbox 2120 3491 3718 3566">
     <span class='ocr_line' id='line_1_79' title="bbox 2120 3491 3718 3566; baseline 0.006 -22"><span class='ocrx_word' id='word_1_569' title='bbox 2120 3491 2269 3546; x_wconf 82' lang='lat' dir='ltr'><strong>Tarsi</strong></span> <span class='ocrx_word' id='word_1_570' title='bbox 2287 3530 2307 3556; x_wconf 64' lang='grc' dir='ltr'>ι</span> <span class='ocrx_word' id='word_1_571' title='bbox 2346 3500 2403 3545; x_wconf 91' lang='lat' dir='ltr'><strong>et</strong></span> <span class='ocrx_word' id='word_1_572' title='bbox 2432 3491 2597 3547; x_wconf 81' lang='lat' dir='ltr'><strong>totius</strong></span> <span class='ocrx_word' id='word_1_573' title='bbox 2642 3493 2857 3550; x_wconf 90' lang='lat' dir='ltr'><strong>concilii</strong></span> <span class='ocrx_word' id='word_1_574' title='bbox 2886 3493 2991 3548; x_wconf 84' lang='lat' dir='ltr'><strong>sub</strong></span> <span class='ocrx_word' id='word_1_575' title='bbox 3014 3494 3214 3549; x_wconf 83' lang='lat' dir='ltr'><strong>vicario</strong></span> <span class='ocrx_word' id='word_1_576' title='bbox 3239 3496 3381 3549; x_wconf 70' lang='lat' dir='ltr'><strong>Asia:</strong></span> <span class='ocrx_word' id='word_1_577' title='bbox 3408 3499 3718 3566; x_wconf 89' lang='lat' dir='ltr'><strong>constituti,</strong></span> 
     </span>
    </p>
   </div>
   <div class='ocr_carea' id='block_1_80' title="bbox 2118 3585 3721 3658">
    <p class='ocr_par' dir='ltr' id='par_1_80' title="bbox 2118 3585 3721 3658">
     <span class='ocr_line' id='line_1_80' title="bbox 2118 3585 3721 3658; baseline 0.004 -19"><span class='ocrx_word' id='word_1_578' title='bbox 2118 3592 2175 3639; x_wconf 84' lang='lat' dir='ltr'><strong>et.</strong></span> <span class='ocrx_word' id='word_1_579' title='bbox 2226 3585 2605 3654; x_wconf 79' lang='lat' dir='ltr'><strong>Amphilochia</strong></span> <span class='ocrx_word' id='word_1_580' title='bbox 2634 3587 2890 3656; x_wconf 84' lang='lat' dir='ltr'><strong>episcopo</strong></span> <span class='ocrx_word' id='word_1_581' title='bbox 2920 3586 3125 3654; x_wconf 86' lang='lat' dir='ltr'><strong>lconii,</strong></span> <span class='ocrx_word' id='word_1_582' title='bbox 3156 3599 3209 3642; x_wconf 86' lang='lat' dir='ltr'><strong>et</strong></span> <span class='ocrx_word' id='word_1_583' title='bbox 3260 3590 3477 3658; x_wconf 82' lang='lat' dir='ltr'><strong>Optimo</strong></span> <span class='ocrx_word' id='word_1_584' title='bbox 3527 3592 3721 3646; x_wconf 79' lang='lat' dir='ltr'><strong>Antio-</strong></span> 
     </span>
    </p>
   </div>
   <div class='ocr_carea' id='block_1_81' title="bbox 2117 3675 3720 3752">
    <p class='ocr_par' dir='ltr' id='par_1_81' title="bbox 2117 3675 3720 3752">
     <span class='ocr_line' id='line_1_81' title="bbox 2117 3675 3720 3752; baseline 0.004 -20"><span class='ocrx_word' id='word_1_585' title='bbox 2117 3675 2281 3733; x_wconf 65' lang='lat' dir='ltr'><strong>chia}.</strong></span> <span class='ocrx_word' id='word_1_586' title='bbox 2310 3675 2370 3732; x_wconf 87' lang='lat' dir='ltr'><strong>lit</strong></span> <span class='ocrx_word' id='word_1_587' title='bbox 2421 3676 2645 3734; x_wconf 84' lang='lat' dir='ltr'><strong>Pontico</strong></span> <span class='ocrx_word' id='word_1_588' title='bbox 2688 3693 2819 3734; x_wconf 88' lang='lat' dir='ltr'><strong>vero</strong></span> <span class='ocrx_word' id='word_1_589' title='bbox 2869 3680 3129 3745; x_wconf 88' lang='lat' dir='ltr'><strong>concilio,</strong></span> <span class='ocrx_word' id='word_1_590' title='bbox 3186 3678 3433 3736; x_wconf 83' lang='lat' dir='ltr'><strong>Helladio</strong></span> <span class='ocrx_word' id='word_1_591' title='bbox 3458 3682 3720 3752; x_wconf 84' lang='lat' dir='ltr'><strong>episcopo</strong></span> 
     </span>
    </p>
   </div>
   <div class='ocr_carea' id='block_1_82' title="bbox 2118 3766 3723 3842">
    <p class='ocr_par' dir='ltr' id='par_1_82' title="bbox 2118 3766 3723 3842">
     <span class='ocr_line' id='line_1_82' title="bbox 2118 3766 3723 3842; baseline 0.006 -22"><span class='ocrx_word' id='word_1_592' title='bbox 2118 3766 2410 3835; x_wconf 58' lang='lat' dir='ltr'><strong>Caesareas,</strong></span> <span class='ocrx_word' id='word_1_593' title='bbox 2441 3778 2497 3825; x_wconf 89' lang='lat' dir='ltr'><strong>et</strong></span> <span class='ocrx_word' id='word_1_594' title='bbox 2544 3769 2805 3839; x_wconf 80' lang='lat' dir='ltr'><strong>epiSCOpo</strong></span> <span class='ocrx_word' id='word_1_595' title='bbox 2848 3769 3105 3825; x_wconf 66' lang='lat' dir='ltr'><strong>Melitinaa</strong></span> <span class='ocrx_word' id='word_1_596' title='bbox 3131 3769 3340 3837; x_wconf 82' lang='lat' dir='ltr'><strong>Otreio,</strong></span> <span class='ocrx_word' id='word_1_597' title='bbox 3367 3782 3423 3827; x_wconf 90' lang='lat' dir='ltr'><strong>et</strong></span> <span class='ocrx_word' id='word_1_598' title='bbox 3452 3770 3723 3842; x_wconf 67' lang='lat' dir='ltr'><strong>Gregorio</strong></span> 
     </span>
    </p>
   </div>
   <div class='ocr_carea' id='block_1_83' title="bbox 2117 3857 3721 3931">
    <p class='ocr_par' dir='ltr' id='par_1_83' title="bbox 2117 3857 3721 3931">
     <span class='ocr_line' id='line_1_83' title="bbox 2117 3857 3721 3931; baseline 0.002 -19"><span class='ocrx_word' id='word_1_599' title='bbox 2117 3858 2393 3929; x_wconf 78' lang='lat' dir='ltr'><strong>Nysseno,</strong></span> <span class='ocrx_word' id='word_1_600' title='bbox 2451 3868 2509 3914; x_wconf 90' lang='lat' dir='ltr'><strong>et</strong></span> <span class='ocrx_word' id='word_1_601' title='bbox 2536 3858 2792 3913; x_wconf 85' lang='lat' dir='ltr'><strong>Terentio</strong></span> <span class='ocrx_word' id='word_1_602' title='bbox 2837 3857 3072 3928; x_wconf 73' lang='lat' dir='ltr'><strong>Scythia</strong></span> <span class='ocrx_word' id='word_1_603' title='bbox 3114 3869 3165 3925; x_wconf 69' lang='grc' dir='ltr'><strong>ει,</strong></span> <span class='ocrx_word' id='word_1_604' title='bbox 3209 3870 3267 3916; x_wconf 88' lang='lat' dir='ltr'><strong>et</strong></span> <span class='ocrx_word' id='word_1_605' title='bbox 3296 3860 3553 3931; x_wconf 75' lang='lat' dir='ltr'><strong>Martyrio</strong></span> <span class='ocrx_word' id='word_1_606' title='bbox 3576 3863 3721 3915; x_wconf 60' lang='lat' dir='ltr'><strong>lar.</strong></span> 
     </span>
    </p>
   </div>
   <div class='ocr_carea' id='block_1_84' title="bbox 2116 3947 3727 4015">
    <p class='ocr_par' dir='ltr' id='par_1_84' title="bbox 2116 3947 3727 4015">
     <span class='ocr_line' id='line_1_84' title="bbox 2116 3947 3727 4015; baseline 0.002 -13"><span class='ocrx_word' id='word_1_607' title='bbox 2116 3947 2445 4015; x_wconf 63' lang='lat' dir='ltr'><strong>cioitolttano</strong></span> <span class='ocrx_word' id='word_1_608' title='bbox 2479 3947 2521 4002; x_wconf 82' lang='grc'><strong>⁸.</strong></span> <span class='ocrx_word' id='word_1_609' title='bbox 2552 3948 2653 4015; x_wconf 78' lang='lat' dir='ltr'><strong>Qui</strong></span> <span class='ocrx_word' id='word_1_610' title='bbox 2682 3963 2809 4002; x_wconf 89' lang='lat' dir='ltr'><strong>vero</strong></span> <span class='ocrx_word' id='word_1_611' title='bbox 2854 3958 2911 4003; x_wconf 90' lang='lat' dir='ltr'><strong>et</strong></span> <span class='ocrx_word' id='word_1_612' title='bbox 2938 3949 3182 4003; x_wconf 82' lang='lat' dir='ltr'><strong>eamdem</strong></span> <span class='ocrx_word' id='word_1_613' title='bbox 3214 3949 3372 4005; x_wconf 84' lang='lat' dir='ltr'><strong>ﬁdem</strong></span> <span class='ocrx_word' id='word_1_614' title='bbox 3403 3964 3508 4005; x_wconf 90' lang='lat' dir='ltr'><strong>non</strong></span> <span class='ocrx_word' id='word_1_615' title='bbox 3542 3951 3727 4006; x_wconf 63' lang='lat' dir='ltr'><strong>hono-</strong></span> 
     </span>
    </p>
   </div>
   <div class='ocr_carea' id='block_1_85' title="bbox 2120 4035 3717 4106">
    <p class='ocr_par' dir='ltr' id='par_1_85' title="bbox 2120 4035 3717 4106">
     <span class='ocr_line' id='line_1_85' title="bbox 2120 4035 3717 4106; baseline 0.003 -14"><span class='ocrx_word' id='word_1_616' title='bbox 2120 4046 2261 4103; x_wconf 87' lang='lat' dir='ltr'><strong>rant,</strong></span> <span class='ocrx_word' id='word_1_617' title='bbox 2295 4035 2461 4092; x_wconf 87' lang='lat' dir='ltr'><strong>veluti</strong></span> <span class='ocrx_word' id='word_1_618' title='bbox 2514 4037 2756 4092; x_wconf 70' lang='lat' dir='ltr'><strong>haeretici</strong></span> <span class='ocrx_word' id='word_1_619' title='bbox 2811 4037 2881 4091; x_wconf 85' lang='lat' dir='ltr'><strong>ab</strong></span> <span class='ocrx_word' id='word_1_620' title='bbox 2929 4038 3173 4103; x_wconf 83' lang='lat' dir='ltr'><strong>ecclesiis</strong></span> <span class='ocrx_word' id='word_1_621' title='bbox 3217 4039 3603 4106; x_wconf 80' lang='lat' dir='ltr'><strong>excludantur,</strong></span> <span class='ocrx_word' id='word_1_622' title='bbox 3660 4051 3717 4097; x_wconf 75' lang='lat' dir='ltr'><strong>ct</strong></span> 
     </span>
    </p>
   </div>
   <div class='ocr_carea' id='block_1_86' title="bbox 2119 4128 3715 4202">
    <p class='ocr_par' dir='ltr' id='par_1_86' title="bbox 2119 4128 3715 4202">
     <span class='ocr_line' id='line_1_86' title="bbox 2119 4128 3715 4202; baseline 0.002 -19"><span class='ocrx_word' id='word_1_623' title='bbox 2119 4144 2391 4199; x_wconf 86' lang='lat' dir='ltr'><strong>nunquam</strong></span> <span class='ocrx_word' id='word_1_624' title='bbox 2444 4128 2701 4198; x_wconf 87' lang='lat' dir='ltr'><strong>deinceps</strong></span> <span class='ocrx_word' id='word_1_625' title='bbox 2747 4129 2815 4183; x_wconf 89' lang='lat' dir='ltr'><strong>ad</strong></span> <span class='ocrx_word' id='word_1_626' title='bbox 2868 4142 2961 4185; x_wconf 85' lang='lat' dir='ltr'><strong>eas</strong></span> <span class='ocrx_word' id='word_1_627' title='bbox 3015 4140 3370 4185; x_wconf 80' lang='lat' dir='ltr'><strong>revertantur.</strong></span> <span class='ocrx_word' id='word_1_628' title='bbox 3417 4150 3437 4184; x_wconf 75' lang='grc' dir='ltr'><strong><em>ι</em></strong></span> <span class='ocrx_word' id='word_1_629' title='bbox 3485 4132 3715 4202; x_wconf 79' lang='lat' dir='ltr'><strong>Oportet</strong></span> 
     </span>
    </p>
   </div>
   <div class='ocr_carea' id='block_1_87' title="bbox 2118 4220 3712 4293">
    <p class='ocr_par' dir='ltr' id='par_1_87' title="bbox 2118 4220 3712 4293">
     <span class='ocr_line' id='line_1_87' title="bbox 2118 4220 3712 4293; baseline 0 -17"><span class='ocrx_word' id='word_1_630' title='bbox 2118 4221 2260 4277; x_wconf 88' lang='lat' dir='ltr'><strong>enim</strong></span> <span class='ocrx_word' id='word_1_631' title='bbox 2291 4220 2524 4290; x_wconf 88' lang='lat' dir='ltr'><strong>undique</strong></span> <span class='ocrx_word' id='word_1_632' title='bbox 2572 4230 2692 4291; x_wconf 86' lang='lat' dir='ltr'><strong>post</strong></span> <span class='ocrx_word' id='word_1_633' title='bbox 2734 4220 2875 4275; x_wconf 89' lang='lat' dir='ltr'><strong>lianc</strong></span> <span class='ocrx_word' id='word_1_634' title='bbox 2905 4221 3076 4292; x_wconf 72' lang='lat' dir='ltr'><strong>legem</strong></span> <span class='ocrx_word' id='word_1_635' title='bbox 3120 4233 3395 4293; x_wconf 73' lang='lat' dir='ltr'><strong>purgatam</strong></span> <span class='ocrx_word' id='word_1_636' title='bbox 3425 4236 3547 4279; x_wconf 83' lang='lat' dir='ltr'><strong>esse</strong></span> <span class='ocrx_word' id='word_1_637' title='bbox 3566 4223 3712 4292; x_wconf 77' lang='lat' dir='ltr'><strong>apud</strong></span> 
     </span>
    </p>
   </div>
   <div class='ocr_carea' id='block_1_88' title="bbox 2121 4311 3715 4385">
    <p class='ocr_par' dir='ltr' id='par_1_88' title="bbox 2121 4311 3715 4385">
     <span class='ocr_line' id='line_1_88' title="bbox 2121 4311 3715 4385; baseline -0.001 -15"><span class='ocrx_word' id='word_1_638' title='bbox 2121 4328 2311 4370; x_wconf 83' lang='lat' dir='ltr'><strong>omnes</strong></span> <span class='ocrx_word' id='word_1_639' title='bbox 2353 4311 2785 4368; x_wconf 77' lang='lat' dir='ltr'><strong>Christianotum</strong></span> <span class='ocrx_word' id='word_1_640' title='bbox 2833 4312 3170 4383; x_wconf 76' lang='lat' dir='ltr'><strong>religionem.</strong></span> <span class='ocrx_word' id='word_1_641' title='bbox 3223 4314 3357 4370; x_wconf 81' lang='lat' dir='ltr'><strong>Cum</strong></span> <span class='ocrx_word' id='word_1_642' title='bbox 3411 4315 3573 4385; x_wconf 71' lang='lat' dir='ltr'><strong>igitur</strong></span> <span class='ocrx_word' id='word_1_643' title='bbox 3620 4315 3715 4370; x_wconf 81' lang='lat' dir='ltr'><strong>isti</strong></span> 
     </span>
    </p>
   </div>
   <div class='ocr_carea' id='block_1_89' title="bbox 2121 4405 3713 4478">
    <p class='ocr_par' dir='ltr' id='par_1_89' title="bbox 2121 4405 3713 4478">
     <span class='ocr_line' id='line_1_89' title="bbox 2121 4405 3713 4478; baseline 0.001 -17"><span class='ocrx_word' id='word_1_644' title='bbox 2121 4406 2353 4478; x_wconf 75' lang='lat' dir='ltr'><strong>religiosi</strong></span> <span class='ocrx_word' id='word_1_645' title='bbox 2387 4405 2656 4475; x_wconf 69' lang='lat' dir='ltr'><strong>principes</strong></span> <span class='ocrx_word' id='word_1_646' title='bbox 2688 4407 2791 4460; x_wconf 90' lang='lat' dir='ltr'><strong>hoc</strong></span> <span class='ocrx_word' id='word_1_647' title='bbox 2820 4419 2940 4461; x_wconf 81' lang='lat' dir='ltr'><strong>esse</strong></span> <span class='ocrx_word' id='word_1_648' title='bbox 2966 4415 3174 4462; x_wconf 84' lang='lat' dir='ltr'><strong>eertum</strong></span> <span class='ocrx_word' id='word_1_649' title='bbox 3206 4405 3457 4461; x_wconf 88' lang='lat' dir='ltr'><strong>iudicium</strong></span> <span class='ocrx_word' id='word_1_650' title='bbox 3508 4414 3713 4462; x_wconf 67' lang='lat' dir='ltr'><strong>stame-</strong></span> 
     </span>
    </p>
   </div>
   <div class='ocr_carea' id='block_1_90' title="bbox 2117 4496 3697 4567">
    <p class='ocr_par' dir='ltr' id='par_1_90' title="bbox 2117 4496 3697 4567">
     <span class='ocr_line' id='line_1_90' title="bbox 2117 4496 3697 4567; baseline 0.001 -15"><span class='ocrx_word' id='word_1_651' title='bbox 2117 4501 2260 4563; x_wconf 88' lang='lat' dir='ltr'><strong>rint,</strong></span> <span class='ocrx_word' id='word_1_652' title='bbox 2292 4507 2348 4551; x_wconf 90' lang='lat' dir='ltr'><strong>ut</strong></span> <span class='ocrx_word' id='word_1_653' title='bbox 2390 4497 2437 4552; x_wconf 85' lang='lat' dir='ltr'><strong>si</strong></span> <span class='ocrx_word' id='word_1_654' title='bbox 2466 4497 2587 4567; x_wconf 86' lang='lat' dir='ltr'><strong>quis</strong></span> <span class='ocrx_word' id='word_1_655' title='bbox 2616 4512 2721 4551; x_wconf 88' lang='lat' dir='ltr'><strong>non</strong></span> <span class='ocrx_word' id='word_1_656' title='bbox 2753 4498 3177 4553; x_wconf 85' lang='lat' dir='ltr'><strong>communicaret</strong></span> <span class='ocrx_word' id='word_1_657' title='bbox 3215 4496 3374 4553; x_wconf 86' lang='lat' dir='ltr'><strong>beato</strong></span> <span class='ocrx_word' id='word_1_658' title='bbox 3414 4496 3697 4565; x_wconf 75' lang='lat' dir='ltr'><strong>Diodoro,</strong></span> 
     </span>
    </p>
   </div>
   <div class='ocr_carea' id='block_1_91' title="bbox 429 4576 3714 4662">
    <p class='ocr_par' dir='ltr' id='par_1_91' title="bbox 429 4576 3714 4662">
     <span class='ocr_line' id='line_1_91' title="bbox 429 4576 3714 4662; baseline 0.006 -35"><span class='ocrx_word' id='word_1_659' title='bbox 429 4580 509 4630; x_wconf 82' lang='lat' dir='ltr'><strong>vir</strong></span> <span class='ocrx_word' id='word_1_660' title='bbox 540 4576 829 4631; x_wconf 89' lang='lat' dir='ltr'><strong>admodum</strong></span> <span class='ocrx_word' id='word_1_661' title='bbox 854 4578 1041 4635; x_wconf 89' lang='lat' dir='ltr'><strong>ductus</strong></span> <span class='ocrx_word' id='word_1_662' title='bbox 1066 4621 1081 4649; x_wconf 90' lang='lat'><strong>,</strong></span> <span class='ocrx_word' id='word_1_663' title='bbox 1113 4580 1204 4650; x_wconf 93' lang='lat' dir='ltr'><strong>qui</strong></span> <span class='ocrx_word' id='word_1_664' title='bbox 1249 4582 1407 4636; x_wconf 86' lang='lat' dir='ltr'><strong>etiam</strong></span> <span class='ocrx_word' id='word_1_665' title='bbox 1439 4592 1599 4639; x_wconf 72' lang='lat' dir='ltr'><strong>tantae</strong></span> <span class='ocrx_word' id='word_1_666' title='bbox 1629 4587 1801 4643; x_wconf 85' lang='lat' dir='ltr'><strong>fuerat</strong></span> <span class='ocrx_word' id='word_1_667' title='bbox 1830 4589 2013 4645; x_wconf 85' lang='lat' dir='ltr'><strong>lectio-</strong></span> <span class='ocrx_word' id='word_1_668' title='bbox 2044 4577 2092 4635; x_wconf 77' lang='lat' dir='ltr'>D</span> <span class='ocrx_word' id='word_1_669' title='bbox 2116 4595 2302 4651; x_wconf 79' lang='lat' dir='ltr'><strong>eadem</strong></span> <span class='ocrx_word' id='word_1_670' title='bbox 2330 4608 2451 4662; x_wconf 70' lang='lat' dir='ltr'><strong>qua:</strong></span> <span class='ocrx_word' id='word_1_671' title='bbox 2491 4591 2812 4647; x_wconf 79' lang='lat' dir='ltr'><strong>Theodorus</strong></span> <span class='ocrx_word' id='word_1_672' title='bbox 2836 4591 3123 4661; x_wconf 86' lang='lat' dir='ltr'><strong>sentienti,</strong></span> <span class='ocrx_word' id='word_1_673' title='bbox 3158 4591 3442 4646; x_wconf 59' lang='lat' dir='ltr'><strong>hereticus</strong></span> <span class='ocrx_word' id='word_1_674' title='bbox 3484 4589 3714 4647; x_wconf 43' lang='lat' dir='ltr'><strong>habire-</strong></span> 
     </span>
    </p>
   </div>
   <div class='ocr_carea' id='block_1_92' title="bbox 426 4670 2015 4741">
    <p class='ocr_par' dir='ltr' id='par_1_92' title="bbox 426 4670 2015 4741">
     <span class='ocr_line' id='line_1_92' title="bbox 426 4670 2015 4741; baseline 0.009 -19"><span class='ocrx_word' id='word_1_675' title='bbox 426 4670 530 4734; x_wconf 81' lang='lat' dir='ltr'><strong>itis,</strong></span> <span class='ocrx_word' id='word_1_676' title='bbox 561 4678 618 4735; x_wconf 81' lang='lat' dir='ltr'><strong>ut</strong></span> <span class='ocrx_word' id='word_1_677' title='bbox 646 4682 833 4725; x_wconf 88' lang='lat' dir='ltr'><strong>omnes</strong></span> <span class='ocrx_word' id='word_1_678' title='bbox 873 4681 964 4726; x_wconf 87' lang='lat' dir='ltr'><strong>aut</strong></span> <span class='ocrx_word' id='word_1_679' title='bbox 1011 4686 1146 4739; x_wconf 86' lang='lat' dir='ltr'><strong>peue</strong></span> <span class='ocrx_word' id='word_1_680' title='bbox 1174 4687 1384 4741; x_wconf 87' lang='lat' dir='ltr'><strong>omnes,</strong></span> <span class='ocrx_word' id='word_1_681' title='bbox 1430 4674 1566 4741; x_wconf 87' lang='lat' dir='ltr'><strong>sive,</strong></span> <span class='ocrx_word' id='word_1_682' title='bbox 1598 4676 1651 4731; x_wconf 93' lang='lat' dir='ltr'><strong>in</strong></span> <span class='ocrx_word' id='word_1_683' title='bbox 1682 4677 1870 4734; x_wconf 67' lang='lat' dir='ltr'><strong>Graico</strong></span> <span class='ocrx_word' id='word_1_684' title='bbox 1898 4681 2015 4736; x_wconf 89' lang='lat' dir='ltr'><strong>sive</strong></span> 
     </span>
    </p>
   </div>
   <div class='ocr_carea' id='block_1_93' title="bbox 425 4762 2008 4838">
    <p class='ocr_par' dir='ltr' id='par_1_93' title="bbox 425 4762 2008 4838">
     <span class='ocr_line' id='line_1_93' title="bbox 425 4762 2008 4838; baseline 0.008 -22"><span class='ocrx_word' id='word_1_685' title='bbox 425 4764 478 4816; x_wconf 84' lang='lat' dir='ltr'><strong>in</strong></span> <span class='ocrx_word' id='word_1_686' title='bbox 511 4762 697 4817; x_wconf 85' lang='lat' dir='ltr'><strong>Latino</strong></span> <span class='ocrx_word' id='word_1_687' title='bbox 720 4763 932 4834; x_wconf 89' lang='lat' dir='ltr'><strong>eloquio</strong></span> <span class='ocrx_word' id='word_1_688' title='bbox 962 4765 1262 4821; x_wconf 85' lang='lat' dir='ltr'><strong>divinarum</strong></span> <span class='ocrx_word' id='word_1_689' title='bbox 1309 4767 1709 4838; x_wconf 87' lang='lat' dir='ltr'><strong>Scripturarum</strong></span> <span class='ocrx_word' id='word_1_690' title='bbox 1752 4781 2008 4829; x_wconf 84' lang='lat' dir='ltr'><strong>tractato-</strong></span> 
     </span>
    </p>
   </div>
   <div class='ocr_carea' id='block_1_94' title="bbox 423 4855 2009 4929">
    <p class='ocr_par' dir='ltr' id='par_1_94' title="bbox 423 4855 2009 4929">
     <span class='ocr_line' id='line_1_94' title="bbox 423 4855 2009 4929; baseline 0.006 -19"><span class='ocrx_word' id='word_1_691' title='bbox 423 4870 509 4910; x_wconf 77' lang='lat' dir='ltr'><strong>ri-s</strong></span> <span class='ocrx_word' id='word_1_692' title='bbox 542 4855 772 4924; x_wconf 83' lang='lat' dir='ltr'><strong>legeret,</strong></span> <span class='ocrx_word' id='word_1_693' title='bbox 800 4857 1016 4925; x_wconf 89' lang='lat' dir='ltr'><strong>scripsit</strong></span> <span class='ocrx_word' id='word_1_694' title='bbox 1047 4857 1240 4911; x_wconf 91' lang='lat' dir='ltr'><strong>librutn</strong></span> <span class='ocrx_word' id='word_1_695' title='bbox 1269 4859 1425 4929; x_wconf 88' lang='lat' dir='ltr'><strong>cujus</strong></span> <span class='ocrx_word' id='word_1_696' title='bbox 1451 4870 1534 4915; x_wconf 90' lang='lat' dir='ltr'><strong>est</strong></span> <span class='ocrx_word' id='word_1_697' title='bbox 1564 4861 1746 4916; x_wconf 86' lang='lat' dir='ltr'><strong>titulus</strong></span> <span class='ocrx_word' id='word_1_698' title='bbox 1777 4864 1853 4919; x_wconf 91' lang='lat' dir='ltr'><strong>De</strong></span> <span class='ocrx_word' id='word_1_699' title='bbox 1880 4866 2009 4920; x_wconf 79' lang='lat' dir='ltr'><strong>vit-is</strong></span> 
     </span>
    </p>
   </div>
   <div class='ocr_carea' id='block_1_95' title="bbox 422 4947 2005 5018">
    <p class='ocr_par' dir='ltr' id='par_1_95' title="bbox 422 4947 2005 5018">
     <span class='ocr_line' id='line_1_95' title="bbox 422 4947 2005 5018; baseline 0.007 -17"><span class='ocrx_word' id='word_1_700' title='bbox 422 4947 752 5014; x_wconf 77' lang='lat' dir='ltr'><strong>illustribus,</strong></span> <span class='ocrx_word' id='word_1_701' title='bbox 777 4948 828 5001; x_wconf 90' lang='lat' dir='ltr'><strong>in</strong></span> <span class='ocrx_word' id='word_1_702' title='bbox 853 4963 961 5017; x_wconf 83' lang='lat' dir='ltr'><strong>quo</strong></span> <span class='ocrx_word' id='word_1_703' title='bbox 1007 4963 1111 5002; x_wconf 89' lang='lat' dir='ltr'><strong>non</strong></span> <span class='ocrx_word' id='word_1_704' title='bbox 1151 4950 1322 5004; x_wconf 91' lang='lat' dir='ltr'><strong>solum</strong></span> <span class='ocrx_word' id='word_1_705' title='bbox 1356 4950 1684 5018; x_wconf 80' lang='lat' dir='ltr'><strong>catholicos,</strong></span> <span class='ocrx_word' id='word_1_706' title='bbox 1718 4955 1811 5009; x_wconf 90' lang='lat' dir='ltr'><strong>sed</strong></span> <span class='ocrx_word' id='word_1_707' title='bbox 1842 4957 2005 5012; x_wconf 86' lang='lat' dir='ltr'><strong>etiam</strong></span> 
     </span>
    </p>
   </div>
   <div class='ocr_carea' id='block_1_96' title="bbox 488 5128 2007 5197">
    <p class='ocr_par' dir='ltr' id='par_1_96' title="bbox 488 5128 2007 5197">
     <span class='ocr_line' id='line_1_96' title="bbox 488 5128 2007 5197; baseline 0.005 -14"><span class='ocrx_word' id='word_1_708' title='bbox 488 5135 512 5163; x_wconf 80' lang='grc'>⁸</span> <span class='ocrx_word' id='word_1_709' title='bbox 578 5130 631 5184; x_wconf 86' lang='lat' dir='ltr'><strong>In</strong></span> <span class='ocrx_word' id='word_1_710' title='bbox 678 5130 875 5186; x_wconf 81' lang='lat' dir='ltr'><strong>Codice</strong></span> <span class='ocrx_word' id='word_1_711' title='bbox 918 5130 1124 5185; x_wconf 79' lang='lat' dir='ltr'><strong>Themi.</strong></span> <span class='ocrx_word' id='word_1_712' title='bbox 1177 5132 1214 5184; x_wconf 92' lang='grc'><strong>1.</strong></span> <span class='ocrx_word' id='word_1_713' title='bbox 1256 5128 1308 5191; x_wconf 80' lang='grc'><strong>5,</strong></span> <span class='ocrx_word' id='word_1_714' title='bbox 1344 5132 1405 5184; x_wconf 82' lang='lat' dir='ltr'><strong>de</strong></span> <span class='ocrx_word' id='word_1_715' title='bbox 1436 5128 1565 5184; x_wconf 72' lang='lat' dir='ltr'><strong>Fide</strong></span> <span class='ocrx_word' id='word_1_716' title='bbox 1593 5131 1842 5187; x_wconf 72' lang='lat' dir='ltr'><strong>catholica</strong></span> <span class='ocrx_word' id='word_1_717' title='bbox 1870 5174 1885 5197; x_wconf 91' lang='lat'><strong>,</strong></span> <span class='ocrx_word' id='word_1_718' title='bbox 1916 5136 2007 5191; x_wconf 82' lang='lat' dir='ltr'><strong>tibi</strong></span> 
     </span>
    </p>
   </div>
   <div class='ocr_carea' id='block_1_97' title="bbox 422 5202 2003 5271">
    <p class='ocr_par' dir='ltr' id='par_1_97' title="bbox 422 5202 2003 5271">
     <span class='ocr_line' id='line_1_97' title="bbox 422 5202 2003 5271; baseline 0.004 -18"><span class='ocrx_word' id='word_1_719' title='bbox 422 5209 599 5254; x_wconf 75' lang='lat' dir='ltr'><strong>exstat</strong></span> <span class='ocrx_word' id='word_1_720' title='bbox 621 5203 721 5255; x_wconf 91' lang='lat' dir='ltr'><strong>hoc</strong></span> <span class='ocrx_word' id='word_1_721' title='bbox 747 5202 1084 5271; x_wconf 80' lang='lat' dir='ltr'><strong>rescriptum,</strong></span> <span class='ocrx_word' id='word_1_722' title='bbox 1112 5217 1392 5270; x_wconf 84' lang='lat' dir='ltr'><strong>perperam</strong></span> <span class='ocrx_word' id='word_1_723' title='bbox 1415 5202 1614 5257; x_wconf 81' lang='lat' dir='ltr'><strong>editum</strong></span> <span class='ocrx_word' id='word_1_724' title='bbox 1631 5214 1713 5256; x_wconf 52' lang='lat' dir='ltr'><strong>est</strong></span> <span class='ocrx_word' id='word_1_725' title='bbox 1735 5203 2003 5260; x_wconf 69' lang='lat' dir='ltr'><strong>&#39;I&#39;c-renuio.</strong></span> 
     </span>
    </p>
   </div>
   <div class='ocr_carea' id='block_1_98' title="bbox 427 5271 2006 5343">
    <p class='ocr_par' dir='ltr' id='par_1_98' title="bbox 427 5271 2006 5343">
     <span class='ocr_line' id='line_1_98' title="bbox 427 5271 2006 5343; baseline 0.006 -23"><span class='ocrx_word' id='word_1_726' title='bbox 427 5271 481 5343; x_wconf 71' lang='lat' dir='ltr'><strong>tu</strong></span> <span class='ocrx_word' id='word_1_727' title='bbox 510 5271 735 5343; x_wconf 73' lang='lat' dir='ltr'><strong>vulgatis</strong></span> <span class='ocrx_word' id='word_1_728' title='bbox 767 5288 891 5325; x_wconf 90' lang='lat' dir='ltr'><strong>vero</strong></span> <span class='ocrx_word' id='word_1_729' title='bbox 912 5272 1309 5341; x_wconf 78' lang='lat' dir='ltr'><strong>exemplaribus</strong></span> <span class='ocrx_word' id='word_1_730' title='bbox 1335 5273 1527 5343; x_wconf 82' lang='lat' dir='ltr'><strong>synodi</strong></span> <span class='ocrx_word' id='word_1_731' title='bbox 1552 5272 2006 5343; x_wconf 72' lang='lat' dir='ltr'><strong>Constantinum)-</strong></span> 
     </span>
    </p>
   </div>
   <div class='ocr_carea' id='block_1_99' title="bbox 426 5340 2008 5410">
    <p class='ocr_par' dir='ltr' id='par_1_99' title="bbox 426 5340 2008 5410">
     <span class='ocr_line' id='line_1_99' title="bbox 426 5340 2008 5410; baseline 0.006 -18"><span class='ocrx_word' id='word_1_732' title='bbox 426 5341 603 5410; x_wconf 68' lang='lat' dir='ltr'><strong>l_itattaa</strong></span> <span class='ocrx_word' id='word_1_733' title='bbox 636 5340 909 5396; x_wconf 73' lang='lat' dir='ltr'><strong>Gerontius</strong></span> <span class='ocrx_word' id='word_1_734' title='bbox 939 5343 1268 5410; x_wconf 85' lang='lat' dir='ltr'><strong>appellatur;</strong></span> <span class='ocrx_word' id='word_1_735' title='bbox 1311 5340 1405 5397; x_wconf 84' lang='lat' dir='ltr'><strong>sed</strong></span> <span class='ocrx_word' id='word_1_736' title='bbox 1431 5342 1484 5395; x_wconf 92' lang='lat' dir='ltr'><strong>iu</strong></span> <span class='ocrx_word' id='word_1_737' title='bbox 1512 5344 1698 5397; x_wconf 84' lang='lat' dir='ltr'><strong>codice</strong></span> <span class='ocrx_word' id='word_1_738' title='bbox 1729 5340 2008 5402; x_wconf 43' lang='lat' dir='ltr'><strong>Atticie&#39;nsi</strong></span> 
     </span>
    </p>
   </div>
   <div class='ocr_carea' id='block_1_100' title="bbox 420 5407 2008 5476">
    <p class='ocr_par' dir='ltr' id='par_1_100' title="bbox 420 5407 2008 5476">
     <span class='ocr_line' id='line_1_100' title="bbox 420 5407 2008 5476; baseline 0.004 -12"><span class='ocrx_word' id='word_1_739' title='bbox 420 5407 691 5464; x_wconf 78' lang='lat' dir='ltr'><strong>Terentius</strong></span> <span class='ocrx_word' id='word_1_740' title='bbox 718 5422 897 5476; x_wconf 87' lang='lat' dir='ltr'><strong>recte,</strong></span> <span class='ocrx_word' id='word_1_741' title='bbox 945 5407 1131 5467; x_wconf 52' lang='lat' dir='ltr'><strong>ut&#39;hoc</strong></span> <span class='ocrx_word' id='word_1_742' title='bbox 1174 5407 1313 5469; x_wconf 81' lang='lat' dir='ltr'><strong>loco.</strong></span> <span class='ocrx_word' id='word_1_743' title='bbox 1348 5413 1468 5468; x_wconf 88' lang='lat' dir='ltr'><strong>Fuit</strong></span> <span class='ocrx_word' id='word_1_744' title='bbox 1496 5426 1669 5468; x_wconf 86' lang='lat' dir='ltr'><strong>autem</strong></span> <span class='ocrx_word' id='word_1_745' title='bbox 1719 5414 2008 5471; x_wconf 81' lang='lat' dir='ltr'><strong>Tantorum</strong></span> 
     </span>
    </p>
   </div>
   <div class='ocr_carea' id='block_1_101' title="bbox 497 5610 1333 5681">
    <p class='ocr_par' dir='ltr' id='par_1_101' title="bbox 497 5610 1333 5681">
     <span class='ocr_line' id='line_1_101' title="bbox 497 5610 1333 5681; baseline 0.002 -16"><span class='ocrx_word' id='word_1_746' title='bbox 497 5611 511 5641; x_wconf 84' lang='grc'>¹</span> <span class='ocrx_word' id='word_1_747' title='bbox 545 5610 678 5665; x_wconf 83' lang='lat' dir='ltr'><strong>Cod.</strong></span> <span class='ocrx_word' id='word_1_748' title='bbox 713 5610 933 5673; x_wconf 80' lang='lat' dir='ltr'><strong>Vcron.,</strong></span> <span class='ocrx_word' id='word_1_749' title='bbox 960 5614 1333 5681; x_wconf 64' lang='lat' dir='ltr'><strong>coepiswpttm.</strong></span> 
     </span>
    </p>
   </div>
   <div class='ocr_carea' id='block_1_102' title="bbox 494 5682 1220 5752">
    <p class='ocr_par' dir='ltr' id='par_1_102' title="bbox 494 5682 1220 5752">
     <span class='ocr_line' id='line_1_102' title="bbox 494 5682 1220 5752; baseline 0.003 -19"><span class='ocrx_word' id='word_1_750' title='bbox 494 5685 514 5714; x_wconf 86' lang='grc'><strong><em>²</em></strong></span> <span class='ocrx_word' id='word_1_751' title='bbox 540 5682 681 5735; x_wconf 85' lang='lat' dir='ltr'><strong>Idem</strong></span> <span class='ocrx_word' id='word_1_752' title='bbox 711 5682 857 5747; x_wconf 62' lang='lat' dir='ltr'><strong>cett,</strong></span> <span class='ocrx_word' id='word_1_753' title='bbox 883 5683 1220 5752; x_wconf 15' lang='lat' dir='ltr'><strong>aidjudicuvit.</strong></span> 
     </span>
    </p>
   </div>
   <div class='ocr_carea' id='block_1_103' title="bbox 495 5751 1328 5818">
    <p class='ocr_par' dir='ltr' id='par_1_103' title="bbox 495 5751 1328 5818">
     <span class='ocr_line' id='line_1_103' title="bbox 495 5751 1328 5818; baseline 0.002 -13"><span class='ocrx_word' id='word_1_754' title='bbox 495 5752 515 5783; x_wconf 87' lang='grc'>⁸</span> <span class='ocrx_word' id='word_1_755' title='bbox 547 5753 686 5816; x_wconf 81' lang='lat' dir='ltr'><strong>Idem</strong></span> <span class='ocrx_word' id='word_1_756' title='bbox 718 5754 863 5818; x_wconf 85' lang='lat' dir='ltr'><strong>cnd.,</strong></span> <span class='ocrx_word' id='word_1_757' title='bbox 900 5751 1115 5806; x_wconf 81' lang='lat' dir='ltr'><strong>Ubinou</strong></span> <span class='ocrx_word' id='word_1_758' title='bbox 1149 5756 1328 5807; x_wconf 72' lang='lat' dir='ltr'><strong>tacuit.</strong></span> 
     </span>
    </p>
   </div>
   <div class='ocr_carea' id='block_1_104' title="bbox 492 5824 1211 5891">
    <p class='ocr_par' dir='ltr' id='par_1_104' title="bbox 492 5824 1211 5891">
     <span class='ocr_line' id='line_1_104' title="bbox 492 5824 1211 5891; baseline -0.003 -11"><span class='ocrx_word' id='word_1_759' title='bbox 492 5825 514 5855; x_wconf 76' lang='grc'><strong>⁸</strong></span> <span class='ocrx_word' id='word_1_760' title='bbox 542 5824 683 5879; x_wconf 80' lang='lat' dir='ltr'><strong>Idem</strong></span> <span class='ocrx_word' id='word_1_761' title='bbox 713 5824 858 5891; x_wconf 87' lang='lat' dir='ltr'><strong>cod.,</strong></span> <span class='ocrx_word' id='word_1_762' title='bbox 891 5824 1211 5878; x_wconf 76' lang='lat' dir='ltr'><strong>comictiom‘.</strong></span> 
     </span>
    </p>
   </div>
   <div class='ocr_carea' id='block_1_105' title="bbox 2116 4679 3716 4759">
    <p class='ocr_par' dir='ltr' id='par_1_105' title="bbox 2116 4679 3716 4759">
     <span class='ocr_line' id='line_1_105' title="bbox 2116 4679 3716 4759; baseline -0.003 -18"><span class='ocrx_word' id='word_1_763' title='bbox 2116 4697 2201 4741; x_wconf 91' lang='lat' dir='ltr'><strong>tur</strong></span> <span class='ocrx_word' id='word_1_764' title='bbox 2225 4704 2236 4738; x_wconf 88' lang='lat'><strong>:</strong></span> <span class='ocrx_word' id='word_1_765' title='bbox 2265 4700 2368 4754; x_wconf 87' lang='lat' dir='ltr'><strong>qua</strong></span> <span class='ocrx_word' id='word_1_766' title='bbox 2397 4698 2535 4737; x_wconf 86' lang='lat' dir='ltr'><strong>nunc</strong></span> <span class='ocrx_word' id='word_1_767' title='bbox 2558 4683 2764 4739; x_wconf 49' lang='lat' dir='ltr'><strong>ratione</strong></span> <span class='ocrx_word' id='word_1_768' title='bbox 2793 4690 3050 4737; x_wconf 81' lang='lat' dir='ltr'><strong>statutum</strong></span> <span class='ocrx_word' id='word_1_769' title='bbox 3073 4689 3199 4759; x_wconf 74' lang='lat' dir='ltr'><strong>est,</strong></span> <span class='ocrx_word' id='word_1_770' title='bbox 3227 4679 3345 4736; x_wconf 87' lang='lat' dir='ltr'><strong>utsi</strong></span> <span class='ocrx_word' id='word_1_771' title='bbox 3384 4680 3501 4749; x_wconf 84' lang='lat' dir='ltr'><strong>quis</strong></span> <span class='ocrx_word' id='word_1_772' title='bbox 3523 4680 3716 4736; x_wconf 76' lang='lat' dir='ltr'><strong>Theo-</strong></span> 
     </span>
    </p>
   </div>
   <div class='ocr_carea' id='block_1_106' title="bbox 2114 4759 3714 4847">
    <p class='ocr_par' dir='ltr' id='par_1_106' title="bbox 2114 4759 3714 4847">
     <span class='ocr_line' id='line_1_106' title="bbox 2114 4759 3714 4847; baseline -0.005 -14"><span class='ocrx_word' id='word_1_773' title='bbox 2114 4779 2302 4833; x_wconf 80' lang='lat' dir='ltr'><strong>dorum</strong></span> <span class='ocrx_word' id='word_1_774' title='bbox 2345 4776 2711 4847; x_wconf 72' lang='lat' dir='ltr'><strong>Mopsuesute,</strong></span> <span class='ocrx_word' id='word_1_775' title='bbox 2742 4784 2794 4829; x_wconf 82' lang='lat' dir='ltr'><strong>et</strong></span> <span class='ocrx_word' id='word_1_776' title='bbox 2826 4774 3240 4845; x_wconf 76' lang='lat' dir='ltr'><strong>ejusdogmata,</strong></span> <span class='ocrx_word' id='word_1_777' title='bbox 3272 4786 3471 4842; x_wconf 85' lang='lat' dir='ltr'><strong>eosque</strong></span> <span class='ocrx_word' id='word_1_778' title='bbox 3500 4759 3594 4842; x_wconf 78' lang='lat' dir='ltr'><strong>qui</strong></span> <span class='ocrx_word' id='word_1_779' title='bbox 3616 4783 3714 4826; x_wconf 83' lang='lat' dir='ltr'><strong>aut</strong></span> 
     </span>
    </p>
   </div>
   <div class='ocr_carea' id='block_1_107' title="bbox 2113 4864 3709 4936">
    <p class='ocr_par' dir='ltr' id='par_1_107' title="bbox 2113 4864 3709 4936">
     <span class='ocr_line' id='line_1_107' title="bbox 2113 4864 3709 4936; baseline -0.005 -11"><span class='ocrx_word' id='word_1_780' title='bbox 2113 4872 2304 4925; x_wconf 80' lang='lat' dir='ltr'><strong>similia</strong></span> <span class='ocrx_word' id='word_1_781' title='bbox 2330 4869 2378 4924; x_wconf 89' lang='lat' dir='ltr'><strong>ei</strong></span> <span class='ocrx_word' id='word_1_782' title='bbox 2402 4876 2693 4936; x_wconf 89' lang='lat' dir='ltr'><strong>sapuerunt</strong></span> <span class='ocrx_word' id='word_1_783' title='bbox 2716 4876 2808 4921; x_wconf 88' lang='lat' dir='ltr'><strong>aut</strong></span> <span class='ocrx_word' id='word_1_784' title='bbox 2829 4870 3074 4936; x_wconf 87' lang='lat' dir='ltr'><strong>sapiunt,</strong></span> <span class='ocrx_word' id='word_1_785' title='bbox 3123 4883 3229 4920; x_wconf 88' lang='lat' dir='ltr'><strong>non</strong></span> <span class='ocrx_word' id='word_1_786' title='bbox 3258 4864 3709 4926; x_wconf 81' lang='lat' dir='ltr'><strong>anathematizat,</strong></span> 
     </span>
    </p>
   </div>
   <div class='ocr_carea' id='block_1_108' title="bbox 2114 4954 3714 5023">
    <p class='ocr_par' dir='ltr' id='par_1_108' title="bbox 2114 4954 3714 5023">
     <span class='ocr_line' id='line_1_108' title="bbox 2114 4954 3714 5023; baseline -0.005 -8"><span class='ocrx_word' id='word_1_787' title='bbox 2114 4961 2396 5023; x_wconf 67' lang='lat' dir='ltr'><strong>hmrcticus</strong></span> <span class='ocrx_word' id='word_1_788' title='bbox 2428 4956 2721 5015; x_wconf 80' lang='lat' dir='ltr'><strong>habeatur?</strong></span> <span class='ocrx_word' id='word_1_789' title='bbox 2768 4956 2903 5022; x_wconf 86' lang='lat' dir='ltr'><strong>Quia</strong></span> <span class='ocrx_word' id='word_1_790' title='bbox 2948 4970 3077 5013; x_wconf 89' lang='lat' dir='ltr'><strong>vero</strong></span> <span class='ocrx_word' id='word_1_791' title='bbox 3123 4955 3417 5022; x_wconf 83' lang='lat' dir='ltr'><strong>Diodorus,</strong></span> <span class='ocrx_word' id='word_1_792' title='bbox 3465 4954 3714 5010; x_wconf 81' lang='lat' dir='ltr'><strong>veritatis</strong></span> 
     </span>
    </p>
   </div>
   <div class='ocr_carea' id='block_1_109' title="bbox 2114 5128 3701 5210">
    <p class='ocr_par' dir='ltr' id='par_1_109' title="bbox 2114 5128 3701 5210">
     <span class='ocr_line' id='line_1_109' title="bbox 2114 5128 3701 5210; baseline -0.005 -19"><span class='ocrx_word' id='word_1_793' title='bbox 2114 5136 2408 5210; x_wconf 70' lang='lat' dir='ltr'><strong>episcopus</strong></span> <span class='ocrx_word' id='word_1_794' title='bbox 2431 5133 2482 5186; x_wconf 90' lang='lat' dir='ltr'><strong>in</strong></span> <span class='ocrx_word' id='word_1_795' title='bbox 2501 5202 2513 5210; x_wconf 90' lang='lat'><strong><em>_</em></strong></span> <span class='ocrx_word' id='word_1_796' title='bbox 2531 5130 2771 5210; x_wconf 81' lang='lat' dir='ltr'><strong>Scythia.</strong></span> <span class='ocrx_word' id='word_1_797' title='bbox 2800 5134 2930 5210; x_wconf 49' lang='lat' dir='ltr'><strong>Mos</strong></span> <span class='ocrx_word' id='word_1_798' title='bbox 2959 5146 3147 5210; x_wconf 78' lang='lat' dir='ltr'><strong>rursus</strong></span> <span class='ocrx_word' id='word_1_799' title='bbox 3175 5129 3460 5210; x_wconf 72' lang='lat' dir='ltr'><strong>Martyrius</strong></span> <span class='ocrx_word' id='word_1_800' title='bbox 3480 5128 3701 5210; x_wconf 63' lang='lat' dir='ltr'><strong>stareio-</strong></span> 
     </span>
    </p>
   </div>
   <div class='ocr_carea' id='block_1_110' title="bbox 2114 5202 3715 5278">
    <p class='ocr_par' dir='ltr' id='par_1_110' title="bbox 2114 5202 3715 5278">
     <span class='ocr_line' id='line_1_110' title="bbox 2114 5202 3715 5278; baseline -0.001 -21"><span class='ocrx_word' id='word_1_801' title='bbox 2114 5202 2249 5278; x_wconf 75' lang='lat' dir='ltr'><strong>polis</strong></span> <span class='ocrx_word' id='word_1_802' title='bbox 2282 5208 2334 5278; x_wconf 83' lang='lat' dir='ltr'><strong>iti</strong></span> <span class='ocrx_word' id='word_1_803' title='bbox 2366 5202 2548 5278; x_wconf 53' lang='lat' dir='ltr'><strong>Missio</strong></span> <span class='ocrx_word' id='word_1_804' title='bbox 2569 5202 2853 5278; x_wconf 56' lang='lat' dir='ltr'><strong>eiuscopus</strong></span> <span class='ocrx_word' id='word_1_805' title='bbox 2879 5203 3113 5278; x_wconf 71' lang='lat' dir='ltr'><strong>dicitur,</strong></span> <span class='ocrx_word' id='word_1_806' title='bbox 3146 5219 3251 5257; x_wconf 83' lang='lat' dir='ltr'><strong>non</strong></span> <span class='ocrx_word' id='word_1_807' title='bbox 3283 5202 3618 5265; x_wconf 66' lang='lat' dir='ltr'><strong>Mamurius,</strong></span> <span class='ocrx_word' id='word_1_808' title='bbox 3650 5210 3715 5256; x_wconf 81' lang='lat' dir='ltr'><strong>ut</strong></span> 
     </span>
    </p>
   </div>
   <div class='ocr_carea' id='block_1_111' title="bbox 2117 5274 3735 5351">
    <p class='ocr_par' dir='ltr' id='par_1_111' title="bbox 2117 5274 3735 5351">
     <span class='ocr_line' id='line_1_111' title="bbox 2117 5274 3735 5351; baseline -0.006 -20"><span class='ocrx_word' id='word_1_809' title='bbox 2117 5274 2168 5331; x_wconf 85' lang='lat' dir='ltr'><strong>in</strong></span> <span class='ocrx_word' id='word_1_810' title='bbox 2201 5276 2408 5351; x_wconf 78' lang='lat' dir='ltr'><strong>Codice</strong></span> <span class='ocrx_word' id='word_1_811' title='bbox 2450 5274 2656 5351; x_wconf 71' lang='lat' dir='ltr'><strong>Tlteitd.</strong></span> <span class='ocrx_word' id='word_1_812' title='bbox 2706 5274 3215 5351; x_wconf 68' lang='lat' dir='ltr'><strong>Nam__sia_rtyrium_</strong></span> <span class='ocrx_word' id='word_1_813' title='bbox 3250 5286 3463 5351; x_wconf 70' lang='lat' dir='ltr'><strong>quoque</strong></span> <span class='ocrx_word' id='word_1_814' title='bbox 3506 5282 3735 5351; x_wconf 64' lang='lat' dir='ltr'><strong>vocatis,</strong></span> 
     </span>
    </p>
   </div>
   <div class='ocr_carea' id='block_1_112' title="bbox 2117 5342 3708 5416">
    <p class='ocr_par' dir='ltr' id='par_1_112' title="bbox 2117 5342 3708 5416">
     <span class='ocr_line' id='line_1_112' title="bbox 2117 5342 3708 5416; baseline -0.005 -12"><span class='ocrx_word' id='word_1_815' title='bbox 2117 5346 2446 5416; x_wconf 70' lang='lat' dir='ltr'><strong>exemplaria</strong></span> <span class='ocrx_word' id='word_1_816' title='bbox 2491 5344 2675 5399; x_wconf 84' lang='lat' dir='ltr'><strong>omuia</strong></span> <span class='ocrx_word' id='word_1_817' title='bbox 2702 5343 2894 5414; x_wconf 83' lang='lat' dir='ltr'><strong>synodi</strong></span> <span class='ocrx_word' id='word_1_818' title='bbox 2937 5342 3546 5413; x_wconf 75' lang='lat' dir='ltr'><strong>Constantinopolitanae</strong></span> <span class='ocrx_word' id='word_1_819' title='bbox 3570 5381 3589 5408; x_wconf 84' lang='lat'><strong>,</strong></span> <span class='ocrx_word' id='word_1_820' title='bbox 3616 5342 3708 5397; x_wconf 83' lang='lat' dir='ltr'><strong>cui</strong></span> 
     </span>
    </p>
   </div>
   <div class='ocr_carea' id='block_1_113' title="bbox 2120 5417 2456 5486">
    <p class='ocr_par' dir='ltr' id='par_1_113' title="bbox 2120 5417 2456 5486">
     <span class='ocr_line' id='line_1_113' title="bbox 2120 5417 2456 5486; baseline -0.018 -12"><span class='ocrx_word' id='word_1_821' title='bbox 2120 5417 2456 5486; x_wconf 81' lang='lat' dir='ltr'><strong>subscripsit.</strong></span> 
     </span>
    </p>
   </div>
   <div class='ocr_carea' id='block_1_114' title="bbox 2192 5612 3633 5694">
    <p class='ocr_par' dir='ltr' id='par_1_114' title="bbox 2192 5612 3633 5694">
     <span class='ocr_line' id='line_1_114' title="bbox 2192 5612 3633 5694; baseline -0.001 -27"><span class='ocrx_word' id='word_1_822' title='bbox 2192 5616 2212 5694; x_wconf 67' lang='grc' dir='ltr'><em>ξ</em></span> <span class='ocrx_word' id='word_1_823' title='bbox 2238 5614 2381 5694; x_wconf 68' lang='lat' dir='ltr'><strong>idem</strong></span> <span class='ocrx_word' id='word_1_824' title='bbox 2411 5614 2560 5694; x_wconf 80' lang='lat' dir='ltr'><strong>cod.,</strong></span> <span class='ocrx_word' id='word_1_825' title='bbox 2588 5615 2827 5694; x_wconf 64' lang='lat' dir='ltr'><strong>episcopo</strong></span> <span class='ocrx_word' id='word_1_826' title='bbox 2852 5612 3440 5694; x_wconf 63' lang='lat' dir='ltr'><strong>Constantingplitain.</strong></span> <span class='ocrx_word' id='word_1_827' title='bbox 3469 5681 3516 5694; x_wconf 84' lang='lat'><strong>__</strong></span> <span class='ocrx_word' id='word_1_828' title='bbox 3620 5682 3633 5694; x_wconf 42' lang='lat'><strong><em>.</em></strong></span> 
     </span>
    </p>
   </div>
   <div class='ocr_carea' id='block_1_115' title="bbox 2187 5681 3709 5756">
    <p class='ocr_par' dir='ltr' id='par_1_115' title="bbox 2187 5681 3709 5756">
     <span class='ocr_line' id='line_1_115' title="bbox 2187 5681 3709 5756; baseline -0.003 -17"><span class='ocrx_word' id='word_1_829' title='bbox 2187 5684 2208 5715; x_wconf 82' lang='grc'><strong><em>⁸</em></strong></span> <span class='ocrx_word' id='word_1_830' title='bbox 2236 5686 2377 5756; x_wconf 83' lang='lat' dir='ltr'><strong>Idem</strong></span> <span class='ocrx_word' id='word_1_831' title='bbox 2401 5681 2554 5752; x_wconf 75' lang='lat' dir='ltr'><strong>cod.,</strong></span> <span class='ocrx_word' id='word_1_832' title='bbox 2600 5681 3117 5756; x_wconf 67' lang='lat' dir='ltr'><strong>Marcianopotitm.</strong></span> <span class='ocrx_word' id='word_1_833' title='bbox 3155 5684 3437 5756; x_wconf 66' lang='lat' dir='ltr'><strong>Martyrius</strong></span> <span class='ocrx_word' id='word_1_834' title='bbox 3468 5681 3709 5756; x_wconf 65' lang='lat' dir='ltr'><strong>Mancia-</strong></span> 
     </span>
    </p>
   </div>
   <div class='ocr_carea' id='block_1_116' title="bbox 2112 5753 3709 5823">
    <p class='ocr_par' dir='ltr' id='par_1_116' title="bbox 2112 5753 3709 5823">
     <span class='ocr_line' id='line_1_116' title="bbox 2112 5753 3709 5823; baseline 0.001 -15"><span class='ocrx_word' id='word_1_835' title='bbox 2112 5755 2449 5823; x_wconf 85' lang='lat' dir='ltr'><strong>nopolitanus</strong></span> <span class='ocrx_word' id='word_1_836' title='bbox 2468 5755 2527 5817; x_wconf 84' lang='lat' dir='ltr'><strong>in</strong></span> <span class='ocrx_word' id='word_1_837' title='bbox 2556 5756 2734 5810; x_wconf 63' lang='lat' dir='ltr'><strong>&quot;(Beia</strong></span> <span class='ocrx_word' id='word_1_838' title='bbox 2760 5753 3053 5815; x_wconf 76' lang='lat' dir='ltr'><strong>subscribit</strong></span> <span class='ocrx_word' id='word_1_839' title='bbox 3092 5753 3709 5823; x_wconf 77' lang='lat' dir='ltr'><strong>synodoConstantino-</strong></span> 
     </span>
    </p>
   </div>
   <div class='ocr_carea' id='block_1_117' title="bbox 2113 5824 3413 5896">
    <p class='ocr_par' dir='ltr' id='par_1_117' title="bbox 2113 5824 3413 5896">
     <span class='ocr_line' id='line_1_117' title="bbox 2113 5824 3413 5896; baseline 0.001 -17"><span class='ocrx_word' id='word_1_840' title='bbox 2113 5825 2359 5895; x_wconf 73' lang='lat' dir='ltr'><strong>potitanie</strong></span> <span class='ocrx_word' id='word_1_841' title='bbox 2387 5839 2528 5883; x_wconf 87' lang='lat' dir='ltr'><strong>anno</strong></span> <span class='ocrx_word' id='word_1_842' title='bbox 2554 5824 2649 5883; x_wconf 82' lang='lat' dir='ltr'><strong>58t</strong></span> <span class='ocrx_word' id='word_1_843' title='bbox 2675 5867 2691 5896; x_wconf 92' lang='lat'><strong>,</strong></span> <span class='ocrx_word' id='word_1_844' title='bbox 2736 5827 2836 5883; x_wconf 88' lang='lat' dir='ltr'><strong>sub</strong></span> <span class='ocrx_word' id='word_1_845' title='bbox 2865 5825 3170 5884; x_wconf 75' lang='lat' dir='ltr'><strong>Theodosio</strong></span> <span class='ocrx_word' id='word_1_846' title='bbox 3201 5824 3413 5895; x_wconf 66' lang='lat' dir='ltr'><strong>Magno.</strong></span> 
     </span>
    </p>
   </div>
  </div>
