  <div class='ocr_page' id='page_1' title='image "/cluster/home/n/w/nwhite01/storage/ocr_20150623/67/hvd.32044073505273/318.png"; bbox 0 0 3878 6194; ppageno 0'>
   <div class='ocr_carea' id='block_1_1' title="bbox 182 312 3447 381">
    <p class='ocr_par' dir='ltr' id='par_1_1' title="bbox 182 312 3447 381">
     <span class='ocr_line' id='line_1_1' title="bbox 182 312 3447 381; baseline 0.004 -18"><span class='ocrx_word' id='word_1_1' title='bbox 182 323 265 381; x_wconf 61' lang='grc' dir='ltr'><strong>εει</strong></span> <span class='ocrx_word' id='word_1_2' title='bbox 1056 314 1187 370; x_wconf 78' lang='lat' dir='ltr'><strong>PRO</strong></span> <span class='ocrx_word' id='word_1_3' title='bbox 1228 312 1655 371; x_wconf 71' lang='lat' dir='ltr'><strong>DEFENSIUNE</strong></span> <span class='ocrx_word' id='word_1_4' title='bbox 1698 315 1907 371; x_wconf 69' lang='lat' dir='ltr'><strong>&#39;lRiUM</strong></span> <span class='ocrx_word' id='word_1_5' title='bbox 1949 314 2257 371; x_wconf 68' lang='lat' dir='ltr'><strong>CAI‘ITUL.</strong></span> <span class='ocrx_word' id='word_1_6' title='bbox 2296 316 2420 371; x_wconf 81' lang='lat' dir='ltr'>LIB.</span> <span class='ocrx_word' id='word_1_7' title='bbox 2457 316 2539 371; x_wconf 84' lang='lat' dir='ltr'><strong>IV.</strong></span> <span class='ocrx_word' id='word_1_8' title='bbox 3342 320 3447 376; x_wconf 66' lang='lat'><strong>622</strong></span> 
     </span>
    </p>
   </div>
   <div class='ocr_carea' id='block_1_2' title="bbox 182 425 3450 501">
    <p class='ocr_par' dir='ltr' id='par_1_2' title="bbox 182 425 3450 501">
     <span class='ocr_line' id='line_1_2' title="bbox 182 425 3450 501; baseline 0.001 -16"><span class='ocrx_word' id='word_1_9' title='bbox 182 434 424 491; x_wconf 77' lang='lat' dir='ltr'><strong>maximus</strong></span> <span class='ocrx_word' id='word_1_10' title='bbox 450 426 806 500; x_wconf 59' lang='lat' dir='ltr'><strong>prmdicator,</strong></span> <span class='ocrx_word' id='word_1_11' title='bbox 843 427 895 480; x_wconf 89' lang='lat' dir='ltr'><strong>in</strong></span> <span class='ocrx_word' id='word_1_12' title='bbox 929 425 1123 482; x_wconf 85' lang='lat' dir='ltr'><strong>virtute</strong></span> <span class='ocrx_word' id='word_1_13' title='bbox 1156 428 1245 482; x_wconf 86' lang='lat' dir='ltr'><strong>Dei</strong></span> <span class='ocrx_word' id='word_1_14' title='bbox 1276 443 1369 497; x_wconf 90' lang='lat' dir='ltr'><strong>per</strong></span> <span class='ocrx_word' id='word_1_15' title='bbox 1402 443 1548 482; x_wconf 87' lang='lat' dir='ltr'><strong>arma</strong></span> <span class='ocrx_word' id='word_1_16' title='bbox 1587 430 1748 498; x_wconf 83' lang='lat' dir='ltr'><strong>justi-</strong></span> <span class='ocrx_word' id='word_1_17' title='bbox 1782 435 1828 493; x_wconf 79' lang='grc' dir='ltr'>Α</span> <span class='ocrx_word' id='word_1_18' title='bbox 1860 431 2247 500; x_wconf 80' lang='lat' dir='ltr'><strong>Apollinariset</strong></span> <span class='ocrx_word' id='word_1_19' title='bbox 2298 432 2678 501; x_wconf 89' lang='lat' dir='ltr'><strong>discipulorum</strong></span> <span class='ocrx_word' id='word_1_20' title='bbox 2711 433 2826 500; x_wconf 89' lang='lat' dir='ltr'><strong>ejus</strong></span> <span class='ocrx_word' id='word_1_21' title='bbox 2857 472 2871 492; x_wconf 88' lang='lat'><strong>,</strong></span> <span class='ocrx_word' id='word_1_22' title='bbox 2906 431 2992 499; x_wconf 90' lang='lat' dir='ltr'><strong>qui</strong></span> <span class='ocrx_word' id='word_1_23' title='bbox 3053 446 3225 500; x_wconf 57' lang='lat' dir='ltr'><strong>neque</strong></span> <span class='ocrx_word' id='word_1_24' title='bbox 3271 432 3315 488; x_wconf 87' lang='lat' dir='ltr'><strong>si</strong></span> <span class='ocrx_word' id='word_1_25' title='bbox 3359 449 3450 490; x_wconf 88' lang='lat' dir='ltr'><strong>ca-</strong></span> 
     </span>
    </p>
   </div>
   <div class='ocr_carea' id='block_1_3' title="bbox 180 518 3449 593">
    <p class='ocr_par' dir='ltr' id='par_1_3' title="bbox 180 518 3449 593">
     <span class='ocr_line' id='line_1_3' title="bbox 180 518 3449 593; baseline 0.002 -18"><span class='ocrx_word' id='word_1_26' title='bbox 180 528 282 587; x_wconf 59' lang='lat' dir='ltr'><strong>tis,</strong></span> <span class='ocrx_word' id='word_1_27' title='bbox 313 538 339 574; x_wconf 85' lang='lat' dir='ltr'><strong>a</strong></span> <span class='ocrx_word' id='word_1_28' title='bbox 369 520 577 575; x_wconf 74' lang='lat' dir='ltr'><strong>dextris</strong></span> <span class='ocrx_word' id='word_1_29' title='bbox 612 528 667 572; x_wconf 88' lang='lat' dir='ltr'><strong>et</strong></span> <span class='ocrx_word' id='word_1_30' title='bbox 711 518 977 581; x_wconf 74' lang='lat' dir='ltr'><strong>sinistris,</strong></span> <span class='ocrx_word' id='word_1_31' title='bbox 1013 519 1273 587; x_wconf 78' lang='lat' dir='ltr'><strong>Apostolo</strong></span> <span class='ocrx_word' id='word_1_32' title='bbox 1302 519 1565 585; x_wconf 84' lang='lat' dir='ltr'><strong>docente,</strong></span> <span class='ocrx_word' id='word_1_33' title='bbox 1598 520 1756 575; x_wconf 78' lang='lat' dir='ltr'><strong>bel:i-</strong></span> <span class='ocrx_word' id='word_1_34' title='bbox 1858 525 2043 579; x_wconf 89' lang='lat' dir='ltr'><strong>tholici</strong></span> <span class='ocrx_word' id='word_1_35' title='bbox 2071 525 2322 587; x_wconf 80' lang='lat' dir='ltr'><strong>inissent,</strong></span> <span class='ocrx_word' id='word_1_36' title='bbox 2356 526 2519 578; x_wconf 87' lang='lat' dir='ltr'><strong>tantis</strong></span> <span class='ocrx_word' id='word_1_37' title='bbox 2568 523 2807 593; x_wconf 75' lang='lat' dir='ltr'><strong>prmierri</strong></span> <span class='ocrx_word' id='word_1_38' title='bbox 2835 524 3157 577; x_wconf 77' lang='lat' dir='ltr'><strong>debuerant.</strong></span> <span class='ocrx_word' id='word_1_39' title='bbox 3188 523 3340 579; x_wconf 82' lang='lat' dir='ltr'><strong>Nunc</strong></span> <span class='ocrx_word' id='word_1_40' title='bbox 3380 540 3449 581; x_wconf 78' lang='lat' dir='ltr'><strong>ex</strong></span> 
     </span>
    </p>
   </div>
   <div class='ocr_carea' id='block_1_4' title="bbox 180 608 3449 686">
    <p class='ocr_par' dir='ltr' id='par_1_4' title="bbox 180 608 3449 686">
     <span class='ocr_line' id='line_1_4' title="bbox 180 608 3449 686; baseline 0.003 -23"><span class='ocrx_word' id='word_1_41' title='bbox 180 629 344 686; x_wconf 68' lang='lat' dir='ltr'><strong>genre</strong></span> <span class='ocrx_word' id='word_1_42' title='bbox 369 610 666 666; x_wconf 75' lang='lat' dir='ltr'><strong>didicerat:</strong></span> <span class='ocrx_word' id='word_1_43' title='bbox 697 608 938 676; x_wconf 84' lang='lat' dir='ltr'><strong>attende,</strong></span> <span class='ocrx_word' id='word_1_44' title='bbox 968 624 1170 679; x_wconf 78' lang='lat' dir='ltr'><strong>qtueso,</strong></span> <span class='ocrx_word' id='word_1_45' title='bbox 1207 610 1631 665; x_wconf 78' lang='lat' dir='ltr'><strong>cletnenti~sime</strong></span> <span class='ocrx_word' id='word_1_46' title='bbox 1655 614 1757 665; x_wconf 88' lang='lat' dir='ltr'><strong>im-</strong></span> <span class='ocrx_word' id='word_1_47' title='bbox 1863 616 2190 686; x_wconf 67' lang='lat' dir='ltr'><strong>principrbus</strong></span> <span class='ocrx_word' id='word_1_48' title='bbox 2239 616 2511 685; x_wconf 91' lang='lat' dir='ltr'><strong>principes</strong></span> <span class='ocrx_word' id='word_1_49' title='bbox 2561 626 2956 685; x_wconf 77' lang='lat' dir='ltr'><strong>cognoverunt,</strong></span> <span class='ocrx_word' id='word_1_50' title='bbox 2992 632 3215 684; x_wconf 88' lang='lat' dir='ltr'><strong>quorum</strong></span> <span class='ocrx_word' id='word_1_51' title='bbox 3274 618 3449 685; x_wconf 82' lang='lat' dir='ltr'><strong>magis</strong></span> 
     </span>
    </p>
   </div>
   <div class='ocr_carea' id='block_1_5' title="bbox 112 701 3434 781">
    <p class='ocr_par' dir='ltr' id='par_1_5' title="bbox 112 701 3434 781">
     <span class='ocr_line' id='line_1_5' title="bbox 112 701 3434 781; baseline 0.002 -27"><span class='ocrx_word' id='word_1_52' title='bbox 112 743 147 781; x_wconf 45' lang='grc' dir='ltr'><strong>ί.</strong></span> <span class='ocrx_word' id='word_1_53' title='bbox 178 716 408 781; x_wconf 79' lang='lat' dir='ltr'><strong>pet-ator,</strong></span> <span class='ocrx_word' id='word_1_54' title='bbox 436 701 888 771; x_wconf 79' lang='lat' dir='ltr'><strong>quemadmodum</strong></span> <span class='ocrx_word' id='word_1_55' title='bbox 921 701 1754 771; x_wconf 79' lang='lat' dir='ltr'><strong>pergloriametiguobilitatem,</strong></span> <span class='ocrx_word' id='word_1_56' title='bbox 1860 710 1909 761; x_wconf 88' lang='lat' dir='ltr'><strong>in</strong></span> <span class='ocrx_word' id='word_1_57' title='bbox 1941 709 2128 762; x_wconf 84' lang='lat' dir='ltr'><strong>eadem</strong></span> <span class='ocrx_word' id='word_1_58' title='bbox 2164 707 2379 760; x_wconf 85' lang='lat' dir='ltr'><strong>Diodori</strong></span> <span class='ocrx_word' id='word_1_59' title='bbox 2425 717 2583 776; x_wconf 85' lang='lat' dir='ltr'><strong>atque</strong></span> <span class='ocrx_word' id='word_1_60' title='bbox 2630 707 2897 761; x_wconf 84' lang='lat' dir='ltr'><strong>Theodori</strong></span> <span class='ocrx_word' id='word_1_61' title='bbox 2957 723 3118 760; x_wconf 72' lang='lat' dir='ltr'><strong>causa</strong></span> <span class='ocrx_word' id='word_1_62' title='bbox 3172 707 3434 775; x_wconf 76' lang='lat' dir='ltr'><strong>judicium</strong></span> 
     </span>
    </p>
   </div>
   <div class='ocr_carea' id='block_1_6' title="bbox 125 784 3445 868">
    <p class='ocr_par' dir='ltr' id='par_1_6' title="bbox 125 784 3445 868">
     <span class='ocr_line' id='line_1_6' title="bbox 125 784 3445 868; baseline -0.001 -14"><span class='ocrx_word' id='word_1_63' title='bbox 125 784 159 837; x_wconf 51' lang='lat'><strong>&quot;95</strong></span> <span class='ocrx_word' id='word_1_64' title='bbox 183 813 263 868; x_wconf 68' lang='lat' dir='ltr'><strong>per</strong></span> <span class='ocrx_word' id='word_1_65' title='bbox 285 794 555 851; x_wconf 72' lang='lat' dir='ltr'><strong>infamiam</strong></span> <span class='ocrx_word' id='word_1_66' title='bbox 588 803 641 849; x_wconf 87' lang='lat' dir='ltr'><strong>et</strong></span> <span class='ocrx_word' id='word_1_67' title='bbox 673 794 863 849; x_wconf 86' lang='lat' dir='ltr'><strong>bonam</strong></span> <span class='ocrx_word' id='word_1_68' title='bbox 895 794 1267 857; x_wconf 49' lang='lat' dir='ltr'><strong>famam,.l’orti</strong></span> <span class='ocrx_word' id='word_1_69' title='bbox 1308 810 1523 863; x_wconf 78' lang='lat' dir='ltr'><strong>semper</strong></span> <span class='ocrx_word' id='word_1_70' title='bbox 1560 805 1615 850; x_wconf 89' lang='lat' dir='ltr'><strong>et</strong></span> <span class='ocrx_word' id='word_1_71' title='bbox 1644 796 1754 849; x_wconf 54' lang='lat' dir='ltr'><strong>aui.</strong></span> <span class='ocrx_word' id='word_1_72' title='bbox 1859 799 2085 852; x_wconf 85' lang='lat' dir='ltr'><strong>debeant</strong></span> <span class='ocrx_word' id='word_1_73' title='bbox 2118 799 2267 864; x_wconf 84' lang='lat' dir='ltr'><strong>sequi</strong></span> <span class='ocrx_word' id='word_1_74' title='bbox 2303 817 2313 851; x_wconf 91' lang='lat'>:</span> <span class='ocrx_word' id='word_1_75' title='bbox 2347 809 2522 852; x_wconf 92' lang='lat' dir='ltr'><strong>utrum</strong></span> <span class='ocrx_word' id='word_1_76' title='bbox 2568 797 2803 851; x_wconf 74' lang='lat' dir='ltr'><strong>Gratiani</strong></span> <span class='ocrx_word' id='word_1_77' title='bbox 2830 842 2842 864; x_wconf 89' lang='lat'><strong>,</strong></span> <span class='ocrx_word' id='word_1_78' title='bbox 2875 808 2931 852; x_wconf 91' lang='lat' dir='ltr'><strong>et</strong></span> <span class='ocrx_word' id='word_1_79' title='bbox 2960 798 3354 864; x_wconf 84' lang='lat' dir='ltr'><strong>Valentiniani,</strong></span> <span class='ocrx_word' id='word_1_80' title='bbox 3387 812 3445 854; x_wconf 90' lang='lat' dir='ltr'><strong>et</strong></span> 
     </span>
    </p>
   </div>
   <div class='ocr_carea' id='block_1_7' title="bbox 138 876 3451 959">
    <p class='ocr_par' dir='ltr' id='par_1_7' title="bbox 138 876 3451 959">
     <span class='ocr_line' id='line_1_7' title="bbox 138 876 3451 959; baseline -0 -15"><span class='ocrx_word' id='word_1_81' title='bbox 138 876 304 945; x_wconf 44' lang='lat' dir='ltr'><strong>‘imosa</strong></span> <span class='ocrx_word' id='word_1_82' title='bbox 354 887 656 943; x_wconf 89' lang='lat' dir='ltr'><strong>intentione</strong></span> <span class='ocrx_word' id='word_1_83' title='bbox 696 886 1016 941; x_wconf 90' lang='lat' dir='ltr'><strong>cucurrerit.</strong></span> <span class='ocrx_word' id='word_1_84' title='bbox 1049 886 1205 951; x_wconf 73' lang='lat' dir='ltr'><strong>Nam,</strong></span> <span class='ocrx_word' id='word_1_85' title='bbox 1241 886 1380 940; x_wconf 91' lang='lat' dir='ltr'><strong>sicut</strong></span> <span class='ocrx_word' id='word_1_86' title='bbox 1411 887 1479 939; x_wconf 88' lang='lat' dir='ltr'><strong>ab</strong></span> <span class='ocrx_word' id='word_1_87' title='bbox 1505 887 1758 940; x_wconf 76' lang='lat' dir='ltr'><strong>Ecclesia:</strong></span> <span class='ocrx_word' id='word_1_88' title='bbox 1861 887 2082 956; x_wconf 82' lang='lat' dir='ltr'><strong>majoris</strong></span> <span class='ocrx_word' id='word_1_89' title='bbox 2113 888 2431 949; x_wconf 83' lang='lat' dir='ltr'><strong>Theodosii,</strong></span> <span class='ocrx_word' id='word_1_90' title='bbox 2458 904 2522 941; x_wconf 88' lang='lat' dir='ltr'><strong>an</strong></span> <span class='ocrx_word' id='word_1_91' title='bbox 2553 887 2746 942; x_wconf 81' lang='lat' dir='ltr'><strong>Juliani</strong></span> <span class='ocrx_word' id='word_1_92' title='bbox 2770 897 3026 958; x_wconf 71' lang='lat' dir='ltr'><strong>apostattc</strong></span> <span class='ocrx_word' id='word_1_93' title='bbox 3054 890 3330 959; x_wconf 81' lang='lat' dir='ltr'><strong>sacrilegi,</strong></span> <span class='ocrx_word' id='word_1_94' title='bbox 3359 892 3451 959; x_wconf 87' lang='lat' dir='ltr'><strong>qui</strong></span> 
     </span>
    </p>
   </div>
   <div class='ocr_carea' id='block_1_8' title="bbox 180 976 1757 1048">
    <p class='ocr_par' dir='ltr' id='par_1_8' title="bbox 180 976 1757 1048">
     <span class='ocr_line' id='line_1_8' title="bbox 180 976 1757 1048; baseline -0.004 -10"><span class='ocrx_word' id='word_1_95' title='bbox 180 982 471 1038; x_wconf 75' lang='lat' dir='ltr'><strong>doctoribus</strong></span> <span class='ocrx_word' id='word_1_96' title='bbox 516 994 729 1047; x_wconf 80' lang='lat' dir='ltr'><strong>semper</strong></span> <span class='ocrx_word' id='word_1_97' title='bbox 774 979 1100 1048; x_wconf 81' lang='lat' dir='ltr'><strong>approbatus</strong></span> <span class='ocrx_word' id='word_1_98' title='bbox 1150 987 1253 1042; x_wconf 82' lang='lat' dir='ltr'><strong>est,</strong></span> <span class='ocrx_word' id='word_1_99' title='bbox 1286 988 1340 1033; x_wconf 91' lang='lat' dir='ltr'><strong>et</strong></span> <span class='ocrx_word' id='word_1_100' title='bbox 1371 978 1439 1032; x_wconf 89' lang='lat' dir='ltr'><strong>ab</strong></span> <span class='ocrx_word' id='word_1_101' title='bbox 1489 976 1757 1032; x_wconf 86' lang='lat' dir='ltr'><strong>haereticis</strong></span> 
     </span>
    </p>
   </div>
   <div class='ocr_carea' id='block_1_9' title="bbox 180 1068 1757 1139">
    <p class='ocr_par' dir='ltr' id='par_1_9' title="bbox 180 1068 1757 1139">
     <span class='ocr_line' id='line_1_9' title="bbox 180 1068 1757 1139; baseline -0.005 -10"><span class='ocrx_word' id='word_1_102' title='bbox 180 1079 437 1129; x_wconf 72' lang='lat' dir='ltr'><strong>accusatus</strong></span> <span class='ocrx_word' id='word_1_103' title='bbox 461 1113 475 1134; x_wconf 91' lang='lat'><strong>,</strong></span> <span class='ocrx_word' id='word_1_104' title='bbox 506 1070 578 1125; x_wconf 88' lang='lat' dir='ltr'><strong>ita</strong></span> <span class='ocrx_word' id='word_1_105' title='bbox 612 1069 771 1125; x_wconf 85' lang='lat' dir='ltr'><strong>etiam</strong></span> <span class='ocrx_word' id='word_1_106' title='bbox 826 1084 1041 1137; x_wconf 84' lang='lat' dir='ltr'><strong>semper</strong></span> <span class='ocrx_word' id='word_1_107' title='bbox 1070 1085 1099 1122; x_wconf 89' lang='lat' dir='ltr'><strong>a</strong></span> <span class='ocrx_word' id='word_1_108' title='bbox 1131 1068 1398 1138; x_wconf 80' lang='lat' dir='ltr'><strong>religiosis</strong></span> <span class='ocrx_word' id='word_1_109' title='bbox 1427 1069 1757 1139; x_wconf 86' lang='lat' dir='ltr'><strong>principibus</strong></span> 
     </span>
    </p>
   </div>
   <div class='ocr_carea' id='block_1_10' title="bbox 179 1159 1758 1230">
    <p class='ocr_par' dir='ltr' id='par_1_10' title="bbox 179 1159 1758 1230">
     <span class='ocr_line' id='line_1_10' title="bbox 179 1159 1758 1230; baseline -0.003 -10"><span class='ocrx_word' id='word_1_110' title='bbox 179 1166 430 1227; x_wconf 66' lang='lat' dir='ltr'><strong>laudatus,</strong></span> <span class='ocrx_word' id='word_1_111' title='bbox 459 1169 515 1216; x_wconf 88' lang='lat' dir='ltr'><strong>et</strong></span> <span class='ocrx_word' id='word_1_112' title='bbox 542 1161 873 1229; x_wconf 73' lang='lat' dir='ltr'><strong>vituperatus</strong></span> <span class='ocrx_word' id='word_1_113' title='bbox 900 1160 967 1215; x_wconf 86' lang='lat' dir='ltr'><strong>ab</strong></span> <span class='ocrx_word' id='word_1_114' title='bbox 996 1159 1171 1230; x_wconf 58' lang='lat' dir='ltr'><strong>impiis</strong></span> <span class='ocrx_word' id='word_1_115' title='bbox 1194 1161 1484 1215; x_wconf 86' lang='lat' dir='ltr'><strong>invenitur.</strong></span> <span class='ocrx_word' id='word_1_116' title='bbox 1515 1160 1758 1215; x_wconf 73' lang='lat' dir='ltr'><strong>Julianus</strong></span> 
     </span>
    </p>
   </div>
   <div class='ocr_carea' id='block_1_11' title="bbox 186 1252 1757 1323">
    <p class='ocr_par' dir='ltr' id='par_1_11' title="bbox 186 1252 1757 1323">
     <span class='ocr_line' id='line_1_11' title="bbox 186 1252 1757 1323; baseline -0.002 -14"><span class='ocrx_word' id='word_1_117' title='bbox 186 1256 366 1311; x_wconf 77' lang='lat' dir='ltr'><strong>ctenim</strong></span> <span class='ocrx_word' id='word_1_118' title='bbox 400 1252 616 1307; x_wconf 79' lang='lat' dir='ltr'><strong>Christo</strong></span> <span class='ocrx_word' id='word_1_119' title='bbox 648 1253 884 1323; x_wconf 77' lang='lat' dir='ltr'><strong>perfidus</strong></span> <span class='ocrx_word' id='word_1_120' title='bbox 931 1252 1254 1321; x_wconf 87' lang='lat' dir='ltr'><strong>imperator,</strong></span> <span class='ocrx_word' id='word_1_121' title='bbox 1287 1253 1363 1306; x_wconf 91' lang='lat' dir='ltr'><strong>sic</strong></span> <span class='ocrx_word' id='word_1_122' title='bbox 1388 1252 1615 1306; x_wconf 87' lang='lat' dir='ltr'><strong>Pltotiuo</strong></span> <span class='ocrx_word' id='word_1_123' title='bbox 1646 1254 1757 1306; x_wconf 75' lang='lat' dir='ltr'><strong>lue-</strong></span> 
     </span>
    </p>
   </div>
   <div class='ocr_carea' id='block_1_12' title="bbox 178 1342 1757 1419">
    <p class='ocr_par' dir='ltr' id='par_1_12' title="bbox 178 1342 1757 1419">
     <span class='ocr_line' id='line_1_12' title="bbox 178 1342 1757 1419; baseline -0.003 -18"><span class='ocrx_word' id='word_1_124' title='bbox 178 1347 453 1401; x_wconf 74' lang='lat' dir='ltr'><strong>resiareha:</strong></span> <span class='ocrx_word' id='word_1_125' title='bbox 481 1345 738 1398; x_wconf 68' lang='lat' dir='ltr'><strong>adverstis</strong></span> <span class='ocrx_word' id='word_1_126' title='bbox 769 1342 1059 1397; x_wconf 84' lang='lat' dir='ltr'><strong>Diodorum</strong></span> <span class='ocrx_word' id='word_1_127' title='bbox 1092 1343 1279 1398; x_wconf 71' lang='lat' dir='ltr'><strong>scribit</strong></span> <span class='ocrx_word' id='word_1_128' title='bbox 1309 1361 1323 1397; x_wconf 88' lang='lat'><strong>:</strong></span> <span class='ocrx_word' id='word_1_129' title='bbox 1360 1363 1377 1395; x_wconf 74' lang='grc' dir='ltr'>ι</span> <span class='ocrx_word' id='word_1_130' title='bbox 1410 1342 1487 1398; x_wconf 87' lang='lat' dir='ltr'><strong>Tu</strong></span> <span class='ocrx_word' id='word_1_131' title='bbox 1520 1344 1757 1419; x_wconf 61' lang='lat' dir='ltr'><strong>quidem,</strong></span> 
     </span>
    </p>
   </div>
   <div class='ocr_carea' id='block_1_13' title="bbox 176 1435 1755 1505">
    <p class='ocr_par' dir='ltr' id='par_1_13' title="bbox 176 1435 1755 1505">
     <span class='ocr_line' id='line_1_13' title="bbox 176 1435 1755 1505; baseline -0.001 -12"><span class='ocrx_word' id='word_1_132' title='bbox 176 1453 204 1493; x_wconf 87' lang='grc' dir='ltr'><strong>ο</strong></span> <span class='ocrx_word' id='word_1_133' title='bbox 228 1437 450 1491; x_wconf 86' lang='lat' dir='ltr'><strong>Photine</strong></span> <span class='ocrx_word' id='word_1_134' title='bbox 472 1479 485 1500; x_wconf 88' lang='lat'><strong>,</strong></span> <span class='ocrx_word' id='word_1_135' title='bbox 525 1435 831 1491; x_wconf 82' lang='lat' dir='ltr'><strong>verisimilis</strong></span> <span class='ocrx_word' id='word_1_136' title='bbox 858 1436 1067 1490; x_wconf 88' lang='lat' dir='ltr'><strong>videris</strong></span> <span class='ocrx_word' id='word_1_137' title='bbox 1091 1476 1104 1500; x_wconf 90' lang='lat'><strong>,</strong></span> <span class='ocrx_word' id='word_1_138' title='bbox 1144 1446 1199 1490; x_wconf 90' lang='lat' dir='ltr'><strong>et</strong></span> <span class='ocrx_word' id='word_1_139' title='bbox 1226 1438 1502 1505; x_wconf 79' lang='lat' dir='ltr'><strong>proximus</strong></span> <span class='ocrx_word' id='word_1_140' title='bbox 1532 1438 1755 1499; x_wconf 82' lang='lat' dir='ltr'><strong>salvare.</strong></span> 
     </span>
    </p>
   </div>
   <div class='ocr_carea' id='block_1_14' title="bbox 176 1527 1758 1597">
    <p class='ocr_par' dir='ltr' id='par_1_14' title="bbox 176 1527 1758 1597">
     <span class='ocr_line' id='line_1_14' title="bbox 176 1527 1758 1597; baseline -0.001 -14"><span class='ocrx_word' id='word_1_141' title='bbox 176 1528 501 1583; x_wconf 73' lang='lat' dir='ltr'><strong>bemlariens</strong></span> <span class='ocrx_word' id='word_1_142' title='bbox 552 1542 886 1597; x_wconf 82' lang='lat' dir='ltr'><strong>nequaquam</strong></span> <span class='ocrx_word' id='word_1_143' title='bbox 944 1527 997 1580; x_wconf 92' lang='lat' dir='ltr'><strong>in</strong></span> <span class='ocrx_word' id='word_1_144' title='bbox 1046 1537 1203 1583; x_wconf 87' lang='lat' dir='ltr'><strong>utero</strong></span> <span class='ocrx_word' id='word_1_145' title='bbox 1255 1528 1514 1582; x_wconf 88' lang='lat' dir='ltr'><strong>inducere</strong></span> <span class='ocrx_word' id='word_1_146' title='bbox 1547 1537 1572 1564; x_wconf 68' lang='grc' dir='ltr'>α</span> <span class='ocrx_word' id='word_1_147' title='bbox 1601 1542 1758 1597; x_wconf 82' lang='lat' dir='ltr'><strong>quem</strong></span> 
     </span>
    </p>
   </div>
   <div class='ocr_carea' id='block_1_15' title="bbox 177 1615 1755 1686">
    <p class='ocr_par' dir='ltr' id='par_1_15' title="bbox 177 1615 1755 1686">
     <span class='ocr_line' id='line_1_15' title="bbox 177 1615 1755 1686; baseline -0.003 -11"><span class='ocrx_word' id='word_1_148' title='bbox 177 1620 429 1675; x_wconf 82' lang='lat' dir='ltr'><strong>credidisti</strong></span> <span class='ocrx_word' id='word_1_149' title='bbox 474 1619 665 1671; x_wconf 80' lang='lat' dir='ltr'><strong>Deum.</strong></span> <span class='ocrx_word' id='word_1_150' title='bbox 723 1617 989 1671; x_wconf 80' lang='lat' dir='ltr'><strong>Diodorus</strong></span> <span class='ocrx_word' id='word_1_151' title='bbox 1039 1624 1217 1670; x_wconf 87' lang='lat' dir='ltr'><strong>autem</strong></span> <span class='ocrx_word' id='word_1_152' title='bbox 1265 1615 1504 1670; x_wconf 71' lang='lat' dir='ltr'><strong>Nazarzei</strong></span> <span class='ocrx_word' id='word_1_153' title='bbox 1538 1630 1755 1686; x_wconf 86' lang='lat' dir='ltr'><strong>magns,</strong></span> 
     </span>
    </p>
   </div>
   <div class='ocr_carea' id='block_1_16' title="bbox 178 1708 1761 1781">
    <p class='ocr_par' dir='ltr' id='par_1_16' title="bbox 178 1708 1761 1781">
     <span class='ocr_line' id='line_1_16' title="bbox 178 1708 1761 1781; baseline -0.004 -15"><span class='ocrx_word' id='word_1_154' title='bbox 178 1712 277 1781; x_wconf 81' lang='lat' dir='ltr'><strong>rjur</strong></span> <span class='ocrx_word' id='word_1_155' title='bbox 306 1708 721 1779; x_wconf 80' lang='lat' dir='ltr'><strong>pigmentalibus</strong></span> <span class='ocrx_word' id='word_1_156' title='bbox 749 1721 1042 1778; x_wconf 79' lang='lat' dir='ltr'><strong>manganes</strong></span> <span class='ocrx_word' id='word_1_157' title='bbox 1070 1723 1269 1762; x_wconf 88' lang='lat' dir='ltr'><strong>acuens</strong></span> <span class='ocrx_word' id='word_1_158' title='bbox 1317 1708 1761 1762; x_wconf 81' lang='lat' dir='ltr'><strong>irrationabilita-</strong></span> 
     </span>
    </p>
   </div>
   <div class='ocr_carea' id='block_1_17' title="bbox 1862 980 3448 1049">
    <p class='ocr_par' dir='ltr' id='par_1_17' title="bbox 1862 980 3448 1049">
     <span class='ocr_line' id='line_1_17' title="bbox 1862 980 3448 1049; baseline 0 -16"><span class='ocrx_word' id='word_1_159' title='bbox 1862 988 2144 1048; x_wconf 80' lang='lat' dir='ltr'><strong>propterea</strong></span> <span class='ocrx_word' id='word_1_160' title='bbox 2176 980 2459 1034; x_wconf 84' lang='lat' dir='ltr'><strong>Photinum</strong></span> <span class='ocrx_word' id='word_1_161' title='bbox 2489 980 2834 1034; x_wconf 74' lang='lat' dir='ltr'><strong>verisimilem</strong></span> <span class='ocrx_word' id='word_1_162' title='bbox 2866 991 2921 1035; x_wconf 84' lang='lat' dir='ltr'><strong>et</strong></span> <span class='ocrx_word' id='word_1_163' title='bbox 2959 981 3116 1034; x_wconf 84' lang='lat' dir='ltr'><strong>saluti</strong></span> <span class='ocrx_word' id='word_1_164' title='bbox 3152 982 3448 1049; x_wconf 72' lang='lat' dir='ltr'><strong>proximum</strong></span> 
     </span>
    </p>
   </div>
   <div class='ocr_carea' id='block_1_18' title="bbox 1862 1069 3453 1139">
    <p class='ocr_par' dir='ltr' id='par_1_18' title="bbox 1862 1069 3453 1139">
     <span class='ocr_line' id='line_1_18' title="bbox 1862 1069 3453 1139; baseline 0.004 -17"><span class='ocrx_word' id='word_1_165' title='bbox 1862 1069 1989 1123; x_wconf 85' lang='lat' dir='ltr'><strong>dicit</strong></span> <span class='ocrx_word' id='word_1_166' title='bbox 2020 1110 2033 1133; x_wconf 92' lang='lat'><strong>,</strong></span> <span class='ocrx_word' id='word_1_167' title='bbox 2067 1071 2206 1139; x_wconf 88' lang='lat' dir='ltr'><strong>quod</strong></span> <span class='ocrx_word' id='word_1_168' title='bbox 2240 1085 2344 1124; x_wconf 90' lang='lat' dir='ltr'><strong>non</strong></span> <span class='ocrx_word' id='word_1_169' title='bbox 2377 1110 2393 1137; x_wconf 89' lang='lat'><strong>,</strong></span> <span class='ocrx_word' id='word_1_170' title='bbox 2428 1078 2486 1124; x_wconf 89' lang='lat' dir='ltr'><strong>ut</strong></span> <span class='ocrx_word' id='word_1_171' title='bbox 2518 1071 2778 1124; x_wconf 87' lang='lat' dir='ltr'><strong>Diodorus</strong></span> <span class='ocrx_word' id='word_1_172' title='bbox 2804 1113 2818 1136; x_wconf 89' lang='lat'><strong>,</strong></span> <span class='ocrx_word' id='word_1_173' title='bbox 2847 1072 2897 1124; x_wconf 84' lang='lat' dir='ltr'><strong>iit</strong></span> <span class='ocrx_word' id='word_1_174' title='bbox 2938 1082 3146 1125; x_wconf 88' lang='lat' dir='ltr'><strong>uterum</strong></span> <span class='ocrx_word' id='word_1_175' title='bbox 3178 1073 3453 1129; x_wconf 86' lang='lat' dir='ltr'><strong>induceret</strong></span> 
     </span>
    </p>
   </div>
   <div class='ocr_carea' id='block_1_19' title="bbox 1862 1160 3451 1227">
    <p class='ocr_par' dir='ltr' id='par_1_19' title="bbox 1862 1160 3451 1227">
     <span class='ocr_line' id='line_1_19' title="bbox 1862 1160 3451 1227; baseline 0.003 -16"><span class='ocrx_word' id='word_1_176' title='bbox 1862 1176 2016 1227; x_wconf 85' lang='lat' dir='ltr'><strong>quem</strong></span> <span class='ocrx_word' id='word_1_177' title='bbox 2050 1161 2348 1214; x_wconf 75' lang='lat' dir='ltr'><strong>etetlideiat</strong></span> <span class='ocrx_word' id='word_1_178' title='bbox 2384 1160 2572 1214; x_wconf 91' lang='lat' dir='ltr'><strong>Deum.</strong></span> <span class='ocrx_word' id='word_1_179' title='bbox 2599 1160 2726 1224; x_wconf 73' lang='lat' dir='ltr'><strong>Quis</strong></span> <span class='ocrx_word' id='word_1_180' title='bbox 2757 1173 2931 1214; x_wconf 66' lang='lat' dir='ltr'><strong>autem</strong></span> <span class='ocrx_word' id='word_1_181' title='bbox 2960 1160 3109 1223; x_wconf 77' lang='lat' dir='ltr'><strong>lerat,</strong></span> <span class='ocrx_word' id='word_1_182' title='bbox 3143 1173 3451 1217; x_wconf 63' lang='lat' dir='ltr'><strong>accu&lt;atum</strong></span> 
     </span>
    </p>
   </div>
   <div class='ocr_carea' id='block_1_20' title="bbox 1861 1250 3452 1322">
    <p class='ocr_par' dir='ltr' id='par_1_20' title="bbox 1861 1250 3452 1322">
     <span class='ocr_line' id='line_1_20' title="bbox 1861 1250 3452 1322; baseline 0.001 -18"><span class='ocrx_word' id='word_1_183' title='bbox 1861 1264 1889 1304; x_wconf 88' lang='lat' dir='ltr'><strong>a</strong></span> <span class='ocrx_word' id='word_1_184' title='bbox 1921 1251 2133 1304; x_wconf 89' lang='lat' dir='ltr'><strong>.lnlano</strong></span> <span class='ocrx_word' id='word_1_185' title='bbox 2168 1251 2455 1304; x_wconf 78' lang='lat' dir='ltr'><strong>Diodorum</strong></span> <span class='ocrx_word' id='word_1_186' title='bbox 2498 1252 2637 1320; x_wconf 87' lang='lat' dir='ltr'><strong>quod</strong></span> <span class='ocrx_word' id='word_1_187' title='bbox 2687 1250 2853 1304; x_wconf 61' lang='lat' dir='ltr'><strong>Deum</strong></span> <span class='ocrx_word' id='word_1_188' title='bbox 2907 1262 3085 1304; x_wconf 90' lang='lat' dir='ltr'><strong>natum</strong></span> <span class='ocrx_word' id='word_1_189' title='bbox 3134 1252 3201 1305; x_wconf 90' lang='lat' dir='ltr'><strong>de</strong></span> <span class='ocrx_word' id='word_1_190' title='bbox 3247 1253 3452 1322; x_wconf 86' lang='lat' dir='ltr'><strong>virgine</strong></span> 
     </span>
    </p>
   </div>
   <div class='ocr_carea' id='block_1_21' title="bbox 1862 1340 3453 1410">
    <p class='ocr_par' dir='ltr' id='par_1_21' title="bbox 1862 1340 3453 1410">
     <span class='ocr_line' id='line_1_21' title="bbox 1862 1340 3453 1410; baseline 0.001 -15"><span class='ocrx_word' id='word_1_191' title='bbox 1862 1342 2135 1404; x_wconf 71' lang='lat' dir='ltr'><strong>fateretur,</strong></span> <span class='ocrx_word' id='word_1_192' title='bbox 2172 1342 2410 1395; x_wconf 79' lang='lat' dir='ltr'><strong>accitsari</strong></span> <span class='ocrx_word' id='word_1_193' title='bbox 2441 1343 2600 1394; x_wconf 71' lang='lat' dir='ltr'><strong>rtiaui</strong></span> <span class='ocrx_word' id='word_1_194' title='bbox 2646 1358 2676 1395; x_wconf 85' lang='lat' dir='ltr'><strong>a</strong></span> <span class='ocrx_word' id='word_1_195' title='bbox 2705 1340 3022 1396; x_wconf 77' lang='lat' dir='ltr'><strong>Chri~tianis</strong></span> <span class='ocrx_word' id='word_1_196' title='bbox 3053 1350 3305 1410; x_wconf 81' lang='lat' dir='ltr'><strong>tanquam</strong></span> <span class='ocrx_word' id='word_1_197' title='bbox 3355 1346 3453 1397; x_wconf 78' lang='lat' dir='ltr'><strong>hoc</strong></span> 
     </span>
    </p>
   </div>
   <div class='ocr_carea' id='block_1_22' title="bbox 1862 1432 3452 1502">
    <p class='ocr_par' dir='ltr' id='par_1_22' title="bbox 1862 1432 3452 1502">
     <span class='ocr_line' id='line_1_22' title="bbox 1862 1432 3452 1502; baseline -0.001 -16"><span class='ocrx_word' id='word_1_198' title='bbox 1862 1432 2182 1502; x_wconf 79' lang='lat' dir='ltr'><strong>negaverit?</strong></span> <span class='ocrx_word' id='word_1_199' title='bbox 2218 1434 2298 1487; x_wconf 85' lang='lat' dir='ltr'><strong>vel</strong></span> <span class='ocrx_word' id='word_1_200' title='bbox 2323 1434 2441 1502; x_wconf 71' lang='lat' dir='ltr'><strong>quis</strong></span> <span class='ocrx_word' id='word_1_201' title='bbox 2464 1433 2687 1487; x_wconf 85' lang='lat' dir='ltr'><strong>audiens</strong></span> <span class='ocrx_word' id='word_1_202' title='bbox 2717 1432 2986 1486; x_wconf 85' lang='lat' dir='ltr'><strong>Julianum</strong></span> <span class='ocrx_word' id='word_1_203' title='bbox 3036 1433 3268 1486; x_wconf 76' lang='lat' dir='ltr'><strong>Diodmo</strong></span> <span class='ocrx_word' id='word_1_204' title='bbox 3309 1448 3452 1486; x_wconf 67' lang='lat' dir='ltr'><strong>eum.</strong></span> 
     </span>
    </p>
   </div>
   <div class='ocr_carea' id='block_1_23' title="bbox 1863 1525 3452 1594">
    <p class='ocr_par' dir='ltr' id='par_1_23' title="bbox 1863 1525 3452 1594">
     <span class='ocr_line' id='line_1_23' title="bbox 1863 1525 3452 1594; baseline -0.001 -15"><span class='ocrx_word' id='word_1_205' title='bbox 1863 1527 2181 1591; x_wconf 87' lang='lat' dir='ltr'><strong>minantem,</strong></span> <span class='ocrx_word' id='word_1_206' title='bbox 2226 1526 2367 1594; x_wconf 85' lang='lat' dir='ltr'><strong>quod</strong></span> <span class='ocrx_word' id='word_1_207' title='bbox 2414 1525 2596 1580; x_wconf 67' lang='lat' dir='ltr'><strong>Jesum</strong></span> <span class='ocrx_word' id='word_1_208' title='bbox 2651 1525 2928 1580; x_wconf 59' lang='lat' dir='ltr'><strong>Galiltsum</strong></span> <span class='ocrx_word' id='word_1_209' title='bbox 2985 1525 3149 1578; x_wconf 68' lang='lat' dir='ltr'><strong>Deum</strong></span> <span class='ocrx_word' id='word_1_210' title='bbox 3195 1535 3452 1579; x_wconf 28' lang='lat' dir='ltr'><strong>attentum</strong></span> 
     </span>
    </p>
   </div>
   <div class='ocr_carea' id='block_1_24' title="bbox 1862 1618 3449 1686">
    <p class='ocr_par' dir='ltr' id='par_1_24' title="bbox 1862 1618 3449 1686">
     <span class='ocr_line' id='line_1_24' title="bbox 1862 1618 3449 1686; baseline 0.001 -15"><span class='ocrx_word' id='word_1_211' title='bbox 1862 1619 2210 1686; x_wconf 66' lang='lat' dir='ltr'><strong>praedicaret,</strong></span> <span class='ocrx_word' id='word_1_212' title='bbox 2243 1633 2398 1685; x_wconf 88' lang='lat' dir='ltr'><strong>quem</strong></span> <span class='ocrx_word' id='word_1_213' title='bbox 2428 1627 2698 1671; x_wconf 87' lang='lat' dir='ltr'><strong>mortuum</strong></span> <span class='ocrx_word' id='word_1_214' title='bbox 2727 1628 2779 1671; x_wconf 88' lang='lat' dir='ltr'><strong>et</strong></span> <span class='ocrx_word' id='word_1_215' title='bbox 2811 1618 3079 1686; x_wconf 82' lang='lat' dir='ltr'><strong>sepultum</strong></span> <span class='ocrx_word' id='word_1_216' title='bbox 3110 1634 3303 1684; x_wconf 60' lang='lat' dir='ltr'><strong>negare</strong></span> <span class='ocrx_word' id='word_1_217' title='bbox 3344 1634 3449 1672; x_wconf 88' lang='lat' dir='ltr'><strong>non</strong></span> 
     </span>
    </p>
   </div>
   <div class='ocr_carea' id='block_1_25' title="bbox 1864 1708 3453 1777">
    <p class='ocr_par' dir='ltr' id='par_1_25' title="bbox 1864 1708 3453 1777">
     <span class='ocr_line' id='line_1_25' title="bbox 1864 1708 3453 1777; baseline -0.001 -15"><span class='ocrx_word' id='word_1_218' title='bbox 1864 1717 2091 1777; x_wconf 78' lang='lat' dir='ltr'><strong>poterat,</strong></span> <span class='ocrx_word' id='word_1_219' title='bbox 2116 1719 2168 1762; x_wconf 91' lang='lat' dir='ltr'><strong>et</strong></span> <span class='ocrx_word' id='word_1_220' title='bbox 2197 1708 2464 1762; x_wconf 87' lang='lat' dir='ltr'><strong>dicentem</strong></span> <span class='ocrx_word' id='word_1_221' title='bbox 2492 1718 2770 1777; x_wconf 81' lang='lat' dir='ltr'><strong>prepterea</strong></span> <span class='ocrx_word' id='word_1_222' title='bbox 2804 1708 2946 1759; x_wconf 87' lang='lat' dir='ltr'><strong>illum</strong></span> <span class='ocrx_word' id='word_1_223' title='bbox 2974 1708 3144 1774; x_wconf 87' lang='lat' dir='ltr'><strong>puniri</strong></span> <span class='ocrx_word' id='word_1_224' title='bbox 3170 1726 3194 1758; x_wconf 89' lang='lat' dir='ltr'><strong>a</strong></span> <span class='ocrx_word' id='word_1_225' title='bbox 3219 1711 3330 1761; x_wconf 79' lang='lat' dir='ltr'><strong>suis</strong></span> <span class='ocrx_word' id='word_1_226' title='bbox 3351 1708 3453 1761; x_wconf 63' lang='lat' dir='ltr'><strong>diis.</strong></span> 
     </span>
    </p>
   </div>
   <div class='ocr_carea' id='block_1_26' title="bbox 178 1797 3452 1881">
    <p class='ocr_par' dir='ltr' id='par_1_26' title="bbox 178 1797 3452 1881">
     <span class='ocr_line' id='line_1_26' title="bbox 178 1797 3452 1881; baseline -0.001 -27"><span class='ocrx_word' id='word_1_227' title='bbox 178 1810 297 1865; x_wconf 85' lang='lat' dir='ltr'><strong>tetu,</strong></span> <span class='ocrx_word' id='word_1_228' title='bbox 329 1808 524 1853; x_wconf 82' lang='lat' dir='ltr'><strong>acutus</strong></span> <span class='ocrx_word' id='word_1_229' title='bbox 555 1797 799 1866; x_wconf 78' lang='lat' dir='ltr'><strong>apparuit</strong></span> <span class='ocrx_word' id='word_1_230' title='bbox 837 1798 1076 1866; x_wconf 80' lang='lat' dir='ltr'><strong>sapitista</strong></span> <span class='ocrx_word' id='word_1_231' title='bbox 1121 1797 1397 1867; x_wconf 83' lang='lat' dir='ltr'><strong>religionis</strong></span> <span class='ocrx_word' id='word_1_232' title='bbox 1442 1799 1685 1867; x_wconf 80' lang='lat' dir='ltr'><strong>agrcSIis.</strong></span> <span class='ocrx_word' id='word_1_233' title='bbox 1736 1816 1755 1850; x_wconf 69' lang='grc' dir='ltr'>ι</span> <span class='ocrx_word' id='word_1_234' title='bbox 1797 1822 1840 1881; x_wconf 74' lang='grc' dir='ltr'><strong>Β</strong></span> <span class='ocrx_word' id='word_1_235' title='bbox 1868 1814 2079 1854; x_wconf 89' lang='lat' dir='ltr'><strong>summo</strong></span> <span class='ocrx_word' id='word_1_236' title='bbox 2106 1800 2390 1869; x_wconf 77' lang='lat' dir='ltr'><strong>supplicio,</strong></span> <span class='ocrx_word' id='word_1_237' title='bbox 2434 1800 2572 1869; x_wconf 90' lang='lat' dir='ltr'><strong>quod</strong></span> <span class='ocrx_word' id='word_1_238' title='bbox 2608 1800 2986 1853; x_wconf 76' lang='lat' dir='ltr'><strong>miserabiliter</strong></span> <span class='ocrx_word' id='word_1_239' title='bbox 3016 1799 3280 1853; x_wconf 85' lang='lat' dir='ltr'><strong>intbibens</strong></span> <span class='ocrx_word' id='word_1_240' title='bbox 3305 1800 3452 1854; x_wconf 83' lang='lat' dir='ltr'><strong>theo-</strong></span> 
     </span>
    </p>
   </div>
   <div class='ocr_carea' id='block_1_27' title="bbox 179 1888 1764 1961">
    <p class='ocr_par' dir='ltr' id='par_1_27' title="bbox 179 1888 1764 1961">
     <span class='ocr_line' id='line_1_27' title="bbox 179 1888 1764 1961; baseline -0.001 -14"><span class='ocrx_word' id='word_1_241' title='bbox 179 1894 231 1947; x_wconf 81' lang='lat' dir='ltr'><strong>Et</strong></span> <span class='ocrx_word' id='word_1_242' title='bbox 256 1902 368 1961; x_wconf 87' lang='lat' dir='ltr'><strong>post</strong></span> <span class='ocrx_word' id='word_1_243' title='bbox 406 1892 681 1960; x_wconf 81' lang='lat' dir='ltr'><strong>paululum</strong></span> <span class='ocrx_word' id='word_1_244' title='bbox 710 1907 725 1942; x_wconf 71' lang='grc' dir='ltr'><em>τ</em></span> <span class='ocrx_word' id='word_1_245' title='bbox 766 1908 785 1942; x_wconf 83' lang='grc'><em>‹</em></span> <span class='ocrx_word' id='word_1_246' title='bbox 823 1890 976 1957; x_wconf 85' lang='lat' dir='ltr'><strong>Quod</strong></span> <span class='ocrx_word' id='word_1_247' title='bbox 1010 1888 1059 1943; x_wconf 87' lang='lat' dir='ltr'><strong>si</strong></span> <span class='ocrx_word' id='word_1_248' title='bbox 1089 1890 1243 1944; x_wconf 88' lang='lat' dir='ltr'><strong>nobis</strong></span> <span class='ocrx_word' id='word_1_249' title='bbox 1284 1890 1533 1958; x_wconf 86' lang='lat' dir='ltr'><strong>cpitulati</strong></span> <span class='ocrx_word' id='word_1_250' title='bbox 1568 1891 1764 1946; x_wconf 79' lang='lat' dir='ltr'><strong>fuerint</strong></span> 
     </span>
    </p>
   </div>
   <div class='ocr_carea' id='block_1_28' title="bbox 178 1982 1764 2050">
    <p class='ocr_par' dir='ltr' id='par_1_28' title="bbox 178 1982 1764 2050">
     <span class='ocr_line' id='line_1_28' title="bbox 178 1982 1764 2050; baseline -0.001 -12"><span class='ocrx_word' id='word_1_251' title='bbox 178 1983 239 2038; x_wconf 80' lang='lat' dir='ltr'><strong>dii</strong></span> <span class='ocrx_word' id='word_1_252' title='bbox 256 1996 301 2039; x_wconf 88' lang='lat' dir='ltr'><strong>et</strong></span> <span class='ocrx_word' id='word_1_253' title='bbox 324 1983 476 2049; x_wconf 67' lang='lat' dir='ltr'><strong>dem,</strong></span> <span class='ocrx_word' id='word_1_254' title='bbox 513 1992 568 2037; x_wconf 89' lang='lat' dir='ltr'><strong>et</strong></span> <span class='ocrx_word' id='word_1_255' title='bbox 596 1996 761 2037; x_wconf 81' lang='lat' dir='ltr'><strong>musae</strong></span> <span class='ocrx_word' id='word_1_256' title='bbox 790 1995 980 2037; x_wconf 87' lang='lat' dir='ltr'><strong>omnes</strong></span> <span class='ocrx_word' id='word_1_257' title='bbox 1006 2023 1021 2047; x_wconf 89' lang='lat'><strong>,</strong></span> <span class='ocrx_word' id='word_1_258' title='bbox 1054 1993 1107 2037; x_wconf 89' lang='lat' dir='ltr'><strong>et</strong></span> <span class='ocrx_word' id='word_1_259' title='bbox 1140 1982 1386 2050; x_wconf 72' lang='lat' dir='ltr'><strong>fortuna;</strong></span> <span class='ocrx_word' id='word_1_260' title='bbox 1420 1984 1764 2038; x_wconf 80' lang='lat' dir='ltr'><strong>ostendemus</strong></span> 
     </span>
    </p>
   </div>
   <div class='ocr_carea' id='block_1_29' title="bbox 179 2071 1766 2141">
    <p class='ocr_par' dir='ltr' id='par_1_29' title="bbox 179 2071 1766 2141">
     <span class='ocr_line' id='line_1_29' title="bbox 179 2071 1766 2141; baseline -0.001 -12"><span class='ocrx_word' id='word_1_261' title='bbox 179 2075 435 2129; x_wconf 78' lang='lat' dir='ltr'><strong>inﬁrmum</strong></span> <span class='ocrx_word' id='word_1_262' title='bbox 484 2082 538 2127; x_wconf 90' lang='lat' dir='ltr'><strong>et</strong></span> <span class='ocrx_word' id='word_1_263' title='bbox 593 2081 964 2140; x_wconf 74' lang='lat' dir='ltr'><strong>corruptorem</strong></span> <span class='ocrx_word' id='word_1_264' title='bbox 1020 2071 1234 2141; x_wconf 82' lang='lat' dir='ltr'><strong>legum,</strong></span> <span class='ocrx_word' id='word_1_265' title='bbox 1287 2081 1341 2127; x_wconf 90' lang='lat' dir='ltr'><strong>et</strong></span> <span class='ocrx_word' id='word_1_266' title='bbox 1372 2073 1660 2139; x_wconf 88' lang='lat' dir='ltr'><strong>rationum,</strong></span> <span class='ocrx_word' id='word_1_267' title='bbox 1712 2080 1766 2128; x_wconf 84' lang='lat' dir='ltr'><strong>et</strong></span> 
     </span>
    </p>
   </div>
   <div class='ocr_carea' id='block_1_30' title="bbox 180 2162 1767 2235">
    <p class='ocr_par' dir='ltr' id='par_1_30' title="bbox 180 2162 1767 2235">
     <span class='ocr_line' id='line_1_30' title="bbox 180 2162 1767 2235; baseline 0.001 -17"><span class='ocrx_word' id='word_1_268' title='bbox 180 2164 545 2235; x_wconf 73' lang='lat' dir='ltr'><strong>mysteriorum</strong></span> <span class='ocrx_word' id='word_1_269' title='bbox 570 2176 898 2232; x_wconf 75' lang='lat' dir='ltr'><strong>paganorum</strong></span> <span class='ocrx_word' id='word_1_270' title='bbox 918 2202 934 2227; x_wconf 91' lang='lat'><strong>,</strong></span> <span class='ocrx_word' id='word_1_271' title='bbox 975 2166 1029 2216; x_wconf 85' lang='lat' dir='ltr'><strong>et</strong></span> <span class='ocrx_word' id='word_1_272' title='bbox 1065 2163 1287 2217; x_wconf 75' lang='lat' dir='ltr'><strong>deorum</strong></span> <span class='ocrx_word' id='word_1_273' title='bbox 1320 2162 1650 2219; x_wconf 75' lang='lat' dir='ltr'><strong>infernarum</strong></span> <span class='ocrx_word' id='word_1_274' title='bbox 1675 2181 1689 2228; x_wconf 90' lang='lat'><strong>;</strong></span> <span class='ocrx_word' id='word_1_275' title='bbox 1712 2173 1767 2219; x_wconf 81' lang='lat' dir='ltr'><strong>et</strong></span> 
     </span>
    </p>
   </div>
   <div class='ocr_carea' id='block_1_31' title="bbox 178 2252 1761 2325">
    <p class='ocr_par' dir='ltr' id='par_1_31' title="bbox 178 2252 1761 2325">
     <span class='ocr_line' id='line_1_31' title="bbox 178 2252 1761 2325; baseline 0 -16"><span class='ocrx_word' id='word_1_276' title='bbox 178 2257 307 2311; x_wconf 81' lang='lat' dir='ltr'><strong>illum</strong></span> <span class='ocrx_word' id='word_1_277' title='bbox 342 2266 545 2311; x_wconf 77' lang='lat' dir='ltr'><strong>novum</strong></span> <span class='ocrx_word' id='word_1_278' title='bbox 594 2255 714 2323; x_wconf 89' lang='lat' dir='ltr'><strong>ejus</strong></span> <span class='ocrx_word' id='word_1_279' title='bbox 747 2257 911 2310; x_wconf 83' lang='lat' dir='ltr'><strong>Deum</strong></span> <span class='ocrx_word' id='word_1_280' title='bbox 942 2252 1220 2310; x_wconf 81' lang='lat' dir='ltr'><strong>Galilaeum</strong></span> <span class='ocrx_word' id='word_1_281' title='bbox 1248 2297 1262 2322; x_wconf 94' lang='lat'><strong>,</strong></span> <span class='ocrx_word' id='word_1_282' title='bbox 1312 2268 1470 2325; x_wconf 88' lang='lat' dir='ltr'><strong>quem</strong></span> <span class='ocrx_word' id='word_1_283' title='bbox 1503 2265 1761 2311; x_wconf 75' lang='lat' dir='ltr'><strong>:cternum</strong></span> 
     </span>
    </p>
   </div>
   <div class='ocr_carea' id='block_1_32' title="bbox 177 2346 1762 2419">
    <p class='ocr_par' dir='ltr' id='par_1_32' title="bbox 177 2346 1762 2419">
     <span class='ocr_line' id='line_1_32' title="bbox 177 2346 1762 2419; baseline 0 -16"><span class='ocrx_word' id='word_1_284' title='bbox 177 2349 402 2405; x_wconf 79' lang='lat' dir='ltr'><strong>fabulose</strong></span> <span class='ocrx_word' id='word_1_285' title='bbox 432 2347 712 2419; x_wconf 70' lang='lat' dir='ltr'><strong>prtedicat,</strong></span> <span class='ocrx_word' id='word_1_286' title='bbox 745 2346 962 2417; x_wconf 78' lang='lat' dir='ltr'><strong>indigna</strong></span> <span class='ocrx_word' id='word_1_287' title='bbox 1012 2356 1187 2401; x_wconf 82' lang='lat' dir='ltr'><strong>morte</strong></span> <span class='ocrx_word' id='word_1_288' title='bbox 1240 2356 1294 2402; x_wconf 89' lang='lat' dir='ltr'><strong>et</strong></span> <span class='ocrx_word' id='word_1_289' title='bbox 1323 2348 1593 2416; x_wconf 87' lang='lat' dir='ltr'><strong>sepultura</strong></span> <span class='ocrx_word' id='word_1_290' title='bbox 1618 2390 1632 2413; x_wconf 90' lang='lat'><strong>,</strong></span> <span class='ocrx_word' id='word_1_291' title='bbox 1667 2348 1762 2403; x_wconf 81' lang='lat' dir='ltr'><strong>de-</strong></span> 
     </span>
    </p>
   </div>
   <div class='ocr_carea' id='block_1_33' title="bbox 178 2437 1762 2496">
    <p class='ocr_par' dir='ltr' id='par_1_33' title="bbox 178 2437 1762 2496">
     <span class='ocr_line' id='line_1_33' title="bbox 178 2437 1762 2496; baseline -0.001 -1"><span class='ocrx_word' id='word_1_292' title='bbox 178 2442 418 2495; x_wconf 82' lang='lat' dir='ltr'><strong>nudatum</strong></span> <span class='ocrx_word' id='word_1_293' title='bbox 449 2439 692 2496; x_wconf 67' lang='lat' dir='ltr'><strong>conﬁctae</strong></span> <span class='ocrx_word' id='word_1_294' title='bbox 722 2454 751 2493; x_wconf 83' lang='lat' dir='ltr'><strong>a</strong></span> <span class='ocrx_word' id='word_1_295' title='bbox 786 2437 1023 2493; x_wconf 88' lang='lat' dir='ltr'><strong>Diodoro</strong></span> <span class='ocrx_word' id='word_1_296' title='bbox 1072 2438 1309 2493; x_wconf 83' lang='lat' dir='ltr'><strong>deitatis.</strong></span> <span class='ocrx_word' id='word_1_297' title='bbox 1351 2458 1370 2491; x_wconf 69' lang='grc' dir='ltr'><strong><em>ι</em></strong></span> <span class='ocrx_word' id='word_1_298' title='bbox 1405 2438 1558 2495; x_wconf 85' lang='lat' dir='ltr'><strong>Sicut</strong></span> <span class='ocrx_word' id='word_1_299' title='bbox 1586 2451 1762 2495; x_wconf 86' lang='lat' dir='ltr'><strong>autem</strong></span> 
     </span>
    </p>
   </div>
   <div class='ocr_carea' id='block_1_34' title="bbox 178 2529 1765 2601">
    <p class='ocr_par' dir='ltr' id='par_1_34' title="bbox 178 2529 1765 2601">
     <span class='ocr_line' id='line_1_34' title="bbox 178 2529 1765 2601; baseline -0.001 -14"><span class='ocrx_word' id='word_1_300' title='bbox 178 2533 336 2587; x_wconf 72' lang='lat' dir='ltr'><strong>solent</strong></span> <span class='ocrx_word' id='word_1_301' title='bbox 391 2542 638 2587; x_wconf 77' lang='lat' dir='ltr'><strong>errantes</strong></span> <span class='ocrx_word' id='word_1_302' title='bbox 692 2531 926 2587; x_wconf 79' lang='lat' dir='ltr'><strong>convicti</strong></span> <span class='ocrx_word' id='word_1_303' title='bbox 984 2529 1183 2600; x_wconf 77' lang='lat' dir='ltr'><strong>lingere</strong></span> <span class='ocrx_word' id='word_1_304' title='bbox 1239 2529 1380 2601; x_wconf 88' lang='lat' dir='ltr'><strong>quod</strong></span> <span class='ocrx_word' id='word_1_305' title='bbox 1428 2540 1543 2586; x_wconf 88' lang='lat' dir='ltr'><strong>arte</strong></span> <span class='ocrx_word' id='word_1_306' title='bbox 1596 2535 1765 2601; x_wconf 81' lang='lat' dir='ltr'><strong>magis</strong></span> 
     </span>
    </p>
   </div>
   <div class='ocr_carea' id='block_1_35' title="bbox 183 2620 1765 2693">
    <p class='ocr_par' dir='ltr' id='par_1_35' title="bbox 183 2620 1765 2693">
     <span class='ocr_line' id='line_1_35' title="bbox 183 2620 1765 2693; baseline 0.003 -17"><span class='ocrx_word' id='word_1_307' title='bbox 183 2638 325 2693; x_wconf 88' lang='lat' dir='ltr'><strong>quam</strong></span> <span class='ocrx_word' id='word_1_308' title='bbox 378 2624 584 2678; x_wconf 77' lang='lat' dir='ltr'><strong>virtute</strong></span> <span class='ocrx_word' id='word_1_309' title='bbox 614 2622 632 2655; x_wconf 78' lang='grc'><strong><em>³</em></strong></span> <span class='ocrx_word' id='word_1_310' title='bbox 675 2623 992 2689; x_wconf 76' lang='lat' dir='ltr'><strong>vincantur,</strong></span> <span class='ocrx_word' id='word_1_311' title='bbox 1042 2620 1283 2692; x_wconf 87' lang='lat' dir='ltr'><strong>sequitur</strong></span> <span class='ocrx_word' id='word_1_312' title='bbox 1310 2623 1494 2678; x_wconf 88' lang='lat' dir='ltr'><strong>dicens</strong></span> <span class='ocrx_word' id='word_1_313' title='bbox 1536 2642 1549 2679; x_wconf 91' lang='lat'><strong>:</strong></span> <span class='ocrx_word' id='word_1_314' title='bbox 1611 2642 1630 2676; x_wconf 79' lang='lat' dir='ltr'><strong>t</strong></span> <span class='ocrx_word' id='word_1_315' title='bbox 1660 2625 1765 2680; x_wconf 90' lang='lat' dir='ltr'><strong>Isto</strong></span> 
     </span>
    </p>
   </div>
   <div class='ocr_carea' id='block_1_36' title="bbox 173 2712 1765 2784">
    <p class='ocr_par' dir='ltr' id='par_1_36' title="bbox 173 2712 1765 2784">
     <span class='ocr_line' id='line_1_36' title="bbox 173 2712 1765 2784; baseline 0.001 -15"><span class='ocrx_word' id='word_1_316' title='bbox 173 2714 304 2769; x_wconf 81' lang='lat' dir='ltr'><strong>enim</strong></span> <span class='ocrx_word' id='word_1_317' title='bbox 345 2714 493 2769; x_wconf 90' lang='lat' dir='ltr'><strong>malo</strong></span> <span class='ocrx_word' id='word_1_318' title='bbox 518 2714 820 2768; x_wconf 85' lang='lat' dir='ltr'><strong>communis</strong></span> <span class='ocrx_word' id='word_1_319' title='bbox 851 2712 1098 2768; x_wconf 81' lang='lat' dir='ltr'><strong>utilitatis</strong></span> <span class='ocrx_word' id='word_1_320' title='bbox 1119 2714 1356 2768; x_wconf 85' lang='lat' dir='ltr'><strong>Athenas</strong></span> <span class='ocrx_word' id='word_1_321' title='bbox 1384 2714 1640 2784; x_wconf 80' lang='lat' dir='ltr'><strong>navigans</strong></span> <span class='ocrx_word' id='word_1_322' title='bbox 1661 2757 1675 2780; x_wconf 90' lang='lat'><strong>,</strong></span> <span class='ocrx_word' id='word_1_323' title='bbox 1706 2722 1765 2770; x_wconf 89' lang='lat' dir='ltr'><strong>et</strong></span> 
     </span>
    </p>
   </div>
   <div class='ocr_carea' id='block_1_37' title="bbox 174 2789 1763 2875">
    <p class='ocr_par' dir='ltr' id='par_1_37' title="bbox 174 2789 1763 2875">
     <span class='ocr_line' id='line_1_37' title="bbox 174 2789 1763 2875; baseline 0.003 -18"><span class='ocrx_word' id='word_1_324' title='bbox 174 2803 555 2874; x_wconf 74' lang='lat' dir='ltr'><strong>philosopharis</strong></span> <span class='ocrx_word' id='word_1_325' title='bbox 588 2804 988 2874; x_wconf 88' lang='lat' dir='ltr'><strong>imprudenter,</strong></span> <span class='ocrx_word' id='word_1_326' title='bbox 1040 2805 1364 2860; x_wconf 87' lang='lat' dir='ltr'><strong>musicorum</strong></span> <span class='ocrx_word' id='word_1_327' title='bbox 1415 2789 1763 2875; x_wconf 86' lang='lat' dir='ltr'><strong>participatus</strong></span> 
     </span>
    </p>
   </div>
   <div class='ocr_carea' id='block_1_38' title="bbox 170 2888 1768 2955">
    <p class='ocr_par' dir='ltr' id='par_1_38' title="bbox 170 2888 1768 2955">
     <span class='ocr_line' id='line_1_38' title="bbox 170 2888 1768 2955; baseline 0 -6"><span class='ocrx_word' id='word_1_328' title='bbox 170 2904 245 2949; x_wconf 84' lang='lat' dir='ltr'><strong>est</strong></span> <span class='ocrx_word' id='word_1_329' title='bbox 264 2888 566 2955; x_wconf 83' lang='lat' dir='ltr'><strong>rationem,</strong></span> <span class='ocrx_word' id='word_1_330' title='bbox 592 2905 647 2948; x_wconf 89' lang='lat' dir='ltr'><strong>et</strong></span> <span class='ocrx_word' id='word_1_331' title='bbox 674 2894 910 2949; x_wconf 86' lang='lat' dir='ltr'><strong>rhetoris</strong></span> <span class='ocrx_word' id='word_1_332' title='bbox 940 2893 1371 2951; x_wconf 83' lang='lat' dir='ltr'><strong>confectionibus</strong></span> <span class='ocrx_word' id='word_1_333' title='bbox 1396 2893 1648 2950; x_wconf 77' lang='lat' dir='ltr'><strong>odibilem</strong></span> <span class='ocrx_word' id='word_1_334' title='bbox 1672 2895 1768 2949; x_wconf 85' lang='lat' dir='ltr'><strong>ad-</strong></span> 
     </span>
    </p>
   </div>
   <div class='ocr_carea' id='block_1_39' title="bbox 174 2985 1765 3057">
    <p class='ocr_par' dir='ltr' id='par_1_39' title="bbox 174 2985 1765 3057">
     <span class='ocr_line' id='line_1_39' title="bbox 174 2985 1765 3057; baseline 0.004 -20"><span class='ocrx_word' id='word_1_335' title='bbox 174 2986 394 3041; x_wconf 79' lang='lat' dir='ltr'><strong>amavit</strong></span> <span class='ocrx_word' id='word_1_336' title='bbox 417 2986 651 3053; x_wconf 80' lang='lat' dir='ltr'><strong>linguam</strong></span> <span class='ocrx_word' id='word_1_337' title='bbox 684 2985 943 3041; x_wconf 86' lang='lat' dir='ltr'><strong>adversus</strong></span> <span class='ocrx_word' id='word_1_338' title='bbox 969 2985 1219 3041; x_wconf 66' lang='lat' dir='ltr'><strong>coalestes</strong></span> <span class='ocrx_word' id='word_1_339' title='bbox 1241 2986 1399 3051; x_wconf 86' lang='lat' dir='ltr'><strong>deos,</strong></span> <span class='ocrx_word' id='word_1_340' title='bbox 1431 3001 1601 3057; x_wconf 89' lang='lat' dir='ltr'><strong>usque</strong></span> <span class='ocrx_word' id='word_1_341' title='bbox 1629 2988 1765 3043; x_wconf 89' lang='lat' dir='ltr'><strong>adeo</strong></span> 
     </span>
    </p>
   </div>
   <div class='ocr_carea' id='block_1_40' title="bbox 177 3078 1766 3149">
    <p class='ocr_par' dir='ltr' id='par_1_40' title="bbox 177 3078 1766 3149">
     <span class='ocr_line' id='line_1_40' title="bbox 177 3078 1766 3149; baseline 0.001 -19"><span class='ocrx_word' id='word_1_342' title='bbox 177 3078 426 3144; x_wconf 71' lang='lat' dir='ltr'><strong>ignorans</strong></span> <span class='ocrx_word' id='word_1_343' title='bbox 474 3090 803 3148; x_wconf 75' lang='lat' dir='ltr'><strong>paganorum</strong></span> <span class='ocrx_word' id='word_1_344' title='bbox 852 3080 1144 3148; x_wconf 86' lang='lat' dir='ltr'><strong>mysteria,</strong></span> <span class='ocrx_word' id='word_1_345' title='bbox 1188 3093 1507 3149; x_wconf 90' lang='lat' dir='ltr'><strong>omnemque</strong></span> <span class='ocrx_word' id='word_1_346' title='bbox 1548 3079 1766 3133; x_wconf 77' lang='lat' dir='ltr'><strong>misera-</strong></span> 
     </span>
    </p>
   </div>
   <div class='ocr_carea' id='block_1_41' title="bbox 178 3167 1762 3238">
    <p class='ocr_par' dir='ltr' id='par_1_41' title="bbox 178 3167 1762 3238">
     <span class='ocr_line' id='line_1_41' title="bbox 178 3167 1762 3238; baseline 0.001 -17"><span class='ocrx_word' id='word_1_347' title='bbox 178 3168 342 3223; x_wconf 84' lang='lat' dir='ltr'><strong>biliter</strong></span> <span class='ocrx_word' id='word_1_348' title='bbox 368 3168 676 3233; x_wconf 87' lang='lat' dir='ltr'><strong>imbibens,</strong></span> <span class='ocrx_word' id='word_1_349' title='bbox 706 3178 764 3222; x_wconf 91' lang='lat' dir='ltr'><strong>ut</strong></span> <span class='ocrx_word' id='word_1_350' title='bbox 792 3167 975 3233; x_wconf 85' lang='lat' dir='ltr'><strong>aiunt,</strong></span> <span class='ocrx_word' id='word_1_351' title='bbox 1020 3168 1350 3238; x_wconf 80' lang='lat' dir='ltr'><strong>degenerutn</strong></span> <span class='ocrx_word' id='word_1_352' title='bbox 1383 3178 1438 3224; x_wconf 91' lang='lat' dir='ltr'><strong>et</strong></span> <span class='ocrx_word' id='word_1_353' title='bbox 1485 3169 1762 3238; x_wconf 77' lang='lat' dir='ltr'><strong>imperito-</strong></span> 
     </span>
    </p>
   </div>
   <div class='ocr_carea' id='block_1_42' title="bbox 177 3259 1764 3331">
    <p class='ocr_par' dir='ltr' id='par_1_42' title="bbox 177 3259 1764 3331">
     <span class='ocr_line' id='line_1_42' title="bbox 177 3259 1764 3331; baseline 0.003 -19"><span class='ocrx_word' id='word_1_354' title='bbox 177 3271 279 3313; x_wconf 85' lang='lat' dir='ltr'><strong>rum</strong></span> <span class='ocrx_word' id='word_1_355' title='bbox 307 3260 434 3329; x_wconf 78' lang='lat' dir='ltr'><strong>ejus</strong></span> <span class='ocrx_word' id='word_1_356' title='bbox 465 3259 836 3330; x_wconf 74' lang='lat' dir='ltr'><strong>theologorum</strong></span> <span class='ocrx_word' id='word_1_357' title='bbox 868 3262 1194 3328; x_wconf 88' lang='lat' dir='ltr'><strong>piscatorum</strong></span> <span class='ocrx_word' id='word_1_358' title='bbox 1242 3274 1505 3316; x_wconf 88' lang='lat' dir='ltr'><strong>errorem.</strong></span> <span class='ocrx_word' id='word_1_359' title='bbox 1539 3262 1764 3331; x_wconf 86' lang='lat' dir='ltr'><strong>Propter</strong></span> 
     </span>
    </p>
   </div>
   <div class='ocr_carea' id='block_1_43' title="bbox 178 3351 1761 3424">
    <p class='ocr_par' dir='ltr' id='par_1_43' title="bbox 178 3351 1761 3424">
     <span class='ocr_line' id='line_1_43' title="bbox 178 3351 1761 3424; baseline 0.001 -19"><span class='ocrx_word' id='word_1_360' title='bbox 178 3354 303 3420; x_wconf 66' lang='lat' dir='ltr'><strong>quod</strong></span> <span class='ocrx_word' id='word_1_361' title='bbox 342 3351 461 3421; x_wconf 86' lang='lat' dir='ltr'><strong>jam</strong></span> <span class='ocrx_word' id='word_1_362' title='bbox 513 3353 605 3406; x_wconf 90' lang='lat' dir='ltr'><strong>diu</strong></span> <span class='ocrx_word' id='word_1_363' title='bbox 652 3362 736 3408; x_wconf 80' lang='lat' dir='ltr'><strong>est</strong></span> <span class='ocrx_word' id='word_1_364' title='bbox 765 3355 909 3424; x_wconf 89' lang='lat' dir='ltr'><strong>quod</strong></span> <span class='ocrx_word' id='word_1_365' title='bbox 955 3353 1023 3407; x_wconf 89' lang='lat' dir='ltr'><strong>ab</strong></span> <span class='ocrx_word' id='word_1_366' title='bbox 1073 3352 1205 3421; x_wconf 88' lang='lat' dir='ltr'><strong>ipsis</strong></span> <span class='ocrx_word' id='word_1_367' title='bbox 1248 3352 1467 3421; x_wconf 85' lang='lat' dir='ltr'><strong>punitur</strong></span> <span class='ocrx_word' id='word_1_368' title='bbox 1493 3353 1616 3408; x_wconf 86' lang='lat' dir='ltr'><strong>diis.</strong></span> <span class='ocrx_word' id='word_1_369' title='bbox 1643 3351 1761 3407; x_wconf 83' lang='lat' dir='ltr'><strong>Jam</strong></span> 
     </span>
    </p>
   </div>
   <div class='ocr_carea' id='block_1_44' title="bbox 176 3443 1763 3514">
    <p class='ocr_par' dir='ltr' id='par_1_44' title="bbox 176 3443 1763 3514">
     <span class='ocr_line' id='line_1_44' title="bbox 176 3443 1763 3514; baseline 0.002 -17"><span class='ocrx_word' id='word_1_370' title='bbox 176 3444 301 3499; x_wconf 83' lang='lat' dir='ltr'><strong>cuitu</strong></span> <span class='ocrx_word' id='word_1_371' title='bbox 335 3460 442 3508; x_wconf 75' lang='lat' dir='ltr'><strong>per</strong></span> <span class='ocrx_word' id='word_1_372' title='bbox 463 3443 667 3500; x_wconf 87' lang='lat' dir='ltr'><strong>multos</strong></span> <span class='ocrx_word' id='word_1_373' title='bbox 698 3458 868 3501; x_wconf 85' lang='lat' dir='ltr'><strong>annos</strong></span> <span class='ocrx_word' id='word_1_374' title='bbox 909 3447 961 3501; x_wconf 90' lang='lat' dir='ltr'><strong>in</strong></span> <span class='ocrx_word' id='word_1_375' title='bbox 997 3444 1291 3514; x_wconf 88' lang='lat' dir='ltr'><strong>periculum</strong></span> <span class='ocrx_word' id='word_1_376' title='bbox 1343 3458 1672 3512; x_wconf 87' lang='lat' dir='ltr'><strong>conversus,</strong></span> <span class='ocrx_word' id='word_1_377' title='bbox 1710 3455 1763 3500; x_wconf 89' lang='lat' dir='ltr'><strong>et</strong></span> 
     </span>
    </p>
   </div>
   <div class='ocr_carea' id='block_1_45' title="bbox 178 3533 1765 3607">
    <p class='ocr_par' dir='ltr' id='par_1_45' title="bbox 178 3533 1765 3607">
     <span class='ocr_line' id='line_1_45' title="bbox 178 3533 1765 3607; baseline 0.002 -19"><span class='ocrx_word' id='word_1_378' title='bbox 178 3533 223 3589; x_wconf 89' lang='lat' dir='ltr'><strong>in</strong></span> <span class='ocrx_word' id='word_1_379' title='bbox 246 3537 658 3604; x_wconf 84' lang='lat' dir='ltr'><strong>corruptionem</strong></span> <span class='ocrx_word' id='word_1_380' title='bbox 693 3536 928 3592; x_wconf 85' lang='lat' dir='ltr'><strong>thoracis</strong></span> <span class='ocrx_word' id='word_1_381' title='bbox 957 3537 1226 3602; x_wconf 85' lang='lat' dir='ltr'><strong>incidens,</strong></span> <span class='ocrx_word' id='word_1_382' title='bbox 1255 3536 1319 3591; x_wconf 88' lang='lat' dir='ltr'><strong>ad</strong></span> <span class='ocrx_word' id='word_1_383' title='bbox 1348 3552 1613 3591; x_wconf 90' lang='lat' dir='ltr'><strong>summum</strong></span> <span class='ocrx_word' id='word_1_384' title='bbox 1647 3553 1765 3607; x_wconf 87' lang='lat' dir='ltr'><strong>per-</strong></span> 
     </span>
    </p>
   </div>
   <div class='ocr_carea' id='block_1_46' title="bbox 178 3629 1762 3700">
    <p class='ocr_par' dir='ltr' id='par_1_46' title="bbox 178 3629 1762 3700">
     <span class='ocr_line' id='line_1_46' title="bbox 178 3629 1762 3700; baseline 0.001 -17"><span class='ocrx_word' id='word_1_385' title='bbox 178 3630 307 3684; x_wconf 72' lang='lat' dir='ltr'><strong>venit</strong></span> <span class='ocrx_word' id='word_1_386' title='bbox 354 3629 710 3699; x_wconf 85' lang='lat' dir='ltr'><strong>supplicium.</strong></span> <span class='ocrx_word' id='word_1_387' title='bbox 760 3629 933 3685; x_wconf 86' lang='lat' dir='ltr'><strong>Omne</strong></span> <span class='ocrx_word' id='word_1_388' title='bbox 981 3630 1099 3699; x_wconf 87' lang='lat' dir='ltr'><strong>ejus</strong></span> <span class='ocrx_word' id='word_1_389' title='bbox 1143 3645 1340 3698; x_wconf 91' lang='lat' dir='ltr'><strong>corpus</strong></span> <span class='ocrx_word' id='word_1_390' title='bbox 1388 3638 1762 3700; x_wconf 90' lang='lat' dir='ltr'><strong>consumptum</strong></span> 
     </span>
    </p>
   </div>
   <div class='ocr_carea' id='block_1_47' title="bbox 169 3719 1766 3791">
    <p class='ocr_par' dir='ltr' id='par_1_47' title="bbox 169 3719 1766 3791">
     <span class='ocr_line' id='line_1_47' title="bbox 169 3719 1766 3791; baseline 0.001 -19"><span class='ocrx_word' id='word_1_391' title='bbox 169 3728 245 3772; x_wconf 85' lang='lat' dir='ltr'><strong>cst</strong></span> <span class='ocrx_word' id='word_1_392' title='bbox 270 3737 281 3770; x_wconf 76' lang='grc' dir='ltr'>ε</span> <span class='ocrx_word' id='word_1_393' title='bbox 316 3734 450 3773; x_wconf 84' lang='lat' dir='ltr'><strong>nam</strong></span> <span class='ocrx_word' id='word_1_394' title='bbox 478 3721 637 3774; x_wconf 77' lang='lat' dir='ltr'><strong>mala:</strong></span> <span class='ocrx_word' id='word_1_395' title='bbox 664 3720 781 3790; x_wconf 87' lang='lat' dir='ltr'><strong>ejus</strong></span> <span class='ocrx_word' id='word_1_396' title='bbox 809 3720 1191 3786; x_wconf 89' lang='lat' dir='ltr'><strong>conciderunt,</strong></span> <span class='ocrx_word' id='word_1_397' title='bbox 1238 3733 1384 3791; x_wconf 54' lang='lat' dir='ltr'><strong>ruga</strong></span> <span class='ocrx_word' id='word_1_398' title='bbox 1410 3735 1536 3773; x_wconf 88' lang='lat' dir='ltr'><strong>vero</strong></span> <span class='ocrx_word' id='word_1_399' title='bbox 1561 3719 1615 3773; x_wconf 93' lang='lat' dir='ltr'><strong>in</strong></span> <span class='ocrx_word' id='word_1_400' title='bbox 1644 3720 1766 3774; x_wconf 85' lang='lat' dir='ltr'><strong>alti-</strong></span> 
     </span>
    </p>
   </div>
   <div class='ocr_carea' id='block_1_48' title="bbox 172 3809 1763 3882">
    <p class='ocr_par' dir='ltr' id='par_1_48' title="bbox 172 3809 1763 3882">
     <span class='ocr_line' id='line_1_48' title="bbox 172 3809 1763 3882; baseline 0.003 -19"><span class='ocrx_word' id='word_1_401' title='bbox 172 3809 407 3866; x_wconf 83' lang='lat' dir='ltr'><strong>tudinem</strong></span> <span class='ocrx_word' id='word_1_402' title='bbox 450 3813 695 3879; x_wconf 85' lang='lat' dir='ltr'><strong>corporis</strong></span> <span class='ocrx_word' id='word_1_403' title='bbox 723 3811 1115 3867; x_wconf 79' lang='lat' dir='ltr'><strong>descenderunt</strong></span> <span class='ocrx_word' id='word_1_404' title='bbox 1146 3829 1160 3865; x_wconf 89' lang='lat'><strong>:</strong></span> <span class='ocrx_word' id='word_1_405' title='bbox 1192 3812 1330 3881; x_wconf 92' lang='lat' dir='ltr'><strong>quod</strong></span> <span class='ocrx_word' id='word_1_406' title='bbox 1379 3827 1483 3865; x_wconf 90' lang='lat' dir='ltr'><strong>non</strong></span> <span class='ocrx_word' id='word_1_407' title='bbox 1530 3824 1610 3868; x_wconf 72' lang='grc' dir='ltr'><strong>εει</strong></span> <span class='ocrx_word' id='word_1_408' title='bbox 1642 3814 1763 3882; x_wconf 88' lang='lat' dir='ltr'><strong>pni-</strong></span> 
     </span>
    </p>
   </div>
   <div class='ocr_carea' id='block_1_49' title="bbox 176 3897 1761 3969">
    <p class='ocr_par' dir='ltr' id='par_1_49' title="bbox 176 3897 1761 3969">
     <span class='ocr_line' id='line_1_49' title="bbox 176 3897 1761 3969; baseline 0.003 -16"><span class='ocrx_word' id='word_1_409' title='bbox 176 3897 468 3969; x_wconf 71' lang='lat' dir='ltr'><strong>losophicat</strong></span> <span class='ocrx_word' id='word_1_410' title='bbox 496 3901 921 3956; x_wconf 76' lang='lat' dir='ltr'><strong>conversationis</strong></span> <span class='ocrx_word' id='word_1_411' title='bbox 950 3901 1148 3955; x_wconf 89' lang='lat' dir='ltr'><strong>indicio</strong></span> <span class='ocrx_word' id='word_1_412' title='bbox 1173 3942 1187 3966; x_wconf 90' lang='lat'><strong>,</strong></span> <span class='ocrx_word' id='word_1_413' title='bbox 1217 3901 1353 3955; x_wconf 88' lang='lat' dir='ltr'><strong>sicut</strong></span> <span class='ocrx_word' id='word_1_414' title='bbox 1381 3901 1548 3957; x_wconf 87' lang='lat' dir='ltr'><strong>videri</strong></span> <span class='ocrx_word' id='word_1_415' title='bbox 1592 3902 1701 3957; x_wconf 92' lang='lat' dir='ltr'><strong>vult</strong></span> <span class='ocrx_word' id='word_1_416' title='bbox 1732 3920 1761 3957; x_wconf 89' lang='lat' dir='ltr'><strong>a</strong></span> 
     </span>
    </p>
   </div>
   <div class='ocr_carea' id='block_1_50' title="bbox 174 3989 1765 4063">
    <p class='ocr_par' dir='ltr' id='par_1_50' title="bbox 174 3989 1765 4063">
     <span class='ocr_line' id='line_1_50' title="bbox 174 3989 1765 4063; baseline 0.003 -20"><span class='ocrx_word' id='word_1_417' title='bbox 174 4002 227 4043; x_wconf 85' lang='lat' dir='ltr'><strong>Ie</strong></span> <span class='ocrx_word' id='word_1_418' title='bbox 274 3990 562 4059; x_wconf 83' lang='lat' dir='ltr'><strong>deceptis,</strong></span> <span class='ocrx_word' id='word_1_419' title='bbox 621 3992 713 4045; x_wconf 87' lang='lat' dir='ltr'><strong>sed</strong></span> <span class='ocrx_word' id='word_1_420' title='bbox 767 3989 992 4059; x_wconf 71' lang='lat' dir='ltr'><strong>justitia:</strong></span> <span class='ocrx_word' id='word_1_421' title='bbox 1064 4004 1159 4061; x_wconf 87' lang='lat' dir='ltr'><strong>pro</strong></span> <span class='ocrx_word' id='word_1_422' title='bbox 1206 3998 1389 4057; x_wconf 88' lang='lat' dir='ltr'><strong>certo,</strong></span> <span class='ocrx_word' id='word_1_423' title='bbox 1438 3991 1765 4063; x_wconf 87' lang='lat' dir='ltr'><strong>deorumque</strong></span> 
     </span>
    </p>
   </div>
   <div class='ocr_carea' id='block_1_51' title="bbox 171 4082 1764 4154">
    <p class='ocr_par' dir='ltr' id='par_1_51' title="bbox 171 4082 1764 4154">
     <span class='ocr_line' id='line_1_51' title="bbox 171 4082 1764 4154; baseline 0.003 -21"><span class='ocrx_word' id='word_1_424' title='bbox 171 4092 361 4149; x_wconf 61' lang='lat' dir='ltr'><strong>pinum,</strong></span> <span class='ocrx_word' id='word_1_425' title='bbox 399 4097 507 4151; x_wconf 89' lang='lat' dir='ltr'><strong>qua</strong></span> <span class='ocrx_word' id='word_1_426' title='bbox 533 4082 830 4151; x_wconf 87' lang='lat' dir='ltr'><strong>percutitur</strong></span> <span class='ocrx_word' id='word_1_427' title='bbox 859 4084 1183 4151; x_wconf 90' lang='lat' dir='ltr'><strong>competenti</strong></span> <span class='ocrx_word' id='word_1_428' title='bbox 1214 4085 1423 4138; x_wconf 86' lang='lat' dir='ltr'><strong>ratione</strong></span> <span class='ocrx_word' id='word_1_429' title='bbox 1444 4124 1458 4150; x_wconf 91' lang='lat'><strong>,</strong></span> <span class='ocrx_word' id='word_1_430' title='bbox 1507 4100 1673 4154; x_wconf 89' lang='lat' dir='ltr'><strong>usque</strong></span> <span class='ocrx_word' id='word_1_431' title='bbox 1697 4083 1764 4138; x_wconf 88' lang='lat' dir='ltr'><strong>ad</strong></span> 
     </span>
    </p>
   </div>
   <div class='ocr_carea' id='block_1_52' title="bbox 174 4172 1767 4241">
    <p class='ocr_par' dir='ltr' id='par_1_52' title="bbox 174 4172 1767 4241">
     <span class='ocr_line' id='line_1_52' title="bbox 174 4172 1767 4241; baseline 0.004 -18"><span class='ocrx_word' id='word_1_432' title='bbox 174 4172 531 4226; x_wconf 73' lang='lat' dir='ltr'><strong>novissimum</strong></span> <span class='ocrx_word' id='word_1_433' title='bbox 576 4174 701 4227; x_wconf 73' lang='lat' dir='ltr'><strong>vita:</strong></span> <span class='ocrx_word' id='word_1_434' title='bbox 728 4186 838 4227; x_wconf 84' lang='lat' dir='ltr'><strong>suae</strong></span> <span class='ocrx_word' id='word_1_435' title='bbox 880 4175 1040 4227; x_wconf 78' lang='lat' dir='ltr'><strong>linem</strong></span> <span class='ocrx_word' id='word_1_436' title='bbox 1072 4188 1315 4241; x_wconf 48' lang='lat' dir='ltr'><strong>astieram</strong></span> <span class='ocrx_word' id='word_1_437' title='bbox 1348 4184 1403 4229; x_wconf 90' lang='lat' dir='ltr'><strong>et</strong></span> <span class='ocrx_word' id='word_1_438' title='bbox 1423 4190 1657 4229; x_wconf 82' lang='lat' dir='ltr'><strong>amaram</strong></span> <span class='ocrx_word' id='word_1_439' title='bbox 1687 4175 1767 4231; x_wconf 87' lang='lat' dir='ltr'><strong>vi-</strong></span> 
     </span>
    </p>
   </div>
   <div class='ocr_carea' id='block_1_53' title="bbox 173 4263 1767 4333">
    <p class='ocr_par' dir='ltr' id='par_1_53' title="bbox 173 4263 1767 4333">
     <span class='ocr_line' id='line_1_53' title="bbox 173 4263 1767 4333; baseline 0.006 -20"><span class='ocrx_word' id='word_1_440' title='bbox 173 4269 271 4315; x_wconf 81' lang='lat' dir='ltr'><strong>tam</strong></span> <span class='ocrx_word' id='word_1_441' title='bbox 302 4264 523 4327; x_wconf 76' lang='lat' dir='ltr'><strong>vivens,</strong></span> <span class='ocrx_word' id='word_1_442' title='bbox 553 4273 607 4318; x_wconf 89' lang='lat' dir='ltr'><strong>et</strong></span> <span class='ocrx_word' id='word_1_443' title='bbox 650 4263 846 4318; x_wconf 82' lang='lat' dir='ltr'><strong>faciem</strong></span> <span class='ocrx_word' id='word_1_444' title='bbox 882 4266 1086 4333; x_wconf 81' lang='lat' dir='ltr'><strong>pallore</strong></span> <span class='ocrx_word' id='word_1_445' title='bbox 1134 4266 1453 4322; x_wconf 81' lang='lat' dir='ltr'><strong>coniectam.</strong></span> <span class='ocrx_word' id='word_1_446' title='bbox 1489 4288 1506 4318; x_wconf 72' lang='grc' dir='ltr'><strong>ι</strong></span> <span class='ocrx_word' id='word_1_447' title='bbox 1541 4268 1767 4323; x_wconf 86' lang='lat' dir='ltr'><strong>Sancto-</strong></span> 
     </span>
    </p>
   </div>
   <div class='ocr_carea' id='block_1_54' title="bbox 172 4355 1764 4429">
    <p class='ocr_par' dir='ltr' id='par_1_54' title="bbox 172 4355 1764 4429">
     <span class='ocr_line' id='line_1_54' title="bbox 172 4355 1764 4429; baseline 0.006 -25"><span class='ocrx_word' id='word_1_448' title='bbox 172 4367 282 4405; x_wconf 76' lang='lat' dir='ltr'><strong>rum</strong></span> <span class='ocrx_word' id='word_1_449' title='bbox 335 4355 669 4410; x_wconf 84' lang='lat' dir='ltr'><strong>testimoniis</strong></span> <span class='ocrx_word' id='word_1_450' title='bbox 700 4357 914 4411; x_wconf 78' lang='lat' dir='ltr'><strong>Patrum</strong></span> <span class='ocrx_word' id='word_1_451' title='bbox 960 4358 1012 4410; x_wconf 93' lang='lat' dir='ltr'><strong>in</strong></span> <span class='ocrx_word' id='word_1_452' title='bbox 1040 4358 1312 4425; x_wconf 88' lang='lat' dir='ltr'><strong>episcopis</strong></span> <span class='ocrx_word' id='word_1_453' title='bbox 1341 4359 1572 4427; x_wconf 89' lang='lat' dir='ltr'><strong>episc0pi</strong></span> <span class='ocrx_word' id='word_1_454' title='bbox 1604 4375 1764 4429; x_wconf 89' lang='lat' dir='ltr'><strong>supra</strong></span> 
     </span>
    </p>
   </div>
   <div class='ocr_carea' id='block_1_55' title="bbox 168 4448 1766 4519">
    <p class='ocr_par' dir='ltr' id='par_1_55' title="bbox 168 4448 1766 4519">
     <span class='ocr_line' id='line_1_55' title="bbox 168 4448 1766 4519; baseline 0.005 -21"><span class='ocrx_word' id='word_1_455' title='bbox 168 4448 566 4513; x_wconf 69' lang='lat' dir='ltr'><strong>cognovimus,</strong></span> <span class='ocrx_word' id='word_1_456' title='bbox 600 4463 824 4516; x_wconf 91' lang='lat' dir='ltr'><strong>quorum</strong></span> <span class='ocrx_word' id='word_1_457' title='bbox 868 4448 1130 4517; x_wconf 88' lang='lat' dir='ltr'><strong>judicium</strong></span> <span class='ocrx_word' id='word_1_458' title='bbox 1178 4451 1325 4519; x_wconf 89' lang='lat' dir='ltr'><strong>sequi</strong></span> <span class='ocrx_word' id='word_1_459' title='bbox 1378 4450 1665 4505; x_wconf 73' lang='lat' dir='ltr'><strong>debeamus</strong></span> <span class='ocrx_word' id='word_1_460' title='bbox 1713 4455 1766 4506; x_wconf 89' lang='lat' dir='ltr'><strong>in</strong></span> 
     </span>
    </p>
   </div>
   <div class='ocr_carea' id='block_1_56' title="bbox 172 4538 1763 4607">
    <p class='ocr_par' dir='ltr' id='par_1_56' title="bbox 172 4538 1763 4607">
     <span class='ocr_line' id='line_1_56' title="bbox 172 4538 1763 4607; baseline 0.005 -20"><span class='ocrx_word' id='word_1_461' title='bbox 172 4551 326 4591; x_wconf 76' lang='lat' dir='ltr'><strong>causa</strong></span> <span class='ocrx_word' id='word_1_462' title='bbox 359 4538 603 4593; x_wconf 83' lang='lat' dir='ltr'><strong>Diodoro</strong></span> <span class='ocrx_word' id='word_1_463' title='bbox 632 4538 1029 4607; x_wconf 82' lang='lat' dir='ltr'><strong>Tlteodoroque</strong></span> <span class='ocrx_word' id='word_1_464' title='bbox 1058 4540 1360 4607; x_wconf 86' lang='lat' dir='ltr'><strong>communi,</strong></span> <span class='ocrx_word' id='word_1_465' title='bbox 1394 4551 1572 4595; x_wconf 90' lang='lat' dir='ltr'><strong>utrum</strong></span> <span class='ocrx_word' id='word_1_466' title='bbox 1600 4542 1763 4596; x_wconf 81' lang='lat' dir='ltr'><strong>Atha-</strong></span> 
     </span>
    </p>
   </div>
   <div class='ocr_carea' id='block_1_57' title="bbox 168 4629 1760 4701">
    <p class='ocr_par' dir='ltr' id='par_1_57' title="bbox 168 4629 1760 4701">
     <span class='ocr_line' id='line_1_57' title="bbox 168 4629 1760 4701; baseline 0.006 -22"><span class='ocrx_word' id='word_1_467' title='bbox 168 4629 332 4691; x_wconf 80' lang='lat' dir='ltr'><strong>nasii,</strong></span> <span class='ocrx_word' id='word_1_468' title='bbox 366 4629 545 4698; x_wconf 85' lang='lat' dir='ltr'><strong>Petri,</strong></span> <span class='ocrx_word' id='word_1_469' title='bbox 579 4630 884 4695; x_wconf 85' lang='lat' dir='ltr'><strong>Timothei,</strong></span> <span class='ocrx_word' id='word_1_470' title='bbox 921 4631 1136 4697; x_wconf 81' lang='lat' dir='ltr'><strong>Basilii,</strong></span> <span class='ocrx_word' id='word_1_471' title='bbox 1186 4632 1439 4697; x_wconf 82' lang='lat' dir='ltr'><strong>Joannis,</strong></span> <span class='ocrx_word' id='word_1_472' title='bbox 1475 4631 1760 4701; x_wconf 82' lang='lat' dir='ltr'><strong>Epiphanii</strong></span> 
     </span>
    </p>
   </div>
   <div class='ocr_carea' id='block_1_58' title="bbox 168 4719 1761 4791">
    <p class='ocr_par' dir='ltr' id='par_1_58' title="bbox 168 4719 1761 4791">
     <span class='ocr_line' id='line_1_58' title="bbox 168 4719 1761 4791; baseline 0.004 -17"><span class='ocrx_word' id='word_1_473' title='bbox 168 4731 322 4787; x_wconf 76' lang='lat' dir='ltr'><strong>atque</strong></span> <span class='ocrx_word' id='word_1_474' title='bbox 378 4719 763 4791; x_wconf 66' lang='lat' dir='ltr'><strong>Egyptiorum</strong></span> <span class='ocrx_word' id='word_1_475' title='bbox 806 4722 1176 4789; x_wconf 81' lang='lat' dir='ltr'><strong>episcOporum</strong></span> <span class='ocrx_word' id='word_1_476' title='bbox 1207 4724 1342 4791; x_wconf 88' lang='lat' dir='ltr'><strong>apud</strong></span> <span class='ocrx_word' id='word_1_477' title='bbox 1375 4723 1761 4779; x_wconf 71' lang='lat' dir='ltr'><strong>Diocmsaream</strong></span> 
     </span>
    </p>
   </div>
   <div class='ocr_carea' id='block_1_59' title="bbox 168 4813 1765 4887">
    <p class='ocr_par' dir='ltr' id='par_1_59' title="bbox 168 4813 1765 4887">
     <span class='ocr_line' id='line_1_59' title="bbox 168 4813 1765 4887; baseline 0.005 -24"><span class='ocrx_word' id='word_1_478' title='bbox 168 4828 258 4878; x_wconf 81' lang='lat' dir='ltr'><strong>pro</strong></span> <span class='ocrx_word' id='word_1_479' title='bbox 314 4830 448 4868; x_wconf 81' lang='lat' dir='ltr'><strong>vera</strong></span> <span class='ocrx_word' id='word_1_480' title='bbox 495 4816 600 4870; x_wconf 88' lang='lat' dir='ltr'><strong>lidc</strong></span> <span class='ocrx_word' id='word_1_481' title='bbox 639 4817 1035 4879; x_wconf 73' lang='lat' dir='ltr'><strong>exsulandum,</strong></span> <span class='ocrx_word' id='word_1_482' title='bbox 1081 4824 1135 4870; x_wconf 70' lang='lat' dir='ltr'><strong>et</strong></span> <span class='ocrx_word' id='word_1_483' title='bbox 1185 4813 1765 4887; x_wconf 84' lang='lat' dir='ltr'><strong>Constantinopolitani</strong></span> 
     </span>
    </p>
   </div>
   <div class='ocr_carea' id='block_1_60' title="bbox 164 4906 1767 4977">
    <p class='ocr_par' dir='ltr' id='par_1_60' title="bbox 164 4906 1767 4977">
     <span class='ocr_line' id='line_1_60' title="bbox 164 4906 1767 4977; baseline 0.003 -20"><span class='ocrx_word' id='word_1_484' title='bbox 164 4906 417 4970; x_wconf 79' lang='lat' dir='ltr'><strong>concitii,</strong></span> <span class='ocrx_word' id='word_1_485' title='bbox 464 4920 565 4959; x_wconf 83' lang='lat' dir='ltr'><strong>nec</strong></span> <span class='ocrx_word' id='word_1_486' title='bbox 626 4921 732 4960; x_wconf 81' lang='lat' dir='ltr'><strong>non</strong></span> <span class='ocrx_word' id='word_1_487' title='bbox 791 4908 1091 4961; x_wconf 70' lang='lat' dir='ltr'><strong>doctissimi</strong></span> <span class='ocrx_word' id='word_1_488' title='bbox 1122 4908 1238 4959; x_wconf 79' lang='lat' dir='ltr'><strong>viri</strong></span> <span class='ocrx_word' id='word_1_489' title='bbox 1300 4906 1656 4977; x_wconf 69' lang='lat' dir='ltr'><strong>Hieronymi;</strong></span> <span class='ocrx_word' id='word_1_490' title='bbox 1700 4923 1767 4962; x_wconf 90' lang='lat' dir='ltr'><strong>an</strong></span> 
     </span>
    </p>
   </div>
   <div class='ocr_carea' id='block_1_61' title="bbox 234 5060 1764 5131">
    <p class='ocr_par' dir='ltr' id='par_1_61' title="bbox 234 5060 1764 5131">
     <span class='ocr_line' id='line_1_61' title="bbox 234 5060 1764 5131; baseline 0 -16"><span class='ocrx_word' id='word_1_491' title='bbox 234 5072 261 5098; x_wconf 76' lang='grc' dir='ltr'>ι</span> <span class='ocrx_word' id='word_1_492' title='bbox 291 5060 507 5131; x_wconf 75' lang='lat' dir='ltr'><strong>Nempe</strong></span> <span class='ocrx_word' id='word_1_493' title='bbox 537 5060 824 5115; x_wconf 87' lang='lat' dir='ltr'><strong>absurdum</strong></span> <span class='ocrx_word' id='word_1_494' title='bbox 854 5062 1080 5131; x_wconf 80' lang='lat' dir='ltr'><strong>ducebat</strong></span> <span class='ocrx_word' id='word_1_495' title='bbox 1108 5061 1301 5129; x_wconf 89' lang='lat' dir='ltr'><strong>impius</strong></span> <span class='ocrx_word' id='word_1_496' title='bbox 1332 5072 1570 5129; x_wconf 86' lang='lat' dir='ltr'><strong>apostata</strong></span> <span class='ocrx_word' id='word_1_497' title='bbox 1598 5062 1764 5116; x_wconf 88' lang='lat' dir='ltr'><strong>Deum</strong></span> 
     </span>
    </p>
   </div>
   <div class='ocr_carea' id='block_1_62' title="bbox 167 5128 1767 5203">
    <p class='ocr_par' dir='ltr' id='par_1_62' title="bbox 167 5128 1767 5203">
     <span class='ocr_line' id='line_1_62' title="bbox 167 5128 1767 5203; baseline 0.003 -22"><span class='ocrx_word' id='word_1_498' title='bbox 167 5128 456 5186; x_wconf 75' lang='lat' dir='ltr'><strong>hominem</strong></span> <span class='ocrx_word' id='word_1_499' title='bbox 481 5132 617 5203; x_wconf 71' lang='lat' dir='ltr'><strong>ﬁeri.</strong></span> <span class='ocrx_word' id='word_1_500' title='bbox 654 5135 721 5185; x_wconf 77' lang='lat' dir='ltr'><strong>At</strong></span> <span class='ocrx_word' id='word_1_501' title='bbox 750 5143 935 5186; x_wconf 89' lang='lat' dir='ltr'><strong>contra</strong></span> <span class='ocrx_word' id='word_1_502' title='bbox 984 5128 1246 5203; x_wconf 73' lang='lat' dir='ltr'><strong>Cyrinus,</strong></span> <span class='ocrx_word' id='word_1_503' title='bbox 1301 5128 1571 5186; x_wconf 84' lang='lat' dir='ltr'><strong>Juliaumn</strong></span> <span class='ocrx_word' id='word_1_504' title='bbox 1623 5134 1767 5187; x_wconf 80' lang='lat' dir='ltr'><strong>reru-</strong></span> 
     </span>
    </p>
   </div>
   <div class='ocr_carea' id='block_1_63' title="bbox 165 5202 1759 5271">
    <p class='ocr_par' dir='ltr' id='par_1_63' title="bbox 165 5202 1759 5271">
     <span class='ocr_line' id='line_1_63' title="bbox 165 5202 1759 5271; baseline 0.001 -18"><span class='ocrx_word' id='word_1_505' title='bbox 165 5211 285 5255; x_wconf 62' lang='grc' dir='ltr'><strong>ιλιαδ</strong></span> <span class='ocrx_word' id='word_1_506' title='bbox 322 5204 426 5256; x_wconf 80' lang='lat' dir='ltr'><strong>lib.</strong></span> <span class='ocrx_word' id='word_1_507' title='bbox 452 5217 529 5265; x_wconf 86' lang='lat' dir='ltr'><strong>vt,</strong></span> <span class='ocrx_word' id='word_1_508' title='bbox 554 5202 721 5256; x_wconf 84' lang='lat' dir='ltr'><strong>divini</strong></span> <span class='ocrx_word' id='word_1_509' title='bbox 753 5204 962 5255; x_wconf 77' lang='lat' dir='ltr'><strong>consilii</strong></span> <span class='ocrx_word' id='word_1_510' title='bbox 992 5202 1044 5256; x_wconf 86' lang='lat' dir='ltr'><strong>et</strong></span> <span class='ocrx_word' id='word_1_511' title='bbox 1078 5204 1353 5271; x_wconf 62' lang='lat' dir='ltr'><strong>sapientia:</strong></span> <span class='ocrx_word' id='word_1_512' title='bbox 1380 5204 1542 5257; x_wconf 81' lang='lat' dir='ltr'><strong>fuisse</strong></span> <span class='ocrx_word' id='word_1_513' title='bbox 1579 5204 1759 5266; x_wconf 89' lang='lat' dir='ltr'><strong>docet,</strong></span> 
     </span>
    </p>
   </div>
   <div class='ocr_carea' id='block_1_64' title="bbox 162 5273 1763 5340">
    <p class='ocr_par' dir='ltr' id='par_1_64' title="bbox 162 5273 1763 5340">
     <span class='ocr_line' id='line_1_64' title="bbox 162 5273 1763 5340; baseline 0.002 -17"><span class='ocrx_word' id='word_1_514' title='bbox 162 5282 219 5323; x_wconf 84' lang='lat' dir='ltr'><strong>ut</strong></span> <span class='ocrx_word' id='word_1_515' title='bbox 245 5288 385 5325; x_wconf 82' lang='lat' dir='ltr'><strong>cum</strong></span> <span class='ocrx_word' id='word_1_516' title='bbox 430 5273 714 5325; x_wconf 80' lang='lat' dir='ltr'><strong>humanam</strong></span> <span class='ocrx_word' id='word_1_517' title='bbox 746 5284 988 5326; x_wconf 83' lang='lat' dir='ltr'><strong>naturam</strong></span> <span class='ocrx_word' id='word_1_518' title='bbox 1020 5278 1357 5340; x_wconf 86' lang='lat' dir='ltr'><strong>susciperet,</strong></span> <span class='ocrx_word' id='word_1_519' title='bbox 1390 5275 1673 5325; x_wconf 66' lang='lat' dir='ltr'><strong>huminam</strong></span> <span class='ocrx_word' id='word_1_520' title='bbox 1710 5276 1763 5326; x_wconf 91' lang='lat' dir='ltr'><strong>in</strong></span> 
     </span>
    </p>
   </div>
   <div class='ocr_carea' id='block_1_65' title="bbox 163 5345 1759 5415">
    <p class='ocr_par' dir='ltr' id='par_1_65' title="bbox 163 5345 1759 5415">
     <span class='ocr_line' id='line_1_65' title="bbox 163 5345 1759 5415; baseline 0.001 -21"><span class='ocrx_word' id='word_1_521' title='bbox 163 5356 224 5394; x_wconf 84' lang='lat' dir='ltr'><strong>ea</strong></span> <span class='ocrx_word' id='word_1_522' title='bbox 240 5357 481 5415; x_wconf 77' lang='lat' dir='ltr'><strong>omnem</strong></span> <span class='ocrx_word' id='word_1_523' title='bbox 514 5358 760 5415; x_wconf 81' lang='lat' dir='ltr'><strong>pompam</strong></span> <span class='ocrx_word' id='word_1_524' title='bbox 791 5345 1123 5415; x_wconf 80' lang='lat' dir='ltr'><strong>gloriamque</strong></span> <span class='ocrx_word' id='word_1_525' title='bbox 1164 5354 1553 5398; x_wconf 76' lang='lat' dir='ltr'><strong>contemneret.</strong></span> <span class='ocrx_word' id='word_1_526' title='bbox 1586 5345 1759 5396; x_wconf 80' lang='lat' dir='ltr'><strong>Aliam</strong></span> 
     </span>
    </p>
   </div>
   <div class='ocr_carea' id='block_1_66' title="bbox 158 5413 1755 5479">
    <p class='ocr_par' dir='ltr' id='par_1_66' title="bbox 158 5413 1755 5479">
     <span class='ocr_line' id='line_1_66' title="bbox 158 5413 1755 5479; baseline 0.001 -17"><span class='ocrx_word' id='word_1_527' title='bbox 158 5414 374 5478; x_wconf 79' lang='lat' dir='ltr'><strong>quippe</strong></span> <span class='ocrx_word' id='word_1_528' title='bbox 420 5428 590 5466; x_wconf 83' lang='lat' dir='ltr'><strong>rerum</strong></span> <span class='ocrx_word' id='word_1_529' title='bbox 620 5413 1029 5467; x_wconf 56' lang='lat' dir='ltr'><strong>aestimationem</strong></span> <span class='ocrx_word' id='word_1_530' title='bbox 1064 5415 1215 5468; x_wconf 65' lang='lat' dir='ltr'><strong>nobis</strong></span> <span class='ocrx_word' id='word_1_531' title='bbox 1266 5430 1407 5479; x_wconf 46' lang='lat' dir='ltr'><strong>esic,</strong></span> <span class='ocrx_word' id='word_1_532' title='bbox 1440 5416 1595 5467; x_wconf 86' lang='lat' dir='ltr'><strong>aliam</strong></span> <span class='ocrx_word' id='word_1_533' title='bbox 1630 5415 1755 5465; x_wconf 76' lang='lat' dir='ltr'><strong>lico.</strong></span> 
     </span>
    </p>
   </div>
   <div class='ocr_carea' id='block_1_67' title="bbox 158 5481 1765 5560">
    <p class='ocr_par' dir='ltr' id='par_1_67' title="bbox 158 5481 1765 5560">
     <span class='ocr_line' id='line_1_67' title="bbox 158 5481 1765 5560; baseline 0.001 -25"><span class='ocrx_word' id='word_1_534' title='bbox 158 5491 566 5560; x_wconf 46' lang='grc' dir='ltr'><strong>θοιςησξσῃεῖς,</strong></span> <span class='ocrx_word' id='word_1_535' title='bbox 601 5484 803 5552; x_wconf 80' lang='lat' dir='ltr'><strong>inquit.</strong></span> <span class='ocrx_word' id='word_1_536' title='bbox 854 5481 1134 5560; x_wconf 47' lang='grc' dir='ltr'><strong>ὧγενχαῖει</strong></span> <span class='ocrx_word' id='word_1_537' title='bbox 1175 5488 1260 5541; x_wconf 67' lang='grc' dir='ltr'><strong>καὶ</strong></span> <span class='ocrx_word' id='word_1_538' title='bbox 1309 5484 1437 5560; x_wconf 79' lang='grc' dir='ltr'><strong>ὅπερ</strong></span> <span class='ocrx_word' id='word_1_539' title='bbox 1492 5488 1603 5560; x_wconf 54' lang='lat' dir='ltr'><strong>Euri</strong></span> <span class='ocrx_word' id='word_1_540' title='bbox 1657 5482 1765 5560; x_wconf 50' lang='grc' dir='ltr'><strong>καθξ</strong></span> 
     </span>
    </p>
   </div>
   <div class='ocr_carea' id='block_1_68' title="bbox 158 5552 1765 5628">
    <p class='ocr_par' dir='ltr' id='par_1_68' title="bbox 158 5552 1765 5628">
     <span class='ocr_line' id='line_1_68' title="bbox 158 5552 1765 5628; baseline 0.002 -24"><span class='ocrx_word' id='word_1_541' title='bbox 158 5555 304 5628; x_wconf 53' lang='grc' dir='ltr'><em>ἐμῇς</em></span> <span class='ocrx_word' id='word_1_542' title='bbox 322 5552 381 5605; x_wconf 68' lang='grc' dir='ltr'><strong><em>ἓν</em></strong></span> <span class='ocrx_word' id='word_1_543' title='bbox 414 5552 716 5628; x_wconf 31' lang='lat' dir='ltr'><strong>hocab-:9</strong></span> <span class='ocrx_word' id='word_1_544' title='bbox 744 5552 953 5611; x_wconf 74' lang='grc' dir='ltr'><strong>καίΘεᾶν</strong></span> <span class='ocrx_word' id='word_1_545' title='bbox 974 5555 1065 5610; x_wconf 74' lang='grc' dir='ltr'><strong>οἴει</strong></span> <span class='ocrx_word' id='word_1_546' title='bbox 1082 5558 1227 5627; x_wconf 72' lang='grc' dir='ltr'>τάχα</span> <span class='ocrx_word' id='word_1_547' title='bbox 1253 5580 1351 5628; x_wconf 63' lang='grc' dir='ltr'><strong>που</strong></span> <span class='ocrx_word' id='word_1_548' title='bbox 1379 5552 1626 5610; x_wconf 54' lang='lat' dir='ltr'><strong>uerticem</strong></span> <span class='ocrx_word' id='word_1_549' title='bbox 1649 5557 1765 5628; x_wconf 71' lang='grc' dir='ltr'><strong>περὶ</strong></span> 
     </span>
    </p>
   </div>
   <div class='ocr_carea' id='block_1_69' title="bbox 157 5624 1762 5699">
    <p class='ocr_par' dir='ltr' id='par_1_69' title="bbox 157 5624 1762 5699">
     <span class='ocr_line' id='line_1_69' title="bbox 157 5624 1762 5699; baseline 0.004 -22"><span class='ocrx_word' id='word_1_550' title='bbox 157 5625 392 5677; x_wconf 62' lang='grc' dir='ltr'><strong>πολλοῦ.</strong></span> <span class='ocrx_word' id='word_1_551' title='bbox 415 5624 661 5694; x_wconf 45' lang='lat' dir='ltr'><strong>aram;</strong></span> <span class='ocrx_word' id='word_1_552' title='bbox 684 5624 735 5681; x_wconf 69' lang='grc' dir='ltr'><strong>δᾶ</strong></span> <span class='ocrx_word' id='word_1_553' title='bbox 758 5629 1013 5688; x_wconf 72' lang='grc' dir='ltr'><strong>παντελῶς</strong></span> <span class='ocrx_word' id='word_1_554' title='bbox 1036 5632 1092 5682; x_wconf 67' lang='grc' dir='ltr'><strong>τὸ</strong></span> <span class='ocrx_word' id='word_1_555' title='bbox 1120 5624 1459 5699; x_wconf 65' lang='grc' dir='ltr'><strong>μίίσολαϐοῦν,</strong></span> <span class='ocrx_word' id='word_1_556' title='bbox 1490 5631 1571 5681; x_wconf 78' lang='grc' dir='ltr'><strong>καί</strong></span> <span class='ocrx_word' id='word_1_557' title='bbox 1591 5629 1647 5680; x_wconf 65' lang='grc' dir='ltr'><strong>τ)</strong></span> <span class='ocrx_word' id='word_1_558' title='bbox 1674 5624 1762 5685; x_wconf 71' lang='grc' dir='ltr'><strong>τὶις</strong></span> 
     </span>
    </p>
   </div>
   <div class='ocr_carea' id='block_1_70' title="bbox 235 5778 935 5853">
    <p class='ocr_par' dir='ltr' id='par_1_70' title="bbox 235 5778 935 5853">
     <span class='ocr_line' id='line_1_70' title="bbox 235 5778 935 5853; baseline -0.001 -15"><span class='ocrx_word' id='word_1_559' title='bbox 235 5782 257 5816; x_wconf 83' lang='grc'><strong><em>⁸</em></strong></span> <span class='ocrx_word' id='word_1_560' title='bbox 285 5782 446 5838; x_wconf 78' lang='lat' dir='ltr'><strong>Cod.</strong></span> <span class='ocrx_word' id='word_1_561' title='bbox 469 5778 685 5853; x_wconf 68' lang='lat' dir='ltr'><strong>Verum,</strong></span> <span class='ocrx_word' id='word_1_562' title='bbox 712 5785 935 5838; x_wconf 74' lang='lat' dir='ltr'><strong>veritate.</strong></span> 
     </span>
    </p>
   </div>
   <div class='ocr_carea' id='block_1_71' title="bbox 1873 1889 3452 1959">
    <p class='ocr_par' dir='ltr' id='par_1_71' title="bbox 1873 1889 3452 1959">
     <span class='ocr_line' id='line_1_71' title="bbox 1873 1889 3452 1959; baseline 0 -15"><span class='ocrx_word' id='word_1_563' title='bbox 1873 1890 2120 1959; x_wconf 79' lang='lat' dir='ltr'><strong>logorum</strong></span> <span class='ocrx_word' id='word_1_564' title='bbox 2182 1889 2507 1957; x_wconf 83' lang='lat' dir='ltr'><strong>piscatorum</strong></span> <span class='ocrx_word' id='word_1_565' title='bbox 2547 1903 2782 1944; x_wconf 88' lang='lat' dir='ltr'><strong>errorem</strong></span> <span class='ocrx_word' id='word_1_566' title='bbox 2811 1929 2824 1954; x_wconf 90' lang='lat'><strong>,</strong></span> <span class='ocrx_word' id='word_1_567' title='bbox 2859 1891 2983 1943; x_wconf 88' lang='lat' dir='ltr'><strong>talia</strong></span> <span class='ocrx_word' id='word_1_568' title='bbox 3018 1891 3331 1957; x_wconf 67' lang='lat' dir='ltr'><strong>prtedicaiet</strong></span> <span class='ocrx_word' id='word_1_569' title='bbox 3363 1906 3377 1941; x_wconf 91' lang='lat'><strong>:</strong></span> <span class='ocrx_word' id='word_1_570' title='bbox 3425 1906 3452 1944; x_wconf 86' lang='lat' dir='ltr'><strong>a</strong></span> 
     </span>
    </p>
   </div>
   <div class='ocr_carea' id='block_1_72' title="bbox 1865 1978 3454 2048">
    <p class='ocr_par' dir='ltr' id='par_1_72' title="bbox 1865 1978 3454 2048">
     <span class='ocr_line' id='line_1_72' title="bbox 1865 1978 3454 2048; baseline 0.002 -15"><span class='ocrx_word' id='word_1_571' title='bbox 1865 1979 2185 2033; x_wconf 83' lang='lat' dir='ltr'><strong>Christianis</strong></span> <span class='ocrx_word' id='word_1_572' title='bbox 2216 1993 2427 2047; x_wconf 85' lang='lat' dir='ltr'><strong>quoque</strong></span> <span class='ocrx_word' id='word_1_573' title='bbox 2478 1978 2683 2047; x_wconf 74' lang='lat' dir='ltr'><strong>judieet</strong></span> <span class='ocrx_word' id='word_1_574' title='bbox 2728 1978 3117 2040; x_wconf 79' lang='lat' dir='ltr'><strong>abdicandum,</strong></span> <span class='ocrx_word' id='word_1_575' title='bbox 3178 1980 3324 2032; x_wconf 70' lang='lat' dir='ltr'><strong>velut</strong></span> <span class='ocrx_word' id='word_1_576' title='bbox 3367 1981 3454 2048; x_wconf 89' lang='lat' dir='ltr'><strong>qui</strong></span> 
     </span>
    </p>
   </div>
   <div class='ocr_carea' id='block_1_73' title="bbox 1866 2065 3453 2131">
    <p class='ocr_par' dir='ltr' id='par_1_73' title="bbox 1866 2065 3453 2131">
     <span class='ocr_line' id='line_1_73' title="bbox 1866 2065 3453 2131; baseline 0.001 -8"><span class='ocrx_word' id='word_1_577' title='bbox 1866 2067 2047 2123; x_wconf 54' lang='lat' dir='ltr'><strong>Jesum</strong></span> <span class='ocrx_word' id='word_1_578' title='bbox 2082 2065 2359 2121; x_wconf 63' lang='lat' dir='ltr'><strong>Galilmtun</strong></span> <span class='ocrx_word' id='word_1_579' title='bbox 2390 2067 2421 2120; x_wconf 87' lang='lat' dir='ltr'><strong>h</strong></span> <span class='ocrx_word' id='word_1_580' title='bbox 2446 2068 2661 2120; x_wconf 70' lang='lat' dir='ltr'><strong>aniuem</strong></span> <span class='ocrx_word' id='word_1_581' title='bbox 2688 2077 2914 2131; x_wconf 89' lang='lat' dir='ltr'><strong>tantum,</strong></span> <span class='ocrx_word' id='word_1_582' title='bbox 2958 2083 3061 2120; x_wconf 84' lang='lat' dir='ltr'><strong>non</strong></span> <span class='ocrx_word' id='word_1_583' title='bbox 3091 2070 3251 2121; x_wconf 86' lang='lat' dir='ltr'><strong>etiam</strong></span> <span class='ocrx_word' id='word_1_584' title='bbox 3288 2070 3453 2125; x_wconf 89' lang='lat' dir='ltr'><strong>Deum</strong></span> 
     </span>
    </p>
   </div>
   <div class='ocr_carea' id='block_1_74' title="bbox 1866 2156 3453 2224">
    <p class='ocr_par' dir='ltr' id='par_1_74' title="bbox 1866 2156 3453 2224">
     <span class='ocr_line' id='line_1_74' title="bbox 1866 2156 3453 2224; baseline 0.002 -12"><span class='ocrx_word' id='word_1_585' title='bbox 1866 2172 1987 2213; x_wconf 87' lang='lat' dir='ltr'><strong>esse</strong></span> <span class='ocrx_word' id='word_1_586' title='bbox 2016 2157 2342 2212; x_wconf 82' lang='lat' dir='ltr'><strong>crediderit?</strong></span> <span class='ocrx_word' id='word_1_587' title='bbox 2376 2158 2519 2212; x_wconf 90' lang='lat' dir='ltr'><strong>llanc</strong></span> <span class='ocrx_word' id='word_1_588' title='bbox 2549 2158 2725 2224; x_wconf 87' lang='lat' dir='ltr'><strong>itaque</strong></span> <span class='ocrx_word' id='word_1_589' title='bbox 2750 2156 3046 2211; x_wconf 81' lang='lat' dir='ltr'><strong>fautoribus</strong></span> <span class='ocrx_word' id='word_1_590' title='bbox 3081 2159 3453 2216; x_wconf 72' lang='lat' dir='ltr'><strong>lurreticorutn</strong></span> 
     </span>
    </p>
   </div>
   <div class='ocr_carea' id='block_1_75' title="bbox 1869 2251 3453 2321">
    <p class='ocr_par' dir='ltr' id='par_1_75' title="bbox 1869 2251 3453 2321">
     <span class='ocr_line' id='line_1_75' title="bbox 1869 2251 3453 2321; baseline 0.001 -17"><span class='ocrx_word' id='word_1_591' title='bbox 1869 2252 2216 2319; x_wconf 87' lang='lat' dir='ltr'><strong>proponimus</strong></span> <span class='ocrx_word' id='word_1_592' title='bbox 2261 2252 2567 2319; x_wconf 86' lang='lat' dir='ltr'><strong>optionem,</strong></span> <span class='ocrx_word' id='word_1_593' title='bbox 2612 2261 2787 2305; x_wconf 89' lang='lat' dir='ltr'><strong>utaut</strong></span> <span class='ocrx_word' id='word_1_594' title='bbox 2831 2252 3030 2321; x_wconf 85' lang='lat' dir='ltr'><strong>eligant</strong></span> <span class='ocrx_word' id='word_1_595' title='bbox 3070 2251 3265 2305; x_wconf 70' lang='lat' dir='ltr'><strong>imitari</strong></span> <span class='ocrx_word' id='word_1_596' title='bbox 3300 2268 3453 2307; x_wconf 84' lang='lat' dir='ltr'><strong>vene-</strong></span> 
     </span>
    </p>
   </div>
   <div class='ocr_carea' id='block_1_76' title="bbox 1867 2342 3453 2412">
    <p class='ocr_par' dir='ltr' id='par_1_76' title="bbox 1867 2342 3453 2412">
     <span class='ocr_line' id='line_1_76' title="bbox 1867 2342 3453 2412; baseline 0.001 -16"><span class='ocrx_word' id='word_1_597' title='bbox 1867 2344 2062 2398; x_wconf 82' lang='lat' dir='ltr'><strong>rabiles</strong></span> <span class='ocrx_word' id='word_1_598' title='bbox 2118 2343 2303 2398; x_wconf 86' lang='lat' dir='ltr'><strong>Patres</strong></span> <span class='ocrx_word' id='word_1_599' title='bbox 2343 2353 2393 2397; x_wconf 90' lang='lat' dir='ltr'><strong>et</strong></span> <span class='ocrx_word' id='word_1_600' title='bbox 2438 2342 2718 2411; x_wconf 89' lang='lat' dir='ltr'><strong>religiosos</strong></span> <span class='ocrx_word' id='word_1_601' title='bbox 2776 2344 3045 2412; x_wconf 88' lang='lat' dir='ltr'><strong>principes</strong></span> <span class='ocrx_word' id='word_1_602' title='bbox 3080 2384 3095 2407; x_wconf 88' lang='lat'><strong>,</strong></span> <span class='ocrx_word' id='word_1_603' title='bbox 3126 2352 3179 2396; x_wconf 89' lang='lat' dir='ltr'><strong>et</strong></span> <span class='ocrx_word' id='word_1_604' title='bbox 3223 2358 3341 2396; x_wconf 91' lang='lat' dir='ltr'><strong>cum</strong></span> <span class='ocrx_word' id='word_1_605' title='bbox 3380 2344 3453 2398; x_wconf 75' lang='lat' dir='ltr'><strong>cit</strong></span> 
     </span>
    </p>
   </div>
   <div class='ocr_carea' id='block_1_77' title="bbox 1870 2433 3456 2507">
    <p class='ocr_par' dir='ltr' id='par_1_77' title="bbox 1870 2433 3456 2507">
     <span class='ocr_line' id='line_1_77' title="bbox 1870 2433 3456 2507; baseline 0 -19"><span class='ocrx_word' id='word_1_606' title='bbox 1870 2433 2156 2489; x_wconf 87' lang='lat' dir='ltr'><strong>Diodorum</strong></span> <span class='ocrx_word' id='word_1_607' title='bbox 2187 2445 2239 2489; x_wconf 87' lang='lat' dir='ltr'><strong>et</strong></span> <span class='ocrx_word' id='word_1_608' title='bbox 2262 2434 2603 2489; x_wconf 77' lang='lat' dir='ltr'><strong>Theodorum</strong></span> <span class='ocrx_word' id='word_1_609' title='bbox 2640 2435 2863 2503; x_wconf 85' lang='lat' dir='ltr'><strong>probent</strong></span> <span class='ocrx_word' id='word_1_610' title='bbox 2894 2450 2908 2499; x_wconf 88' lang='lat'>;</span> <span class='ocrx_word' id='word_1_611' title='bbox 2941 2440 3067 2503; x_wconf 89' lang='lat' dir='ltr'><strong>aut,</strong></span> <span class='ocrx_word' id='word_1_612' title='bbox 3100 2435 3149 2489; x_wconf 84' lang='lat' dir='ltr'><strong>si</strong></span> <span class='ocrx_word' id='word_1_613' title='bbox 3186 2434 3456 2507; x_wconf 83' lang='lat' dir='ltr'><strong>Apollina-</strong></span> 
     </span>
    </p>
   </div>
   <div class='ocr_carea' id='block_1_78' title="bbox 1868 2526 3454 2597">
    <p class='ocr_par' dir='ltr' id='par_1_78' title="bbox 1868 2526 3454 2597">
     <span class='ocr_line' id='line_1_78' title="bbox 1868 2526 3454 2597; baseline -0.001 -14"><span class='ocrx_word' id='word_1_614' title='bbox 1868 2544 1981 2583; x_wconf 87' lang='lat' dir='ltr'><strong>rem</strong></span> <span class='ocrx_word' id='word_1_615' title='bbox 2015 2529 2183 2597; x_wconf 89' lang='lat' dir='ltr'><strong>magis</strong></span> <span class='ocrx_word' id='word_1_616' title='bbox 2213 2534 2265 2582; x_wconf 85' lang='lat' dir='ltr'><strong>et</strong></span> <span class='ocrx_word' id='word_1_617' title='bbox 2297 2530 2412 2597; x_wconf 88' lang='lat' dir='ltr'><strong>ejus</strong></span> <span class='ocrx_word' id='word_1_618' title='bbox 2452 2528 2778 2596; x_wconf 81' lang='lat' dir='ltr'><strong>discipulos,</strong></span> <span class='ocrx_word' id='word_1_619' title='bbox 2812 2534 2976 2595; x_wconf 89' lang='lat' dir='ltr'><strong>atque</strong></span> <span class='ocrx_word' id='word_1_620' title='bbox 2997 2527 3286 2592; x_wconf 68' lang='lat' dir='ltr'><strong>lulianum,</strong></span> <span class='ocrx_word' id='word_1_621' title='bbox 3321 2526 3454 2581; x_wconf 66' lang='lat' dir='ltr'><strong>deli-</strong></span> 
     </span>
    </p>
   </div>
   <div class='ocr_carea' id='block_1_79' title="bbox 1865 2607 3489 2695">
    <p class='ocr_par' dir='ltr' id='par_1_79' title="bbox 1865 2607 3489 2695">
     <span class='ocr_line' id='line_1_79' title="bbox 1865 2607 3489 2695; baseline 0.001 -20"><span class='ocrx_word' id='word_1_622' title='bbox 1865 2632 1991 2692; x_wconf 81' lang='lat' dir='ltr'><strong>gent</strong></span> <span class='ocrx_word' id='word_1_623' title='bbox 2020 2607 2202 2692; x_wconf 80' lang='lat' dir='ltr'><strong>sequi,</strong></span> <span class='ocrx_word' id='word_1_624' title='bbox 2236 2639 2340 2676; x_wconf 92' lang='lat' dir='ltr'><strong>non</strong></span> <span class='ocrx_word' id='word_1_625' title='bbox 2367 2622 2559 2676; x_wconf 88' lang='lat' dir='ltr'><strong>saltem</strong></span> <span class='ocrx_word' id='word_1_626' title='bbox 2589 2632 2813 2691; x_wconf 88' lang='lat' dir='ltr'><strong>pr0pter</strong></span> <span class='ocrx_word' id='word_1_627' title='bbox 2841 2621 2982 2675; x_wconf 87' lang='lat' dir='ltr'><strong>aliud</strong></span> <span class='ocrx_word' id='word_1_628' title='bbox 3013 2620 3307 2676; x_wconf 78' lang='lat' dir='ltr'><strong>Diodorum</strong></span> <span class='ocrx_word' id='word_1_629' title='bbox 3340 2623 3489 2695; x_wconf 85' lang='lat' dir='ltr'><strong>cul-_</strong></span> 
     </span>
    </p>
   </div>
   <div class='ocr_carea' id='block_1_80' title="bbox 1868 2713 3455 2785">
    <p class='ocr_par' dir='ltr' id='par_1_80' title="bbox 1868 2713 3455 2785">
     <span class='ocr_line' id='line_1_80' title="bbox 1868 2713 3455 2785; baseline 0.002 -19"><span class='ocrx_word' id='word_1_630' title='bbox 1868 2723 2024 2781; x_wconf 88' lang='lat' dir='ltr'><strong>pent,</strong></span> <span class='ocrx_word' id='word_1_631' title='bbox 2059 2713 2159 2767; x_wconf 91' lang='lat' dir='ltr'><strong>nisi</strong></span> <span class='ocrx_word' id='word_1_632' title='bbox 2193 2723 2411 2783; x_wconf 79' lang='lat' dir='ltr'><strong>prapter</strong></span> <span class='ocrx_word' id='word_1_633' title='bbox 2440 2714 2581 2783; x_wconf 91' lang='lat' dir='ltr'><strong>quod</strong></span> <span class='ocrx_word' id='word_1_634' title='bbox 2626 2730 2747 2769; x_wconf 91' lang='lat' dir='ltr'><strong>eum</strong></span> <span class='ocrx_word' id='word_1_635' title='bbox 2785 2714 3105 2785; x_wconf 82' lang='lat' dir='ltr'><strong>Apollinaris</strong></span> <span class='ocrx_word' id='word_1_636' title='bbox 3153 2724 3207 2769; x_wconf 89' lang='lat' dir='ltr'><strong>et</strong></span> <span class='ocrx_word' id='word_1_637' title='bbox 3236 2718 3353 2784; x_wconf 86' lang='lat' dir='ltr'><strong>ejus</strong></span> <span class='ocrx_word' id='word_1_638' title='bbox 3378 2716 3455 2769; x_wconf 84' lang='lat' dir='ltr'><strong>di-</strong></span> 
     </span>
    </p>
   </div>
   <div class='ocr_carea' id='block_1_81' title="bbox 1867 2803 3456 2874">
    <p class='ocr_par' dir='ltr' id='par_1_81' title="bbox 1867 2803 3456 2874">
     <span class='ocr_line' id='line_1_81' title="bbox 1867 2803 3456 2874; baseline 0.001 -16"><span class='ocrx_word' id='word_1_639' title='bbox 1867 2803 2056 2871; x_wconf 89' lang='lat' dir='ltr'><strong>scipuli</strong></span> <span class='ocrx_word' id='word_1_640' title='bbox 2079 2846 2094 2871; x_wconf 94' lang='lat'><strong>,</strong></span> <span class='ocrx_word' id='word_1_641' title='bbox 2121 2814 2278 2873; x_wconf 81' lang='lat' dir='ltr'><strong>atque</strong></span> <span class='ocrx_word' id='word_1_642' title='bbox 2299 2805 2541 2858; x_wconf 85' lang='lat' dir='ltr'><strong>Julianus</strong></span> <span class='ocrx_word' id='word_1_643' title='bbox 2559 2846 2575 2872; x_wconf 91' lang='lat'><strong>,</strong></span> <span class='ocrx_word' id='word_1_644' title='bbox 2592 2804 2938 2859; x_wconf 89' lang='lat' dir='ltr'><strong>crediderunt</strong></span> <span class='ocrx_word' id='word_1_645' title='bbox 2966 2820 3087 2860; x_wconf 66' lang='lat' dir='ltr'><strong>esse</strong></span> <span class='ocrx_word' id='word_1_646' title='bbox 3110 2805 3456 2874; x_wconf 87' lang='lat' dir='ltr'><strong>culpandum.</strong></span> 
     </span>
    </p>
   </div>
   <div class='ocr_carea' id='block_1_82' title="bbox 1869 2892 3455 2965">
    <p class='ocr_par' dir='ltr' id='par_1_82' title="bbox 1869 2892 3455 2965">
     <span class='ocr_line' id='line_1_82' title="bbox 1869 2892 3455 2965; baseline 0.003 -18"><span class='ocrx_word' id='word_1_647' title='bbox 1869 2892 2021 2960; x_wconf 88' lang='lat' dir='ltr'><strong>Quod</strong></span> <span class='ocrx_word' id='word_1_648' title='bbox 2063 2896 2107 2949; x_wconf 91' lang='lat' dir='ltr'><strong>si</strong></span> <span class='ocrx_word' id='word_1_649' title='bbox 2138 2896 2356 2962; x_wconf 83' lang='lat' dir='ltr'><strong>culpare</strong></span> <span class='ocrx_word' id='word_1_650' title='bbox 2416 2912 2520 2949; x_wconf 90' lang='lat' dir='ltr'><strong>non</strong></span> <span class='ocrx_word' id='word_1_651' title='bbox 2552 2906 2775 2965; x_wconf 90' lang='lat' dir='ltr'><strong>possunt</strong></span> <span class='ocrx_word' id='word_1_652' title='bbox 2804 2895 3094 2951; x_wconf 89' lang='lat' dir='ltr'><strong>Diodorum</strong></span> <span class='ocrx_word' id='word_1_653' title='bbox 3127 2899 3249 2965; x_wconf 76' lang='lat' dir='ltr'><strong>quia</strong></span> <span class='ocrx_word' id='word_1_654' title='bbox 3278 2895 3455 2952; x_wconf 64' lang='lat' dir='ltr'><strong>Jesuut</strong></span> 
     </span>
    </p>
   </div>
   <div class='ocr_carea' id='block_1_83' title="bbox 1868 2986 3457 3056">
    <p class='ocr_par' dir='ltr' id='par_1_83' title="bbox 1868 2986 3457 3056">
     <span class='ocr_line' id='line_1_83' title="bbox 1868 2986 3457 3056; baseline 0.001 -16"><span class='ocrx_word' id='word_1_655' title='bbox 1868 2986 2181 3041; x_wconf 69' lang='lat' dir='ltr'><strong>Nazarteum</strong></span> <span class='ocrx_word' id='word_1_656' title='bbox 2202 3029 2219 3054; x_wconf 80' lang='lat'><strong>,</strong></span> <span class='ocrx_word' id='word_1_657' title='bbox 2246 3003 2406 3056; x_wconf 89' lang='lat' dir='ltr'><strong>quem</strong></span> <span class='ocrx_word' id='word_1_658' title='bbox 2440 2990 2493 3042; x_wconf 90' lang='lat' dir='ltr'><strong>in</strong></span> <span class='ocrx_word' id='word_1_659' title='bbox 2526 2987 2733 3042; x_wconf 86' lang='lat' dir='ltr'><strong>duabus</strong></span> <span class='ocrx_word' id='word_1_660' title='bbox 2766 2991 2973 3042; x_wconf 86' lang='lat' dir='ltr'><strong>naturis</strong></span> <span class='ocrx_word' id='word_1_661' title='bbox 3006 2990 3170 3043; x_wconf 83' lang='lat' dir='ltr'><strong>Deum</strong></span> <span class='ocrx_word' id='word_1_662' title='bbox 3204 2990 3457 3052; x_wconf 79' lang='lat' dir='ltr'><strong>credidit,</strong></span> 
     </span>
    </p>
   </div>
   <div class='ocr_carea' id='block_1_84' title="bbox 1871 3078 3456 3148">
    <p class='ocr_par' dir='ltr' id='par_1_84' title="bbox 1871 3078 3456 3148">
     <span class='ocr_line' id='line_1_84' title="bbox 1871 3078 3456 3148; baseline 0.002 -15"><span class='ocrx_word' id='word_1_663' title='bbox 1871 3078 1923 3133; x_wconf 90' lang='lat' dir='ltr'><strong>in</strong></span> <span class='ocrx_word' id='word_1_664' title='bbox 1957 3086 2164 3133; x_wconf 88' lang='lat' dir='ltr'><strong>uterum</strong></span> <span class='ocrx_word' id='word_1_665' title='bbox 2217 3079 2447 3144; x_wconf 80' lang='lat' dir='ltr'><strong>induxit,</strong></span> <span class='ocrx_word' id='word_1_666' title='bbox 2504 3081 2675 3148; x_wconf 87' lang='lat' dir='ltr'><strong>ipsum</strong></span> <span class='ocrx_word' id='word_1_667' title='bbox 2703 3079 2887 3134; x_wconf 86' lang='lat' dir='ltr'><strong>dicens</strong></span> <span class='ocrx_word' id='word_1_668' title='bbox 2940 3089 3243 3143; x_wconf 81' lang='lat' dir='ltr'><strong>:cteruum,</strong></span> <span class='ocrx_word' id='word_1_669' title='bbox 3299 3094 3456 3148; x_wconf 84' lang='lat' dir='ltr'><strong>quem</strong></span> 
     </span>
    </p>
   </div>
   <div class='ocr_carea' id='block_1_85' title="bbox 1870 3169 3457 3240">
    <p class='ocr_par' dir='ltr' id='par_1_85' title="bbox 1870 3169 3457 3240">
     <span class='ocr_line' id='line_1_85' title="bbox 1870 3169 3457 3240; baseline -0.001 -15"><span class='ocrx_word' id='word_1_670' title='bbox 1870 3169 2139 3238; x_wconf 88' lang='lat' dir='ltr'><strong>sepultum</strong></span> <span class='ocrx_word' id='word_1_671' title='bbox 2171 3179 2225 3225; x_wconf 89' lang='lat' dir='ltr'><strong>et</strong></span> <span class='ocrx_word' id='word_1_672' title='bbox 2256 3180 2524 3224; x_wconf 90' lang='lat' dir='ltr'><strong>mortuum</strong></span> <span class='ocrx_word' id='word_1_673' title='bbox 2582 3187 2597 3224; x_wconf 93' lang='lat'><strong>:</strong></span> <span class='ocrx_word' id='word_1_674' title='bbox 2630 3172 2897 3240; x_wconf 88' lang='lat' dir='ltr'><strong>quomodo</strong></span> <span class='ocrx_word' id='word_1_675' title='bbox 2942 3170 3086 3239; x_wconf 84' lang='lat' dir='ltr'><strong>justo</strong></span> <span class='ocrx_word' id='word_1_676' title='bbox 3115 3170 3457 3224; x_wconf 81' lang='lat' dir='ltr'><strong>Theodorum</strong></span> 
     </span>
    </p>
   </div>
   <div class='ocr_carea' id='block_1_86' title="bbox 1870 3262 3457 3335">
    <p class='ocr_par' dir='ltr' id='par_1_86' title="bbox 1870 3262 3457 3335">
     <span class='ocr_line' id='line_1_86' title="bbox 1870 3262 3457 3335; baseline 0.001 -19"><span class='ocrx_word' id='word_1_677' title='bbox 1870 3262 1986 3332; x_wconf 89' lang='lat' dir='ltr'><strong>ejus</strong></span> <span class='ocrx_word' id='word_1_678' title='bbox 2014 3262 2331 3335; x_wconf 90' lang='lat' dir='ltr'><strong>discipulum</strong></span> <span class='ocrx_word' id='word_1_679' title='bbox 2362 3262 2618 3318; x_wconf 89' lang='lat' dir='ltr'><strong>damnare</strong></span> <span class='ocrx_word' id='word_1_680' title='bbox 2676 3272 2962 3332; x_wconf 83' lang='lat' dir='ltr'><strong>potuerunt</strong></span> <span class='ocrx_word' id='word_1_681' title='bbox 2981 3265 3002 3311; x_wconf 68' lang='lat'><strong>2’</strong></span> <span class='ocrx_word' id='word_1_682' title='bbox 3032 3263 3281 3316; x_wconf 82' lang='lat' dir='ltr'><strong>Eamdem</strong></span> <span class='ocrx_word' id='word_1_683' title='bbox 3311 3264 3457 3318; x_wconf 84' lang='lat' dir='ltr'><strong>enim</strong></span> 
     </span>
    </p>
   </div>
   <div class='ocr_carea' id='block_1_87' title="bbox 1870 3354 3459 3419">
    <p class='ocr_par' dir='ltr' id='par_1_87' title="bbox 1870 3354 3459 3419">
     <span class='ocr_line' id='line_1_87' title="bbox 1870 3354 3459 3419; baseline 0.001 -12"><span class='ocrx_word' id='word_1_684' title='bbox 1870 3356 2150 3409; x_wconf 89' lang='lat' dir='ltr'><strong>amborum</strong></span> <span class='ocrx_word' id='word_1_685' title='bbox 2184 3370 2401 3410; x_wconf 88' lang='lat' dir='ltr'><strong>causam</strong></span> <span class='ocrx_word' id='word_1_686' title='bbox 2425 3397 2439 3419; x_wconf 86' lang='lat'><strong>,</strong></span> <span class='ocrx_word' id='word_1_687' title='bbox 2474 3365 2529 3410; x_wconf 90' lang='lat' dir='ltr'><strong>et</strong></span> <span class='ocrx_word' id='word_1_688' title='bbox 2554 3370 2711 3408; x_wconf 89' lang='lat' dir='ltr'><strong>unam</strong></span> <span class='ocrx_word' id='word_1_689' title='bbox 2760 3360 3155 3409; x_wconf 84' lang='lat' dir='ltr'><strong>accusationem</strong></span> <span class='ocrx_word' id='word_1_690' title='bbox 3182 3354 3343 3409; x_wconf 77' lang='lat' dir='ltr'><strong>fuisse</strong></span> <span class='ocrx_word' id='word_1_691' title='bbox 3379 3364 3459 3409; x_wconf 80' lang='lat' dir='ltr'><strong>te—</strong></span> 
     </span>
    </p>
   </div>
   <div class='ocr_carea' id='block_1_88' title="bbox 1870 3442 3459 3501">
    <p class='ocr_par' dir='ltr' id='par_1_88' title="bbox 1870 3442 3459 3501">
     <span class='ocr_line' id='line_1_88' title="bbox 1870 3442 3459 3501; baseline 0.002 -3"><span class='ocrx_word' id='word_1_692' title='bbox 1870 3453 2080 3498; x_wconf 81' lang='lat' dir='ltr'><strong>stantur</strong></span> <span class='ocrx_word' id='word_1_693' title='bbox 2102 3445 2408 3500; x_wconf 88' lang='lat' dir='ltr'><strong>amborum.</strong></span> <span class='ocrx_word' id='word_1_694' title='bbox 2437 3442 2670 3500; x_wconf 84' lang='lat' dir='ltr'><strong>Proinde</strong></span> <span class='ocrx_word' id='word_1_695' title='bbox 2694 3446 2776 3499; x_wconf 88' lang='lat' dir='ltr'><strong>vel</strong></span> <span class='ocrx_word' id='word_1_696' title='bbox 2800 3461 2921 3500; x_wconf 90' lang='lat' dir='ltr'><strong>sero</strong></span> <span class='ocrx_word' id='word_1_697' title='bbox 2942 3445 3186 3500; x_wconf 87' lang='lat' dir='ltr'><strong>desinant</strong></span> <span class='ocrx_word' id='word_1_698' title='bbox 3217 3447 3459 3501; x_wconf 76' lang='lat' dir='ltr'><strong>Theudo-</strong></span> 
     </span>
    </p>
   </div>
   <div class='ocr_carea' id='block_1_89' title="bbox 1871 3535 3461 3608">
    <p class='ocr_par' dir='ltr' id='par_1_89' title="bbox 1871 3535 3461 3608">
     <span class='ocr_line' id='line_1_89' title="bbox 1871 3535 3461 3608; baseline 0.003 -18"><span class='ocrx_word' id='word_1_699' title='bbox 1871 3535 2052 3590; x_wconf 88' lang='lat' dir='ltr'><strong>rianos</strong></span> <span class='ocrx_word' id='word_1_700' title='bbox 2085 3552 2278 3592; x_wconf 86' lang='lat' dir='ltr'><strong>vocare</strong></span> <span class='ocrx_word' id='word_1_701' title='bbox 2308 3539 2399 3608; x_wconf 90' lang='lat' dir='ltr'><strong>qui</strong></span> <span class='ocrx_word' id='word_1_702' title='bbox 2430 3548 2702 3593; x_wconf 87' lang='lat' dir='ltr'><strong>tantorum</strong></span> <span class='ocrx_word' id='word_1_703' title='bbox 2739 3540 2954 3593; x_wconf 90' lang='lat' dir='ltr'><strong>Patrum</strong></span> <span class='ocrx_word' id='word_1_704' title='bbox 2989 3541 3349 3594; x_wconf 85' lang='lat' dir='ltr'><strong>testimonium</strong></span> <span class='ocrx_word' id='word_1_705' title='bbox 3376 3556 3461 3595; x_wconf 79' lang='lat' dir='ltr'><strong>se-</strong></span> 
     </span>
    </p>
   </div>
   <div class='ocr_carea' id='block_1_90' title="bbox 1871 3626 3461 3698">
    <p class='ocr_par' dir='ltr' id='par_1_90' title="bbox 1871 3626 3461 3698">
     <span class='ocr_line' id='line_1_90' title="bbox 1871 3626 3461 3698; baseline 0 -16"><span class='ocrx_word' id='word_1_706' title='bbox 1871 3626 1979 3682; x_wconf 90' lang='lat' dir='ltr'><strong>cuti</strong></span> <span class='ocrx_word' id='word_1_707' title='bbox 2007 3636 2150 3691; x_wconf 88' lang='lat' dir='ltr'><strong>suut,</strong></span> <span class='ocrx_word' id='word_1_708' title='bbox 2177 3636 2234 3681; x_wconf 94' lang='lat' dir='ltr'><strong>ut</strong></span> <span class='ocrx_word' id='word_1_709' title='bbox 2264 3626 2553 3681; x_wconf 90' lang='lat' dir='ltr'><strong>Diodorum</strong></span> <span class='ocrx_word' id='word_1_710' title='bbox 2582 3628 2601 3658; x_wconf 82' lang='lat'>&#39;</span> <span class='ocrx_word' id='word_1_711' title='bbox 2638 3627 3232 3683; x_wconf 84' lang='lat' dir='ltr'><strong>minimecoudemnate</strong></span> <span class='ocrx_word' id='word_1_712' title='bbox 3263 3644 3461 3698; x_wconf 72' lang='lat' dir='ltr'><strong>prmsu-</strong></span> 
     </span>
    </p>
   </div>
   <div class='ocr_carea' id='block_1_91' title="bbox 1873 3717 3461 3777">
    <p class='ocr_par' dir='ltr' id='par_1_91' title="bbox 1873 3717 3461 3777">
     <span class='ocr_line' id='line_1_91' title="bbox 1873 3717 3461 3777; baseline 0.004 -6"><span class='ocrx_word' id='word_1_713' title='bbox 1873 3726 2099 3772; x_wconf 87' lang='lat' dir='ltr'><strong>merent.</strong></span> <span class='ocrx_word' id='word_1_714' title='bbox 2124 3717 2392 3773; x_wconf 62' lang='lat' dir='ltr'><strong>Castorum</strong></span> <span class='ocrx_word' id='word_1_715' title='bbox 2446 3719 2665 3773; x_wconf 88' lang='lat' dir='ltr'><strong>nimium</strong></span> <span class='ocrx_word' id='word_1_716' title='bbox 2716 3719 2835 3773; x_wconf 87' lang='lat' dir='ltr'><strong>duri</strong></span> <span class='ocrx_word' id='word_1_717' title='bbox 2895 3720 3227 3775; x_wconf 75' lang='lat' dir='ltr'><strong>etobsunati</strong></span> <span class='ocrx_word' id='word_1_718' title='bbox 3285 3722 3461 3777; x_wconf 68' lang='lat' dir='ltr'><strong>cordis</strong></span> 
     </span>
    </p>
   </div>
   <div class='ocr_carea' id='block_1_92' title="bbox 1872 3810 3462 3878">
    <p class='ocr_par' dir='ltr' id='par_1_92' title="bbox 1872 3810 3462 3878">
     <span class='ocr_line' id='line_1_92' title="bbox 1872 3810 3462 3878; baseline 0.002 -17"><span class='ocrx_word' id='word_1_719' title='bbox 1872 3818 1983 3875; x_wconf 63' lang='grc' dir='ltr'><strong>(θεῖ,</strong></span> <span class='ocrx_word' id='word_1_720' title='bbox 2032 3824 2129 3862; x_wconf 90' lang='lat' dir='ltr'><strong>nec</strong></span> <span class='ocrx_word' id='word_1_721' title='bbox 2194 3810 2614 3878; x_wconf 83' lang='lat' dir='ltr'><strong>approbantibus</strong></span> <span class='ocrx_word' id='word_1_722' title='bbox 2688 3811 3013 3875; x_wconf 89' lang='lat' dir='ltr'><strong>Diodorum,</strong></span> <span class='ocrx_word' id='word_1_723' title='bbox 3071 3818 3462 3878; x_wconf 80' lang='lat' dir='ltr'><strong>consequenter</strong></span> 
     </span>
    </p>
   </div>
   <div class='ocr_carea' id='block_1_93' title="bbox 1873 3898 3463 3969">
    <p class='ocr_par' dir='ltr' id='par_1_93' title="bbox 1873 3898 3463 3969">
     <span class='ocr_line' id='line_1_93' title="bbox 1873 3898 3463 3969; baseline 0.003 -16"><span class='ocrx_word' id='word_1_724' title='bbox 1873 3900 2032 3953; x_wconf 85' lang='lat' dir='ltr'><strong>etiam</strong></span> <span class='ocrx_word' id='word_1_725' title='bbox 2055 3898 2397 3953; x_wconf 82' lang='lat' dir='ltr'><strong>Theodorum</strong></span> <span class='ocrx_word' id='word_1_726' title='bbox 2431 3916 2526 3954; x_wconf 89' lang='lat' dir='ltr'><strong>nec</strong></span> <span class='ocrx_word' id='word_1_727' title='bbox 2544 3900 2954 3969; x_wconf 89' lang='lat' dir='ltr'><strong>reprobautibus</strong></span> <span class='ocrx_word' id='word_1_728' title='bbox 2973 3944 2986 3964; x_wconf 89' lang='lat'><strong>,</strong></span> <span class='ocrx_word' id='word_1_729' title='bbox 3020 3901 3262 3965; x_wconf 89' lang='lat' dir='ltr'><strong>credere,</strong></span> <span class='ocrx_word' id='word_1_730' title='bbox 3289 3912 3347 3955; x_wconf 89' lang='lat' dir='ltr'><strong>ut</strong></span> <span class='ocrx_word' id='word_1_731' title='bbox 3368 3917 3413 3955; x_wconf 68' lang='lat' dir='ltr'><strong>et</strong></span> <span class='ocrx_word' id='word_1_732' title='bbox 3438 3918 3463 3957; x_wconf 85' lang='lat' dir='ltr'><strong>s</strong></span> 
     </span>
    </p>
   </div>
   <div class='ocr_carea' id='block_1_94' title="bbox 1875 3990 3462 4055">
    <p class='ocr_par' dir='ltr' id='par_1_94' title="bbox 1875 3990 3462 4055">
     <span class='ocr_line' id='line_1_94' title="bbox 1875 3990 3462 4055; baseline 0.001 -11"><span class='ocrx_word' id='word_1_733' title='bbox 1875 4005 1971 4045; x_wconf 90' lang='lat' dir='ltr'><strong>nec</strong></span> <span class='ocrx_word' id='word_1_734' title='bbox 1998 3990 2135 4044; x_wconf 84' lang='lat' dir='ltr'><strong>sicut</strong></span> <span class='ocrx_word' id='word_1_735' title='bbox 2165 3990 2359 4044; x_wconf 85' lang='lat' dir='ltr'><strong>laudati</strong></span> <span class='ocrx_word' id='word_1_736' title='bbox 2390 3998 2514 4044; x_wconf 90' lang='lat' dir='ltr'><strong>sunt</strong></span> <span class='ocrx_word' id='word_1_737' title='bbox 2539 4008 2566 4044; x_wconf 87' lang='lat' dir='ltr'><strong>a</strong></span> <span class='ocrx_word' id='word_1_738' title='bbox 2590 3990 2787 4044; x_wconf 88' lang='lat' dir='ltr'><strong>sanctis</strong></span> <span class='ocrx_word' id='word_1_739' title='bbox 2810 3990 3053 4044; x_wconf 74' lang='lat' dir='ltr'><strong>l‘atribus</strong></span> <span class='ocrx_word' id='word_1_740' title='bbox 3084 3990 3331 4055; x_wconf 84' lang='lat' dir='ltr'><strong>laudent,</strong></span> <span class='ocrx_word' id='word_1_741' title='bbox 3365 4006 3462 4046; x_wconf 89' lang='lat' dir='ltr'><strong>nec</strong></span> 
     </span>
    </p>
   </div>
   <div class='ocr_carea' id='block_1_95' title="bbox 1873 4082 3462 4152">
    <p class='ocr_par' dir='ltr' id='par_1_95' title="bbox 1873 4082 3462 4152">
     <span class='ocr_line' id='line_1_95' title="bbox 1873 4082 3462 4152; baseline 0.001 -19"><span class='ocrx_word' id='word_1_742' title='bbox 1873 4092 2091 4152; x_wconf 89' lang='lat' dir='ltr'><strong>propter</strong></span> <span class='ocrx_word' id='word_1_743' title='bbox 2138 4082 2280 4151; x_wconf 89' lang='lat' dir='ltr'><strong>quod</strong></span> <span class='ocrx_word' id='word_1_744' title='bbox 2320 4082 2556 4137; x_wconf 89' lang='lat' dir='ltr'><strong>damnati</strong></span> <span class='ocrx_word' id='word_1_745' title='bbox 2604 4091 2732 4137; x_wconf 90' lang='lat' dir='ltr'><strong>sunt</strong></span> <span class='ocrx_word' id='word_1_746' title='bbox 2785 4096 2813 4135; x_wconf 89' lang='lat' dir='ltr'><strong>a</strong></span> <span class='ocrx_word' id='word_1_747' title='bbox 2866 4082 3141 4151; x_wconf 80' lang='lat' dir='ltr'><strong>sacrilegis</strong></span> <span class='ocrx_word' id='word_1_748' title='bbox 3188 4084 3462 4137; x_wconf 88' lang='lat' dir='ltr'><strong>damnent.</strong></span> 
     </span>
    </p>
   </div>
   <div class='ocr_carea' id='block_1_96' title="bbox 1879 4174 3461 4245">
    <p class='ocr_par' dir='ltr' id='par_1_96' title="bbox 1879 4174 3461 4245">
     <span class='ocr_line' id='line_1_96' title="bbox 1879 4174 3461 4245; baseline -0.001 -16"><span class='ocrx_word' id='word_1_749' title='bbox 1879 4177 2072 4231; x_wconf 73' lang='lat' dir='ltr'><strong>Verum</strong></span> <span class='ocrx_word' id='word_1_750' title='bbox 2122 4193 2249 4234; x_wconf 90' lang='lat' dir='ltr'><strong>ecce</strong></span> <span class='ocrx_word' id='word_1_751' title='bbox 2289 4177 2429 4231; x_wconf 90' lang='lat' dir='ltr'><strong>sicut</strong></span> <span class='ocrx_word' id='word_1_752' title='bbox 2478 4178 2708 4245; x_wconf 88' lang='lat' dir='ltr'><strong>probas,</strong></span> <span class='ocrx_word' id='word_1_753' title='bbox 2757 4174 3099 4229; x_wconf 89' lang='lat' dir='ltr'><strong>screnissime</strong></span> <span class='ocrx_word' id='word_1_754' title='bbox 3127 4174 3461 4244; x_wconf 74' lang='lat' dir='ltr'><strong>imperator,</strong></span> 
     </span>
    </p>
   </div>
   <div class='ocr_carea' id='block_1_97' title="bbox 1870 4267 3463 4336">
    <p class='ocr_par' dir='ltr' id='par_1_97' title="bbox 1870 4267 3463 4336">
     <span class='ocr_line' id='line_1_97' title="bbox 1870 4267 3463 4336; baseline -0.002 -11"><span class='ocrx_word' id='word_1_755' title='bbox 1870 4270 2032 4325; x_wconf 69' lang='lat' dir='ltr'><strong>etiam</strong></span> <span class='ocrx_word' id='word_1_756' title='bbox 2055 4272 2096 4324; x_wconf 92' lang='lat' dir='ltr'><strong>si</strong></span> <span class='ocrx_word' id='word_1_757' title='bbox 2131 4270 2316 4325; x_wconf 87' lang='lat' dir='ltr'><strong>demus</strong></span> <span class='ocrx_word' id='word_1_758' title='bbox 2345 4270 2423 4324; x_wconf 85' lang='lat' dir='ltr'><strong>eis</strong></span> <span class='ocrx_word' id='word_1_759' title='bbox 2448 4309 2464 4335; x_wconf 93' lang='lat'><strong>,</strong></span> <span class='ocrx_word' id='word_1_760' title='bbox 2494 4279 2550 4322; x_wconf 91' lang='lat' dir='ltr'><strong>ut</strong></span> <span class='ocrx_word' id='word_1_761' title='bbox 2578 4268 2795 4333; x_wconf 87' lang='lat' dir='ltr'><strong>volunt,</strong></span> <span class='ocrx_word' id='word_1_762' title='bbox 2820 4267 3157 4321; x_wconf 87' lang='lat' dir='ltr'><strong>Theodorum</strong></span> <span class='ocrx_word' id='word_1_763' title='bbox 3218 4269 3463 4336; x_wconf 85' lang='lat' dir='ltr'><strong>Mopsue-</strong></span> 
     </span>
    </p>
   </div>
   <div class='ocr_carea' id='block_1_98' title="bbox 1872 4357 3461 4429">
    <p class='ocr_par' dir='ltr' id='par_1_98' title="bbox 1872 4357 3461 4429">
     <span class='ocr_line' id='line_1_98' title="bbox 1872 4357 3461 4429; baseline 0 -16"><span class='ocrx_word' id='word_1_764' title='bbox 1872 4370 2083 4414; x_wconf 90' lang='lat' dir='ltr'><strong>stenum</strong></span> <span class='ocrx_word' id='word_1_765' title='bbox 2106 4362 2415 4429; x_wconf 74' lang='lat' dir='ltr'><strong>epiSt-opum</strong></span> <span class='ocrx_word' id='word_1_766' title='bbox 2462 4374 2490 4412; x_wconf 88' lang='lat' dir='ltr'><strong>a</strong></span> <span class='ocrx_word' id='word_1_767' title='bbox 2533 4360 2690 4413; x_wconf 86' lang='lat' dir='ltr'><strong>beato</strong></span> <span class='ocrx_word' id='word_1_768' title='bbox 2719 4357 2921 4427; x_wconf 84' lang='lat' dir='ltr'><strong>Cyrillo</strong></span> <span class='ocrx_word' id='word_1_769' title='bbox 2962 4357 3125 4412; x_wconf 84' lang='lat' dir='ltr'><strong>fuisse</strong></span> <span class='ocrx_word' id='word_1_770' title='bbox 3155 4358 3461 4426; x_wconf 88' lang='lat' dir='ltr'><strong>culpatum,</strong></span> 
     </span>
    </p>
   </div>
   <div class='ocr_carea' id='block_1_99' title="bbox 1873 4450 3463 4521">
    <p class='ocr_par' dir='ltr' id='par_1_99' title="bbox 1873 4450 3463 4521">
     <span class='ocr_line' id='line_1_99' title="bbox 1873 4450 3463 4521; baseline -0.001 -15"><span class='ocrx_word' id='word_1_771' title='bbox 1873 4454 2167 4507; x_wconf 87' lang='lat' dir='ltr'><strong>nemiuivel</strong></span> <span class='ocrx_word' id='word_1_772' title='bbox 2202 4469 2384 4521; x_wconf 87' lang='lat' dir='ltr'><strong>parum</strong></span> <span class='ocrx_word' id='word_1_773' title='bbox 2416 4452 2729 4521; x_wconf 83' lang='lat' dir='ltr'><strong>intelligenti</strong></span> <span class='ocrx_word' id='word_1_774' title='bbox 2758 4450 3024 4503; x_wconf 89' lang='lat' dir='ltr'><strong>videbitur</strong></span> <span class='ocrx_word' id='word_1_775' title='bbox 3044 4492 3058 4514; x_wconf 95' lang='lat'><strong>,</strong></span> <span class='ocrx_word' id='word_1_776' title='bbox 3091 4450 3231 4516; x_wconf 89' lang='lat' dir='ltr'><strong>quod</strong></span> <span class='ocrx_word' id='word_1_777' title='bbox 3262 4460 3463 4505; x_wconf 88' lang='lat' dir='ltr'><strong>utenm</strong></span> 
     </span>
    </p>
   </div>
   <div class='ocr_carea' id='block_1_100' title="bbox 1871 4542 3460 4615">
    <p class='ocr_par' dir='ltr' id='par_1_100' title="bbox 1871 4542 3460 4615">
     <span class='ocr_line' id='line_1_100' title="bbox 1871 4542 3460 4615; baseline 0 -16"><span class='ocrx_word' id='word_1_778' title='bbox 1871 4546 1973 4599; x_wconf 83' lang='lat' dir='ltr'><strong>sub</strong></span> <span class='ocrx_word' id='word_1_779' title='bbox 2018 4546 2360 4599; x_wconf 76' lang='lat' dir='ltr'><strong>ana&#39;hemate</strong></span> <span class='ocrx_word' id='word_1_780' title='bbox 2390 4546 2845 4608; x_wconf 90' lang='lat' dir='ltr'><strong>condemnarent,</strong></span> <span class='ocrx_word' id='word_1_781' title='bbox 2894 4543 3060 4611; x_wconf 90' lang='lat' dir='ltr'><strong>ipsius</strong></span> <span class='ocrx_word' id='word_1_782' title='bbox 3094 4544 3232 4598; x_wconf 83' lang='lat' dir='ltr'><strong>beati</strong></span> <span class='ocrx_word' id='word_1_783' title='bbox 3273 4542 3460 4615; x_wconf 87' lang='lat' dir='ltr'><strong>Cyrilli</strong></span> 
     </span>
    </p>
   </div>
   <div class='ocr_carea' id='block_1_101' title="bbox 1862 4635 3463 4705">
    <p class='ocr_par' dir='ltr' id='par_1_101' title="bbox 1862 4635 3463 4705">
     <span class='ocr_line' id='line_1_101' title="bbox 1862 4635 3463 4705; baseline 0.001 -17"><span class='ocrx_word' id='word_1_784' title='bbox 1862 4638 2119 4704; x_wconf 85' lang='lat' dir='ltr'><strong>judicium</strong></span> <span class='ocrx_word' id='word_1_785' title='bbox 2159 4639 2324 4691; x_wconf 83' lang='lat' dir='ltr'><strong>secuti</strong></span> <span class='ocrx_word' id='word_1_786' title='bbox 2375 4647 2533 4701; x_wconf 83' lang='lat' dir='ltr'><strong>sunt,</strong></span> <span class='ocrx_word' id='word_1_787' title='bbox 2581 4637 2722 4705; x_wconf 91' lang='lat' dir='ltr'><strong>quol</strong></span> <span class='ocrx_word' id='word_1_788' title='bbox 2769 4635 2822 4689; x_wconf 92' lang='lat' dir='ltr'><strong>in</strong></span> <span class='ocrx_word' id='word_1_789' title='bbox 2866 4645 3052 4689; x_wconf 88' lang='lat' dir='ltr'><strong>sancto</strong></span> <span class='ocrx_word' id='word_1_790' title='bbox 3083 4636 3289 4689; x_wconf 89' lang='lat' dir='ltr'><strong>Joanne</strong></span> <span class='ocrx_word' id='word_1_791' title='bbox 3319 4636 3463 4690; x_wconf 86' lang='lat' dir='ltr'><strong>Con-</strong></span> 
     </span>
    </p>
   </div>
   <div class='ocr_carea' id='block_1_102' title="bbox 1867 4727 3462 4800">
    <p class='ocr_par' dir='ltr' id='par_1_102' title="bbox 1867 4727 3462 4800">
     <span class='ocr_line' id='line_1_102' title="bbox 1867 4727 3462 4800; baseline -0.003 -18"><span class='ocrx_word' id='word_1_792' title='bbox 1867 4731 2344 4797; x_wconf 80' lang='lat' dir='ltr'><strong>stantinOpolitano</strong></span> <span class='ocrx_word' id='word_1_793' title='bbox 2391 4728 2512 4800; x_wconf 85' lang='lat' dir='ltr'><strong>ejus</strong></span> <span class='ocrx_word' id='word_1_794' title='bbox 2541 4727 2907 4797; x_wconf 62' lang='lat' dir='ltr'><strong>condisdpulo</strong></span> <span class='ocrx_word' id='word_1_795' title='bbox 2938 4739 2989 4781; x_wconf 90' lang='lat' dir='ltr'><strong>et</strong></span> <span class='ocrx_word' id='word_1_796' title='bbox 3040 4729 3289 4794; x_wconf 62' lang='lat' dir='ltr'><strong>magistro</strong></span> <span class='ocrx_word' id='word_1_797' title='bbox 3341 4730 3462 4780; x_wconf 79' lang='lat' dir='ltr'><strong>Dio-</strong></span> 
     </span>
    </p>
   </div>
   <div class='ocr_carea' id='block_1_103' title="bbox 1870 4817 3461 4890">
    <p class='ocr_par' dir='ltr' id='par_1_103' title="bbox 1870 4817 3461 4890">
     <span class='ocr_line' id='line_1_103' title="bbox 1870 4817 3461 4890; baseline -0.003 -16"><span class='ocrx_word' id='word_1_798' title='bbox 1870 4819 2002 4874; x_wconf 88' lang='lat' dir='ltr'><strong>doro</strong></span> <span class='ocrx_word' id='word_1_799' title='bbox 2030 4820 2055 4858; x_wconf 70' lang='grc' dir='ltr'><strong>ιι</strong></span> <span class='ocrx_word' id='word_1_800' title='bbox 2084 4832 2343 4889; x_wconf 85' lang='lat' dir='ltr'><strong>spernunt</strong></span> <span class='ocrx_word' id='word_1_801' title='bbox 2377 4838 2390 4874; x_wconf 90' lang='lat'><strong>:</strong></span> <span class='ocrx_word' id='word_1_802' title='bbox 2424 4820 2517 4874; x_wconf 89' lang='lat' dir='ltr'><strong>sed</strong></span> <span class='ocrx_word' id='word_1_803' title='bbox 2562 4820 2740 4889; x_wconf 84' lang='lat' dir='ltr'><strong>potius</strong></span> <span class='ocrx_word' id='word_1_804' title='bbox 2785 4820 2907 4890; x_wconf 87' lang='lat' dir='ltr'><strong>quia</strong></span> <span class='ocrx_word' id='word_1_805' title='bbox 2957 4817 3321 4887; x_wconf 64' lang='lat' dir='ltr'><strong>prajudicium</strong></span> <span class='ocrx_word' id='word_1_806' title='bbox 3358 4818 3461 4870; x_wconf 77' lang='lat' dir='ltr'><strong>Bc-</strong></span> 
     </span>
    </p>
   </div>
   <div class='ocr_carea' id='block_1_104' title="bbox 1873 4909 3461 4983">
    <p class='ocr_par' dir='ltr' id='par_1_104' title="bbox 1873 4909 3461 4983">
     <span class='ocr_line' id='line_1_104' title="bbox 1873 4909 3461 4983; baseline -0.003 -16"><span class='ocrx_word' id='word_1_807' title='bbox 1873 4913 2052 4969; x_wconf 78' lang='lat' dir='ltr'><strong>clesicc</strong></span> <span class='ocrx_word' id='word_1_808' title='bbox 2092 4914 2459 4983; x_wconf 64' lang='lat' dir='ltr'><strong>quaesierunt,</strong></span> <span class='ocrx_word' id='word_1_809' title='bbox 2513 4923 2571 4967; x_wconf 89' lang='lat' dir='ltr'><strong>ut</strong></span> <span class='ocrx_word' id='word_1_810' title='bbox 2618 4909 2739 4983; x_wconf 83' lang='lat' dir='ltr'><strong>ejus</strong></span> <span class='ocrx_word' id='word_1_811' title='bbox 2785 4912 3228 4967; x_wconf 84' lang='lat' dir='ltr'><strong>condemnationo</strong></span> <span class='ocrx_word' id='word_1_812' title='bbox 3277 4919 3461 4962; x_wconf 84' lang='lat' dir='ltr'><strong>sancta</strong></span> 
     </span>
    </p>
   </div>
   <div class='ocr_carea' id='block_1_105' title="bbox 1873 5061 3462 5141">
    <p class='ocr_par' dir='ltr' id='par_1_105' title="bbox 1873 5061 3462 5141">
     <span class='ocr_line' id='line_1_105' title="bbox 1873 5061 3462 5141; baseline 0.001 -22"><span class='ocrx_word' id='word_1_813' title='bbox 1873 5068 2006 5127; x_wconf 69' lang='grc' dir='ltr'>θείας</span> <span class='ocrx_word' id='word_1_814' title='bbox 2037 5065 2185 5131; x_wconf 69' lang='grc' dir='ltr'><strong>δόξης</strong></span> <span class='ocrx_word' id='word_1_815' title='bbox 2230 5069 2561 5141; x_wconf 74' lang='grc' dir='ltr'><strong>ἀνῳκισμένον</strong></span> <span class='ocrx_word' id='word_1_816' title='bbox 2586 5108 2603 5135; x_wconf 84' lang='grc'><em>,</em></span> <span class='ocrx_word' id='word_1_817' title='bbox 2651 5069 2737 5121; x_wconf 79' lang='grc' dir='ltr'><strong>καὶ</strong></span> <span class='ocrx_word' id='word_1_818' title='bbox 2765 5074 2856 5125; x_wconf 78' lang='grc' dir='ltr'><strong>τῆς</strong></span> <span class='ocrx_word' id='word_1_819' title='bbox 2907 5068 2955 5118; x_wconf 77' lang='grc' dir='ltr'><strong>ἰν</strong></span> <span class='ocrx_word' id='word_1_820' title='bbox 2998 5066 3113 5132; x_wconf 76' lang='grc' dir='ltr'><strong>ἡμῖν</strong></span> <span class='ocrx_word' id='word_1_821' title='bbox 3140 5061 3359 5124; x_wconf 76' lang='grc' dir='ltr'><strong>διανοίας·</strong></span> <span class='ocrx_word' id='word_1_822' title='bbox 3406 5068 3462 5121; x_wconf 68' lang='grc' dir='ltr'><strong>τὸ</strong></span> 
     </span>
    </p>
   </div>
   <div class='ocr_carea' id='block_1_106' title="bbox 1870 5142 2411 5192">
    <p class='ocr_par' dir='ltr' id='par_1_106' title="bbox 1870 5142 2411 5192">
     <span class='ocr_line' id='line_1_106' title="bbox 1870 5142 2411 5192; baseline 0.002 -1"><span class='ocrx_word' id='word_1_823' title='bbox 1870 5142 2277 5192; x_wconf 66' lang='grc' dir='ltr'><strong>σμικροπρέπές.</strong></span> <span class='ocrx_word' id='word_1_824' title='bbox 2305 5149 2411 5192; x_wconf 88' lang='lat' dir='ltr'><strong>etc.</strong></span> 
     </span>
    </p>
   </div>
   <div class='ocr_carea' id='block_1_107' title="bbox 1909 5158 3462 5275">
    <p class='ocr_par' dir='ltr' id='par_1_107' title="bbox 1909 5158 3462 5275">
     <span class='ocr_line' id='line_1_107' title="bbox 2141 5158 2411 5192; baseline 0.048 -13"><span class='ocrx_word' id='word_1_825' title='bbox 2141 5158 2163 5180; x_wconf 63' lang='grc' dir='ltr'>τ</span> <span class='ocrx_word' id='word_1_826' title='bbox 2212 5161 2256 5175; x_wconf 69' lang='grc' dir='ltr'><strong>ορ</strong></span> <span class='ocrx_word' id='word_1_827' title='bbox 2395 5176 2411 5192; x_wconf 94' lang='grc'><strong>.</strong></span> 
     </span>
     <span class='ocr_line' id='line_1_108' title="bbox 1909 5158 3462 5275; baseline 0.049 -34"><span class='ocrx_word' id='word_1_828' title='bbox 1909 5158 2501 5262; x_wconf 42' lang='grc' dir='ltr'><strong>θέκρόῗυριίίξξῦἶηωὲηἰιη</strong></span> <span class='ocrx_word' id='word_1_829' title='bbox 2547 5206 2778 5275; x_wconf 55' lang='lat' dir='ltr'><strong>Cirin“</strong></span> <span class='ocrx_word' id='word_1_830' title='bbox 2827 5206 2878 5258; x_wconf 67' lang='lat' dir='ltr'><strong>in</strong></span> <span class='ocrx_word' id='word_1_831' title='bbox 2909 5204 3135 5275; x_wconf 58' lang='lat' dir='ltr'><strong>episWa</strong></span> <span class='ocrx_word' id='word_1_832' title='bbox 3188 5203 3367 5271; x_wconf 56' lang='lat' dir='ltr'><strong>prium</strong></span> <span class='ocrx_word' id='word_1_833' title='bbox 3395 5206 3462 5259; x_wconf 57' lang='lat' dir='ltr'><strong>ad</strong></span> 
     </span>
    </p>
   </div>
   <div class='ocr_carea' id='block_1_108' title="bbox 1872 5274 3462 5346">
    <p class='ocr_par' dir='ltr' id='par_1_108' title="bbox 1872 5274 3462 5346">
     <span class='ocr_line' id='line_1_109' title="bbox 1872 5274 3462 5346; baseline -0.001 -15"><span class='ocrx_word' id='word_1_834' title='bbox 1872 5276 2199 5333; x_wconf 87' lang='lat' dir='ltr'><strong>Succensum</strong></span> <span class='ocrx_word' id='word_1_835' title='bbox 2227 5287 2412 5346; x_wconf 85' lang='lat' dir='ltr'><strong>aperte</strong></span> <span class='ocrx_word' id='word_1_836' title='bbox 2451 5274 2679 5329; x_wconf 79' lang='lat' dir='ltr'><strong>afﬁrmat</strong></span> <span class='ocrx_word' id='word_1_837' title='bbox 2706 5318 2719 5337; x_wconf 85' lang='grc'><em>,</em></span> <span class='ocrx_word' id='word_1_838' title='bbox 2750 5292 2869 5329; x_wconf 92' lang='lat' dir='ltr'><strong>cum</strong></span> <span class='ocrx_word' id='word_1_839' title='bbox 2905 5274 3343 5330; x_wconf 78' lang='lat' dir='ltr'><strong>Macedonianum</strong></span> <span class='ocrx_word' id='word_1_840' title='bbox 3376 5292 3462 5331; x_wconf 83' lang='lat' dir='ltr'><strong>cr-</strong></span> 
     </span>
    </p>
   </div>
   <div class='ocr_carea' id='block_1_109' title="bbox 1872 5345 3461 5414">
    <p class='ocr_par' dir='ltr' id='par_1_109' title="bbox 1872 5345 3461 5414">
     <span class='ocr_line' id='line_1_110' title="bbox 1872 5345 3461 5414; baseline 0.001 -15"><span class='ocrx_word' id='word_1_841' title='bbox 1872 5363 2044 5403; x_wconf 89' lang='lat' dir='ltr'><strong>rorem</strong></span> <span class='ocrx_word' id='word_1_842' title='bbox 2087 5359 2338 5410; x_wconf 76' lang='lat' dir='ltr'><strong>exueret,</strong></span> <span class='ocrx_word' id='word_1_843' title='bbox 2380 5348 2430 5400; x_wconf 93' lang='lat' dir='ltr'><strong>in</strong></span> <span class='ocrx_word' id='word_1_844' title='bbox 2478 5349 2701 5399; x_wconf 83' lang='lat' dir='ltr'><strong>alterum</strong></span> <span class='ocrx_word' id='word_1_845' title='bbox 2755 5345 3041 5413; x_wconf 87' lang='lat' dir='ltr'><strong>incidisse,</strong></span> <span class='ocrx_word' id='word_1_846' title='bbox 3069 5348 3160 5414; x_wconf 89' lang='lat' dir='ltr'><strong>qui</strong></span> <span class='ocrx_word' id='word_1_847' title='bbox 3192 5359 3376 5414; x_wconf 86' lang='lat' dir='ltr'><strong>postea</strong></span> <span class='ocrx_word' id='word_1_848' title='bbox 3412 5349 3461 5400; x_wconf 92' lang='lat' dir='ltr'><strong>in</strong></span> 
     </span>
    </p>
   </div>
   <div class='ocr_carea' id='block_1_110' title="bbox 1870 5417 3460 5489">
    <p class='ocr_par' dir='ltr' id='par_1_110' title="bbox 1870 5417 3460 5489">
     <span class='ocr_line' id='line_1_111' title="bbox 1870 5417 3460 5489; baseline -0.001 -17"><span class='ocrx_word' id='word_1_849' title='bbox 1870 5418 2117 5472; x_wconf 87' lang='lat' dir='ltr'><strong>Nestoriu</strong></span> <span class='ocrx_word' id='word_1_850' title='bbox 2135 5418 2253 5489; x_wconf 85' lang='lat' dir='ltr'><strong>ejus</strong></span> <span class='ocrx_word' id='word_1_851' title='bbox 2282 5419 2540 5489; x_wconf 76' lang='lat' dir='ltr'><strong>discipulo</strong></span> <span class='ocrx_word' id='word_1_852' title='bbox 2572 5417 2852 5470; x_wconf 84' lang='lat' dir='ltr'><strong>damnatus</strong></span> <span class='ocrx_word' id='word_1_853' title='bbox 2882 5427 2963 5489; x_wconf 77' lang='lat' dir='ltr'><strong>est</strong></span> <span class='ocrx_word' id='word_1_854' title='bbox 2994 5458 3009 5483; x_wconf 91' lang='lat'><strong>,</strong></span> <span class='ocrx_word' id='word_1_855' title='bbox 3057 5430 3133 5471; x_wconf 69' lang='lat' dir='ltr'><strong>ut’</strong></span> <span class='ocrx_word' id='word_1_856' title='bbox 3157 5419 3294 5472; x_wconf 85' lang='lat' dir='ltr'><strong>lilios</strong></span> <span class='ocrx_word' id='word_1_857' title='bbox 3325 5420 3460 5472; x_wconf 80' lang='lat' dir='ltr'><strong>duos</strong></span> 
     </span>
    </p>
   </div>
   <div class='ocr_carea' id='block_1_111' title="bbox 1869 5487 3458 5551">
    <p class='ocr_par' dir='ltr' id='par_1_111' title="bbox 1869 5487 3458 5551">
     <span class='ocr_line' id='line_1_112' title="bbox 1869 5487 3458 5551; baseline 0.001 -10"><span class='ocrx_word' id='word_1_858' title='bbox 1869 5500 2128 5544; x_wconf 74' lang='lat' dir='ltr'><strong>statueiet</strong></span> <span class='ocrx_word' id='word_1_859' title='bbox 2150 5487 2421 5551; x_wconf 48' lang='lat' dir='ltr'><strong>{alterum</strong></span> <span class='ocrx_word' id='word_1_860' title='bbox 2454 5488 2521 5541; x_wconf 84' lang='lat' dir='ltr'><strong>tle</strong></span> <span class='ocrx_word' id='word_1_861' title='bbox 2553 5489 2758 5541; x_wconf 88' lang='lat' dir='ltr'><strong>semine</strong></span> <span class='ocrx_word' id='word_1_862' title='bbox 2790 5487 2949 5539; x_wconf 83' lang='lat' dir='ltr'><strong>David</strong></span> <span class='ocrx_word' id='word_1_863' title='bbox 2973 5499 3155 5541; x_wconf 88' lang='lat' dir='ltr'><strong>natum</strong></span> <span class='ocrx_word' id='word_1_864' title='bbox 3184 5505 3249 5544; x_wconf 79' lang='lat' dir='ltr'><strong>ex</strong></span> <span class='ocrx_word' id='word_1_865' title='bbox 3273 5500 3458 5543; x_wconf 77' lang='lat' dir='ltr'><strong>Sancta</strong></span> 
     </span>
    </p>
   </div>
   <div class='ocr_carea' id='block_1_112' title="bbox 1876 5559 3244 5632">
    <p class='ocr_par' dir='ltr' id='par_1_112' title="bbox 1876 5559 3244 5632">
     <span class='ocr_line' id='line_1_113' title="bbox 1876 5559 3244 5632; baseline 0.001 -20"><span class='ocrx_word' id='word_1_866' title='bbox 1876 5561 2110 5632; x_wconf 76' lang='lat' dir='ltr'><strong>Virgine,</strong></span> <span class='ocrx_word' id='word_1_867' title='bbox 2135 5561 2362 5613; x_wconf 84' lang='lat' dir='ltr'><strong>alterum</strong></span> <span class='ocrx_word' id='word_1_868' title='bbox 2404 5559 2672 5629; x_wconf 89' lang='lat' dir='ltr'><strong>proprium</strong></span> <span class='ocrx_word' id='word_1_869' title='bbox 2700 5559 2890 5611; x_wconf 69' lang='lat' dir='ltr'><strong>Fidum</strong></span> <span class='ocrx_word' id='word_1_870' title='bbox 2925 5559 3015 5614; x_wconf 86' lang='lat' dir='ltr'><strong>Dei</strong></span> <span class='ocrx_word' id='word_1_871' title='bbox 3052 5561 3244 5614; x_wconf 77' lang='lat' dir='ltr'><strong>Patris.</strong></span> 
     </span>
    </p>
   </div>
   <div class='ocr_carea' id='block_1_113' title="bbox 1935 5772 2685 5839">
    <p class='ocr_par' dir='ltr' id='par_1_113' title="bbox 1935 5772 2685 5839">
     <span class='ocr_line' id='line_1_114' title="bbox 1935 5772 2685 5839; baseline -0.003 -6"><span class='ocrx_word' id='word_1_872' title='bbox 1935 5772 1957 5801; x_wconf 83' lang='grc'>¹</span> <span class='ocrx_word' id='word_1_873' title='bbox 1989 5776 2135 5833; x_wconf 84' lang='lat' dir='ltr'><strong>lletu</strong></span> <span class='ocrx_word' id='word_1_874' title='bbox 2165 5774 2311 5839; x_wconf 81' lang='lat' dir='ltr'><strong>cud.,</strong></span> <span class='ocrx_word' id='word_1_875' title='bbox 2338 5772 2685 5833; x_wconf 70' lang='lat' dir='ltr'><strong>Theodorum.</strong></span> 
     </span>
    </p>
   </div>
  </div>
