3878 6194
373 309 492 362 1ὶέιῦ

1482 306 1782 361 FtCUNDl
1826 306 2035 362 [ΗΒΕ.
2081 304 2587 361 llERlllANENSlS

3560 300 3669 355 σει

390 433 629 489 synoons
668 417 1116 474 Chalcedonensis
1145 459 1158 477 ,
1201 432 1317 486 qua)
1343 432 1513 486 neque
1554 421 1726 486 ip=um
1755 458 1769 477 ,
1806 433 1977 482 neque
2008 426 2051 481 Α
2087 414 2338 468 Romamn
2360 412 2629 482 Ecclesiae,
2661 413 2745 469 cui
2776 428 2870 484 per
2899 413 2988 467 Dei
3018 413 3244 482 gratiam
3274 411 3543 482 prmsidet,
3582 412 3669 469 hic

394 511 738 562 landatricem
769 509 885 575 ejus
927 509 1205 577 epistolam
1236 509 1630 574 condemnavit,
1658 508 1971 563 Nestoriana

390 600 554 657 fuisse
583 600 879 665 videretur,

942 740 957 751 ’
1006 777 1233 834 CAPUT
1271 778 1354 832 Ill.

374 892 537 958 ,ραοά
578 894 787 965 Vigilius
816 911 949 964 popa
970 910 1034 948 ea:
1061 895 1241 947 itinere
1284 892 1533 955 scribens,
1566 890 1671 945 Ibte
1702 908 1763 944 ac
1804 891 1970 945 Theo-

459 967 573 1018 dori
618 964 997 1017 damnationem
1052 964 1348 1032 improburit
1381 974 1531 1032 atque
1570 965 1884 1025 rmendarit;
1922 972 1970 1015 et

455 1038 592 1104 quod
639 1037 848 1087 αἱυιιηίε
902 1035 1172 1098 provincia:
1223 1033 1471 1104 Vigilium
1510 1048 1573 1084 ne
1622 1032 1717 1083 hoc
1766 1043 1967 1097 patere-

456 1120 540 1158 tur
572 1115 863 1157 contestata:
886 1106 1009 1157 sint.

456 1230 570 1286 lloc
598 1240 678 1286 est
706 1239 886 1285 autem
927 1230 1187 1295 mirabile,
1210 1238 1267 1283 ut
1296 1238 1577 1299 postquam
1616 1229 1807 1283 horum
1837 1245 1969 1285 con-

387 1324 781 1377 demnationem
842 1324 1121 1388 fecerunt,
1178 1322 1419 1376 dicerent
1476 1321 1619 1391 quod
1670 1321 1965 1377 Ecclesiam

388 1418 687 1470 Romanam
741 1416 1116 1479 consulerent,
1147 1424 1203 1469 et
1250 1416 1570 1470 sententiam
1623 1415 1797 1484 Vigilii
1852 1414 1967 1481 ejus

386 1506 624 1574 praesulis
651 1514 1028 1574 exspectarent
1052 1524 1064 1557 :
1092 1506 1199 1571 cui,
1229 1514 1486 1576 quantum
1517 1507 1583 1559 ad
1612 1506 1731 1561 illos
1753 1507 1966 1571 attinet,

388 1610 493 1646 non
548 1595 911 1664 permiserunt
956 1610 1178 1649 censere
1208 1595 1350 1665 quod
1398 1597 1625 1651 senserit
1655 1615 1666 1648 :
1702 1605 1826 1652 ante
1855 1607 1965 1652 sta—

384 1696 615 1752 tuentes,
648 1698 703 1742 ut
723 1690 764 1743 si
795 1689 912 1757 quis
942 1688 1281 1743 Theodorum
1312 1689 1649 1759 Mopsuestia:
1668 1730 1682 1753 ,
1705 1706 1825 1745 cum
1854 1690 1965 1744 suis

2076 508 2259 562 habuit
2288 510 2673 577 responsalem,
2703 516 2759 562 et
2781 522 2877 575 per
2905 505 3101 559 multos
3132 502 3384 557 Ecclesia:
3413 501 3551 556 ﬁlios
3570 517 3669 572 ap-

2075 596 2341 664 probavit,
2372 594 2515 662 quod
2538 608 2597 648 se
2625 610 2720 663 pro
2745 592 2846 647 hac
2873 606 3034 647 causa
3079 605 3111 644 a
3152 587 3476 643 venerabilis
3519 587 3667 642 Men-

2074 701 2175 748 nar,
2208 685 2364 753 hujus
2391 685 2548 753 regim
2594 684 2825 740 civitatis
2854 681 3112 752 episcopi,
3140 678 3521 734 communione
3547 694 3665 732 sus-

2072 774 2336 844 penderit,
2368 786 2421 828 et
2448 789 2542 828 eos
2578 773 2670 843 qui
2699 772 2748 826 ei
2790 770 3313 825 communicaverant
3340 765 3439 820 sub
3482 765 3664 820 debita

2071 864 2437 920 satisfactione
2464 864 2778 932 susceperit.
2809 861 2961 928 Quod
3003 876 3111 913 non
3156 857 3377 923 faceret,
3409 858 3509 912 nisi
3530 873 3665 913 cou-

2073 959 2295 1010 trarimn
2351 957 2555 1027 synodo
2611 951 3062 1015 Chalcedonensi,
3111 949 3258 1021 quod
3308 948 3512 1006 factum
3552 956 3663 1019 est,

2069 1048 2207 1101 sicut
2234 1056 2287 1100 et
2316 1048 2424 1112 alii,
2449 1046 2731 1116 judicaret.
2755 1044 2872 1099 Non
2902 1053 3082 1098 autem
3106 1043 3251 1097 solos
3279 1057 3417 1112 quos
3448 1058 3663 1097 memo-

2070 1136 2303 1190 ravimus
2332 1143 2550 1189 sanctos
2572 1143 2626 1189 et
2652 1132 2989 1188 venerabiles
3011 1132 3155 1186 viros
3182 1131 3286 1186 hoc
3311 1145 3492 1187 secum
3517 1129 3663 1200 judi-

2068 1242 2221 1282 casse
2248 1226 2586 1294 monstravit,
2633 1224 2849 1295 quando
2888 1239 2995 1278 non
3027 1222 3191 1278 tacuit
3232 1220 3379 1290 quod
3417 1222 3661 1276 Romana

2068 1332 2283 1385 quoque
2331 1317 2652 1372 universitas
2711 1314 3072 1384 egredientem
3098 1354 3114 1379 ,
3160 1313 3305 1382 quod
3352 1312 3660 1368 venientem

2070 1407 2244 1462 Africa
2274 1409 2434 1463 etiam
2461 1416 2621 1478 atque
2650 1406 2890 1462 Sardinia
2917 1447 2932 1475 ,
2960 1420 3265 1476 quanquam
3295 1420 3403 1460 non
3433 1421 3527 1475 per
3550 1420 3653 1458 eas

2069 1499 2357 1566 transierit,
2383 1514 2479 1568 per
2506 1499 2671 1569 ipsius
2698 1508 2877 1553 tamen
2904 1498 3267 1553 consiliarium
3291 1497 3501 1567 publica
3530 1513 3659 1551 eum

2066 1592 2464 1647 contestatione
2492 1592 2844 1661 pulsaverint,
2871 1591 3011 1645 sicut
3039 1589 3220 1645 llellas
3263 1599 3319 1645 et
3363 1590 3611 1662 lllyrieus
3633 1601 3654 1627 ε

2066 1680 2357 1750 provincia:
2380 1696 2477 1751 per
2504 1696 2636 1751 quas
2664 1681 2837 1746 venit,
2871 1688 2930 1734 ut
2953 1679 3260 1735 nullatenus
3290 1679 3513 1733 novitati
3534 1694 3661 1747 qua:

384 1778 723 1847 dogmatibus
769 1787 824 1833 et
852 1778 1134 1848 epistolam
1182 1779 1504 1833 venerabilis
1532 1778 1636 1832 lbze
1683 1795 1789 1833 non
1836 1794 1946 1832 ana

2068 1768 2204 1823 facta
2228 1776 2310 1823 est
2337 1770 2663 1837 acquiescat.
2692 1769 2808 1824 Non
2830 1784 2958 1837 ergo
2987 1769 3158 1825 civilis
3185 1769 3301 1824 haec
3333 1784 3495 1824 causa
3535 1782 3661 1822 οῖδα

388 1869 716 1931 thematizat,
770 1867 861 1920 liat
902 1868 1206 1922 anathema.
1260 1866 1365 1921 Sed
1415 1882 1541 1921 ecce
1588 1867 1699 1935 jam
1748 1868 1965 1924 veniens

360 1973 445 2011 ex
470 1958 661 2013 itinere
690 1958 831 2028 quod
862 1959 909 2013 ei
936 1957 1220 2012 videbatur
1245 1958 1437 2023 edixit,
1467 1968 1519 2013 et
1540 1956 1664 2013 facti
1687 1960 1843 2027 hujus
1865 1976 1962 2013 au-

380 2051 516 2104 ctori
544 2060 566 2085 λ
590 2050 979 2105 correctionem
1010 2050 1367 2104 tumultuaria:
1392 2065 1500 2104 sua‘
1526 2053 1965 2120 transgressionis

381 2139 600 2204 indixit;
623 2147 678 2193 et
699 2139 799 2194 nisi
826 2139 984 2193 citius
1004 2138 1143 2206 quod
1174 2138 1315 2193 male
1339 2139 1537 2194 factum
1560 2148 1644 2195 est
1667 2140 1957 2206 auferatur,

378 2229 538 2281 etiam
581 2228 975 2283 vindicaturum
1030 2244 1088 2282 se
1136 2244 1253 2283 esse
1282 2230 1551 2299 praedixit,
1580 2240 1881 2300 protestans
1907 2242 1963 2289 et

377 2316 560 2371 dicens
587 2333 707 2373 cum
738 2319 995 2387 Apostolo
1015 2318 1298 2373 Timotheo
1321 2337 1335 2372 :
1370 2318 1453 2374 Ne
1468 2323 1601 2391 forte
1620 2338 1735 2375 cum
1756 2339 1957 2389 venero,

376 2426 478 2463 non
508 2410 684 2479 quales
712 2409 823 2463 volo
852 2410 1109 2463 inveniam
1136 2426 1240 2474 ros,
1273 2419 1322 2463 et
1367 2428 1460 2481 ego
1503 2413 1736 2466 inveniar
1760 2430 1793 2466 a
1819 2413 1959 2469 vobis

374 2500 571 2569 qualem
596 2516 676 2552 me
702 2516 805 2553 non
834 2500 987 2553 vultis
1018 2497 1105 2569 (11
1135 2498 1252 2553 Cor.
1285 2516 1377 2565 xu,
1405 2499 1475 2554 20
1501 2502 1540 2571 ).
1566 2499 1792 2572 Propter
1818 2504 1961 2573 quod

374 2600 429 2644 et
471 2590 537 2644 de
585 2597 754 2645 vestra
786 2590 1090 2654 clementia,
1113 2592 1334 2645 summis
1376 2593 1620 2661 precibus
1643 2608 1961 2664 summoque

374 2682 582 2744 admsn,
610 2697 706 2752 per
732 2698 860 2737 suos
887 2682 1093 2751 legatos
1133 2683 1283 2752 petit,
1316 2683 1454 2738 sicut
1499 2698 1620 2739 eum
1656 2686 1959 2741 venientem

374 2772 593 2827 diversa:
620 2774 904 2843 provincia:
924 2782 1238 2829 contestata:
1256 2782 1399 2841 sunt,
1422 2791 1486 2830 ne
1507 2778 1784 2846 patiamini
1811 2788 1959 2834 stare

374 2863 517 2933 quod
565 2862 765 2918 factum
794 2872 895 2919 est.
922 2862 1057 2919 Tale
1085 2866 1346 2934 siquidem
1379 2866 1543 2936 ipsius
1589 2866 1713 2923 facti
1754 2870 1958 2925 crimen

371 2970 490 3008 esse
528 2953 803 3022 judicavit,
840 2962 897 3009 ut
945 2955 1034 3009 illo
1081 2954 1321 3012 doctoris
1366 2958 1603 3026 gentium
1653 2960 1959 3015 testimonio

371 3046 590 3101 duceret
609 3044 960 3113 arguendum,
976 3046 1119 3116 quod
1141 3045 1401 3117 discipulo
1423 3048 1705 3103 Timotheo
1720 3049 1958 3106 scribens

2066 1856 2237 1911 denda
2260 1865 2362 1923 est,
2378 1873 2475 1913 nec
2493 1858 2614 1913 talis
2636 1874 2754 1927 qua:
2776 1874 2874 1929 pro
2895 1856 3257 1913 Ecclesiarum
3279 1872 3413 1927 pace
3434 1858 3661 1912 ferenda

2063 1947 2152 2014 sit,
2182 1947 2275 2002 sed
2301 1964 2422 2017 qua:
2449 1949 2641 2005 merito
2666 1948 2935 2018 judicetur
2949 1957 3137 2005 contra
3170 1949 3335 2020 ipsius
3372 1948 3659 2003 catholica:

2066 2038 2186 2094 lidei
2212 2048 2410 2095 statum
2443 2039 2815 2095 btereticorum
2845 2040 3194 2110 subreptioue
3220 2047 3514 2105 commota,
3551 2054 3661 2108 pro

2063 2148 2166 2202 qua
2197 2148 2321 2203 pars
2350 2132 2584 2187 maxima
2621 2131 2767 2187 orbis
2811 2131 3120 2197 Christiani,
3154 2146 3275 2201 qua:
3318 2131 3518 2201 potuit,
3540 2131 3661 2200 pri-

2062 2236 2209 2275 mum
2257 2222 2397 2275 inter
2444 2222 2648 2290 primos
2685 2218 3018 2277 Christianos
3053 2221 3387 2277 sacerdotem
3434 2220 3660 2289 publica

2063 2312 2461 2367 contestatione
2488 2312 2736 2382 pulsavit.
2783 2312 2849 2367 Et
2872 2311 3115 2367 Romana
3144 2313 3357 2381 quidem
3387 2313 3661 2367 universi-

2064 2409 2146 2457 tas
2175 2412 2338 2473 atque
2365 2402 2565 2469 Africa,
2609 2404 2921 2474 priusquam
2949 2404 3114 2475 ipsius
3143 2403 3371 2459 Romani
3399 2404 3659 2459 antistitis

2062 2498 2426 2566 acceperimus
2446 2496 2753 2566 epistolam,
2775 2512 2880 2550 non
2904 2511 3069 2566 parvo
3085 2495 3199 2564 jam
3219 2508 3657 2564 cognoveramus

2062 2584 2281 2650 indicio,
2312 2584 2438 2661 Q'tid
2464 2586 2531 2640 de
2569 2584 2726 2653 hujus
2764 2585 2887 2640 facti
2917 2585 3154 2640 novitate
3180 2585 3459 2639 sentirent.
3508 2584 3656 2638 Nam

2060 2678 2395 2734 venerabiles
2435 2675 2677 2747 Pelagius
2702 2686 2759 2732 et
2788 2677 3098 2741 Anatolius,
3131 2676 3364 2732 Romani
3407 2676 3656 2741 diaconi,

2058 2774 2292 2830 debitam
2320 2772 2498 2829 officio
2518 2788 2618 2828 suo
2646 2780 2703 2827 et
2732 2773 2850 2835 loco
2877 2770 3292 2827 sollicitudinem
3325 2785 3424 2840 pro
3453 2768 3659 2824 Eccle-

2058 2870 2135 2926 sia
2157 2867 2253 2923 Dei
2281 2875 2553 2937 gerentes,
2581 2866 2861 2921 laudabilis
2891 2865 2943 2919 in
2978 2864 3191 2919 Christo
3218 2862 3495 2917 memoria:
3515 2860 3657 2916 Fer-

2058 2959 2229 3014 rando
2251 2956 2681 3025 Carthaginiensi
2711 2956 2937 3011 diacono
2966 2953 2991 2992 d
3021 2954 3367 3024 scripserunt,
3387 2962 3444 3007 ut
3466 2952 3660 3008 habito

2060 3048 2130 3102 de
2155 3048 2256 3102 hac
2280 3061 2441 3101 causa
2472 3045 2710 3114 diligenti
2753 3052 3004 3107 tractatu,
3038 3058 3160 3099 cum
3198 3041 3659 3098 reverendissiuto

370 3138 495 3192 dicit
521 3155 531 3189 :
558 3136 852 3206 Depositum
882 3137 1105 3203 custodi,
1124 3137 1355 3191 devitans
1374 3141 1631 3210 profanas
1658 3158 1831 3194 vocum
1863 3159 1957 3196 no-
1986 3170 2029 3232 Ο
2060 3135 2297 3206 ejusdem
2338 3133 2593 3189 ECCICSiIB
2625 3131 3084 3200 Carthaginiensis
3112 3132 3386 3201 θρῖεεορο.
3419 3130 3507 3184 νεὶ
3529 3130 3660 3185 aliis

367 3230 579 3295 vitales,
609 3235 658 3280 et
686 3229 1030 3297 oppositiones
1060 3227 1181 3297 fulsi
1225 3229 1445 3282 nominis
1492 3230 1747 3291 scientiae,
1798 3248 1950 3301 quam

365 3321 573 3385 quidam
600 3320 951 3389 promittentes
981 3320 1117 3372 circa
1144 3320 1300 3389 ﬁdem
1329 3321 1626 3375 exciderunt
1647 3322 1698 3393 (1
1726 3322 1946 3379 Timot/z.

364 3422 437 3467 vr.
467 3408 580 3477 Qu).
607 3406 744 3472 Quid
764 3422 892 3475 ergo
908 3406 1082 3461 adhuc
1103 3410 1357 3475 quaeritur
1379 3423 1551 3464 utrum
1583 3421 1770 3466 contra
1794 3414 1950 3470 fidem

362 3503 417 3547 et
445 3494 705 3564 synodum
731 3492 1222 3549 Chalcedonensem
1250 3496 1445 3550 factum
1474 3496 1634 3553 fuerit
1661 3500 1805 3569 quod
1845 3500 1947 3556 do-

360 3586 551 3649 lemus,
569 3585 783 3654 quando
812 3585 901 3640 ille
931 3586 1082 3655 cujus
1109 3586 1387 3641 dicebatur
1409 3592 1707 3658 exspectari
1728 3602 1948 3648 senten-

358 3679 454 3743 tia,
504 3676 755 3747 profanas
795 3693 985 3733 vocum
1028 3678 1292 3733 novitates
1321 3687 1374 3733 et
1417 3682 1784 3751 Oppositiones
1828 3681 1944 3739 falsi

358 3767 587 3822 nominis
635 3766 888 3829 scientizn,
909 3781 1071 3835 quam
1113 3767 1327 3837 quidam
1377 3769 1751 3837 promittentes
1802 3770 1943 3826 circa

336 3846 509 3911 \lidem
541 3857 871 3920 exciderunt,
905 3859 957 3912 in
985 3858 1148 3927 ipsius
1177 3859 1303 3913 facti
1342 3860 1646 3914 auctoribus
1667 3860 1944 3929 judicave-

351 3957 435 4001 rat
461 3947 761 4015 arguendas
783 3949 805 4001 ἳ
824 3948 1067 4018 Denique
1096 3949 1310 4003 beatmn
1342 3948 1557 4004 Dacium
1582 3950 1942 4008 Mediolanen-

350 4039 488 4093 sium
512 4039 1021 4109 episcopum,quem
1046 4040 1169 4092 hinc
1200 4056 1468 4093 reversum
1500 4042 1550 4095 in
1575 4041 1755 4096 Sicilia
1772 4060 1831 4098 se
1860 4045 1941 4098 vi-

348 4130 489 4184 disse
527 4129 816 4198 perhibuit,
842 4138 897 4184 ct
939 4129 1073 4184 alios
1116 4131 1529 4201 consacerdotes
1572 4148 1698 4186 suos
1720 4174 1735 4197 ,
1766 4133 1861 4188 sed
1889 4143 1945 4189 et

350 4223 667 4278 venerabilis
707 4223 978 4278 memoriae
1008 4221 1341 4293 Stephanum
1381 4223 1664 4279 diaconum
1695 4224 1753 4292 ιι,
1784 4241 1942 4295 quem

2060 3241 2197 3295 quos
2221 3234 2276 3278 et
2301 3225 2472 3277 zelum
2505 3222 2625 3278 lidei
2655 3232 2710 3277 et
2733 3223 2925 3277 divina:
2942 3222 3233 3292 Scriptura:
3258 3222 3421 3277 sciret
3445 3221 3660 3278 habere

2059 3314 2328 3382 notitiam,
2370 3311 2774 3368 consulentibus
2803 3312 3150 3381 respondere,
3196 3309 3323 3381 quid
3354 3311 3659 3367 observan-

2057 3407 2182 3460 dum
2232 3407 2283 3460 in
2336 3421 2620 3461 commune
2671 3405 2918 3461 omnibus
2947 3404 3236 3460 videretur.
3267 3404 3323 3460 ln
3371 3404 3489 3474 ipsa
3517 3420 3657 3461 vero

2056 3498 2463 3555 consultationis
2486 3497 2717 3568 epistola
2746 3514 2851 3552 non
2879 3505 3094 3552 tacetur
3117 3497 3261 3567 quod
3299 3497 3414 3552 lucc
3439 3498 3655 3551 immiso

2054 3592 2206 3645 sione
2232 3590 2815 3660 Accphalorum,quos,
2846 3597 2906 3642 ut
2933 3587 3184 3652 diximus,
3214 3587 3660 3659 Sentieutychia-

2049 3697 2147 3737 nos
2168 3680 2558 3749 signiﬁcantius
2587 3680 2856 3749 appellare
2886 3694 3185 3749 possumus,
3202 3686 3391 3734 contra
3412 3677 3657 3734 Chalce-

2046 3774 2285 3828 donense
2337 3771 2618 3827 concilium
2661 3780 2715 3824 et
2767 3769 2982 3824 decreta
3034 3783 3188 3839 papa:
3229 3768 3459 3835 Leonis,
3493 3779 3656 3824 mota

2047 3864 2245 3918 fuerint
2287 3879 2382 3932 per
2420 3878 2515 3918 eos
2558 3862 2649 3932 qui
2678 3863 2776 3916 sub
2818 3862 3038 3917 nomine
3089 3860 3357 3917 catholico
3396 3861 3655 3930 ipsorum

2047 3954 2188 4023 parti
2232 3952 2465 4007 studium
2521 3952 2781 4023 prmbent.
2830 3950 2940 4007 Sed
2988 3959 3042 4006 et
3089 3951 3177 4007 ille
3224 3951 3315 4019 qui
3360 3950 3656 4008 consultus

2051 4042 2227 4098 fuerat
2299 4041 2601 4097 rescribeus
2683 4041 3181 4109 interrogantibus,
3241 4041 3652 4100 retractandam

2052 4154 2158 4192 non
2209 4152 2327 4191 esse
2376 4135 2561 4192 docuit
2602 4135 2884 4204 epistolam
2935 4148 3095 4202 quam
3125 4132 3442 4188 universalis
3470 4148 3655 4204 syno-

2054 4230 2153 4284 dus
2182 4228 2500 4299 approbavit
2533 4245 2545 4280 :
2576 4227 2827 4296 quoniam
2877 4225 2922 4279 si
2953 4223 3123 4291 ﬁeret,
3156 4238 3263 4278 non
3293 4223 3461 4293 ipsius
3512 4232 3651 4279 tan-

416 4476 439 4504 ι
482 4466 689 4540 Menum
753 4464 1073 4540 patriarcha:
1140 4464 1765 4540 Constantinopolitano,
1833 4472 1925 4539 qui
1962 4476 2006 4535 υ
2032 4474 2193 4528 clcsia
2222 4469 2860 4540 Carthaginiensij’ictor
2888 4469 3027 4540 idem
3058 4476 3205 4540 notat
3236 4484 3377 4540 anno
3426 4469 3461 4522 6
3503 4486 3645 4540 post

344 4541 545 4607 primus
569 4535 1084 4607 damnationitrium
1132 4534 1515 4607 Capitulorum'
1550 4541 1800 4607 assensit,
1854 4534 1926 4595 ob

340 4603 568 4673 namque
599 4620 771 4677 roma
806 4603 994 4671 Vigilio
1035 4604 1223 4657 litteris
1252 4621 1318 4658 ex
1369 4606 1559 4677 itinere
1606 4603 1920 4677 castigatus,

340 4687 572 4746 quatuor
584 4676 772 4728 deinde
796 4676 1051 4746 mensium
1077 4676 1629 4746 excommmiieatione
1651 4679 1717 4731 ab
1734 4676 1922 4735 eodem

341 4744 597 4801 inultatus
625 4753 727 4807 est,
758 4757 816 4798 ut
862 4745 1172 4799 Anastasius
1200 4746 1251 4799 in
1297 4744 1527 4800 llistoria
1559 4749 1923 4806 ecclesiastica

341 4816 502 4871 refert
530 4834 594 4870 ex
625 4816 973 4884 TheOphane.

410 4888 435 4925 δ
477 4886 771 4941 Narrantur
801 4886 989 4958 eadem
1022 4885 1080 4958 in
1102 4885 1324 4958 epistola
1354 4885 1530 4952 Vigilii
1560 4888 1623 4939 ad
1649 4888 1920 4958 Mennam,

336 4958 489 5023 cuius
530 4963 738 5026 partem
805 4956 997 5008 recitat
1043 4954 1322 5009 Facundus
1363 4964 1546 5009 contra
1604 4954 1917 5015 Mntianum.

336 5025 685 5083 successerat
710 5026 1016 5094 Stephanus
1040 5026 1179 5077 hami
1211 5025 1379 5096 multo
1403 5035 1527 5078 ante
1558 5027 1771 5096 Pelagio
1795 5031 1919 5083 item

335 5101 584 5161 diacono,
619 5096 1145 5169 quiapocrisiarium
1170 5095 1317 5169 sedis
1346 5098 1652 5169 apostolicae
1688 5095 1921 5169 comptu.

337 5186 423 5221 res
450 5184 618 5220 annos
647 5168 755 5233 egit
801 5164 1287 5232 Constantinopoli.
1344 5165 1411 5217 At
1458 5166 1759 5234 Stephanus
1813 5164 1942 5229 non.

335 5242 425 5292 diu
457 5240 559 5291 hoc
609 5250 831 5289 munere
881 5237 1095 5290 functus
1146 5244 1245 5299 est,
1279 5235 1411 5288 obiit
1440 5236 1578 5289 enim
1611 5240 1921 5308 priusquam

344 5308 563 5377 Vigilius
587 5307 901 5377 appelleret.

411 5376 432 5416 ε
476 5376 1045 5449 Posthzec__etiam_de
1081 5376 1269 5430 eadem
1302 5393 1361 5432 re
1402 5380 1452 5432 in
1496 5379 1708 5449 lHyrico
1736 5380 1917 5433 habita

334 5459 417 5500 est
455 5448 707 5515 synodus.
734 5446 919 5498 Victor
953 5446 1287 5501 Tononensis
1325 5450 1374 5501 in
1414 5446 1723 5503 Chronico:
1761 5449 1820 5502 P.
1857 5450 1915 5503 C.

335 5520 515 5589 Basilii
547 5532 685 5589 anno
706 5516 756 5589 8,
784 5515 1089 5589 Illyriciano
1118 5518 1343 5589 synodns
1368 5522 1419 5571 in
1449 5521 1745 5589 defensione
1763 5522 1917 5573 trium

331 5588 571 5655 Cupitum
600 5585 896 5661 Justininno
927 5585 1159 5656 Augusto
1185 5587 1401 5661 scribit:
1429 5598 1484 5661 et
1516 5585 1710 5643 contra
1757 5590 1921 5661 Illyri-

334 5662 541 5712 rinnam
578 5657 840 5724 synodum
895 5663 1209 5725 rescriptum
1247 5660 1410 5712 edidit
1454 5657 1832 5724 Justiniamtsf
1861 5670 1918 5714 ut

332 5736 562 5783 testatur
586 5725 817 5779 lsiilorus
848 5726 914 5780 de
946 5727 1083 5779 Viris
1115 5727 1423 5789 illustribus,
1449 5746 1567 5797 cap.
1598 5729 1684 5783 i8.

464 5799 676 5853 Clarum
703 5799 1062 5857 hoctcmpore
1088 5798 1323 5853 habitum
1356 5799 1681 5853 Ferrandum
1716 5803 1765 5855 in
1816 5799 1917 5857 Ec-

2035 4543 2309 4597 consulem
2334 4542 2607 4595 Basilium.
2644 4538 2831 4593 Exstat
2860 4539 2977 4608 ejus
3022 4539 3248 4608 epistola
3299 4539 3364 4592 ad
3421 4538 3648 4598 Anato-

2034 4613 2161 4667 lium
2194 4614 2478 4667 diaconum
2502 4611 2648 4665 urbis
2693 4609 2895 4671 Romte,
2948 4608 3041 4662 sed
3082 4607 3277 4663 diversi
3300 4615 3645 4675 argumenti.

2034 4682 2202 4751 Hujus
2231 4698 2381 4746 vero,
2412 4690 2471 4735 ut
2499 4688 2741 4751 apparet,
2777 4678 3107 4751 mentio_est_
3128 4678 3489 4751 induodecim
3522 4696 3642 4737 au-

2031 4746 2240 4806 ctorum
2272 4746 2547 4819 catalogo,
2571 4746 2679 4818 ἠιιί
2728 4748 2880 4802 subdi
2926 4748 3055 4819 solet
3088 4746 3291 4819 Isidori_
3320 4747 3500 4819 libello
3562 4751 3643 4807 de

2028 4822 2171 4877 Viris
2202 4816 2514 4876 illustribus.
2541 4816 2863 4881 Ferrandus,
2908 4818 3097 4886 inquit,
3139 4818 3207 4869 ad
3254 4816 3527 4888 Pelagium
3584 4832 3646 4875 et

2028 4893 2325 4946 Anatolium
2352 4890 2609 4943 Romanos
2641 4888 2887 4943 diaconos
2915 4889 3236 4951 cpmulentes
3284 4904 3397 4941 eum
3448 4899 3640 4945 utrum

2024 4962 2174 5015 licent
2204 4977 2507 5032 quemquam
2523 4961 2781 5032 damnare
2809 4963 2921 5025 poit
2952 4968 3190 5032 mortem,
3210 5027 3222 5032 _
3246 4957 3406 5032 edidit
3433 4964 3643 5032 rescri-

2023 5041 2165 5101 ptum
2196 5026 2280 5084 tibi
2320 5026 2451 5101 initer
2480 5030 2585 5101 alia
2616 5030 2689 5081 sic
2710 5029 2906 5101 locutus
2936 5037 3012 5081 est
3038 5042 3058 5101 ς
3090 5026 3224 5101 Quid
3250 5028 3468 5101 prodest
3495 5029 3637 5101 dor-

2026 5096 2315 5155 mientibus
2343 5099 2636 5154 Ecclesiam
2688 5099 3005 5167 perturbare
3034 5098 3057 5150 7
3087 5096 3142 5167 Si
3171 5098 3293 5163 quis
3339 5098 3513 5152 adhuc
3570 5099 3638 5154 in

2026 5187 2254 5241 corpore
2284 5172 2471 5223 mortis
2499 5165 3074 5241 hujusaccnsatnset
3113 5165 3415 5229 damnatus,
3460 5178 3631 5241 ante-

2026 5235 2186 5309 quam
2215 5250 2509 5294 mereretur
2537 5235 2739 5292 absolvi
2780 5238 2844 5309 de
2874 5235 3118 5309 Ecclesia,
3151 5243 3337 5309 raptus
3358 5244 3461 5309 est,
3519 5240 3633 5309 ali-

2027 5304 2160 5364 shlvi
2195 5327 2298 5363 non
2325 5317 2507 5379 potest,
2557 5307 3063 5379 ulteriusghumauo
3100 5304 3327 5379 judicio.
3381 5305 3438 5361 Si
3495 5308 3630 5374 quis

2026 5391 2304 5434 accusatus
2327 5375 2458 5432 ante
2481 5378 2618 5432 diem
2667 5377 2803 5431 sacri
2833 5376 3093 5431 examinis
3121 5375 3399 5443 repentina
3450 5390 3628 5429 voca-

2026 5452 2172 5504 tione
2228 5459 2532 5518 prchntus
2577 5457 2677 5509 est,
2723 5445 3313 5518 intra_simuu_ni_atris
3358 5443 3626 5500 Ecclesia:

2025 5514 2366 5579 constitutus,
2388 5519 2566 5572 divino
2590 5516 2964 5584 intelligendus
2993 5524 3074 5568 est
3094 5514 3295 5583 judicio
3322 5519 3620 5571 reservari.

2027 5591 2103 5644 De
2125 5591 2229 5646 hoc
2257 5590 2433 5644 nullus
2463 5590 2624 5642 homo
2654 5583 2830 5657 potest
2853 5583 3454 5657 manifestampro’erre
3481 5600 3622 5637 sen-

2024 5661 2250 5714 tentiam
2286 5679 2297 5712 :
2332 5661 2416 5714 cui
2448 5660 2490 5713 si
2514 5653 3065 5725 Deus'indulgentiam
3094 5653 3259 5718 dedit,
3289 5653 3418 5707 nihil
3451 5664 3618 5725 nocet

2026 5740 2209 5783 nostra
2242 5730 2539 5792 severitas;
2570 5728 2660 5783 sed
2691 5728 2734 5783 si
2757 5723 3075 5797 supplicium
3106 5725 3445 5795 prcharavit,
3477 5723 3619 5780 nihil

2028 5800 2243 5871 prodest
2277 5808 2457 5855 nostra
2489 5798 2806 5860 benignitas.
