3962 6196
287 383 396 438 διεδ

1267 384 1402 438 PRO
1438 382 1867 438 DEI‘ENSIUXE
1895 382 2110 439 TRIUM
2145 383 2456 437 CAI’lTFL.
2500 383 2626 436 LIB.
2672 381 2757 437 IV.

3465 381 3592 434 ωσι

288 509 428 560 tuin,
458 497 550 551 sed
583 496 823 552 omnium
866 493 1220 553 conciliorum
1256 503 1455 550 statuta
1483 493 1879 549 deducerentur
1909 501 1956 557 Α
1985 495 2058 548 ibi
2079 495 2366 560 obtectum,
2394 496 2523 548 nihil
2541 493 2910 548 absconditqu
2933 491 3029 546 fuit
3054 510 3066 545 :
3094 493 3389 561 exspolian
3415 493 3566 547 denis

286 591 351 646 in
381 590 630 644 dubium.

916 784 1144 842 CAPUT
1181 785 1272 840 IV.

296 899 456 968 Quod
505 909 686 953 eontra
741 897 994 966 synodum
1049 898 1512 953 Chalcedonemem
1561 901 1751 964 factam
1783 914 1890 952 esse

372 973 528 1024 trium
555 969 908 1040 Capitulorum
933 970 1331 1040 damnationem,
1359 971 1455 1033 ipsi
1487 970 1551 1020 eti
1571 987 1636 1020 .m
1661 969 1746 1036 qui
1769 985 1891 1020 con—

370 1036 641 1096 senseruni
685 1041 924 1106 primates
964 1049 1009 1092 et
1042 1036 1264 1110 episcopi
1295 1036 1520 1092 Ozimtis
1549 1041 1845 1108 agnoverint
1870 1054 1890 1094 .'

373 1129 501 1182 quos
539 1112 802 1181 redarguit
825 1111 964 1182 quod
996 1112 1289 1181 imperatori
1321 1126 1419 1163 non
1451 1112 1746 1163 restiterint.

373 1218 574 1273 Verum
604 1218 709 1274 hoc
763 1219 1035 1274 insolitum
1067 1235 1173 1274 non
1216 1228 1330 1284 est,
1366 1229 1425 1273 ut
1472 1220 1554 1274 vel
1598 1220 1893 1290 apostolica

285 1310 460 1396 ~sedes
490 1318 846 1365 temeratores
876 1319 1112 1381 paterna:
1139 1313 1420 1365 sententia:
1454 1323 1704 1384 tanquam
1731 1328 1893 1369 exce—

294 1401 495 1457 dentes
525 1418 554 1455 a
585 1399 688 1455 ﬁde
716 1402 1032 1470 corriperet,
1058 1401 1141 1454 vel
1172 1402 1580 1456 incontaminati
1610 1403 1810 1472 quique
1839 1409 1893 1456 ct

297 1496 379 1551 ab
405 1497 505 1553 hac
547 1496 962 1566 prmsumptione
1003 1497 1217 1566 penitus
1259 1497 1452 1562 alieni,
1501 1498 1895 1554 contestatione

299 1588 519 1658 publica
561 1587 629 1642 de
673 1587 763 1642 tali
789 1587 932 1643 facto
957 1598 1340 1658 quererentur,
1370 1599 1426 1645 et
1465 1592 1894 1661 pronuntiarent,

299 1677 450 1748 quod
479 1678 524 1733 si
550 1678 651 1743 hoc
671 1679 841 1734 semel
867 1679 1154 1734 admissum
1183 1678 1363 1747 fuerit,
1388 1696 1493 1736 non
1517 1688 1720 1735 tantum
1743 1681 1896 1736 Chal-

299 1767 660 1833 cedonensis,
705 1767 798 1824 sed
854 1769 1093 1824 omnium
1146 1771 1498 1825 conciliorum
1555 1770 1895 1827 deﬁnitiones

301 1868 559 1916 constare
581 1877 688 1915 non
717 1860 940 1931 possint.
977 1861 1107 1915 lllud
1142 1871 1224 1917 est
1252 1862 1540 1928 insuetum,
1569 1862 1696 1917 illud
1726 1862 1892 1916 mira-
1926 1841 1966 1898 Β

303 1949 437 2014 bile,
469 1951 593 2004 illud
629 1951 681 2005 in
712 1962 820 2020 quo
868 1967 1062 2021 magna
1092 1953 1171 2009 vis
1194 1954 1436 2009 veritatis
1462 1962 1718 2024 apparet,
1750 1949 1895 2026 quod

302 2041 459 2113 ipsos
485 2058 695 2112 quoque
726 2052 1139 2114 pmsumptores
1168 2045 1393 2100 internis
1433 2047 1774 2102 conscientia:
1800 2047 1896 2102 sti-

305 2135 470 2189 mulis
499 2134 653 2189 fateri
682 2135 878 2203 coegit,
912 2135 980 2190 ad
1008 2135 1427 2192 destructionem
1453 2137 1647 2209 synodi
1674 2138 1897 2194 Chalce-

303 2225 564 2280 donensis
582 2225 696 2281 hmc
725 2227 890 2283 fuisse
926 2229 1246 2298 composita.
1289 2229 1421 2284 Nam
1460 2232 1664 2301 primus
1699 2229 1898 2288 conﬁr-

305 2325 488 2372 matur
527 2333 713 2373 eorum
743 2317 963 2373 Mennas
1016 2318 1645 2392 Constantinopolitanus
1690 2323 1900 2393 episco-

305 2420 436 2476 pus,
465 2421 584 2460 cum
609 2406 785 2464 adhuc
829 2418 1175 2464 cunctaretur
1212 2411 1413 2480 scripto
1436 2422 1482 2478 ’⁸,
1536 2413 1671 2467 sicut
1701 2427 1902 2483 praece-

308 2506 470 2569 ptum
503 2497 694 2564 fuerat,
725 2499 804 2553 eis
833 2500 1072 2570 praebere
1126 2517 1467 2568 consensum,
1499 2512 1687 2559 contra
1735 2518 1900 2574 syno-

306 2589 444 2644 dum
475 2587 968 2662 Chalcedpnensem
1017 2591 1133 2646 ﬁeri
1180 2601 1511 2662 protestatus
1561 2602 1663 2649 est.
1712 2593 1817 2649 Sed
1845 2600 1902 2649 et

307 2688 666 2750 posteaquam
715 2682 1014 2746 consensit,
1047 2697 1078 2737 a
1117 2682 1370 2750 praedicto
1419 2684 1739 2739 venerabilis
1783 2698 1902 2739 me-

310 2769 500 2824 moriae
525 2769 800 2840 Stephano
827 2770 1079 2827 Ecclesia:
1111 2773 1368 2829 Romanae
1412 2775 1641 2831 diacono
1669 2784 1726 2830 et
1770 2791 1903 2846 apo-

309 2862 561 2918 crisiario
583 2872 901 2931 conventus,
926 2881 1024 2920 cur
1049 2864 1214 2934 priori
1242 2867 1523 2920 sententiae
1551 2881 1662 2920 sua).
1689 2875 1903 2921 contra-

311 2952 430 3008 rius
480 2952 834 3021 acquievisset
884 2955 966 3009 his
1013 2969 1132 3024 qua:
1168 2964 1294 3010 ante
1345 2956 1686 3027 culpaverat,
1737 2966 1792 3012 et
1837 2942 1904 3013 de

309 3043 511 3113 quibus
531 3059 591 3098 se
614 3046 744 3099 nihil
783 3055 1028 3104 acturum
1059 3047 1175 3102 siue
1208 3048 1503 3118 apostolica
1533 3049 1661 3105 sede
1704 3051 1904 3121 promi-

311 3143 490 3200 serat;
519 3136 618 3192 sub
648 3151 712 3191 ea
737 3152 796 3194 se
823 3137 1133 3194 conditione
1178 3139 1424 3206 cessisse,
1458 3139 1762 3210 etjuratum
1794 3142 1898 3198 sibi

1989 603 2094 657 que
2121 603 2370 657 corpore,
2416 601 2662 654 maguum
2693 585 2820 638 illud
2852 583 2968 638 ﬁdei
3012 585 3348 652 percepimus
3378 597 3430 638 ct
3459 602 3565 639 scr-

1991 695 2119 734 vare
2148 679 2531 748 spopondimus
2559 684 2949 730 sacramentum
2983 691 2996 726 :
3031 683 3083 727 et
3125 689 3231 726 non
3273 673 3385 727 sola
3419 691 3571 739 voce,

1991 787 2176 825 verum
2235 770 2398 824 etiam
2453 769 2616 822 totius
2670 767 2853 820 habitu
2919 765 3185 835 corp'iris,
3259 764 3577 832 profitemur

1989 860 2203 914 exuisse
2229 874 2328 913 nos
2366 858 2633 911 houdnem
2662 866 2900 911 veterem
2928 872 3048 910 cum
3075 855 3289 910 actibus
3315 856 3444 910 suis.
3467 854 3577 910 Cur

1975 952 2172 1020 itaque
2203 966 2342 1004 nunc
2366 959 2542 1002 artum
2573 950 2657 1003 cui
2687 949 3137 1013 reuuntiavimus,
3177 948 3376 1002 veteris
3405 947 3570 1002 lmini-

1992 1042 2074 1096 nis
2086 1049 2439 1104 resnmeutes,
2461 1041 2638 1094 nescio
2654 1040 2779 1108 quid
2801 1039 3286 1093 extraordinarium
3306 1037 3361 1092 iu
3385 1046 3572 1106 aperto

1993 1131 2060 1185 de
2106 1132 2219 1200 ipsa
2272 1130 2374 1184 ﬁde
2427 1130 2765 1199 paciscimur,
2820 1127 3066 1183 Ecclesia
3110 1129 3409 1198 ignorante,
3458 1144 3575 1196 qua!

1994 1222 2147 1276 testis
2191 1222 2307 1287 fuit,
2355 1220 2568 1290 quando
2597 1236 2696 1276 nos
2731 1221 2874 1275 illam
2904 1220 3221 1289 simpliciter
3268 1231 3576 1274 servaturos

1961 1356 1966 1360 .
1993 1313 2170 1382 palam
2198 1321 2253 1366 et
2281 1312 2406 1366 nudi
2445 1311 2776 1379 iuravimus?
2809 1312 2940 1376 Quis
2967 1325 3148 1381 porro
3197 1312 3574 1366 auctoritatem

1995 1415 2340 1460 contemnere
2362 1403 2532 1473 possit
2560 1403 2820 1457 istorum?
2841 1403 2960 1470 quis
2981 1401 3188 1456 dubitet
3216 1401 3403 1456 talium
3425 1401 3576 1469 sequi

1994 1494 2338 1558 sententiam,
2369 1494 2554 1548 videns
2573 1495 2825 1561 quoniam
2850 1493 3016 1548 libere
3037 1493 3104 1547 ab
3132 1493 3212 1548 eis
3237 1500 3294 1547 et
3316 1492 3579 1561 intrepide

1994 1588 2190 1642 veritas
2215 1585 2535 1656 prtndicatur
2560 1589 2573 1616 ¹
2598 1587 2621 1639 ?
2649 1585 2828 1641 Zoilus
2852 1600 3066 1654 quoque
3093 1583 3464 1639 Alexandriam
3489 1599 3580 1637 ur-

1993 1676 2076 1732 bis
2105 1677 2350 1754 antistes,
2379 1691 2500 1730 cum
2524 1675 2822 1730 Romanum
2845 1675 3154 1745 episcopum
3177 1676 3362 1729 venire
3389 1688 3580 1743 cogno-

1993 1779 2190 1836 sceret,
2214 1769 2427 1825 obviam
2455 1768 2531 1824 illi
2560 1769 2626 1822 ad
2653 1766 2888 1824 Siciliam
2917 1767 3082 1833 misit,
3111 1781 3448 1836 conquerens
3494 1781 3581 1820 nc-

1995 1859 2245 1916 cessitate
2289 1874 2350 1914 se
2388 1858 2460 1912 ad
2501 1858 2668 1929 ipsius
2715 1859 2919 1913 decreti
2964 1855 3373 1912 alﬁrmationem
3421 1855 3581 1911 fuisse

1997 1951 2331 2021 compulsum
2361 1969 2375 2004 :
2409 1951 2553 2020 quod
2585 1951 2674 2005 hic
2700 1951 2772 2015 ei,
2799 1961 3084 2020 postquam
3116 1951 3283 2018 venit,
3311 1951 3452 2006 idem
3483 1949 3584 2006 Ro-

1997 2060 2186 2099 manus
2214 2043 2498 2114 episcopus
2525 2043 2582 2097 in
2621 2043 2757 2098 facie
2780 2043 2980 2113 palam,
3007 2043 3160 2098 nobis
3187 2057 3402 2110 quoque
3448 2045 3584 2096 inter

1998 2137 2134 2193 alios
2155 2137 2529 2208 praesentibus,
2551 2136 2914 2207 exprobravit.
2936 2135 3162 2191 Necnon
3185 2144 3239 2190 et
3253 2134 3584 2204 Ephrxmius

1996 2227 2398 2292 Antiochenus,
2429 2241 2551 2282 cum
2590 2227 2823 2297 primum
2860 2225 2912 2280 ei
2959 2225 3318 2290 mandaretur,
3376 2232 3433 2277 ut
3481 2224 3586 2279 hoc

1999 2319 2163 2373 etiam
2190 2317 2307 2388 ipse
2351 2315 2701 2372 rescribendo
2741 2313 2996 2380 ﬁrmaret,
3045 2314 3349 2369 consentire
3392 2312 3584 2367 noluit.

1998 2412 2072 2465 At
2097 2418 2382 2481 postquam
2413 2409 2464 2464 ei
2501 2408 2873 2464 denuntiatum
2901 2416 2987 2462 est
3027 2407 3171 2476 quod
3224 2403 3588 2460 excludendus

2001 2512 2163 2569 esset,
2194 2504 2297 2558 nisi
2326 2502 2547 2567 faceret,
2575 2501 2657 2556 sui
2686 2501 2866 2571 potius
2895 2499 3115 2554 honoris
3138 2513 3300 2567 quam
3330 2497 3587 2560 veritatis,

2000 2597 2230 2652 dilector
2255 2597 2504 2651 inventus
2531 2602 2634 2650 est.
2667 2593 2804 2660 Quid
2844 2594 3004 2647 etiam
3047 2590 3238 2646 Petrus
3283 2589 3592 2659 Hierosoly-

2001 2687 2271 2743 mitanus?
2303 2700 2484 2741 nonne
2511 2685 2723 2758 publica
2755 2683 2944 2739 notitia
2974 2681 3138 2738 refert
3166 2681 3420 2751 quoniam
3465 2695 3595 2734 cou-

2003 2784 2254 2840 venieute
2307 2780 2378 2836 ad
2423 2796 2484 2836 se
2528 2778 2874 2835 multitudine
2924 2777 3336 2841 monachorum,
3387 2775 3595 2844 juratus

2004 2871 2392 2946 pronuntiavit,
2445 2871 2590 2940 quod
2629 2871 2675 2924 si
2719 2871 2840 2938 quis
2894 2869 3067 2924 eidem
3117 2869 3338 2923 decreto
3390 2865 3594 2920 uovitio

2005 2963 2352 3028 consentiret,
2375 2969 2564 3017 contra
2583 2959 3023 3016 Chalcedonense
3051 2959 3336 3028 concilium
3359 2955 3596 3011 faceret?

2008 3069 2109 3110 nec
2138 3063 2316 3108 tamen
2345 3066 2404 3107 se
2425 3051 2492 3106 ab
2513 3049 2628 3119 ejus
2649 3049 3007 3105 consensione
3034 3048 3329 3118 suspendit.
3363 3044 3480 3101 Hoc
3504 3062 3598 3100 au~

2010 3155 2117 3200 tem
2138 3184 2154 3212 ,
2182 3144 2330 3200 velut
2362 3141 2796 3209 htereditarium,
2821 3141 2890 3195 de
2928 3139 3370 3210 praevaricatione
3412 3138 3608 3208 prima

313 3223 480 3278 fuisse
507 3223 803 3292 respondit,
831 3226 974 3294 quod
994 3225 1411 3298 chirographum
1436 3244 1591 3284 suum
1617 3231 1904 3302 reciperet,
1937 3223 1979 3284 C
2011 3237 2152 3292 illius
2193 3236 2434 3292 mulieris
2481 3233 2857 3304 cognoscimus
2903 3247 3024 3288 esse
3070 3239 3430 3298 contractum,
3478 3245 3599 3299 qua:

313 3315 366 3369 si
393 3312 506 3369 lucc
534 3314 808 3371 Romanus
836 3319 1122 3388 episcopus
1143 3337 1251 3376 non
1275 3323 1544 3392 probaret.
1569 3323 1627 3378 lu
1643 3340 1750 3394 quo
1778 3324 1908 3381 satis

319 3406 561 3461 ostendit
605 3407 674 3462 de
712 3407 917 3478 judicio
965 3426 1026 3466 se
1058 3413 1236 3482 potius
1275 3415 1512 3472 humano
1538 3432 1696 3486 quam
1729 3417 1908 3474 divino

317 3512 439 3552 esse
468 3498 778 3554 sollicitum.
807 3500 912 3557 Sed
939 3503 1200 3574 nunquid,
1224 3505 1308 3560 vel
1331 3506 1374 3560 si
1397 3507 1669 3576 propriam
1691 3524 1907 3562 manum

319 3586 566 3644 Romano
611 3591 867 3661 episcOpo
912 3609 1021 3648 non
1067 3595 1332 3664 probante
1378 3598 1628 3668 recipiat,
1671 3599 1910 3669 nihilque

319 3678 396 3732 illi
416 3681 560 3748 quod
591 3682 782 3736 metuit
825 3682 892 3737 de
933 3684 1136 3752 judicio
1183 3683 1419 3742 humano
1463 3691 1757 3758 contingat,
1791 3689 1910 3744 ideo

319 3771 647 3826 sententiam
683 3758 776 3827 Dei
801 3773 1002 3843 judiris
1030 3785 1193 3846 atque
1244 3778 1432 3834 ultoris
1476 3778 1727 3847 eﬁugiet?
1767 3780 1912 3835 Nun-

321 3874 484 3930 quam
508 3862 613 3916 hoc
633 3863 682 3918 ei
711 3864 932 3920 alterius
961 3877 1169 3922 secreta
1194 3869 1418 3938 juratio,
1449 3869 1544 3925 sed
1585 3870 1698 3926 sola
1727 3886 1911 3925 corre-

322 3954 435 4008 ctio
461 3967 557 4007 sua
586 3956 881 4024 praestabit.
914 3956 1093 4014 Semel
1116 3957 1226 4014 Deo
1244 3960 1563 4028 iuravimus,
1596 3961 1911 4030 imperator,

322 4060 446 4100 cum
471 4046 773 4115 baptizandi
807 4048 860 4102 in
901 4057 1074 4104 morte
1103 4046 1193 4103 ﬁlii
1244 4049 1362 4119 ejus
1401 4050 1787 4120 spopondimus
1815 4067 1913 4105 nos

325 4135 447 4189 ﬁdei
475 4151 580 4204 qua
611 4137 798 4191 salvati
827 4153 1033 4202 sumus,
1059 4140 1330 4195 custodire
1352 4140 1675 4210 depositum.
1707 4141 1915 4197 Adver-

323 4243 416 4283 sus
448 4227 588 4281 hanc
618 4228 782 4296 igitur
811 4229 940 4284 dare
981 4229 1063 4285 vel
1109 4231 1354 4301 accipere
1379 4232 1763 4300 jurameutum,
1796 4248 1913 4285 ma-

323 4333 486 4388 gnum
514 4318 733 4389 perjurii
759 4323 962 4376 crimen
986 4331 1089 4378 est.
1117 4322 1249 4376 Nam
1277 4324 1322 4377 si
1353 4324 1510 4378 nimis
1533 4325 1769 4378 terribile
1799 4341 1914 4392 cre-

323 4411 469 4464 ditur
493 4426 613 4465 cum
637 4410 709 4466 ita
736 4427 918 4468 secum
943 4414 1191 4469 homines
1218 4412 1396 4471 fmdus
1443 4416 1630 4471 ineunt
1660 4418 1713 4470 in
1744 4415 1916 4486 jusju-

323 4505 571 4568 randum,
601 4512 661 4558 ut
713 4507 925 4576 aliquos
963 4509 1102 4564 inter
1142 4519 1299 4579 pacta
1353 4512 1616 4581 baptizari
1662 4510 1910 4567 faciant:

2008 3327 2158 3398 prius
2183 3326 2526 3382 interdictum
2568 3324 2671 3380 sibi
2698 3322 2862 3378 fuisse
2890 3322 3186 3392 respondit,
3230 3337 3299 3377 ne
3344 3319 3412 3376 de
3456 3320 3600 3391 ligno

2007 3417 2154 3487 quod
2186 3417 2388 3475 eratin
2425 3415 2604 3472 medio
2641 3414 2873 3486 paradisi
2925 3413 3267 3478 comederet,
3324 3420 3381 3468 et
3416 3421 3614 3482 postea.

2008 3509 2156 3580 quod
2185 3510 2300 3580 ipsa
2327 3509 2573 3565 illicitum
2603 3507 3045 3578 pronuntiaverat
3072 3505 3370 3576 usurpavit,
3400 3521 3460 3560 ac
3489 3505 3604 3559 viro

2011 3609 2069 3654 ut
2096 3599 2404 3656 comederet
2445 3598 2729 3669 persuasit.
2771 3596 2840 3652 Et
2883 3598 3010 3666 quid
3057 3596 3298 3652 dicemus
3348 3594 3414 3648 ad
3460 3595 3603 3647 lucc?

2011 3693 2114 3747 nisi
2143 3691 2288 3762 quod
2331 3690 2445 3761 ipse
2485 3689 2742 3744 Dominus
2784 3687 2918 3742 dixit
2951 3706 2963 3739 :
3003 3685 3366 3740 Verumtamen
3402 3686 3606 3738 veniens

2011 3783 2181 3837 Filius
2211 3783 2459 3841 hominis,
2487 3790 2639 3850 putas
2687 3779 2906 3832 inveniet
2949 3776 3106 3847 ﬁdem
3150 3779 3206 3830 in
3256 3787 3392 3830 terra
3437 3773 3601 3846 (Luc.

2014 3890 2162 3938 XVIII,
2193 3872 2295 3942 8)?
2343 3871 2462 3926 Jam
2514 3885 2644 3925 vero
2673 3871 2741 3924 dc
2767 3869 2992 3922 aliarum
3027 3868 3305 3922 civitatum
3342 3867 3609 3936 episcopis

2015 3963 2146 4036 quid
2177 3964 2482 4032 loquamur,
2511 3961 2602 4029 qui
2631 3967 2687 4014 at
2715 3974 2836 4014 cum
2864 3958 3103 4014 scribere
3130 3958 3602 4027 compellerentur,

2016 4056 2188 4127 palam
2214 4053 2643 4108 reclamaveruut
2670 4060 2857 4105 contra
2886 4062 3136 4118 magnam
3166 4047 3428 4119 synodum
3452 4045 3603 4102 ﬁeri:

2014 4157 2072 4204 et
2100 4155 2223 4219 post
2249 4145 2722 4215 subscriptionem,
2746 4148 3046 4196 memorato
3065 4139 3339 4210 Stephano
3363 4139 3607 4193 Romano

2015 4239 2245 4295 diacono
2284 4237 2496 4292 libellos
2533 4235 2815 4298 dederunt,
2849 4232 2962 4287 sedi
2992 4232 3305 4302 apostolica:
3336 4232 3610 4285 transmit-

2015 4331 2227 4396 tendos,
2255 4327 2576 4385 conﬁtentes
2598 4328 2651 4382 in
2681 4327 2760 4383 eis
2785 4327 2927 4396 quod
2953 4341 2984 4379 a
3010 4324 3610 4394 Constantinopolitano

2017 4425 2274 4494 episc0po
2297 4421 2470 4478 coacti
2497 4419 2924 4483 subscriberent;
2953 4417 3048 4486 qui
3075 4418 3121 4473 si
3152 4433 3180 4470 a
3206 4426 3383 4471 vestra
3410 4417 3612 4487 pietate

2019 4523 2345 4584 quaerantur,
2393 4518 2650 4582 poterunt
2681 4517 2736 4564 et
2779 4509 2920 4579 apud
2953 4525 3046 4564 vos
3075 4509 3273 4563 nostris
3303 4507 3613 4563 assertioni—

322 4595 452 4664 quid
476 4594 542 4649 de
570 4595 660 4650 illo
683 4597 990 4666 juramento
1019 4600 1342 4656 credendum
1372 4611 1454 4656 est
1491 4601 1542 4656 in
1571 4618 1678 4672 quo
1727 4617 1912 4658 sumus
1942 4584 1993 4646 Ῑ)
2020 4608 2118 4660 bus
2147 4604 2414 4660 attestari.
2448 4600 2601 4657 Unde
2626 4616 2734 4656 non
2762 4600 2935 4655 solum
2967 4600 3066 4669 ipsi
3089 4600 3180 4670 qui
3211 4600 3324 4653 lucc
3348 4599 3608 4663 fecerunt,

323 4701 446 4742 cum
478 4687 589 4742 Deo
630 4687 862 4759 depacti,
899 4699 955 4744 et
1000 4707 1097 4746 nos
1147 4695 1238 4762 qui
1282 4693 1578 4762 juravimus
1623 4696 1914 4765 baptizati?

324 4773 427 4831 Sed
460 4786 515 4832 et
535 4779 706 4849 ipsam
734 4781 866 4834 tanti
896 4782 1135 4852 mysterii
1175 4797 1355 4852 quaeso
1399 4785 1709 4840 consideres
1746 4786 1917 4841 actio-

323 4886 484 4925 nem:
517 4874 964 4942 quemadmodum
988 4874 1203 4930 lavacro
1243 4877 1668 4945 regenerationis
1694 4877 1918 4932 abluen-

322 4961 396 5025 di,
433 4963 485 5016 in
505 4973 799 5034 conspectu
820 4965 911 5020 Dei
938 4972 992 5020 et
1017 4974 1326 5021 sanctorum
1353 4968 1663 5037 angelorum
1692 4977 1914 5035 stemus,

325 5055 537 5110 occulta
585 5055 865 5112 dedecoris
909 5055 1146 5112 Ecclesia
1202 5063 1342 5112 teste
1388 5057 1724 5112 datnttantvs.
1775 5059 1916 5114 Nihil

400 5289 426 5317 ι
463 5279 541 5333 Ad
571 5281 712 5334 hunc
741 5279 919 5334 locum
949 5285 1157 5346 spectat
1186 5276 1329 5347 quod
1357 5276 1437 5347 ait
1462 5277 1511 5329 in
1551 5275 1689 5328 libro
1717 5284 1906 5330 contra

323 5351 670 5408 Mutianum:
720 5344 1138 5403 Commentorare
1183 5344 1317 5418 quod
1343 5344 1468 5418 alibi
1513 5347 1777 5418 fecinms,_
1794 5363 1913 5418 quo-

325 5421 483 5477 modo
531 5422 634 5474 sive
676 5419 898 5474 Mentula
938 5415 1558 5486 Constantinopolitanus,
1604 5418 1708 5470 sive
1733 5415 1913 5486 Zoilus

322 5491 748 5553 Alexandrinus,
790 5491 894 5542 sire
932 5484 1285 5542 Amice/tenus
1321 5485 1680 5555 Eplmemius,
1713 5496 1762 5537 et
1808 5484 1913 5538 Pe-

319 5572 441 5618 trus
474 5561 1010 5630 ﬂierosolymitanus,
1045 5567 1319 5628 antequam
1340 5557 1425 5630 uel
1464 5558 1812 5630 consentirent
1842 5555 1917 5630 uel

317 5633 591 5696 cederent,
620 5626 795 5684 testati
839 5637 959 5683 sunt
1008 5629 1123 5698 ﬁeri
1166 5626 1269 5682 non
1313 5628 1513 5681 debere.
1560 5626 1636 5682 De
1671 5627 1751 5680 his
1775 5627 1918 5680 enim

2019 4697 2114 4752 sed
2137 4705 2191 4752 et
2222 4697 2292 4750 illi
2324 4696 2486 4750 etiam
2531 4693 2626 4763 qui
2655 4691 2972 4747 facientibus
3001 4692 3447 4747 comlmmicando
3476 4707 3612 4745 con-

2021 4789 2280 4854 seritiuut,
2303 4788 2370 4842 de
2399 4785 2695 4854 ignorantia
2723 4784 3046 4852 semctipsos
3072 4797 3331 4837 excusare
3357 4797 3461 4836 non
3492 4795 3612 4849 pos-

2023 4888 2167 4943 sunt,
2196 4886 2251 4933 et
2278 4877 2474 4931 frustra
2503 4875 2857 4938 dissimulant,
2889 4875 3086 4928 frustra
3113 4888 3172 4926 se
3192 4873 3378 4926 dicunt
3403 4870 3612 4924 nescire

2023 4972 2165 5040 quod
2199 4972 2393 5026 factum
2443 4979 2550 5037 est,
2596 4971 2710 5023 sive
2751 4969 2896 5022 lucra
2943 4965 3257 5035 temporalia
3304 4962 3610 5031 diligentes,

2021 5063 2134 5116 sive
2172 5061 2337 5128 gratis
2375 5075 2499 5114 suas
2537 5061 2744 5113 animas
2791 5059 3138 5127 negligentes.
3181 5052 3276 5106 Cui
3315 5052 3459 5106 enim
3500 5067 3611 5107 non

2013 5285 2246 5345 quatuor
2295 5275 2486 5330 ordine
2534 5273 2730 5333 docet,
2771 5287 2835 5345 ac
2885 5286 3005 5345 mox
3034 5268 3225 5345 _etiam
3272 5269 3338 5345 de
3395 5270 3606 5345 caeteris

2015 5340 2282 5415 episcOpis
2324 5364 2336 5398 :
2370 5360 2493 5399 nam
2527 5357 2713 5415 omnes
2736 5342 2800 5395 ad
2840 5341 2998 5394 trium
3026 5340 3612 5415 Capitumudam'natio-

2020 5410 2138 5469 IIem
2171 5410 2532 5485 compellebat
2573 5413 2884 5481 imperator,
2930 5427 3050 5465 cum
3080 5410 3614 5485 muneribusAditaret

2019 5481 2400 5550 assentientes,
2453 5485 2782 5538 reluctantes
2819 5491 3198 5536 exauctoraret
3231 5490 3323 5535 aut
3353 5481 3613 5550 plceteret

2022 5556 2233 5620 exsilio,
2268 5566 2326 5610 ut
2353 5564 2433 5610 est
2464 5553 2603 5622 apud
2628 5551 2933 5607 Liberatum
2975 5553 3027 5607 iu
3050 5562 3290 5608 extremo
3320 5550 3609 5607 breviario.

399 5883 417 5916 ’
462 5877 600 5938 Cod.
637 5877 859 5943 ναι-οη..
902 5877 1211 5949 pra-dicatur
1242 5894 1270 5930 a
1296 5874 1482 5949 quibus
1525 5870 1615 5940 sui;
1655 5871 1780 5930 ﬁdei
1816 5867 2085 5925 commisso
2109 5866 2170 5920 de
2197 5864 2324 5935 ﬁdei
2347 5880 2504 5920 causa
2533 5863 2869 5920 decernitur?
