3962 6196
382 434 481 488 6ἓῖ

1465 429 1753 488 FACUiVDl
1799 430 2008 484 EPISC.
2056 428 2553 484 iiERiilANENSlS

3565 402 3664 458 638

383 547 610 604 sollieiat
636 547 701 602 ad
726 559 1158 616 cognoscendum
1190 560 1364 599 causa:
1393 547 1660 611 meritum,
1690 546 1805 601 sola
1842 562 1972 601 con-
2003 550 2050 609 Α
2076 563 2235 616 quam
2284 556 2428 602 tenet
2476 543 2786 601 defensione
2833 537 3144 595 certantes?
3189 534 3345 589 Enim
3393 548 3521 589 vero
3560 532 3663 590 dici

385 640 548 694 fessio
580 648 1061 706 trausgressorum,
1094 644 1149 690 et
1177 637 1353 691 verbis
1400 636 1613 706 publice
1642 638 1780 691 facta
1809 646 1866 691 et
1912 638 1976 691 li—

386 732 541 786 bellis
562 731 843 798 exposita?
871 729 1184 783 Manifestos
1207 729 1405 783 habent
1425 744 1639 783 errores
1664 744 1851 783 eorum
1881 729 1976 800 qui

386 821 763 877 verisimilibus
791 820 1141 888 argumentis,
1171 819 1322 888 quasi
1350 826 1662 873 constanter
1685 833 1777 871 sua
1798 827 1976 872 errata

384 913 716 979 defendunt;
738 922 792 967 et
817 914 917 966 iste
944 912 1045 966 illis
1074 912 1374 980 incognitus
1401 927 1519 967 esse
1559 918 1757 982 potest,
1786 920 1977 970 aucto—

386 1022 506 1061 rum
550 1021 771 1061 suorum
818 1005 1159 1061 confessione
1205 1005 1530 1059 damnatus?
1577 1002 1671 1059 llis
1725 1005 1977 1059 omnibus

387 1097 601 1153 accedit
647 1106 703 1151 et
729 1096 992 1151 confessio
1041 1095 1329 1149 Domitiani
1376 1094 1598 1157 Galatae,
1656 1095 1980 1165 Ancyrensis

390 1194 518 1247 olim
551 1192 811 1263 episc0pi,
862 1206 1023 1259 quem
1072 1190 1375 1245 confessum
1404 1189 1636 1244 diximus
1674 1189 1817 1256 quod
1864 1187 1979 1256 ejus

389 1286 684 1356 complices
730 1282 1033 1351 Origeniani
1082 1283 1150 1336 ad
1212 1281 1469 1336 Ecclesia:
1515 1281 1979 1336 conturbationem

392 1378 493 1431 ista
523 1377 693 1431 moliti
731 1382 875 1429 sunt.
909 1373 1042 1428 Nam
1088 1374 1139 1427 in
1186 1371 1369 1426 libello
1415 1386 1574 1441 quem
1623 1371 1689 1425 ad
1732 1371 1980 1437 Vigilium

391 1465 631 1533 scripsit,
651 1478 989 1532 conquerens
1007 1462 1073 1516 de
1093 1462 1176 1517 his
1192 1460 1281 1529 qui
1302 1460 1744 1515 contradicebant
1767 1459 1983 1528 dogma-

397 1555 539 1609 tibus
558 1552 820 1622 Origenis,
853 1553 1140 1608 asserentis
1168 1552 1374 1607 animas
1402 1553 1663 1606 humanas
1696 1564 1820 1606 ante
1862 1568 1984 1606 cor-

398 1662 531 1719 pora
569 1647 622 1701 iu
652 1646 882 1715 quadam
912 1646 1071 1700 beata
1119 1646 1225 1699 vita
1254 1646 1659 1714 prasexstitisse,
1700 1653 1755 1699 et
1794 1659 1983 1699 omnes

398 1754 517 1809 qua:
538 1737 639 1792 fue.
657 1739 736 1791 int
765 1746 970 1793 aeterno
997 1736 1262 1806 supplicio
1282 1736 1590 1799 destinatae,
1624 1737 1676 1790 in
1705 1738 1982 1807 pristinam

400 1830 784 1885 beatitudinem
835 1845 953 1883 cum
983 1829 1198 1883 diabolo
1239 1836 1295 1883 et
1340 1828 1540 1896 angelis
1589 1828 1704 1897 ejus
1742 1829 1979 1895 restitui;

2078 638 2302 693 forsitan
2332 647 2399 693 ab
2433 638 2540 691 alio
2571 642 2785 705 posset,
2824 630 2968 701 quod
2996 629 3218 700 spiritus
3243 626 3461 695 quidem
3483 640 3665 696 prom-

2078 740 2232 803 ptus,
2277 746 2404 785 caro
2450 737 2628 783 autem
2673 727 2913 787 infirma,
2961 721 3052 775 ditt
3090 719 3359 775 cruciatus
3388 716 3530 772 ferre
3560 732 3667 769 non

2079 816 2300 892 potuit:
2345 828 2403 874 ut
2449 833 2620 889 prona
2664 816 2734 871 sit
2777 812 3158 883 indulgentiam
3200 806 3670 863 succumbentibus

2083 913 2321 967 tribuere
2348 908 2761 979 uniuscujusque
2791 901 3119 961 conscientia
3147 900 3229 956 sui
3258 898 3533 967 fragilitas.
3566 895 3675 951 So-

2078 1003 2157 1057 let
2185 1004 2326 1057 enim
2378 1000 2447 1055 de
2491 998 2738 1055 humanis
2781 995 3064 1057 cordibus,
3113 1006 3215 1062 pro
3254 989 3545 1045 devotione
3588 986 3675 1041 sui

2083 1095 2253 1149 lidelis
2295 1092 2541 1160 exordii,
2580 1090 2623 1145 si
2670 1104 2780 1143 non
2832 1091 3139 1158 perseveret
3178 1096 3347 1151 usque
3391 1080 3445 1134 in
3476 1080 3671 1145 linem,

2081 1186 2293 1239 veniam
2324 1180 2735 1253 pusillanimitas
2772 1179 3080 1248 impetrare.
3109 1172 3217 1227 Sed
3261 1173 3313 1225 in
3361 1170 3463 1225 hac
3507 1182 3676 1223 causa

2082 1275 2209 1345 quid
2241 1274 2454 1328 tandem
2486 1278 2663 1342 potest
2691 1266 3051 1324 excusationis
3079 1262 3297 1319 obtendi
3317 1264 3342 1315 ἴ
3369 1259 3676 1315 Praesertim

2083 1380 2203 1420 cum
2229 1372 2406 1420 vestra
2428 1362 2733 1423 clementia,
2761 1358 2843 1413 sui
2868 1353 3207 1424 cognomenti
3232 1366 3338 1407 non
3364 1351 3673 1413 immemor,

2083 1457 2136 1511 in
2166 1456 2294 1526 ipsis
2322 1468 2539 1524 quoque
2567 1447 3057 1507 contradicentibus
3096 1443 3198 1498 sibi
3236 1439 3502 1496 hmreticls
3542 1437 3675 1493 nihil

2083 1548 2255 1616 egerit
2284 1545 2653 1600 inclementer.
2702 1540 2757 1594 Si
2809 1537 2934 1607 quid
2964 1536 3128 1604 igitur
3171 1531 3241 1587 ob
3270 1530 3409 1584 hanc
3454 1541 3675 1584 causam

2083 1638 2275 1708 aliquis
2303 1634 2616 1706 pertulerit,
2648 1631 2859 1686 illorum
2909 1626 3079 1695 magis
3111 1632 3191 1678 est
3234 1620 3512 1675 invidiosis
3546 1632 3676 1687 sug-

2085 1731 2413 1803 gestionibus
2451 1724 2852 1797 imputandum,
2879 1720 2972 1789 qui
3012 1715 3409 1772 dissimulantes
3436 1710 3505 1765 ab
3525 1711 3678 1779 aliis,

2087 1839 2251 1879 unum
2303 1823 2404 1877 sibi
2456 1819 2630 1876 solum
2676 1814 3048 1872 contradicere
3078 1806 3460 1879 querebantur.
3514 1801 3677 1869 Quasi

400 1921 528 1976 dicit
554 1921 713 1973 etiam
746 1921 858 1974 hunc
886 1938 899 1974 :
930 1939 948 1970 ι
986 1919 1349 1973 Prosiluerunt
1374 1894 1987 1974 adauatliematizandos
2018 1922 2063 1982 Β
2090 1931 2220 1971 vero
2267 1929 2374 1968 non
2414 1911 2628 1973 statim,
2664 1915 2721 1962 ut
2758 1902 3036 1961 meditatio
3076 1898 3199 1954 facti
3232 1896 3388 1965 hujus
3417 1894 3677 1961 innotuit,

400 2012 771 2068 sanctissimos
816 2020 871 2065 et
899 2010 1317 2078 gloriosissimos
1354 2008 1638 2077 doctores,
1687 2009 1785 2063 sub
1827 2024 1986 2065 occa-

401 2103 553 2156 sione
591 2117 779 2157 eorum
819 2115 939 2169 qua:
975 2099 1045 2155 de
1090 2100 1484 2168 przeexistentia
1538 2107 1595 2153 et
1650 2100 1988 2155 restitutione

401 2202 550 2248 mota
596 2201 739 2257 sunt,
769 2191 1099 2261 dogmatum,
1130 2190 1230 2245 sub
1265 2190 1444 2260 specie
1470 2190 1685 2259 quidem
1723 2188 1984 2261 Origenis,

404 2299 593 2340 omnes
640 2292 820 2339 autem
856 2283 947 2351 qui
1000 2290 1127 2337 ante
1165 2298 1288 2337 eum
1333 2290 1389 2337 et
1443 2291 1565 2351 post
1615 2298 1736 2337 eum
1777 2282 1991 2338 fuerunt

401 2384 618 2430 sanctos
645 2375 1181 2429 anathematilantes.
1218 2373 1281 2427 ili
1314 2388 1444 2427 vero
1470 2375 1560 2441 qui
1600 2381 1994 2442 proposuerant

403 2466 708 2535 huiusmodi
733 2465 929 2532 dogma
960 2464 1272 2528 defendere,
1303 2463 1355 2517 id
1403 2462 1627 2532 implere
1656 2463 1802 2517 nullo
1831 2463 1990 2517 tnodo

405 2559 690 2613 voluerunt
720 2572 734 2608 :
767 2555 861 2609 sed
893 2555 1051 2608 talem
1100 2554 1463 2621 relinquentes
1490 2552 1831 2619 conﬂictum,
1870 2568 1994 2607 con-

404 2652 542 2703 versi
572 2656 700 2703 sunt
729 2655 788 2700 ut
815 2654 1096 2701 moverent
1123 2644 1382 2699 adversus
1406 2643 1747 2698 Theodorum
1778 2644 1865 2712 qui
1897 2640 1996 2699 fuit

406 2740 816 2811 Mopsuestenus
861 2738 1179 2805 episcOpus,
1239 2743 1294 2790 et
1338 2734 1516 2796 moliri
1553 2744 1830 2803 «aperiunt
1862 2748 1994 2803 qua-

411 2840 569 2887 tenus
599 2827 1147 2882 anathematizaretur
1169 2833 1226 2880 et
1254 2824 1363 2888 ille,
1397 2824 1463 2878 ad
1510 2824 1882 2888 abolitionem,
1938 2833 1996 2878 ut

410 2920 689 2991 putabant,
718 2933 902 2973 eorum
933 2931 1053 2987 quae
1080 2925 1267 2971 contra
1297 2915 1580 2985 Origenem
1618 2924 1762 2971 mota
1793 2917 1994 2971 consti-

412 3018 627 3064 tuerant
661 3012 699 3063 ι.
734 3028 753 3061 ι
816 3006 915 3064 Bis
961 3017 1139 3063 autem
1170 3007 1541 3073 consideratis,
1582 3007 1998 3062 clementissime

408 3104 720 3172 imperator,
751 3102 870 3172 quis
899 3118 1008 3156 non
1036 3101 1297 3170 intelligat
1345 3099 1622 3170 quoniam,
1658 3098 1701 3152 si
1738 3097 1999 3152 Ecclesia-

407 3209 530 3251 rum
572 3193 829 3263 primates
874 3207 1101 3261 quorum
1147 3190 1513 3247 confessiones
1558 3189 1993 3252 memoravimus,

2090 2005 2407 2062 Christianae
2429 2001 2599 2072 plebis
2637 1995 2860 2054 oﬂendit
2887 1992 3156 2055 auditum,
3199 1996 3259 2043 ut
3286 2001 3424 2040 unus
3452 1986 3555 2038 hoc
3589 1997 3677 2037 vo-

2090 2098 2252 2153 luisse
2286 2095 2307 2127 ⁸
2341 2095 2517 2150 facere
2548 2090 2837 2152 diceretur,
2870 2094 3123 2152 tanquam
3155 2092 3359 2147 magna:
3406 2083 3462 2131 et
3499 2074 3678 2141 singu-

2092 2190 2217 2245 laris
2239 2195 2382 2242 esset
2399 2183 2638 2255 justitix,
2668 2195 2773 2235 non
2797 2176 3157 2232 condemnare
3177 2176 3259 2223 tot
3279 2162 3617 2221 venerabiles
3636 2160 3682 2228 ⁵,

2092 2279 2181 2349 qui
2209 2284 2394 2332 contra
2423 2270 2860 2329 Chalcedonense
2895 2262 3180 2319 concilium
3208 2260 3311 2312 hoc
3341 2254 3455 2309 ﬁeri
3481 2266 3681 2321 cogno-

2090 2344 2311 2433 verunt,
2350 2366 2634 2436 palamque
2673 2356 2923 2415 detestati
2961 2360 3086 2409 sunt
3116 2353 3158 2405 ⁸.
3196 2348 3298 2415 Qui
3336 2356 3518 2401 tamen
3561 2344 3681 2399 sub.

2092 2460 2420 2529 scripserunt
2446 2450 2846 2509 deﬁnitionibus
2882 2444 3005 2502 libri
3044 2445 3095 2497 in
3143 2457 3250 2513 quo
3298 2438 3502 2492 dictum
3549 2442 3680 2489 est:

2102 2569 2119 2602 ι
2151 2525 2216 2604 Si
2236 2548 2354 2617 quis
2378 2546 2507 2600 dicit
2534 2544 2648 2597 haec
2675 2555 2775 2595 nos
2796 2536 2865 2592 ad
2892 2532 3184 2591 abolendos
3206 2538 3297 2584 aut
3318 2525 3682 2583 excludendos

2090 2616 2311 2698 sanctos
2352 2638 2544 2693 Patres
2572 2634 2665 2704 qui
2694 2634 2747 2687 in
2787 2624 3217 2685 Chalcedonensi
3245 2621 3396 2676 fuere
3426 2616 3683 2686 concilio,

2094 2735 2324 2799 dixisse,
2366 2730 2648 2786 anathema
2685 2727 2782 2790 sit;
2822 2744 2841 2776 ι
2887 2730 3050 2789 atque
3088 2719 3162 2772 ita
3189 2713 3508 2782 semetipsos
3551 2724 3685 2763 ana-

2094 2828 2277 2882 thema
2307 2824 2567 2885 fecerunl,
2599 2818 2690 2888 qui
2719 2816 2958 2871 dicentes
2977 2810 3233 2865 adversus
3260 2812 3477 2859 sanctos
3498 2798 3688 2854 Patres

2096 2923 2186 2994 qui
2227 2923 2280 2976 in
2322 2912 2746 2974 Chalcedonensi
2790 2908 2939 2964 fuere
2977 2900 3226 2965 concilio,
3258 2900 3373 2955 hrcc
3403 2910 3522 2953 esse
3544 2908 3685 2949 con-

2096 2980 2318 3083 scripta,
2350 3014 2714 3071 assenserunt,
2745 3010 2803 3057 ut
2831 3001 2873 3055 si
2896 2998 3014 3069 quis
3043 2997 3147 3050 hoc
3174 2991 3325 3055 dicit,
3352 2985 3444 3041 ﬂat
3464 2980 3688 3039 anathe-

2097 3075 2220 3158 ma.’
2248 3075 2402 3170 Quod
2430 3101 2474 3155 si
2507 3099 2613 3153 hoc
2657 3097 2818 3150 etiam
2860 3106 2968 3145 non
3011 3086 3232 3151 fuisset,
3262 3075 3501 3150 nunquid
3544 3075 3689 3131 inter

2097 3166 2331 3251 canones
2361 3199 2522 3259 atque
2550 3194 2749 3242 statuta
2774 3182 2967 3252 quibus
2997 3178 3063 3232 de
3084 3175 3247 3230 rebus
3277 3169 3470 3226 divinis
3499 3166 3689 3222 decer-

412 3301 509 3356 pro
532 3288 757 3341 veritate
786 3293 1111 3343 constarent.
1148 3282 1306 3338 facile
1333 3282 1402 3337 de
1431 3282 1584 3336 vobis
1615 3292 1836 3351 possent
1864 3280 1998 3334 obti—
2026 3308 2069 3367 C
2100 3288 2264 3351 nitur,
2304 3254 2491 3336 habe-ri
2521 3279 2700 3340 debet,
2734 3283 2792 3329 ut
2836 3272 2881 3328 si
2911 3269 3031 3339 quis
3060 3265 3129 3321 de
3158 3260 3544 3329 οοηεοτίβιοτθν
3568 3254 3690 3326 (μί’

2863 3362 2932 3367 -_-
3152 3356 3166 3367 .
3406 3345 3689 3367 _--J=.-_,.

414 3391 544 3431 nere
572 3393 638 3431 ne
661 3375 827 3440 ﬁeret,
860 3374 1005 3444 quod
1034 3374 1227 3429 frustra
1258 3388 1339 3440 se,
1367 3388 1477 3428 non
1501 3372 1779 3426 voluntate
1808 3372 2000 3428 fecisse

414 3474 718 3521 causantur.
751 3465 912 3530 Quasi
957 3480 1085 3519 vero
1117 3474 1338 3534 propter
1380 3465 1484 3519 hoc
1539 3472 1743 3517 tantum
1771 3461 2001 3517 ordinati

416 3573 598 3615 sumus
623 3557 883 3626 episcopi,
917 3565 975 3610 ut
1002 3556 1237 3610 ditemur
1262 3556 1561 3626 principum
1593 3554 1768 3620 donis,
1797 3562 1853 3609 et
1879 3569 2000 3610 cum

418 3650 493 3704 eis
516 3650 655 3703 inter
676 3650 966 3703 maximas'
990 3655 1286 3719 potestates
1310 3648 1716 3710 eonsuleamus,
1749 3656 2001 3716 tanquam

416 3740 581 3795 divini
611 3739 899 3795 sacerdotii
928 3739 1217 3809 privilegiis
1247 3738 1360 3793 fulti
1388 3757 1400 3791 :
1437 3739 1608 3792 sicubi
1639 3747 1819 3792 autem
1861 3738 2006 3792 faila-

418 3833 518 3889 ciis
558 3832 917 3901 malignorum
958 3847 1077 3901 quae
1119 3833 1276 3887 nullis
1324 3832 1651 3901 temporibus
1700 3831 2000 3895 defuerunt,

416 3923 617 3992 aliquid
647 3923 726 3976 eis
754 3923 896 3976 inter
933 3929 1108 3977 tantas
1147 3922 1457 3992 reipublic-te
1487 3938 1595 3977 sua:
1628 3937 1785 3977 Gttrus
1826 3924 2004 3976 suine-

418 4021 566 4084 ptum
623 4012 821 4078 fuerit,
876 4012 1022 4082 quod
1073 4012 1327 4068 Ecclesia:
1382 4012 1475 4069 Dei
1529 4012 1861 4082 prmjudieet,
1920 4012 2006 4067 vel

419 4102 673 4159 Ecclesia:
703 4118 888 4172 pacem
920 4104 1100 4158 turbet
1125 4120 1137 4154 :
1164 4118 1271 4157 non
1308 4104 1387 4157 eis
1416 4103 1706 4157 debeaunts
1734 4118 1831 4171 pro
1872 4103 2007 4172 ipso-

420 4210 537 4250 rum
574 4194 747 4250 salute
775 4208 894 4262 qua:
919 4202 1043 4247 sunt
1073 4207 1197 4246 vera
1224 4206 1530 4260 suggerere,
1586 4201 1642 4245 et
1687 4192 1731 4245 si
1787 4206 2007 4249 necesse

420 4285 602 4351 fuerit,
648 4285 923 4352 religionis
963 4284 1286 4338 auctoritate
1322 4283 1594 4346 resistere,
1633 4297 1697 4336 ac
1742 4283 2009 4351 patienter

422 4375 773 4431 offensionem
802 4391 1016 4445 quoque
1064 4374 1299 4440 illorum,
1328 4374 1373 4427 si
1422 4375 1692 4439 acciderit,
1722 4376 2005 4429 sustinere.

424 4465 489 4517 Et
518 4466 603 4519 ubi
633 4467 737 4519 erit
766 4466 894 4520 illud
942 4465 1353 4537 propheticum:
1380 4463 1651 4529 Loquebar
1702 4468 1753 4519 in
1790 4467 2011 4537 testimo-

424 4556 522 4608 niis
549 4555 649 4608 tuis
666 4556 717 4609 in
738 4567 1009 4625 conspectu
1032 4572 1231 4625 regum,
1254 4566 1426 4609 etnon
1457 4555 1810 4627 confundebar
1833 4530 2003 4623 (Psal.

2102 3345 2315 3446 cunque
2354 3372 2423 3426 sit
2451 3379 2543 3424 aut
2584 3368 2817 3429 dicatur,
2862 3362 3003 3417 illius
3046 3356 3169 3411 libri
3199 3352 3356 3408 aliter
3397 3345 3692 3403 crediderit

2102 3436 2261 3538 quam
2285 3464 2397 3520 vult
2426 3464 2539 3533 ipse
2565 3457 2919 3527 conscriptor,
2953 3448 3238 3505 anathema
3266 3444 3336 3498 sit
3356 3439 3499 3494 velut
3518 3436 3693 3490 haste-

2106 3563 2260 3623 ticus,
2292 3571 2415 3614 cum
2456 3553 2502 3610 si
2528 3551 2809 3605 videbatur
2839 3547 2911 3599 ita
2954 3539 3169 3597 decerni
3199 3551 3263 3591 ac
3292 3532 3401 3588 dici
3424 3527 3695 3595 debuerit,

2110 3660 2165 3705 ut
2194 3618 2477 3704 anathema
2508 3644 2685 3703 fieret,
2719 3639 2761 3693 si
2792 3637 2910 3709 quis
2939 3633 3007 3688 ad
3036 3626 3335 3685 abolendos
3386 3629 3479 3676 aut
3507 3618 3697 3674 exelu-

2105 3740 2311 3795 tlendos
2354 3743 2569 3791 sanctos
2614 3729 2799 3783 Patres
2841 3725 2932 3795 qui
2977 3725 3030 3778 in
3077 3714 3502 3777 Chalcedonensi
3543 3712 3697 3767 fuere

2107 3829 2357 3894 concilio,
2379 3825 2456 3880 eis
2484 3835 2601 3891 qute
2621 3820 2674 3873 in
2703 3822 3002 3872 memorato
3032 3812 3167 3865 libro
3196 3807 3340 3862 dicta
3368 3812 3492 3859 sunt
3514 3813 3698 3856 utere

2106 3935 2212 3977 tur.
2246 3920 2398 3973 Nunc
2439 3925 2646 3977 autem,
2694 3926 2761 3965 ne
2801 3907 2921 3977 quis
2953 3902 3146 3958 talibus
3193 3898 3349 3953 dictis
3378 3894 3696 3959 resisteret,

2110 4014 2359 4069 omnibus
2387 4006 2722 4064 interdicitur
2746 4000 2898 4071 queri
2925 4017 2937 4052 :
2966 3997 3041 4051 uti
3071 4009 3202 4049 vero
3231 3992 3311 4047 eis
3339 3990 3407 4045 ad
3428 3986 3697 4044 exclusio-

2112 4122 2232 4161 nem
2258 4109 2455 4159 sancta:
2482 4096 2692 4170 synodi,
2724 4094 2853 4149 nulli
2884 4097 3127 4159 negatur.
3160 4085 3359 4164 Verum
3382 4080 3529 4151 quia,
3557 4076 3702 4133 sicut

2110 4196 2561 4270 pnedixeramus,
2622 4197 2730 4241 tam
2778 4183 3061 4254 epistolam
3114 4173 3437 4231 venerabilis
3485 4170 3591 4225 ibas
3645 4174 3701 4224 et

2110 4262 2436 4346 :I‘heodoreti
2465 4284 2663 4353 scripta
2695 4294 2854 4348 quam
2878 4271 3149 4329 Theodori
3183 4269 3406 4337 ejusque
3445 4262 3702 4331 dogmata

2112 4383 2165 4435 in
2207 4375 2575 4449 prmjudicium
2620 4368 2809 4441 synodi
2851 4358 3308 4419 Chalcedonensis
3352 4353 3701 4449 probavimus

2112 4441 2231 4524 esse
2255 4441 2507 4521 damnata
2542 4479 2571 4523 ιΔ
2589 4459 2717 4515 illud
2743 4458 2929 4522 etiam,
2954 4451 3098 4522 quod
3128 4445 3366 4503 secundo
3393 4441 3699 4513 partitionis

2114 4560 2234 4613 loco
2274 4554 2632 4626 promisimus,
2667 4550 2769 4603 hoc
2797 4542 3068 4601 volumine
3096 4538 3382 4594 terminato
3405 4535 3516 4605 jam
3544 4531 3704 4587 debe-

425 4661 605 4711 cxvtu,
638 4646 768 4714 46)?
800 4648 897 4701 nisi
924 4648 1061 4702 forte
1090 4658 1334 4717 pastores
1359 4624 1574 4717 Quideni
1606 4648 1671 4701 ad
1701 4649 1784 4703 lae
1811 4659 1866 4702 et
1896 4649 2005 4701 vel-
2041 4680 2085 4735 υ
2116 4665 2235 4705 mus
2276 4624 2585 4702 ostendere.
2627 4640 2893 4708 Quoniam
2937 4635 3135 4689 frustra
3180 4639 3407 4698 negatur
3452 4624 3705 4681 eamdem

425 4742 561 4805 Iura,
586 4740 654 4793 ad
681 4742 998 4795 avertendus
1026 4757 1155 4795 vero
1187 4741 1438 4811 luporum
1466 4742 1687 4796 insidias
1725 4750 1780 4796 et
1811 4743 2005 4797 tuenda

425 4830 583 4885 ovilia
600 4872 617 4897 ,
655 4830 983 4887 desertores.

493 4919 628 4986 Quid
672 4920 815 4975 enim
838 4920 951 4990 jam
976 4922 1116 4991 passi
1146 4921 1373 4988 fuimus,
1397 4921 1479 4975 vel
1508 4921 1633 4988 quid
1664 4922 1773 4991 pati
1804 4922 1870 4975 ab
1902 4922 2001 4974 im-

426 5020 674 5080 peratore
723 5010 1024 5066 Christiano
1076 5010 1380 5075 timuimus,
1437 5025 1536 5079 pro
1582 5010 1823 5079 ejusdem
1880 5008 2003 5064 ﬁdei

500 5221 513 5248 ³
554 5218 686 5273 Cod.
708 5220 909 5274 Veron.
944 5230 999 5275 et
1029 5237 1127 5283 ms,
1162 5223 1517 5274 ronstiterant.

496 5291 516 5361 ξ
548 5286 697 5361 idem
728 5291 873 5361 cod.,
906 5293 1160 5346 maximas
1184 5295 1256 5345 rel
1279 5308 1435 5361 supra
1464 5290 1741 5343 maximas.

498 5357 519 5387 ³
548 5355 691 5427 idem
723 5360 870 5427 cod.,
896 5363 1137 5416 noluisse.

497 5427 520 5457 ⁸
547 5421 691 5480 Idem
714 5421 867 5493 cod.,
886 5432 1198 5487 venerabiles
1230 5430 1437 5496 Patres,
1468 5446 1580 5484 cum
1604 5439 1651 5483 el
1677 5427 1801 5498 ipsi,
1830 5442 2008 5496 quem-

2115 4742 2395 4812 epistolam
2426 4756 2451 4790 a
2482 4735 2689 4807 synodo
2714 4732 2877 4786 fuisse
2899 4727 3212 4799 probatam;
3231 4719 3328 4777 sed
3353 4715 3696 4812 Eutychiani,

2113 4804 2172 4886 ut
2193 4830 2348 4884 nobis
2376 4804 2681 4889 iliuderent,
2711 4823 2815 4876 hoc
2835 4815 3168 4875 mendacium
3190 4825 3288 4881 per
3306 4822 3435 4865 suos
3456 4804 3692 4863 canina.

2112 4939 2239 4979 vere
2266 4922 2522 4976 fautores.

2112 5212 2388 5265 admodum
2418 5210 2610 5262 dictum
2657 5214 2766 5271 est,
2819 5211 2877 5258 ut
2919 5202 3022 5256 sint
3068 5192 3472 5262 inexcusabiia,
3518 5200 3709 5245 ωιιω

2116 5281 2546 5342 Chalcedonense,
2577 5286 2683 5332 etc.

2187 5358 2207 5387 ³
2233 5350 2378 5405 idem
2405 5348 2550 5413 cod.,
2584 5346 2757 5402 testati
2785 5350 2927 5400 sunt.
