3878 6194
201 358 301 416 629

204 507 2816 532 mm

1086 365 1220 422 PRO
1262 365 1693 425 DIZFENSIONE
1733 369 1947 426 TRIUM
1992 371 2306 427 CAPI‘I‘L'L.
2349 373 2476 428 LIB.
2516 371 2576 428 ν.

3375 383 3481 439 630

1352 618 1692 702 LIBER
1745 620 2315 730 QUINTUS.

678 811 908 871 CAPUT
943 815 1225 874 Ριιιιιυιι.

187 923 330 992 Quod
369 923 643 1002 epistolam
691 924 802 1002 Iba:
831 928 1173 985 orthodoxam
1221 949 1396 986 revera
1430 937 1775 1002 pronuntiarit

247 1001 479 1074 quodiis
511 994 967 1074 Chalcedonensis,
999 1003 1234 1074 falsoque
1273 994 1449 1058 dicunt
1493 1009 1777 1062 adt'ersarii

250 1068 311 1118 ab
334 1082 398 1119 ea
425 1084 526 1121 non
566 1069 724 1138 fuisse
749 1068 1061 1142 susceptain.

247 1198 469 1254 Intende
525 1216 689 1270 nunc,
723 1204 1143 1276 Auguste,quam
1190 1210 1469 1266 manifesta
1510 1221 1565 1268 et
1595 1215 1776 1269 multi-

183 1290 298 1359 plici
344 1293 558 1348 ratione
587 1295 690 1350 hoc
721 1297 881 1350 etiam
915 1300 1337 1369 demonstretur,
1378 1305 1520 1374 quod
1549 1321 1780 1375 sequen-

183 1393 258 1438 ter
278 1398 362 1436 me
392 1383 886 1442 demonstraturum
909 1403 1031 1443 esse
1056 1392 1298 1459 promisi,
1319 1396 1569 1462 quoniam
1601 1397 1774 1454 hatre-

181 1474 403 1528 ticornm
429 1474 665 1531 fautores
682 1487 871 1546 aperto
901 1481 1180 1536 mendacio
1203 1499 1299 1537 nos
1323 1485 1572 1555 decipere
1595 1489 1780 1546 volue-

183 1578 331 1632 runt,
366 1578 424 1621 ut
447 1569 694 1624 dicerent
725 1571 1003 1639 epistolam
1034 1575 1358 1632 venerabilis
1389 1577 1492 1632 Iba:
1520 1595 1549 1632 a
1593 1581 1777 1635 conci-

181 1657 246 1714 lio
287 1660 718 1716 Cbalcedunensi
763 1671 789 1700 ι
835 1677 940 1719 non
967 1666 1132 1722 fuisse
1170 1679 1497 1737 susceptam.
1527 1671 1624 1727 Ubi
1650 1672 1775 1727 dum

177 1750 514 1817 recitaretur,
554 1768 619 1808 ex
667 1757 1094 1824 prmceileutibus
1125 1760 1312 1826 gestis,
1340 1761 1478 1830 apud
1513 1777 1772 1818 reveren-

181 1843 406 1898 tissimos
473 1843 725 1899 Photium
769 1854 824 1901 et
876 1847 1244 1918 Eustachium,
1301 1860 1461 1920 atque
1518 1853 1773 1907 Uranium

179 1936 455 2006 episcopos
503 1938 717 2005 habitis,
769 1955 892 2009 quae
939 1951 1128 1996 contra
1177 1955 1536 2000 memoratum
1567 1947 1779 2014 episco-

173 2038 293 2099 ‘pum
325 2030 474 2085 ibam
519 2033 820 2101 protulerat
870 2031 1207 2103 Theophilus
1234 2035 1516 2102 diaconus,
1549 2039 1636 2107 qui
1661 2037 1777 2109 ejus

179 2120 510 2176 adversarius
565 2123 833 2178 existebat
876 2125 1280 2181 considentibus
1330 2128 1620 2198 episcopis,
1655 2129 1774 2186 talis

1798 830 1847 887 Α
1877 822 2211 891 iactaverunt
2255 823 2401 893 quod
2450 839 2480 878 a
2526 840 2720 895 magno
2766 827 2997 883 concilio
3058 842 3308 900 suscepta
3367 851 3490 889 non

1890 914 2067 980 fuerit,
2108 929 2228 968 cum
2275 915 2326 968 in
2373 929 2438 970 eo
2481 916 2784 972 rursus'ita
2826 921 3226 988 pronuntiatum
3255 926 3484 981 noverit

1889 1021 2054 1060 mus:
2094 1024 2114 1058 ι
2161 1007 2237 1061 Ex
2281 1006 2363 1062 his
2415 1023 2535 1077 quin
2581 1024 2750 1079 nuper
2797 1010 2936 1066 lecta
2984 1022 3107 1068 sunt
3160 1014 3359 1071 clarum
3395 1030 3475 1072 est

1884 1101 2005 1168 quia
2039 1100 2510 1156 reverentissimus
2558 1101 2675 1156 lbas
2707 1103 2966 1160 innocens
3003 1113 3086 1161 est
3127 1107 3195 1161 ab
3225 1109 3475 1163 omnibus

1859 1205 2002 1260 'qure
2029 1191 2078 1246 ei
2125 1191 2270 1246 illata
2315 1201 2458 1257 sunt,
2507 1201 2561 1248 et
2604 1209 2670 1249 ex
2713 1195 2912 1252 relecto
2950 1200 3209 1269 rescripto
3239 1202 3476 1271 epistola:

1883 1281 2026 1352 quod
2075 1281 2336 1352 prolatum
2388 1293 2470 1338 est
2497 1284 2567 1340 ab
2617 1286 2735 1354 ejus
2791 1288 3124 1357 adversario,
3175 1293 3474 1347 orthodoxa

1880 1375 2129 1446 apparuit
2177 1375 2298 1445 ejus
2349 1376 2591 1433 dictatio.
2640 1398 2658 1431 ι
2719 1378 2963 1448 Nunquid
3023 1396 3154 1454 ergo
3215 1385 3474 1440 adversus

1882 1467 2014 1523 istas
2031 1468 2461 1524 evidentissimus
2487 1485 2648 1538 super
2667 1471 2951 1540 epistolam
2977 1485 3322 1528 memoratam
3354 1491 3476 1531 sen-

1883 1561 2100 1627 tentias,
2144 1575 2265 1615 cum
2309 1570 2428 1630 post
2463 1562 2581 1631 ejus
2612 1562 3114 1618 condemnationem
3146 1566 3475 1634 exprobrare

1881 1652 2038 1706 nobis
2073 1651 2334 1720 cmperint
2361 1652 2618 1716 haeretici,
2655 1654 2796 1722 quod
2820 1656 3098 1720 epistolam
3128 1667 3312 1711 nostro
3332 1655 3475 1726 judi-

1879 1745 1966 1800 cio
2015 1745 2385 1801 Nestorianam
2413 1744 2651 1816 synodus
2675 1745 3131 1805 Chalcedonensis
3163 1753 3476 1822 pronuntia-

1880 1839 1954 1892 vit
2009 1837 2388 1905 orthodoxam,
2449 1853 2730 1908 possemus
2775 1841 2957 1898 dicere
3015 1841 3205 1898 falsum
3237 1859 3378 1909 esse,
3422 1853 3493 1900 et-

1879 1933 2184 1988 econtrarin
2205 1933 2602 2000 demonstrare,
2622 1936 2761 2004 quod
2780 1952 2896 1992 eam
2921 1937 3032 2008 ipsa
3055 1953 3266 2009 quoque
3287 1955 3474 2010 repro-

1880 2024 2085 2078 baverit
2105 2034 2268 2094 atque
2282 2026 2660 2081 damnaverit?
2684 2027 2937 2084 Advertis
2957 2030 3132 2100 igitur,
3157 2031 3488 2101 imperator,

1879 2118 2020 2188 quod
2085 2117 2286 2172 inimici
2343 2119 2567 2189 justitize
2621 2119 2846 2176 illudere
2894 2123 3166 2177 voluerint
3217 2123 3478 2180 Ecclesia

159 2213 250 2264 est
269 2211 390 2267 data
420 2217 719 2269 sententia:
747 2231 765 2266 ι
789 2214 1153 2285 Cognovimus
1166 2233 1230 2273 ex
1246 2220 1508 2274 sententia
1522 2236 1776 2277 reveren-

1881 2209 2103 2277 CliriSti,
2133 2220 2189 2265 et
2215 2223 2445 2265 avocare
2488 2224 2584 2264 nos
2612 2224 2640 2264 a
2671 2211 2846 2267 veraci
2887 2215 3208 2281 assertione,
3247 2228 3348 2284 qua
3381 2214 3473 2270 de-

183 2301 504 2355 tissimorum
525 2307 899 2373 episcoporum
917 2304 945 2343 ιδ
965 2305 1108 2360 lbam
1135 2309 1628 2365 reverentissimum
1652 2311 1767 2381 epi-

175 2405 386 2461 scopum
407 2395 685 2449 innoxium
709 2397 1155 2454 demonstratum.
1175 2399 1334 2455 Lecta
1358 2402 1500 2456 enim
1527 2402 1644 2473 ejus
1675 2405 1778 2474 cpi-

177 2484 326 2549 snila,
368 2487 725 2554 cognovimus
753 2503 875 2542 eum
920 2503 1041 2544 esse
1079 2490 1462 2558 orthodoxam,
1494 2503 1548 2546 et
1577 2493 1647 2547 ob
1677 2493 1778 2550 hoc

179 2575 318 2631 decet
333 2579 542 2645 nimus,
571 2590 625 2634 et
657 2581 916 2636 honorem
948 2582 996 2636 ei
1021 2583 1378 2652 episcopatus,
1409 2591 1463 2638 et
1485 2583 1774 2642 Ecclesiam

171 2668 234 2723 de
270 2685 374 2738 qua
429 2672 627 2741 injuste
657 2681 712 2728 et
737 2674 933 2729 absens
970 2675 1229 2743 expulsus
1258 2685 1362 2742 est,
1396 2676 1710 2732 instaurari.
1750 2696 1770 2730 ι

180 2762 324 2816 Vides
381 2764 655 2834 quomodo
703 2766 856 2821 nobis
924 2766 1163 2822 haeretici
1219 2783 1314 2838 per
1341 2783 1470 2823 suos
1515 2769 1776 2826 satellites

171 2853 452 2911 voluerunt
480 2857 728 2924 illudere,
771 2867 828 2914 ut
856 2857 995 2912 hanc
1027 2859 1308 2929 epistolam
1334 2859 1605 2930 jactarcnt
1655 2874 1774 2916 sus-

170 2957 370 3014 ceptam
406 2963 436 2999 a
463 2948 690 3002 concitio
723 2963 829 3002 non
871 2949 1064 3015 fuisse;
1092 2965 1213 3004 cum
1237 2951 1410 3020 palam
1441 2950 1510 3004 sit
1541 2951 1682 3020 quod
1708 2967 1771 3006 ex

169 3039 276 3104 ejus
307 3039 546 3094 lectione
572 3040 915 3108 conscriptor
945 3041 1062 3109 ejus
1087 3041 1203 3095 "J85
1222 3041 1470 3098 innoxius
1498 3053 1553 3098 et
1580 3041 1772 3097 ortho-

171 3129 327 3184 tloxus
360 3131 436 3183 ab
461 3147 524 3186 ea
574 3131 733 3186 fuerit
757 3131 1055 3202 judicatus,
1085 3141 1142 3189 et
1166 3133 1236 3188 ob
1279 3132 1381 3189 hoc
1407 3149 1528 3189 eum
1571 3143 1626 3189 et
1676 3132 1775 3188 hoc

169 3234 346 3274 norem
382 3222 749 3290 episcopatus,
775 3231 832 3278 ct
877 3223 1174 3279 Ecclesium
1219 3225 1462 3294 recipere
1516 3225 1772 3282 decreve-

172 3312 286 3374 rint,
317 3301 405 3366 ide
454 3328 556 3381 qua
591 3311 788 3383 injuste
838 3313 939 3368 fuit
984 3317 1258 3383 expulsus.
1311 3314 1566 3370 Scierunt
1613 3316 1773 3387 igitur

169 3401 426 3460 Ecclesiae
453 3406 708 3476 pietatem
741 3408 882 3463 ferre
931 3422 1034 3462 non
1071 3421 1249 3477 posse,
1287 3409 1329 3462 si
1363 3408 1769 3465 condemnanda

173 3493 440 3551 diceretur
507 3498 734 3567 cpistola
797 3513 955 3571 quam
1006 3500 1244 3571 synodus
1281 3501 1636 3570 approbavit;
1683 3502 1767 3556 vel

1880 2303 2019 2357 tendi
2064 2302 2252 2358 eadem
2297 2302 2523 2370 epistola
2565 2303 2756 2358 melius
2783 2311 2836 2358 et
2866 2302 3056 2360 fortius
3087 2315 3279 2375 putest,
3311 2315 3472 2375 atque

1877 2394 2146 2449 divertere
2196 2393 2264 2448 ad
2315 2391 2465 2448 falsa
2517 2393 2885 2464 denegmionis
2934 2394 3092 2451 inane
3157 2394 3466 2464 sull‘ugium,

1880 2495 1938 2541 ut
1988 2502 2130 2542 nunc
2180 2487 2395 2542 interim
2448 2485 2843 2541 aitirmarcmus
2895 2502 3012 2541 eam
3072 2486 3466 2553 Nestorianam,

1878 2587 2136 2650 negantes
2182 2592 2212 2632 a
2255 2575 2488 2633 concilio
2516 2591 2640 2632 esse
2667 2586 2994 2647 susceptam,
3027 2586 3081 2632 et
3109 2588 3292 2648 postea
3334 2593 3466 2634 con-

1877 2671 2002 2726 victi
2044 2671 2112 2724 ab
2149 2669 2351 2725 eisdem
2406 2668 2690 2722 manifesto
2738 2679 2792 2723 et
2819 2667 3110 2736 impuri-nti
3163 2670 3478 2738 mendacio,

1876 2761 1997 2830 quia
2023 2770 2274 2830 suscepta
2315 2767 2419 2822 est,
2452 2759 2582 2814 nihil
2622 2761 2728 2828 jam
2761 2769 2990 2815 restaret
3020 2761 3160 2831 quod
3194 2763 3243 2816 in
3300 2761 3474 2831 ipsius

1875 2848 2830 2915 conciliidefensiouemreSpondere
2870 2851 3161 2918 possimus.
3227 2851 3294 2906 Et
3349 2852 3472 2908 ideo

1877 2959 1982 2998 non
2033 2942 2320 3012 recipimus
2370 2941 2629 2996 mendacii
2675 2941 2982 3008 consilium,
3023 2957 3196 3014 neque
3235 2957 3334 2998 nos
3383 2944 3484 3000 sui-

1874 3032 2079 3088 similes
2133 3030 2375 3086 bmretici
2433 3030 2686 3084 valebunt
2733 3029 2967 3086 eltlcere.
3022 3032 3152 3087 Nam
3199 3042 3254 3088 et
3281 3048 3468 3090 susce-

1877 3135 2020 3194 ptam
2049 3123 2301 3188 dicimus,
2334 3129 2390 3176 et
2415 3121 2558 3191 quod
2600 3121 2818 3176 omnino
2841 3120 3000 3176 fuerit
3028 3132 3273 3194 suscepta
3307 3142 3463 3180 mon-

1872 3227 2108 3272 stramus
2140 3229 2154 3270 :
2185 3213 2315 3285 quia
2367 3227 2524 3269 verax
2553 3227 2768 3282 semper
2793 3222 2875 3268 est
2905 3213 3158 3269 Ecclesiae
3190 3231 3286 3284 pro
3319 3217 3456 3271 veri-

1875 3318 1983 3364 tate
2033 3305 2296 3374 defensio,
2355 3319 2460 3361 nec
2507 3295 2744 3374 unquam
2800 3303 2904 3360 fuit
2953 3304 3128 3376 indiga
3199 3305 3467 3364 falsitatis.

1873 3404 2016 3458 Ante
2045 3412 2175 3456 vero
2219 3398 2377 3454 nobis
2407 3397 2804 3454 discutiendum
2833 3407 2915 3454 est
2941 3397 3240 3469 cujusmodi
3271 3401 3378 3454 sint
3406 3415 3468 3454 ea

1873 3508 1990 3563 quae
2027 3507 2121 3562 per
2149 3505 2276 3547 suos
2323 3490 2562 3546 fautores
2606 3491 2673 3545 ad
2713 3501 2948 3545 nostram
2980 3491 3350 3562 deceptionem
3386 3491 3470 3562 ja-

173 3586 337 3651 potius
368 3588 489 3655 ipsa
533 3589 792 3659 synodus,
832 3599 1050 3658 pr0ptcr
1079 3590 1220 3660 quod
1252 3601 1370 3646 eam
1393 3589 1650 3660 judicavit
1675 3606 1764 3646 or-
1790 3597 1837 3660 ο
1871 3592 2181 3650 ctaverunt,
2206 3593 2263 3637 ut
2286 3598 2408 3638 eam
2435 3583 2826 3654 denegaremus
2856 3598 2976 3638 esse
2996 3593 3321 3651 su-ceptam.
3355 3584 3470 3643 Pni-

135 3717 140 3722 .
170 3677 480 3732 tbodoxam.
517 3677 628 3733 Non
657 3681 800 3734 enim
843 3682 1012 3749 ipsam
1039 3679 1410 3734 tantummodo
1439 3681 1542 3735 lbte
1563 3681 1764 3751 episto-

176 3769 290 3832 lam,
325 3770 476 3825 sicut
512 3771 622 3840 jam
650 3772 905 3838 diximus,
945 3774 1098 3844 quasi
1129 3773 1503 3828 Nestorianam
1544 3774 1764 3843 culpare

168 3872 218 3914 et
258 3863 505 3932 abjicere
551 3876 1044 3936 pnesumpserunt;
1079 3868 1172 3922 sed
1206 3868 1593 3936 approbatores
1630 3881 1763 3936 quo-

168 3969 262 4023 que
292 3956 419 4025 ejus
445 3958 533 4026 qni
565 3973 682 4012 eam
727 3969 925 4016 rectam
955 3962 1159 4026 dicunt,
1213 3969 1265 4015 et
1303 3960 1630 4016 anathemati
1656 3976 1766 4016 non

167 4049 479 4118 subjiciunt.
518 4051 580 4106 Et
607 4056 695 4122 qui
723 4055 893 4124 magis
926 4053 1257 4124 intelligendi
1279 4063 1405 4108 sunt
1429 4053 1547 4124 ejus
1571 4069 1768 4123 appro-

174 4138 414 4206 b.utorcs,
466 4159 624 4213 quam
657 4145 844 4200 Patres
892 4151 982 4215 qui
1015 4145 1351 4199 Chalcedona
1402 4155 1766 4199 convenerant

165 4241 212 4284 et
242 4248 361 4286 eam
394 4235 770 4302 judicaverunt
813 4237 1207 4291 orthodoxam?
1239 4238 1364 4292 llzec
1403 4237 1564 4306 igitur
1592 4235 1764 4291 scien-

168 4334 262 4388 tes,
304 4335 360 4383 et
413 4330 650 4384 arbitrati
681 4330 822 4400 quod
865 4331 936 4384 ita
969 4331 1176 4398 possint
1225 4331 1275 4384 in
1318 4331 1482 4398 ipsius
1527 4329 1766 4397 epismlgc

165 4415 570 4475 damnationem
643 4421 1026 4475 catholicorum
1102 4433 1398 4477 consensus
1474 4419 1761 4484 adducere,

229 4562 254 4588 ι
286 4553 397 4606 line
425 4552 663 4619 episcOpi
684 4564 736 4607 et
765 4555 1005 4622 epistnite
1034 4554 1198 4622 ipsius
1224 4567 1383 4606 causa
1405 4551 1642 4622 discussa
1673 4556 1757 4602 est

163 4623 378 4678 actione
418 4624 450 4678 9
490 4632 544 4675 et
593 4624 658 4676 l0
704 4621 891 4694 synodi
916 4621 1401 4684 Chalcedonensis;
1434 4621 1755 4694 relectisque

163 4696 325 4760 gestis
356 4710 478 4763 qua!
524 4694 661 4766 apud
690 4693 887 4764 Tyrum
918 4705 972 4749 et
1015 4697 1263 4766 Berytum
1295 4695 1344 4746 in
1375 4693 1560 4766 eadem
1594 4703 1752 4766 causa

165 4761 580 4832 prae-merant,
630 4761 750 4817 lbas
778 4766 1053 4832 innoxius,
1079 4761 1328 4833 epistola,
1373 4773 1430 4815 ιιι
1475 4761 1756 4815 Facundos

163 4840 256 4898 ait,
307 4836 618 4923 orthodpsa
666 4837 1004 4923 pronuntiati
1025 4846 1128 4916 est.
1160 4834 1364 4902 Quibus
1391 4841 1753 4923 cuttsetttattea
1789 4866 1836 4923 υ

167 4916 289 4957 sunt
344 4920 468 4970 qua)
514 4905 851 4960 Innocentius
884 4908 1132 4960 binronim
1161 4918 1446 4974 episcopus
1485 4902 1673 4957 scribit
1704 4903 1754 4955 in

163 4978 457 5028 collatione
511 4975 973 5046 Constantitmpoli
1035 4977 1211 5030 habita
1261 4976 1398 5046 inter
1427 4990 1474 5026 οι
1494 4974 1756 5046 tbotloxos

159 5046 563 5100 etSeverianos
594 5047 674 5099 his
696 5043 915 5100 verbis:
947 5047 1222 5101 CONTRAD.
1252 5044 1314 5098 Et
1342 5043 1461 5098 Ibus
1483 5059 1602 5114 ergo
1619 5044 1758 5110 justo

160 5128 435 5186 usa-cpta;
480 5128 555 5170 at
585 5135 618 5168 a
643 5117 1050 5172 Chateedoneme
1089 5119 1345 5170 concilio?
1371 5113 1553 5170 i'jrtsc.
1579 5113 1687 5167 Iba
1706 5121 1754 5167 et

157 5188 522 5240 accusantium
575 5203 690 5241 eum
737 5190 985 5255 indcium
1027 5205 1089 5243 επ
1140 5189 1392 5256 imperiali
1455 5187 1760 5238 auctoritate

157 5258 458 5328 delegatgm
497 5266 567 5310 est
599 5257 781 5312 Photio
809 5259 1043 5328 episcopo
1065 5257 1221 5328 Tyri,
1264 5269 1311 5313 et
1345 5259 1619 5312 Eustochio
1647 5258 1756 5328 epis

160 5325 329 5394 scopo
354 5325 551 5396 Beryti,
580 5339 628 5381 et
654 5329 847 5382 Urania
875 5325 1346 5383 Interirtw'civitatis
1372 5331 1626 5397 episcopo.
1655 5327 1756 5391 Qui

154 5399 560 5451 reuerentissimi
593 5400 686 5451 viri
718 5410 764 5452 et
795 5401 1010 5452 nimium
1065 5402 1327 5452 horrentes
1365 5399 1588 5452 Nestori
1616 5397 1753 5447 blas-

155 5473 427 5534 phemia,
462 5485 572 5521 cum
596 5473 730 5524 omni
761 5472 1022 5542 diligentia
1049 5472 1372 5524 discutientes
1399 5485 1534 5531 eum,
1570 5469 1755 5542 inimu-

155 5555 276 5591 rum
319 5549 377 5593 et
424 5543 527 5591 sine
552 5543 702 5606 culpa
729 5558 840 5593 rum
860 5539 1214 5602 accreverunt,
1247 5544 1376 5594 δξνιιι
1407 5552 1452 5593 et
1475 5554 1588 5590 acta
1619 5539 1755 5599 ipso-

151 5625 276 5662 rtms
324 5620 380 5662 et
407 5613 580 5664 relatio
609 5613 914 5678 mam‘feotat.
949 5614 1108 5676 Quem
1139 5628 1258 5680 ergo
1275 5613 1478 5683 judice:
1492 5610 1753 5683 justi/ica:

152 5691 373 5753 ruant,
405 5684 821 5745 quemadmodum
848 5699 972 5736 com:
993 5686 1116 5736 tium
1165 5679 1358 5753 poterat
1386 5679 1759 5753 condemnare?

150 5749 469 5820 Epistulam
515 5765 688 5807 tamen
743 5755 970 5808 concilio
1016 5749 1319 5822 suspectam
1372 5752 1536 5807 fuisse
1574 5751 1748 5805 docet.

228 5883 249 5917 '
281 5883 432 5941 Cod.
461 5884 681 5958 Verum,
712 5883 972 5956 Eustacio,
995 5887 1076 5945 νει
1104 5885 1395 5944 Eustat/tio.

1873 3694 2018 3733 mum
2060 3678 2244 3747 itaque
2280 3676 2556 3730 videamus
2589 3687 2763 3730 utrum
2787 3678 2941 3732 nobis
2969 3678 3256 3732 dicendum
3285 3679 3352 3732 sit
3378 3687 3469 3732 ant

1873 3771 2219 3835 credendum,
2253 3769 2392 3839 quod
2426 3768 2752 3838 persuadere
2781 3769 2958 3823 conati
3017 3778 3162 3833 sunt,
3207 3771 3328 3838 quia
3351 3770 3468 3838 epi-

1875 3863 2068 3916 stolam
2093 3875 2200 3914 non
2227 3857 2551 3913 venerabilis
2575 3859 2698 3922 itur,
2722 3858 2815 3912 sed
2844 3858 3024 3912 nescio
3045 3873 3204 3927 quam
3233 3858 3462 3926 scriptu-

1877 3971 1990 4010 ram
2041 3952 2416 4024 postulationis
2465 3960 2520 4007 et
2561 3950 2979 4020 deprecationis,
3009 3964 3166 4020 quam
3200 3951 3390 4005 Ptmtio
3412 3961 3466 4006 et
3501 3953 3512 3972 ‘

1876 4048 2164 4105 Eustachio
2189 4048 2204 4078 ¹
2238 4053 2292 4101 et
2315 4044 2514 4101 Uranio
2565 4043 2834 4114 episcopis
2880 4044 3056 4098 omnis
3082 4043 3261 4098 clerus
3295 4043 3480 4099 Edes--

1873 4159 2016 4198 scnze
2043 4141 2279 4197 civitatis
2309 4152 2405 4209 pro
2429 4137 2547 4208 ipso
2576 4136 2661 4192 lba
2690 4134 2944 4204 episc0po
2971 4136 3207 4198 miserat,
3225 4135 3462 4206 synodus

1875 4232 2239 4302 pronuntiavit
2277 4229 2652 4284 orthodoxam.
2700 4225 2804 4282 Sed
2836 4226 2962 4296 quid
2987 4225 3458 4295 respondebimus,

1874 4341 1993 4381 cum
2046 4337 2225 4394 postea
2272 4322 2354 4376 vel
2397 4322 2518 4391 ipsi,
2571 4319 2651 4374 vel
2683 4318 2734 4373 hi
2765 4317 2955 4387 quibus
2986 4317 3164 4373 lavent
3193 4319 3459 4382 hmrctici,

1879 4419 2032 4472 nobis
2066 4418 2301 4472 dixerint
2330 4415 2469 4485 quod
2504 4413 2592 4468 illa
2623 4411 2909 4482 scriptura,
2938 4412 3228 4482 postulatio
3273 4422 3327 4468 et
3365 4412 3465 4467 de-

1864 4551 2154 4616 Recensita,
2201 4548 2390 4614 inquit.
2449 4545 2665 4616 prazfnta
2707 4544 2920 4613 cpistola
2961 4544 3021 4616 in,
3055 4543 3462 4599 Clmlcedouensi

1860 4631 2034 4674 salicto
2059 4619 2294 4681 concilio,
2326 4633 2427 4670 non
2454 4617 2604 4670 aliter
2635 4615 2868 4683 praevidit
2889 4615 3089 4685 suscipi,
3107 4632 3220 4667 eum
3245 4628 3462 4685 propter

1859 4691 2172 4758 suspiciones
2222 4689 2275 4742 in
2307 4703 2366 4739 ea
2413 4689 2652 4749 insertas,
2699 4687 2796 4758 nisi
2835 4695 2882 4740 et
2923 4686 3030 4758 ip_se
3067 4684 3368 4738 Nestorium
3410 4695 3459 4737 et

1858 4755 2030 4814 ouuria
2052 4762 2251 4814 decreta
2272 4760 2385 4829 ejus
2413 4757 2914 4829 anathematizauet.
2947 4755 3012 4809 Et
3037 4765 3458 4829 postqaautana-

1862 4832 2227 4907 tltematisavit,
2247 4825 2368 4883 tunc
2385 4838 2646 4907 susceptus
2668 4837 2740 4881 est
2761 4828 2822 4880 in
2835 4837 3010 4907 sancto
3028 4827 3264 4907 confitio.
3303 4825 3454 4879 Unde

1863 4913 1918 4959 et
1947 4903 2184 4975 synodus
2212 4918 2257 4975 v
2290 4897 2579 4975 generalis,
2613 4914 2731 4975 qua:
2782 4898 3024 4975 eamdem
3058 4897 3453 4975 epistolamacc

1866 4967 2010 5028 tione
2038 4973 2070 5026 6
2098 4967 2539 5042 liquido-damnat
2569 4981 2625 5042 ιιι
2653 4969 2977 5029 hmreticam,
3003 4967 3456 5042 non_d_is.~intiletn

1863 5036 2319 5099 Chalcedonensis
2338 5041 2550 5095 concilii
2570 5041 2636 5094 de
2657 5054 2721 5094 ea
2741 5053 2957 5092 sensum
2975 5036 3084 5088 vult
3103 5037 3286 5096 fuisse,
3304 5043 3454 5099 post—

1863 5117 2080 5180 habitis,
2131 5122 2189 5168 nt
2226 5116 2322 5175 ait.
2366 5113 2432 5167 iis
2471 5126 2590 5181 qua:
2616 5126 2752 5163 unus
2784 5118 2874 5181 aut
2896 5109 3032 5161 alter
3063 5121 3158 5173 pro
3181 5105 3270 5159 illa
3292 5105 3448 5160 dixe-

1861 5186 2389 5260 rat_tt,fort_ltodoxam
2419 5180 2666 5260 videlicet
2696 5180 3050 5260 appellantes.
3111 5255 3121 5260 _
3169 5247 3200 5260 Π
3434 5248 3448 5260 .

1936 5258 1963 5296 ιι
1992 5248 2182 5312 ’γθιιια
2240 5266 2368 5311 sunt
2427 5256 2721 5321 legatorum
2777 5248 2930 5321 sedis
2972 5248 3304 5321 apostolica),
3348 5248 3465 5321 qui.

1861 5327 2094 5384 sententi
2116 5342 2183 5380 im
2235 5328 2408 5392 primo
2451 5318 2569 5378 loco
2597 5323 2868 5392 dixerunt.
2897 5318 3029 5392 Qua:
3054 5319 3252 5374 deinde
3281 5319 3450 5392 subji-

1860 5401 2090 5463 ciuntur,
2129 5397 2209 5450 Ea:
2239 5390 2314 5451 his
2335 5411 2448 5466 quia
2478 5408 2673 5466 nuper,
2695 5390 2906 5444 Maximi
2949 5391 3448 5466 sunt_Aitt._i_t)clteni.

1861 5471 1951 5524 ll:a
2002 5460 2254 5540 denique,
2297 5460 2756 5542 Dudum-quidem
2801 5476 2868 5514 ex
2918 5460 3152 5542 retectis,
3201 5462 3447 5517 Eunomii

1863 5542 2094 5607 t-piscOpi
2144 5534 2585 5613 [\icomedicnsis.
2640 5535 2783 5600 Quas
2809 5534 3039 5613 easdem.
3070 5534 3445 5613 episcoporum

1861 5604 2155 5666 sententias
2193 5613 2395 5681 profert
2422 5609 2582 5664 etiam
2608 5618 2658 5661 et
2681 5607 2954 5659 exatninat
2985 5604 3203 5675 Vigilius
3232 5607 3285 5659 ιιι
3311 5617 3446 5660 con-

1863 5683 2067 5740 stitutu.
