3962 6196
398 416 495 469 (illi

1476 407 1771 465 FALUNlH
1816 407 2022 464 l‘il'lSC.
2060 405 2561 463 lll‘lRItilANENSlS

3588 410 3698 468 65:!

403 528 639 600 precatio
679 534 705 565 ι
737 524 911 580 omnis
942 523 1067 578 cieri
1112 522 1401 578 Edessena:
1436 522 1670 577 civitatis
1721 521 1989 593 synodali-
2020 524 2073 581 Α
2099 522 2415 589 episctipus?
2442 523 2674 590 lteuique
2694 521 2879 575 fraude
2899 536 2958 578 se
2982 523 3079 578 ista
3104 523 3356 595 iactasse,
3382 526 3543 581 ctiam
3569 530 3694 597 ipsi,

415 625 516 676 bus
566 620 731 689 gestis
761 618 1027 687 appellata
1072 617 1159 679 sit,
1192 616 1461 671 sententia
1513 631 1640 670 vero
1690 616 1880 684 synodi
1932 630 2000 668 cx

405 712 606 766 relecta
660 708 776 779 ejus
824 708 1053 777 epistula
1101 707 1459 761 orthodoxam
1513 722 1635 761 eum
1686 708 2002 777 apparuisse

413 811 605 856 testata
629 812 712 856 est
741 818 755 855 :
783 810 839 856 et
867 800 991 868 quia
1024 801 1164 853 illaut
1200 800 1612 867 postulationem
1656 811 1710 856 et
1739 801 1992 869 deprecao

407 896 636 957 tionem,
682 892 751 947 ab
796 892 939 944 omni
971 891 1117 944 clero
1153 891 1456 946 Edessena:
1495 892 1722 946 civitatis
1761 893 1825 946 ad
1861 892 2001 946 Plio-

413 986 545 1038 tium
571 994 624 1037 ct
652 984 992 1037 Eustachium
1019 993 1177 1052 atque
1212 982 1465 1037 Uianium
1489 984 1769 1053 episcopos
1799 986 2002 1056 datam,

406 1077 529 1130 lbas
543 1076 821 1144 «ipiscOpus
848 1090 941 1143 pro
954 1086 1013 1129 se
1031 1075 1239 1129 recitari
1259 1076 1441 1145 petivit
1460 1092 1474 1141 ;
1497 1077 1757 1129 sententia
1778 1092 1904 1131 vero
1918 1092 2003 1148 sy-

412 1168 561 1229 nodi,
588 1168 724 1221 sicut
754 1169 939 1221 eadem
968 1184 1086 1236 qua:
1116 1168 1386 1235 posuimus
1416 1167 1574 1222 verba
1605 1168 1908 1233 declarant,
1937 1169 2007 1223 de

409 1258 669 1326 rescripto
684 1258 923 1325 epistola:
948 1258 1110 1327 ipsius
1137 1258 1238 1311 lba:
1255 1260 1395 1327 quod
1417 1258 1679 1326 prolatum
1702 1270 1783 1314 est
1804 1262 1871 1313 ab
1888 1260 2007 1330 ejus

411 1348 745 1412 adversario,
798 1348 1181 1414 pronuntiavit,
1230 1349 1371 1416 quod
1418 1348 1717 1403 orthodoxa
1757 1352 2007 1417 apparuit

417 1436 535 1504 ejus
585 1436 839 1489 dictatio?
870 1435 1145 1491 Facillime
1186 1437 1362 1504 itaque
1395 1437 1715 1506 probabunt,
1756 1439 1799 1492 si
1833 1450 2007 1495 tamen

417 1526 522 1585 ulla
570 1527 761 1593 probat
782 1541 884 1580 one
916 1526 999 1580 hic
1030 1542 1162 1595 opus
1194 1534 1299 1592 est,
1329 1527 1468 1581 aliud
1494 1542 1614 1582 esse
1644 1529 1785 1597 quod
1830 1545 1925 1597 pro
1951 1545 2009 1585 se

417 1620 628 1673 recitari
675 1620 862 1687 petivit
906 1619 1025 1673 ibas
1055 1620 1363 1687 episc0pus,
1393 1629 1446 1675 et
1475 1621 1617 1676 aliud
1651 1622 1791 1690 quod
1822 1633 2009 1678 contra

418 1724 539 1763 eum
575 1709 790 1779 protulit
840 1710 930 1778 qui
979 1709 1094 1778 ejus
1142 1711 1484 1765 adversarius
1513 1713 1793 1769 existebat.
1824 1714 1927 1770 Sed
1958 1726 2013 1771 et

419 1801 521 1855 hoc
551 1801 804 1870 adjicient
830 1804 953 1871 quia
992 1818 1091 1857 nec
1131 1804 1389 1859 attinebat
1420 1806 1484 1859 ad
1514 1823 1624 1861 rem
1659 1817 1715 1862 ut
1737 1808 1805 1864 de
1834 1820 2011 1877 postu-

2105 620 2457 681 extorquentc
2496 616 2718 667 veritate
2765 614 2849 667 vel
2892 614 3064 681 inviti,
3109 616 3189 671 vel
3222 618 3408 682 nescii,
3446 620 3699 687 prodide-

2111 715 2253 760 runt.
2289 705 2418 758 Nam
2453 716 2567 774 post
2611 706 2807 761 multas
2836 718 2887 760 et
2918 708 3091 763 varias
3115 724 3239 764 suas
3262 711 3697 782 adinventiones,

2110 807 2228 866 post
2261 796 2469 851 labores
2520 811 2743 867 magnos
2790 808 2848 853 et
2877 798 3254 864 infructUosos,
3287 802 3482 871 quibus
3508 805 3576 858 ad
3607 806 3703 859 de-

2107 888 2406 957 ceptionetu
2459 888 2693 941 facilium
2746 899 2987 958 apertam
3037 892 3210 946 lucem
3241 894 3418 948 verbis
3449 894 3706 952 inanibus

2109 978 2398 1033 obscurare
2425 980 2604 1032 conati
2637 990 2782 1046 sunt,
2817 982 2868 1034 in
2896 982 3085 1037 eodem
3114 983 3249 1037 libro
3274 1000 3373 1039 suo
3401 987 3653 1043 dixerunt
3676 1005 3694 1041 :

2116 1094 2132 1124 ι
2169 1072 2399 1141 Culpans
2440 1072 2675 1128 Joannes
2707 1073 2991 1129 hmretirus
3034 1085 3273 1131 sanctam
3303 1078 3590 1149 synodum,
3615 1096 3708 1135 oa—

2074 1163 2351 1218 .tcnditur
2403 1164 2592 1217 eadem
2643 1166 2858 1234 quidem
2915 1181 3106 1237 sapt-re
3172 1170 3311 1223 sicut
3374 1174 3441 1227 ad
3511 1173 3703 1228 Iarim

2110 1254 2332 1322 epistola
2370 1255 2671 1310 :coiifiten~
2700 1266 2878 1311 autem
2923 1274 3041 1312 eam
3086 1260 3367 1328 expulsam
3408 1273 3571 1331 atque
3603 1265 3700 1319 de-

2111 1356 2367 1401 struetam
2395 1362 2422 1399 a
2456 1356 2637 1402 sancta
2678 1349 2905 1419 synodo,
2947 1352 3236 1408 confitetur
3264 1354 3423 1408 etiam
3456 1357 3703 1414 similiter

2112 1441 2389 1509 expu'sum
2432 1441 2501 1494 ab
2549 1455 2610 1495 ea
2641 1452 2695 1496 et
2722 1441 3063 1498 Theodorqu
3111 1444 3332 1513 impium
3372 1447 3704 1515 Mepsueste-

2115 1547 2261 1585 num.
2312 1530 2378 1585 Et
2415 1531 2661 1596 quoniam
2704 1533 3116 1589 calumniatores
3165 1551 3269 1589 non
3315 1538 3613 1607 respiciunt
3647 1539 3703 1595 in

2120 1621 2315 1674 ultimo
2346 1621 2534 1675 ordine
2572 1620 2812 1687 (lt-finita,
2855 1624 2945 1676 sed
2977 1637 3101 1679 ante
3131 1625 3419 1693 perfectum
3438 1629 3705 1697 judicium

2117 1726 2144 1763 a
2180 1712 2490 1782 quibusdam
2526 1714 2746 1767 forsitan
2788 1714 2961 1779 dicta;
3000 1727 3213 1784 oportet
3254 1734 3424 1787 cogno
3455 1737 3582 1779 cere
3620 1739 3709 1781 re-

2115 1812 2256 1856 ctam
2285 1802 2541 1858 habentes
2560 1806 3070 1875 intentionem,quia
3094 1806 3145 1860 iu
3170 1810 3387 1879 synodis
3412 1813 3541 1867 nihil
3568 1828 3711 1882 τινες

421 1895 623 1949 latione
669 1905 722 1948 et
749 1896 1123 1963 deprecatione
1153 1897 1279 1950 cieri
1316 1897 1601 1952 Edessena
1628 1899 1855 1954 civibus
1883 1915 2008 1970 ρι-ο.
2046 1902 2091 1960 Β
2114 1893 2376 1963 judicaut,
2422 1911 2537 1963 ψιί·
2560 1905 2684 1949 ante
2717 1896 3006 1965 perfectum
3034 1897 3293 1966 judicium
3322 1916 3351 1954 a
3381 1904 3700 1971 quibusdam

432 1988 792 2054 nuntiaretur,
819 1987 957 2056 quod
980 1989 1277 2042 orthodoxa
1308 1999 1451 2043 esset
1477 1989 1593 2060 ejus
1622 1992 1858 2060 dictatio,
1891 2007 2012 2047 cum

422 2084 596 2150 potius
625 2095 785 2148 super
814 2079 1037 2149 epistola
1071 2079 1172 2134 lba:
1201 2083 1464 2135 sententia
1495 2081 1684 2151 synodi
1723 2094 2007 2151 exspecta-

423 2181 570 2226 retur
611 2182 787 2225 utrum
830 2186 948 2226 eam
997 2170 1302 2225 haereticam
1326 2187 1393 2224 an
1423 2171 1774 2227 orthodoxam
1805 2173 2019 2242 judica—

422 2272 565 2317 rent.
612 2263 743 2318 Cum
772 2276 899 2332 ergo
941 2270 994 2315 ct
1025 2261 1149 2315 illud
1175 2261 1491 2330 objicerent,
1514 2264 1654 2333 quod
1685 2264 1933 2319 similiter
1962 2264 2015 2317 iu

424 2354 611 2408 eadem
634 2354 841 2425 synodo
864 2352 1065 2406 dictum
1090 2362 1165 2407 cst
1198 2370 1211 2406 :
1246 2351 1453 2407 Dudum
1477 2354 1689 2424 quidem
1712 2369 1777 2409 ex
1804 2354 2017 2409 reiectis

427 2446 679 2502 innoxius
708 2444 1107 2499 demonstratus
1149 2457 1229 2498 εει
1276 2445 1740 2499 reverentissimus
1775 2446 1929 2512 lbas;
1964 2446 2016 2500 in

423 2537 620 2608 quibus
648 2539 846 2591 etenim
879 2537 1023 2591 visus
1049 2546 1129 2591 est
1151 2536 1368 2605 culpare
1392 2538 1530 2591 male
1562 2537 1788 2605 loquens
1818 2537 2017 2592 beatis-

425 2630 619 2687 simum
641 2628 919 2700 Cyrillum,
949 2628 999 2682 in
1035 2630 1419 2698 posterioribus
1464 2640 1607 2683 recte
1628 2629 1903 2684 confessus
1934 2645 2021 2686 re-

427 2723 569 2792 Spuit
592 2722 677 2776 illa
704 2724 896 2792 quibus
918 2722 1257 2789 culi-atterat;
1287 2720 1520 2789 nunquid
1544 2731 1757 2775 econtra
1788 2722 2021 2778 ututire?

432 2812 687 2883 numquid
742 2815 1008 2881 respirare
1036 2811 1368 2866 valebimus?
1416 2810 1551 2878 Quid
1583 2813 1723 2867 enim
1754 2812 1870 2867 lbas
1902 2813 2021 2883 epi-

437 2918 636 2974 scopus
667 2903 719 2957 iu
764 2902 850 2958 illa
883 2902 1235 2972 postulatione
1265 2909 1319 2955 et
1345 2901 1717 2971 deprecatione
1738 2917 1897 2973 quam
1929 2919 2025 2972 pro

435 2996 529 3050 illo
561 2995 735 3049 clerus
777 2994 951 3049 omnis
981 2993 1267 3049 Edessena:
1289 2993 1519 3048 civitatis
1543 2993 1785 3059 miserat,
1818 2994 2023 3051 locutus

433 3088 605 3142 fuerat
630 3087 696 3142 de
717 3086 872 3142 beato
897 3085 1119 3156 Cyrillo,
1152 3085 1293 3156 quod
1324 3085 1595 3142 diceretur
1625 3087 1679 3140 in
1721 3087 2025 3155 posteriori-

434 3180 531 3234 bus
558 3180 863 3249 reSpuisse?
892 3180 948 3235 Si
978 3180 1099 3250 quis
1121 3190 1299 3232 autem
1328 3178 1467 3248 legat
1496 3177 1612 3249 ejus
1640 3177 1923 3247 epistolam
1951 3178 2018 3232 ad

2119 1985 2335 2039 forsitan
2367 1988 2502 2039 dicta
2531 1997 2675 2051 sunt,
2704 1986 2781 2039 eis
2821 2003 2939 2057 qua:
2961 1990 3027 2043 ab
3046 1990 3294 2045 omnibus
3324 1992 3484 2047 simul
3509 1996 3559 2047 in
3588 1996 3711 2052 ulti-

2120 2093 2208 2132 tuo
2248 2078 2575 2133 definiuntur
2620 2080 2828 2146 ordine,
2870 2081 2995 2136 licet
3018 2083 3230 2139 dissona
3255 2089 3523 2141 communi
3550 2104 3712 2159 appa-

2123 2181 2271 2223 rc.:nt
2313 2171 2537 2224 calculo.
2588 2169 2828 2241 Denique
2860 2184 3075 2227 sanctus
3105 2175 3382 2231 Anatolius
3418 2179 3551 2234 dixit
3585 2184 3711 2251 quia

2126 2260 2409 2315 Dioscorus
2434 2278 2537 2315 non
2563 2273 2779 2332 propter
2804 2262 2960 2316 lideiu
2985 2264 3267 2319 damnatus
3298 2278 3399 2332 est,
3421 2279 3477 2323 et
3498 2271 3598 2325 hoc
3619 2288 3711 2328 no-

2121 2351 2606 2421 quepra'judiciutn
2640 2355 3333 2427 communicalculosynodi
3360 2359 3505 2425 fecit,
3535 2378 3717 2433 neque

2126 2441 2434 2496 Dioscurtmt
2458 2445 2524 2499 ab
2540 2444 2931 2514 adjudicatione
2969 2447 3211 2501 liberavit
3233 2449 3287 2501 in
3316 2449 3574 2521 Eutycbis
3593 2469 3714 2523 per-

2125 2546 2427 2590 manenti-in
2459 2537 2856 2601 perversitate.»
2878 2537 2931 2591 In
2954 2537 3036 2594 his
3059 2538 3214 2608 igitur
3236 2539 3721 2611 onmihus,omitto

2126 2641 2267 2682 nunc
2306 2643 2551 2697 arguere,
2571 2629 2709 2697 quod
2740 2629 2791 2682 in
2816 2629 2916 2684 hoc
2946 2630 3085 2685 libro
3130 2636 3310 2686 nescio
3333 2635 3451 2703 quis
3476 2634 3717 2694 Joannes

2127 2720 2412 2774 hazreticus
2445 2736 2547 2774 non
2578 2732 2657 2775 est
2685 2724 2941 2790 probatus
2967 2722 3153 2776 eadem
3182 2725 3451 2793 sapuisse,
3484 2728 3622 2780 sicut
3641 2728 3715 2783 ad

2127 2811 2312 2865 Maritn
2329 2811 2570 2879 epiStola,
2599 2811 2682 2865 Vel
2705 2812 2827 2881 quia
2852 2812 2920 2866 ita
2943 2815 3183 2881 sapuerit
3203 2828 3323 2869 esse
3338 2815 3712 2874 detestandus.

2126 2904 2326 2957 Omitto
2348 2905 2470 2973 quia
2503 2919 2599 2959 nec
2645 2905 2777 2959 illud
2828 2906 3109 2973 probatum
3152 2918 3254 2973 est,
3292 2909 3431 2977 quod
3476 2909 3721 2972 iactatur

2128 2994 2268 3049 idem
2296 2994 2531 3050 Joannes
2563 2996 2725 3051 fuiSs-e
2754 2997 3052 3064 confessus,
3084 3000 3396 3066 prtedictaut
3432 3004 3718 3071 epistolam

2128 3088 2453 3143 destructam
2479 3099 2642 3157 atque
2670 3089 2947 3158 expulsam
2972 3104 3000 3142 a
3030 3101 3216 3145 sancta
3242 3093 3475 3160 synodo.
3506 3094 3725 3150 Omitto

2127 3182 2249 3251 qu’a
2279 3181 2411 3236 nihil
2444 3180 2729 3236 Theodoro
2760 3180 3075 3251 prrejudicat
3123 3183 3265 3252 quod
3297 3200 3418 3239 eum
3461 3187 3721 3243 similiter

433 3271 615 3326 blarim
650 3271 865 3326 Persam
892 3270 1090 3334 datam,
1130 3284 1288 3339 quam
1317 3270 1370 3323 in
1401 3269 1649 3337 sequenti
1694 3268 1828 3323 libro
1853 3283 2023 3337 pone-
2054 3279 2099 3341 ε
2129 3286 2158 3326 a
2189 3272 2400 3342 synodo
2427 3272 2705 3341 expulsum
2732 3272 2935 3328 dixisse
2957 3273 3149 3340 fertur,
3182 3276 3433 3346 quoniam
3456 3277 3503 3331 si
3531 3278 3598 3332 ab
3620 3278 3721 3334 illo

436 3377 573 3424 mus,
606 3362 675 3417 ibi
698 3363 817 3416 haec
842 3362 1021 3415 omnia
1063 3358 1419 3430 recognoscit.
1467 3357 1660 3414 Verum
1702 3372 1857 3422 ecce,
1903 3358 1947 3412 si
1995 3360 2013 3389 ⁸

440 3450 824 3520 multiplicibus
872 3449 1208 3505 documentis
1239 3450 1523 3504 ostendent
1564 3450 1704 3521 quod
1737 3451 2016 3521 epistolam

434 3541 542 3597 Iba:
571 3542 806 3613 synodus
849 3540 1203 3596 orthodoxam
1230 3539 1509 3610 judicavit,
1538 3541 1604 3596 de
1627 3557 1727 3612 qua
1760 3542 1875 3612 ipse
1904 3542 2017 3597 ibas

437 3632 612 3690 fuerat
660 3644 977 3700 accusatus;
1028 3634 1262 3704 nunquid
1309 3634 1640 3691 ostendimus
1679 3645 1733 3691 et
1778 3651 1899 3703 nos,
1932 3638 2018 3692 ubi

437 3732 616 3785 cuiuis
643 3730 820 3784 clerus
854 3728 1139 3784 Edessena:
1163 3728 1394 3783 civitatis
1424 3737 1702 3784 accusatus
1745 3738 1849 3794 cst,
1879 3730 2021 3798 quod

438 3836 541 3876 non
612 3820 964 3875 orthodoxam
1023 3818 1435 3889 postulationem
1492 3828 1547 3873 et
1593 3818 2021 3887 deprecationem

440 3926 538 3982 pro
560 3912 673 3982 ipso
696 3913 785 3965 lba
814 3912 1066 3980 episcopo
1089 3910 1266 3963 miseri
1299 3951 1313 3973 ,
1340 3919 1397 3963 ut
1428 3911 1787 3964 necessarium
1818 3909 2023 3980 synodo

444 4005 720 4058 videretur
764 4004 830 4056 de
859 4002 946 4056 illa
978 4002 1342 4071 pronuntiare,
1374 4000 1513 4071 quod
1545 4000 1845 4055 orthodoxa
1870 4000 2025 4055 fuerit

440 4096 555 4162 eius
576 4094 788 4148 dictatio
805 4095 827 4146 ?
842 4103 933 4147 aut
953 4096 1109 4148 etiam
1125 4095 1167 4148 si
1188 4095 1286 4148 hoc
1307 4104 1483 4162 posset
1512 4093 1742 4160 ostendi,
1763 4095 2025 4162 approba-

441 4189 513 4241 tio
529 4186 899 4256 postulaticiiis
911 4195 965 4241 et
978 4186 1368 4254 deprecationis
1388 4184 1420 4239 il
1447 4188 1525 4239 ius
1541 4185 1679 4238 ibam
1695 4187 2021 4255 episcopum,

440 4277 497 4335 et
527 4296 630 4334 non
678 4281 821 4349 ipsos
873 4281 1248 4348 deprecatores
1278 4280 1596 4332 absolveret.
1631 4278 1760 4331 Nam
1787 4288 1839 4333 et
1864 4279 2027 4348 ipsius

442 4371 724 4427 sententia:
757 4370 979 4424 recitare
1002 4371 1162 4424 verba
1193 4368 1477 4433 debemus,
1500 4370 1543 4423 si
1570 4367 1727 4434 forte,
1768 4370 2029 4438 quemad—

444 4463 659 4517 modum
709 4478 868 4532 super
897 4464 997 4518 lba:
1021 4464 1296 4532 epistolam
1339 4462 1532 4517 laetum
1576 4473 1679 4529 est,
1711 4463 1900 4531 aliquis
1928 4464 2029 4518 Pa-

445 4562 584 4609 trum
611 4553 747 4608 dixit
794 4555 844 4607 in
880 4555 965 4608 illa
990 4554 1195 4624 synodo
1232 4573 1245 4605 :
1278 4554 1552 4621 Scriptura
1582 4555 1951 4624 postulationis
1977 4565 2027 4610 et

2122 3363 2444 3431 exigeretur,
2472 3363 2699 3430 probare
2730 3377 2835 3417 non
2870 3373 3077 3433 posset.
3106 3364 3220 3419 Hoc
3248 3374 3331 3420 est
3362 3382 3545 3431 unum,
3574 3368 3722 3435 quod

2121 3454 2249 3508 volo
2278 3454 2482 3518 dict-re,
2508 3455 2632 3525 quia
2661 3455 2785 3512 licet
2805 3457 3030 3525 trepidis
3052 3466 3111 3512 et
3137 3458 3567 3515 inconstantibus
3594 3476 3722 3516 ver-

2123 3545 2229 3615 bis,
2260 3546 2612 3614 prodiderunt
2635 3548 2778 3603 scire
2809 3562 2870 3603 se
2900 3549 3041 3618 quod
3073 3563 3101 3602 a
3135 3551 3345 3619 synodo
3372 3550 3599 3620 epistola
3626 3551 3723 3607 illa

2124 3648 2367 3706 suscepta
2401 3638 2492 3701 sit,
2522 3641 2615 3694 sed
2665 3646 2724 3693 ut
2751 3640 2907 3694 nobis
2932 3641 3224 3695 illudereut
3253 3642 3343 3695 illa
3366 3643 3545 3696 omnia
3587 3659 3724 3698 con-

2127 3730 2419 3783 tiuxerunt.
2448 3730 2579 3786 Nam
2611 3730 2884 3800 quomodo
2912 3733 3215 3787 nescientes
3243 3732 3311 3787 de
3342 3733 3426 3787 illa
3454 3734 3723 3806 synodum

2127 3822 2413 3891 protulisse
2441 3823 2787 3891 sententiam,
2821 3822 3061 3877 dicerent
3088 3822 3229 3893 quod
3255 3826 3307 3877 in
3331 3826 3552 3894 synodis
3577 3824 3719 3880 nihil

2126 3910 2497 3980 praeiudicent,
2524 3927 2644 3981 qua:
2670 3924 2795 3966 ante
2819 3912 3110 3981 perfectum
3137 3913 3399 3983 judicium
3432 3930 3461 3967 a
3499 3916 3725 3984 quibus-

2127 4002 2248 4056 dam
2284 4003 2505 4058 forsitan
2535 4004 2673 4058 dicta
2705 4015 2849 4072 sunt,
2885 4006 2965 4059 eis
3016 4021 3137 4075 qua:
3166 4008 3231 4060 ab
3268 4008 3520 4061 omnibus
3560 4007 3727 4062 simul

2130 4093 2181 4146 in
2211 4093 2396 4147 ultimo
2423 4093 2748 4150 definiuntur
2769 4095 3001 4150 ordine?
3034 4096 3195 4168 Ergo,
3246 4097 3371 4152 licet
3398 4098 3722 4167 quibusdam

2129 4183 2548 4252 dissonantibus,
2576 4189 2718 4241 scire
2753 4202 2812 4241 se
2836 4198 3010 4243 tamen
3039 4188 3267 4242 confessi
3295 4198 3422 4243 sont
3458 4189 3523 4243 de
3553 4205 3726 4245 vene-

2131 4277 2313 4329 rabilis
2345 4276 2447 4330 lba:
2474 4277 2700 4346 epistola
2733 4280 2998 4347 synodum
3026 4278 3322 4348 judicasse.
3368 4278 3518 4345 Quod
3559 4280 3728 4334 etiam

2131 4367 2185 4419 in
2218 4368 2602 4435 posterioribus
2629 4368 2871 4437 ejusdem
2902 4369 2982 4422 sui
3010 4370 3131 4423 libri
3159 4369 3408 4423 similiter
3444 4370 3681 4439 produnt
3712 4412 3729 4434 ,

2134 4459 2200 4510 ita
2230 4458 2506 4514 dicentes:
2545 4477 2563 4509 ‹
2600 4458 2668 4513 Et
2699 4460 2812 4513 ιιωο
2843 4458 3060 4529 quidem
3084 4461 3222 4514 dicta
3265 4472 3408 4525 sunt,
3458 4473 3511 4514 ut
3541 4475 3733 4515 OStcn-

2133 4550 2351 4604 deletur
2379 4549 2627 4603 omnibus
2648 4550 2770 4621 quia
2805 4551 2967 4605 iubis
2995 4567 3112 4620 que
3151 4554 3305 4606 facta:
3351 4563 3473 4605 sunt
3506 4554 3730 4621 synodi,

446 4646 842 4723 deprecationis
871 4649 1045 4703 omnis
1092 4648 1220 4703 cleri
1266 4648 1552 4703 Edessena:
1595 4648 1825 4703 civitatis
1852 4648 2029 4704 ortbo-
2057 4648 2111 4709 D
2137 4644 2216 4698 vel
2248 4645 2293 4697 si
2324 4660 2446 4713 qua,
2483 4654 2538 4697 ut
2576 4659 2720 4711 same
2750 4644 3032 4715 contingit,
3085 4645 3414 4697 dissonantia
3467 4644 3534 4697 ab
3583 4644 3734 4713 judi-

445 4741 582 4795 doxa
612 4740 767 4795 nobis
796 4741 1059 4810 apparuit.
1085 4740 1189 4797 Sed
1222 4742 1355 4794 nihil
1385 4743 1487 4795 tale
1516 4740 1817 4796 valebimus
1847 4750 2028 4796 osten-

446 4832 596 4895 dere,
631 4840 684 4884 et
724 4830 924 4899 optime
969 4830 1169 4884 scimus
1209 4829 1330 4898 quia
1366 4844 1587 4885 necesse
1617 4845 1720 4885 non
1746 4840 1862 4885 erat
1885 4830 2028 4884 illam

448 4921 857 4991 postulationem
881 4933 931 4975 et
962 4920 1396 4990 deprecati0t=etn
1421 4920 1775 4975 orthodoxam
1798 4935 2033 4991 pronun-

448 5016 587 5080 tiari,
639 5014 706 5069 de
728 5030 832 5084 qua
877 5014 1017 5067 nulla
1069 5014 1190 5066 talis
1234 5013 1457 5082 qumstio
1485 5013 1821 5075 vertebatur;
1852 5013 1946 5068 sed
1978 5022 2034 5067 ut

450 5120 549 5159 nus
589 5108 652 5159 ad
687 5108 827 5161 illius
858 5104 1102 5173 epismla:
1128 5104 1630 5159 condemnationem
1662 5105 2030 5159 haereticorum

451 5192 685 5250 fautores
740 5197 1072 5261 inducerent,
1122 5196 1221 5251 ista
1269 5196 1561 5249 finxerunt.
1589 5194 1720 5248 Nam
1750 5209 1914 5265 quare
1945 5194 2031 5248 lba

452 5288 703 5354 cpismpo
735 5299 1007 5355 accusato,
1050 5293 1227 5343 omnis
1274 5289 1446 5342 clerus
1487 5287 1773 5343 Edessena:
1803 5288 2032 5342 civita‘is

453 5377 888 5441 pronuntiaretur
916 5380 1283 5442 ortliodoxus;
1326 5388 1419 5431 aut
1464 5376 2029 5445 orthodoxopronun-

454 5467 583 5519 tiato
607 5468 749 5521 omni
773 5470 917 5523 clero
943 5469 1226 5524 Edessena:
1251 5468 1499 5533 civitatis,
1528 5467 1642 5522 ibas
1665 5469 2033 5522 absolveretur

524 5626 552 5655 ‘
574 5614 878 5672 Διδασκαλίαι
907 5616 991 5666 καὶ
1011 5612 1494 5686 παρᾲιιλησιςᾳτῖαρά
1513 5612 1703 5686 rmvet};
1729 5616 1818 5686 τ·ορ
1845 5609 2025 5682 κλήρου

462 5686 874 5749 τῆςἘδισσηνῶν
900 5681 1271 5753 μητροτώλεως.
1325 5681 1595 5753 Sic'enim
1629 5681 1888 5753 inscripta
1918 5681 2021 5732 est.

462 5760 512 5816 in
538 5760 852 5812 clericorum
901 5749 1064 5821 porro
1103 5751 1581 5816 subscriptionibus
1622 5749 1917 5807 διδασκαλία
1945 5768 2029 5802 :0-

529 5895 546 5927 ¹
579 5892 712 5949 Cod.
753 5888 975 5955 Yeton.,
1003 5902 1109 5939 cccc
1142 5886 1234 5955 ipsi
1263 5886 1639 5956 multiplicibus.

2130 4735 2374 4789 cantibus
2399 4735 2533 4789 facta
2562 4738 2753 4803 fuerat,
2785 4745 3019 4790 attamen
3052 4736 3227 4789 nullus
3251 4751 3315 4789 ea
3341 4752 3458 4804 qua:
3488 4752 3583 4805 per
3608 4753 3734 4804 par-

2138 4837 2216 4881 tes
2244 4827 2499 4881 dicuutur
2526 4828 2772 4895 attendit,
2808 4830 2903 4884 sed
2927 4842 2992 4883 ea
3020 4844 3135 4898 qua:
3158 4829 3227 4882 ab
3255 4829 3507 4884 omnibus
3536 4830 3735 4884 ultimo

2135 4919 2463 4974 deﬁniuntur
2492 4920 2547 4973 in
2573 4921 2781 4975 ordine.
2822 4941 2841 4974 ι
2896 4922 3090 4976 Verum
3123 4923 3278 4975 nobis
3306 4919 3507 4975 sufficit
3538 4935 3733 4975 eorum

2137 5010 2289 5066 dolos
2320 5012 2482 5065 etiam
2514 5013 2641 5079 ipsis
2669 5013 3052 5067 confitentibus
3070 5014 3410 5081 cognovisse.
3438 5012 3730 5078 (la-terum,

2140 5118 2238 5156 nec
2266 5102 2381 5157 istis
2409 5103 2879 5159 adinveutionibus
2909 5105 3254 5158 assentimus.
3311 5103 3551 5157 l’rimutn
3607 5104 3740 5169 qui-

2140 5194 2282 5261 deut,
2315 5210 2381 5251 ne
2409 5212 2531 5250 cum
2554 5197 2659 5251 illis
2688 5214 2791 5251 non
2816 5196 2990 5252 solum
3022 5198 3327 5261 mendaces,
3353 5198 3445 5250 sed
3474 5195 3636 5249 etiam
3676 5196 3737 5251 iu

2142 5286 2257 5354 ipso
2283 5284 2560 5341 mendacio
2575 5286 3039 5356 deprehendantur
3060 5286 3354 5353 instabiles,
3381 5295 3437 5340 ut
3461 5286 3732 5348 dicamus.

2142 5393 2247 5431 non
2274 5378 2341 5432 de
2368 5378 2471 5432 lba:
2501 5380 2745 5448 epistola.
2775 5380 2869 5435 sed
2901 5380 2969 5435 de
2994 5381 3257 5448 scriptura
3282 5378 3652 5447 postulationis
3676 5388 3742 5433 et

2141 5470 2537 5538 deprecationis
2564 5471 2737 5526 omnis
2768 5472 2896 5526 cli-ri
2928 5472 3217 5526 Edessena.-
3257 5469 3509 5535 civitatis,
3561 5485 3741 5541 syno-

2137 5611 2242 5663 lmn
2284 5612 2598 5681 appellatur,
2631 5622 2789 5677 quam
2819 5608 3084 5673 interpres
3114 5607 3303 5679 synodi
3347 5619 3486 5661 nunc
3538 5607 3745 5659 inuru-

2135 5686 2349 5737 ctimmu
2385 5684 2574 5747 reddit,
2610 5696 2747 5735 nunc
2774 5682 3165 5750 suggeaiioucm.
