3878 6194
210 372 303 429 αὴ

1094 368 1225 422 PRO
1267 365 1694 422 DEFENSIUNE
1735 365 1948 421 TRlUM
1991 363 2305 420 CAPlTUL.
2350 363 2476 419 LIB.
2509 363 2574 420 ν.

3375 361 3477 417 651

208 496 319 546 dum
353 484 733 557 pronuntiasse
763 481 777 516 ⁸
810 499 823 538 :
857 480 1021 538 sedin
1049 480 1268 550 synodis
1295 480 1421 532 nihil
1444 478 1792 548 praejndit-are
1822 482 1864 539 Α
1902 479 2097 532 nullam
2130 477 2372 546 injuriatn
2406 477 2662 531 adversus
2709 485 2950 531 sanctum
2979 476 3165 532 fecerit
3190 474 3486 549 Cyrillum:

209 598 314 649 qua:
343 588 476 632 ante
508 576 798 646 perfectum
841 573 1124 648 judicium.
1148 585 1177 623 a
1223 571 1543 639 qubusdam
1573 569 1791 622 forsitan

207 674 336 726 dicza
393 676 542 722 sunt.
596 666 797 719 Deinde
825 665 948 733 quia
980 662 1321 716 inveniuntur
1350 661 1536 716 eadem
1567 668 1592 696 ι
1635 675 1796 728 super

211 762 426 828 epistola
449 760 554 812 Iba:
572 760 590 788 ’
612 756 913 815 sententite,
940 769 1046 808 non
1072 764 1195 806 ante
1213 751 1792 820 perfectumjudicium,

208 855 290 908 sed
324 854 378 905 in
413 851 622 914 ultimo,
653 849 787 902 sicut
826 847 1030 907 dicunt,
1071 845 1258 899 ordine
1308 844 1691 912 promulgatae;
1741 851 1798 898 et

209 959 300 996 non
329 941 660 1006 aliquorum,
694 937 787 992 sed
813 937 1050 991 omnium
1083 949 1225 1002 esse,
1257 934 1450 1002 quibus
1492 935 1668 987 nullus
1713 944 1797 988 est

209 1035 517 1102 refragatus.
548 1031 789 1099 Exigitur
810 1029 953 1084 enim
983 1044 1012 1081 a
1039 1027 1192 1082 nobis
1216 1036 1374 1096 atque
1404 1027 1600 1078 dicitur
1628 1043 1642 1078 :
1668 1025 1799 1078 Pro-

209 1126 319 1179 hate
350 1122 572 1178 concilii
613 1121 1024 1183 dissonantium,
1061 1133 1218 1187 quam
1263 1117 1484 1182 dzcitis;
1532 1116 1800 1172 05tendite

208 1217 286 1270 ubi
348 1215 674 1284 quibusdam
732 1211 1199 1281 pronuntiantibus
1255 1209 1610 1264 orthodoxam
1680 1225 1801 1266 esse

209 1307 299 1361 Iliae
328 1307 638 1375 epistolam,
671 1303 762 1358 alii
793 1302 1235 1358 contradixerunt
1261 1301 1402 1371 quod
1445 1303 1605 1368 impia
1637 1300 1800 1355 fuerit

209 1413 254 1456 et
281 1402 541 1468 profana;
591 1408 645 1454 et
676 1409 794 1468 post
823 1395 1206 1451 dissonantiam
1251 1410 1410 1464 quam
1453 1395 1632 1448 dicitis
1671 1405 1800 1448 ante

209 1495 502 1565 perfecmm
553 1494 811 1566 judicium
869 1492 1086 1558 factam,
1137 1490 1459 1545 concordem
1514 1491 1570 1544 in
1617 1490 1802 1544 ultimo

205 1585 527 1639 sententiam
574 1584 762 1656 synodi
807 1583 1196 1648 demonstrate,
1250 1580 1623 1635 Nestorianam
1659 1581 1800 1636 hanc

206 1690 252 1731 et
277 1675 654 1742 blasphemam
709 1675 990 1744 epistolam
1029 1674 1370 1742 respuentis:
1405 1675 1637 1743 alioquin
1695 1675 1801 1729 Ne-

211 1767 443 1820 storiana
472 1765 633 1820 ctiam
661 1765 749 1820 illa
781 1766 1016 1837 synodus
1048 1765 1163 1830 fuit,
1192 1781 1312 1834 qua:
1339 1766 1498 1820 talem
1524 1767 1801 1832 epistolam

1899 571 2395 638 ostendituraperte
2418 569 2561 623 Ibam
2584 571 2650 622 ad
2677 570 2856 624 ilarim
2871 569 3483 640 epistolantdenegasse.

1901 663 2065 717 Porro
2099 662 2211 718 haec
2263 663 2568 716 adinventio
2617 663 2825 716 delicax
2877 665 3096 717 omnino
3133 673 3186 717 et
3237 663 3490 721 irrisit-nc

1899 753 2055 820 digna
2103 763 2207 806 est.
2255 753 2384 806 Nam
2423 753 2549 806 licet
2605 763 2729 806 ante
2779 755 3038 817 prolatam
3092 755 3377 809 adversum
3426 771 3489 812 se

1900 844 2181 910 epistolam
2214 845 2262 896 itt
2289 844 2492 909 judicio
2538 844 2924 898 venerabiliutn
2978 846 3152 899 Photii
3197 855 3253 899 et
3293 847 3486 902 Eusta-

1905 935 2010 986 chii
2042 945 2200 1003 atque
2226 935 2406 990 Uranii
2429 935 2821 1003 episcoporum,
2854 936 2989 988 hanc
3018 935 3084 989 de
3104 938 3320 990 nomine
3348 938 3488 991 beati

1900 1026 2087 1101 Cyrilli
2117 1030 2520 1084 altercationem
2567 1031 3038 1084 reverentissimus
3073 1030 3188 1084 lbas
3225 1045 3346 1084 cum
3394 1045 3488 1085 ac-

1902 1121 2238 1175 cusatoribus
2266 1122 2375 1175 suis
2410 1121 2674 1188 habuerit,
2707 1132 2826 1188 post
2859 1123 2971 1189 prol
2997 1133 3119 1174 tam
3147 1136 3270 1175 vero
3299 1121 3491 1174 adver-

1905 1227 2021 1264 sum
2058 1226 2119 1263 se
2154 1212 2432 1278 epistolam
2465 1227 2635 1277 stant,
2670 1212 2871 1265 nullum
2921 1213 3217 1281 negationis
3265 1213 3488 1266 verbum

1904 1314 2088 1356 c0tttra
2120 1303 2368 1356 retulisse
2409 1303 2702 1357 doceatur:
2747 1313 2925 1356 tamen
2961 1318 3062 1356 non
3096 1305 3233 1357 sicut
3263 1304 3329 1356 ab
3373 1303 3491 1358 istis

1903 1397 1969 1450 ad
1997 1396 2386 1450 obscurandam
2417 1397 2718 1464 veritatem,
2761 1396 2840 1450 vel
2879 1396 3195 1464 compasita,
3243 1398 3325 1450 vel
3357 1407 3492 1450 atte-

1905 1498 2062 1543 nuata
2095 1499 2217 1542 sunt
2244 1490 2425 1553 verba,
2469 1488 2545 1542 sic
2589 1487 2644 1541 in
2695 1487 2800 1541 illis
2846 1489 3010 1557 gestis
3052 1488 3350 1542 habentur:
3398 1489 3491 1543 ubi

1905 1597 2026 1636 cum
2053 1583 2100 1637 ei
2129 1597 2256 1636 suus
2285 1582 2545 1651 objiceret
2573 1589 2857 1636 accusator
2896 1581 3071 1635 Maras
3112 1567 3492 1652 presbyter‘et

1906 1673 2154 1728 diceret:
2197 1674 2416 1727 Annon
2466 1672 2667 1734 dixisti,
2722 1671 2934 1741 quando
2979 1670 3269 1742 flagitatum
3313 1679 3398 1726 est
3438 1672 3494 1726 in

1905 1773 2135 1829 secreto,
2160 1764 2311 1818 bona:
2331 1763 2602 1817 memoria:
2623 1761 2878 1830 Cyrillum
2904 1769 3151 1830 tanquam
3177 1759 3494 1815 bxereticum

209 1861 558 1916 orthodoxam
590 1861 865 1930 judicavit.
901 1862 1136 1929 Apparet
1164 1860 1321 1928 igitur
1359 1859 1525 1929 quod,
1566 1860 1648 1914 his
1678 1875 1798 1914 otn-
1832 1857 1877 1916 Β
1907 1856 2209 1918 habuimus,
2263 1867 2317 1909 et
2355 1854 2528 1908 donec
2575 1853 3076 1908 anathematizasset
3125 1867 3220 1906 sua
3264 1854 3492 1919 capitula

208 1951 359 2005 nibus
408 1951 706 2005 mendicus
754 1951 984 2004 inaniter
1027 1949 1349 2014 adinventis,
1399 1965 1503 2004 non
1535 1952 1796 2018 excusari,

208 2040 290 2094 sed
332 2041 726 2095 inexcusabilis
753 2041 926 2108 potius
952 2040 1118 2096 videri
1151 2049 1295 2095 tanta
1327 2041 1564 2111 synodus
1614 2044 1798 2110 possit,

212 2143 461 2201 tanquam
493 2132 623 2186 nihil
656 2133 848 2186 habeat
877 2148 982 2202 quo
1011 2133 1222 2188 defendi
1252 2134 1520 2189 veraciter
1550 2145 1730 2204 queat.

844 2285 1070 2343 CAPUT
1113 2285 1178 2342 ll.

213 2400 357 2468 Quod
392 2403 528 2470 falso
573 2403 748 2472 dicunt
781 2400 928 2456 Ibam
970 2418 1178 2472 negasse
1219 2402 1272 2455 in
1314 2402 1511 2465 iudicio
1539 2404 1809 2471 episcopo-

251 2489 371 2526 rum
405 2472 584 2524 Pltotii
614 2482 658 2524 et
691 2471 961 2525 Eustachii
990 2471 1256 2542 epistolam
1285 2474 1431 2526 illam
1452 2491 1596 2527 suam
1627 2490 1751 2528 esse.

275 2582 438 2638 Unde
472 2599 572 2638 nec
600 2583 727 2637 illud
779 2582 1026 2648 dicimus,
1080 2584 1220 2652 quod
1253 2585 1377 2638 item
1411 2585 1462 2638 in
1493 2598 1636 2652 saepe
1667 2583 1810 2639 dicto

209 2691 299 2731 suo
334 2677 500 2737 libro,
535 2675 624 2744 qui
654 2685 978 2743 prtnnotatus
1000 2685 1083 2730 est
1111 2676 1246 2731 falso
1273 2677 1429 2730 titulo
1455 2679 1682 2730 nominis
1704 2679 1808 2743 sui,

208 2767 488 2832 diterunt,
516 2767 638 2836 quia
671 2767 813 2820 illam
843 2767 1126 2835 epistolam
1153 2767 1289 2834 apud
1317 2766 1523 2836 judices
1555 2767 1801 2822 Photium

209 2867 259 2911 et
287 2858 642 2911 Eustachium
668 2873 814 2912 suam
848 2872 968 2912 esse
1008 2856 1219 2926 negavit
1270 2857 1388 2910 ibas
1419 2856 1704 2925 epismpus
1755 2856 1804 2912 δ.

210 2947 368 3014 Quod
403 2960 458 3002 et
493 2947 662 3016 ipsum
693 2960 876 3017 aperte
904 2948 1093 3002 falsum
1127 2957 1228 3011 est,
1259 2957 1314 3001 et
1339 2948 1386 3001 si
1420 2947 1643 3001 velimus
1674 2963 1807 3001 con-

210 3051 286 3093 tra
314 3039 706 3093 conscientiam
735 3039 916 3094 dicere
952 3038 1018 3092 ab
1043 3037 1172 3108 ipsis
1202 3038 1394 3092 iterum
1421 3038 1512 3106 qui
1541 3038 1653 3092 htcc
1674 3053 1814 3092 men—

209 3131 358 3183 dacia
391 3133 818 3198 seminaverunt,
852 3130 1099 3184 similiter
1144 3131 1443 3199 arguimur,
1483 3131 1574 3199 qtti
1625 3139 1808 3198 postea

1906 1964 2011 2003 non
2044 1950 2337 2017 recepimus
2364 1949 2525 2001 eum?
2573 1948 2713 2001 idem
2741 1947 3202 2002 reverentissimtts
3246 1946 3362 2000 lbas
3383 1948 3493 2016 epi-

1907 2055 2103 2107 scopus
2152 2038 2427 2106 respondit
2462 2055 2474 2089 :
2508 2037 2646 2092 Vere
2693 2054 2799 2092 non
2829 2053 2944 2090 sum
2975 2052 3182 2091 memor
3207 2055 3222 2101 ;
3247 2037 3292 2090 si
3320 2048 3494 2093 autem

1906 2138 1960 2183 et
1991 2139 2013 2166 ο
2041 2127 2149 2182 dixi
2183 2128 2202 2159 °
2230 2128 2351 2197 quia
2383 2143 2508 2182 vere
2529 2127 2789 2182 orientale
2809 2127 3088 2181 concilium
3118 2129 3318 2194 recepit
3346 2145 3494 2194 eum,

1910 2229 2186 2289 postquam
2219 2233 2313 2272 sua
2333 2218 2563 2286 capitula
2599 2218 2928 2272 retractavit.
2983 2217 3048 2272 Et
3100 2218 3328 2286 iterum,
3371 2233 3493 2274 cum

1909 2312 2192 2381 praedictus
2219 2310 2389 2365 Maras
2412 2309 2612 2364 diceret
2641 2325 2762 2364 eum
2793 2309 2859 2363 de
2887 2319 3180 2363 memorato
3206 2310 3362 2365 beato
3396 2311 3494 2380 Cy-

1909 2403 2031 2458 rillo
2057 2403 2295 2457 dixisse:
2334 2401 2649 2455 lltcreticutn
2689 2415 2809 2454 eum
2844 2399 3147 2462 habuimus,
3182 2399 3355 2455 donec
3400 2415 3495 2453 sua

1909 2495 2410 2548 anathetnatizasset
2429 2490 2692 2558 capitula;
2718 2490 2857 2544 idem
2878 2491 3345 2546 reverentissimus
3378 2491 3498 2545 lba+

1909 2587 2194 2656 ep'scopus
2222 2582 2393 2637 dixit:
2442 2581 2553 2649 Ego
2586 2589 2865 2650 postquam
2909 2596 3005 2636 sua
3050 2580 3282 2649 capitula
3334 2582 3497 2635 inter-

1913 2687 2150 2749 pretatus
2195 2684 2298 2738 est,
2350 2683 2553 2728 tantum
2596 2673 2840 2728 abstineo
2885 2674 2954 2726 ah
2981 2673 3322 2727 anathemate
3361 2672 3494 2726 viri:

1912 2769 2037 2839 quia
2057 2777 2110 2822 et
2141 2767 2345 2822 litteras
2372 2764 2440 2820 ab
2463 2778 2528 2820 eo
2557 2764 2789 2832 suscepi,
2821 2772 2874 2817 et
2903 2763 3108 2816 litteras
3131 2764 3178 2817 ei
3207 2763 3401 2825 d'rexi,
3445 2770 3499 2818 et

1913 2859 2324 2916 communicavit
2364 2857 2520 2925 mihi,
2566 2867 2620 2911 et
2663 2855 3053 2911 communicavi
3092 2856 3164 2911 ei.
3210 2854 3328 2909 Non
3371 2869 3501 2923 ergo

1914 2954 2127 3023 negavit
2171 2952 2291 3007 ibas
2336 2951 2478 3019 quod
2528 2949 2838 3003 htereticum
2866 2963 2986 3003 eum
3020 2947 3305 3016 aliquando
3334 2946 3501 3003 fuisse

1915 3042 2215 3117 putaverit,
2262 3045 2355 3099 sed
2397 3043 2498 3098 hoc
2526 3042 2665 3096 dixit
2698 3042 2821 3110 quia
2867 3051 2984 3110 post
3013 3042 3270 3096 unitatem
3305 3043 3496 3098 factam

1914 3140 2228 3196 abstinuerit
2256 3139 2324 3193 ab
2344 3137 2682 3192 anathemate
2712 3136 2834 3201 viri,
2883 3136 3022 3204 quod
3066 3145 3119 3189 et
3151 3137 3236 3189 illa
3275 3137 3498 3203 epistola

213 3219 472 3275 dixerunt
500 3239 513 3271 :
545 3220 820 3275 Ostendite
842 3220 995 3274 nobis
1026 3220 1138 3289 ipsa
1162 3220 1457 3288 negationis
1486 3221 1603 3286 ejus
1628 3221 1807 3286 verba,

1917 3234 2238 3288 manifestat.
2270 3231 2384 3286 Non
2411 3240 2494 3285 est
2521 3239 2698 3283 autem
2732 3227 2871 3282 idem
2901 3227 3041 3297 quod
3075 3227 3190 3280 lhas
3219 3225 3499 3296 cpiscopus

213 3312 256 3364 si
281 3311 462 3364 dixit:
498 3310 609 3364 Mea
640 3325 744 3366 non
774 3319 857 3364 est
890 3313 1003 3365 hac
1030 3326 1148 3380 qua:
1175 3312 1460 3376 adversum
1493 3325 1578 3364 me
1605 3311 1813 3380 profero

217 3410 295 3456 tur
321 3402 594 3470 epistola;
620 3417 721 3456 non
747 3418 843 3472 ego
861 3417 977 3456 eam
995 3402 1207 3470 scripsi,
1235 3418 1336 3456 non
1356 3418 1454 3471 ego
1475 3402 1689 3457 dictavi.
1713 3403 1815 3457 Os-

219 3496 428 3548 tendite
450 3495 611 3548 etiam
645 3494 801 3548 nobis
827 3505 1196 3548 accusatorum
1252 3493 1370 3562 ejus
1414 3493 1811 3560 replicationes,

219 3588 416 3655 quibus
442 3604 565 3640 eum
596 3597 877 3656 negantem
907 3586 974 3640 de
997 3586 1094 3639 hac
1125 3601 1208 3651 re,
1241 3586 1380 3639 sicut
1421 3584 1487 3638 de
1514 3585 1632 3638 aliis
1679 3601 1815 3653 quo-

218 3695 318 3746 que
382 3679 584 3744 causis,
615 3679 942 3732 coavincere
984 3676 1330 3732 nitebantur:
1363 3676 1629 3731 ostendite
1653 3677 1813 3731 etiam

219 3785 354 3836 quos
384 3779 570 3833 testes,
591 3779 642 3823 ut
665 3769 764 3823 hoc
784 3769 832 3823 ei
857 3770 1164 3838 probarent,
1185 3768 1524 3822 adduxerint.
1539 3767 1816 3823 Ostendite

220 3863 470 3928 iudicum
503 3863 822 3915 sententiam
874 3877 966 3928 per
994 3877 1149 3931 quam
1181 3862 1654 3928 pronuntiaverunt
1676 3860 1815 3930 quod

220 3953 344 4006 ideo
398 3954 545 4005 illum
578 3953 929 4018 absolverint,
963 3953 1090 4022 quia
1120 3952 1334 4019 probari
1358 3967 1464 4005 non
1493 3951 1663 4020 potuit
1702 3951 1814 4018 ejus

222 4045 414 4107 fuisse,
447 4059 605 4113 quam
625 4060 772 4098 suam
797 4044 959 4099 fuisse
977 4044 1244 4099 inliciatus
1256 4055 1336 4099 est
1351 4043 1373 4075 ³
1391 4062 1402 4096 :
1423 4045 1610 4110 etquid
1628 4043 1813 4097 horum

223 4135 593 4201 ﬂagitantibus
622 4133 685 4187 ⁸2
714 4134 948 4204 nunquid
981 4135 1033 4187 in
1063 4134 1168 4188 illis
1194 4136 1357 4201 gestis
1385 4133 1522 4202 apud
1571 4132 1814 4188 l’hotiutn

224 4234 276 4277 et
307 4225 654 4277 Eustachium
698 4225 720 4254 ⁵
757 4236 911 4294 atque
944 4225 1195 4279 Uranium
1230 4223 1422 4277 habitis
1466 4225 1569 4277 tale
1611 4224 1755 4292 aliqu
1780 4223 1811 4276 d

226 4315 577 4367 continetur?
608 4317 686 4368 An
721 4315 800 4368 his
828 4315 1077 4368 omnibus
1124 4328 1222 4368 nos
1247 4315 1639 4378 deficientibus,
1688 4313 1814 4367 illud

229 4407 473 4474 int-ptum
517 4419 702 4460 contra
734 4407 1201 4475 respondebimus,
1233 4394 1476 4476 quod'in
1535 4422 1634 4461 suo
1679 4407 1815 4461 libro

225 4512 460 4564 posuere
492 4498 732 4551 dicentes
759 4517 774 4550 ;
807 4498 1020 4552 Inventa
1053 4507 1136 4553 est
1168 4505 1342 4551 autem
1376 4497 1428 4551 in
1458 4497 1661 4551 eisdem
1684 4497 1813 4550 actis

1916 3323 2050 3378 dixit
2075 3341 2088 3378 :
2124 3324 2233 3394 Ego
2264 3333 2540 3391 postquam
2570 3320 2804 3388 capitula
2835 3332 2928 3371 sua
2970 3317 3348 3386 interpretatus
3379 3326 3460 3370 est
3485 3358 3498 3382 ,

1919 3424 2127 3468 tantum
2183 3414 2427 3468 abstineo
2477 3413 2544 3466 ab
2573 3411 2916 3466 anathemate
2945 3409 3085 3466 viri:
3132 3395 3186 3464 ᾗ
3237 3410 3377 3480 quod
3420 3411 3502 3466 isti

1917 3522 2038 3560 eum
2067 3508 2264 3561 dixisse
2295 3515 2606 3573 posuerunt,
2639 3504 2761 3574 quia
2796 3511 2916 3572 post
2944 3501 3232 3557 unitionem
3261 3503 3503 3558 Orienta-

1919 3597 2046 3652 lium
2069 3606 2123 3652 et
2150 3596 2318 3652 saneti
2344 3596 2550 3667 Cyrilli,
2580 3597 2781 3650 nullam
2815 3595 3064 3662 injuriam
3090 3595 3346 3648 advtersus
3376 3609 3499 3649 eum

1919 3689 2128 3755 fecerit,
2158 3688 2309 3758 quasi
2337 3700 2673 3756 consequens
2705 3687 2793 3753 sit,
2828 3695 2885 3738 ut
2914 3687 3036 3754 quia
3062 3685 3172 3754 jam
3203 3685 3501 3738 abstinuie-

1917 3792 2000 3836 set
2033 3781 2151 3836 lbas
2177 3781 2244 3834 ab
2263 3779 2600 3834 anathemate
2629 3778 2766 3832 beati
2790 3777 2995 3846 Cyrilli,
3018 3777 3136 3830 ideo
3159 3791 3256 3830 nec
3282 3775 3503 3828 credere

1919 3881 2064 3935 ante,
2121 3886 2219 3927 nec
2267 3883 2451 3939 postea
2499 3869 2680 3923 dicere
2739 3867 3017 3937 potuisset,
3049 3864 3190 3934 quod
3224 3865 3503 3932 aliquando

1919 3963 2074 4019 fuerit
2098 3963 2296 4030 lapsus,
2324 3975 2480 4030 quem
2513 3961 2688 4029 potius
2716 3973 3031 4013 conversum
3061 3957 3130 4010 ab
3165 3971 3350 4010 errore
3375 3956 3502 4011 false

1920 4065 2214 4127 putaverat.
2248 4055 2314 4108 Et
2342 4062 2625 4122 pmpterea
2663 4051 2800 4106 istud
2827 4065 3037 4120 quoque
3066 4049 3494 4104 commentitiutn

1920 4149 2109 4203 melius
2139 4162 2234 4199 nos
2264 4147 2400 4200 ultro
2423 4145 2744 4215 respuimus,
2770 4159 2931 4213 quam
2977 4144 3044 4198 ab
3073 4142 3204 4210 ipsis
3233 4158 3262 4196 a
3303 4143 3501 4212 quibus

1918 4240 2260 4292 adinventum
2292 4246 2393 4301 est,
2427 4251 2548 4290 cum
2582 4244 2764 4290 nostra
2803 4234 3143 4289 confessioae
3193 4243 3377 4302 postea
3420 4249 3506 4287 re-

1920 4330 2153 4386 fellatur.
2178 4330 2232 4383 Si
2262 4338 2436 4382 autem
2463 4328 2677 4397 quieris,
2703 4327 2961 4397 Auguste,
3010 4339 3336 4396 cognoscere
3367 4326 3506 4394 quod

1921 4437 2022 4478 non
2055 4424 2171 4476 istis
2193 4421 2435 4475 obscuris
2481 4429 2535 4473 et
2581 4420 2816 4489 captitiis
2857 4419 3363 4482 adinventionibus,
3411 4418 3507 4471 sed

1919 4531 2014 4571 sua
2087 4523 2280 4584 sponte
2345 4513 2645 4582 conspicuis
2703 4521 2758 4567 et
2815 4511 3151 4567 evidentibus
3215 4510 3508 4565 documen-

222 4590 368 4655 apud
390 4591 632 4642 l‘ltutium
651 4591 1064 4644 etEustachium
1091 4591 1305 4654 habitis,
1335 4598 1389 4643 et
1407 4588 1814 4644 satisfactiolba:

1923 4610 1992 4664 tis
2027 4649 2042 4674 ,
2104 4623 2224 4678 quae
2291 4621 2416 4662 vere
2463 4606 2598 4660 facta
2650 4615 2734 4660 est
2805 4607 3017 4676 negatio
3075 4607 3509 4674 demonstretur;

223 4683 290 4734 ad
323 4682 439 4735 ha-c
462 4681 710 4746 dicentis,
743 4685 864 4753 quia
898 4695 1014 4752 post
1047 4685 1342 4738 unitionem
1383 4683 1731 4737 Orientalium
1757 4693 1813 4738 et

222 4773 399 4825 sancti
427 4773 610 4843 Cyrilli
643 4776 841 4829 nullam
875 4775 1122 4842 iniuriam
1166 4774 1428 4826 adversus
1455 4788 1575 4826 eum
1607 4772 1812 4827 fecerit.

227 4863 295 4918 ει
327 4866 613 4934 adjiciunt:
635 4867 690 4922 Si
715 4882 842 4935 ergo
872 4867 1082 4934 impiam
1110 4865 1388 4931 epistolam
1422 4875 1538 4932 post
1561 4864 1818 4918 unitionis

226 4966 441 5026 tempus
469 4958 749 5028 signiﬁcat,
773 4958 887 5013 lbas
905 4968 1080 5012 autem
1098 4957 1354 5028 dicitquia
1376 4965 1496 5028 post
1525 4959 1817 5013 unitionem

307 5195 334 5222 ι·
377 5186 533 5240 Forte
558 5186 765 5240 eadem.

306 5255 338 5295 δ
377 5259 488 5310 Νυιι
515 5273 701 5310 attsuut
725 5271 845 5310 esse
875 5271 1023 5308 suam
1046 5255 1224 5310 dicere
1251 5254 1439 5308 astruit
1467 5255 1626 5320 etiam
1650 5253 1813 5306 Justi-

228 5329 428 5382 niantts
453 5330 503 5380 in
533 5329 728 5388 edicto.
753 5330 802 5380 ἐν
821 5323 1114 5387 Χαλκηδόνι,
1141 5329 1493 5397 κατηγορηθεὶς
1517 5322 1657 5383 ἰϐνς
1687 5327 1816 5390 μετὰ

226 5409 332 5458 τήν
363 5403 633 5471 rimi-[mata
654 5407 742 5458 τῆς
765 5399 980 5458 ἀσεϐοῦς
1012 5399 1276 5454 ἐπιστολῆς
1309 5398 1398 5449 οὐκ
1421 5397 1662 5463 ἐτόλμησε
1689 5397 1817 5449 ταύ-

320 5574 336 5601 ³
375 5571 503 5623 Cotl.
537 5571 753 5635 Veron.,
789 5569 1142 5638 pronuntiasse
1176 5568 1314 5634 quod
1337 5566 1619 5618 orthodoxa
1647 5565 1822 5632 fuerit,

233 5653 286 5694 et
323 5642 498 5691 iterum
528 5643 589 5692 de
615 5643 721 5709 ipsa
770 5641 972 5708 quidem
1029 5639 1244 5706 epistola
1295 5638 1546 5706 synodum
1594 5653 1824 5706 pronun-

233 5715 404 5766 tiasse
426 5728 442 5769 ;
467 5713 553 5762 sed
581 5712 631 5762 in
657 5711 883 5780 synodis,
916 5720 1020 5763 ctc.

323 5782 344 5811 ³
383 5780 522 5832 Illum
552 5781 692 5833 coti..
725 5783 904 5846 synodi
926 5780 1199 5833 sontentiw.

331 5849 352 5882 ⁸
387 5850 526 5907 ldctn
556 5853 700 5920 cod,
725 5845 834 5924 ejus
857 5851 1012 5921 fuisse
1041 5852 1186 5905 ilium
1206 5848 1494 5922 epistolam,
1529 5855 1615 5898 aut
1648 5845 1826 5900 suftom

1921 4699 2155 4766 attende,
2185 4712 2390 4767 quaeso,
2419 4696 2593 4766 qualis
2634 4695 2792 4748 fuerit
2833 4709 2995 4762 super
3041 4695 3145 4748 alio
3183 4695 3417 4765 capitulo
3455 4695 3508 4749 in

1922 4789 2109 4846 eadem
2141 4789 2509 4843 controversia
2539 4785 2702 4854 ipsius
2731 4784 2834 4840 Iba:
2860 4785 3093 4853 negatio,
3139 4785 3308 4853 qualis
3349 4784 3507 4838 etiam

1924 4890 2109 4937 contra
2137 4880 2412 4948 replicatio
2442 4887 2838 4942 accusatorum,
2867 4876 3040 4947 qualis
3069 4872 3506 4939 interlocutioju~

1927 4977 2126 5032 dicum.
2160 4972 2314 5029 Unde
2335 4973 2694 5028 necessarium
2724 4971 2849 5026 duxi
2878 4985 2945 5026 ex
2972 4969 3173 5025 eisdem
3211 4966 3375 5035 gestis
3408 4964 3506 5020 ali-

1917 5205 2006 5241 την
2036 5183 2408 5236 οἱκιιῶσασθαι.
2439 5177 2701 5232 Caeterum
2733 5175 2860 5229 nihil
2883 5173 2988 5228 tale
3009 5173 3061 5227 in
3090 5172 3298 5241 synodo
3322 5189 3355 5228 ν
3376 5189 3507 5228 con-

1919 5256 2149 5319 fingitur.
2186 5253 2247 5304 lit
2278 5249 2460 5303 frivola
2493 5257 2575 5319 e~t
2603 5261 2721 5315 quae
2746 5245 3029 5315 opponitur
3046 5243 3376 5313 conjectura,
3397 5245 3506 5301 scio

1918 5317 2078 5390 teque
2102 5337 2130 5373 a
2165 5320 2412 5374 Facundo
2443 5318 2722 5390 refellitur.

1995 5387 2016 5431 ἒ
2063 5391 2241 5456 Forte,
2267 5391 2448 5443 iterum
2473 5388 2580 5440 dixi
2605 5387 2746 5448 quia.

1927 5563 2045 5632 quia
2073 5564 2180 5631 ipse
2205 5562 2322 5615 lbas
2343 5576 2486 5613 suam
2517 5557 3072 5632 fuissc‘tnﬁciai‘uscst.

2001 5632 2020 5660 ⁸
2063 5629 2201 5684 Idem
2236 5633 2377 5696 cod.,
2411 5629 2758 5700 ﬂagitantibus
2782 5630 3136 5700 ostendimus?

2002 5703 2021 5732 '
2062 5703 2200 5754 Idem
2231 5703 2373 5764 cod.,
2410 5697 2729 5759 Eustacium,
2755 5699 2834 5754 vel
2860 5697 3207 5754 Eustathiuttt.
3230 5697 3320 5756 Sic
3345 5697 3507 5755 etiam

1930 5772 2089 5841 paulo
2118 5773 2252 5827 infra
2284 5787 2337 5826 et
2365 5774 2485 5826 alibi
2517 5770 2793 5837 legendum
2820 5779 2921 5824 est.

2003 5841 2022 5872 '
2064 5841 2206 5902 ldcm
2235 5842 2381 5914 cod.,
2414 5844 2609 5914 etdixi,
2641 5841 2748 5898 (fixi
2774 5842 2913 5911 quia,
2945 5848 3047 5897 etc.
