3878 6194
189 258 269 315 ii“
1116 267 1249 323 PRO
1291 264 1716 322 DEFENSIONE
1755 263 1971 318 TRSUM
2010 262 2327 320 C.\PITUL.
2362 263 2487 319 [ΑΒ.
2526 264 2587 319 V.

3342 256 3445 314 (ἶιὲ

182 394 251 437 est
275 390 431 449 atque
456 377 520 432 ad
554 390 927 447 imperatorem
980 380 1166 445 relata,
1204 393 1254 433 ιιι
1298 393 1478 449 pns:e.t
1510 379 1741 434 subscri-
1773 386 1818 440 Α
1849 384 2026 429 ccaot.
2087 374 2284 430 Verum
2325 384 2451 441 est,
2525 393 2631 431 non
2686 376 2986 434 interfuerit
3038 380 3433 454 Tlieodoretus,

186 473 429 543 [itionibus
459 473 698 526 omnium
753 473 1074 536 ﬁrmaretur,
1121 474 1251 527 nihil
1284 473 1511 541 probare
1554 487 1741 540 possu—

181 580 311 621 mus:
336 563 462 633 quia
492 571 550 618 et
577 564 902 633 subscriptio
944 565 1105 619 dilata
1154 575 1256 628 est,
1288 564 1739 634 quemadmodum

184 656 294 717 dixi,
320 665 375 709 et
405 654 463 708 in
493 655 604 725 ipsa
636 655 912 721 relatione,
946 673 1045 725 qua
1074 666 1321 712 narratur
1343 656 1534 725 quibus
1558 656 1736 710 consi-

184 744 409 801 dentibus
428 746 617 801 eadem
644 749 907 815 expositio
934 748 1054 802 ﬁdei
1085 749 1281 803 relecta
1300 756 1402 812 est,
1431 747 1742 801 denominao

182 838 239 891 tis
266 835 330 889 ibi
364 834 557 905 legatis
587 835 840 891 Romanis
870 848 921 892 et
961 839 1079 892 aliis
1127 838 1503 908 quinquaginta
1532 836 1740 892 duobus

180 926 446 995 episc0pis,
474 926 699 992 dicitur,
733 926 1148 982 Considentibus
1178 929 1283 983 illis
1310 939 1364 983 ct
1384 930 1587 998 reliqua
1617 943 1741 981 san-

177 1026 246 1071 cta
263 1026 309 1070 ct
341 1016 637 1071 universali
658 1018 883 1088 synodo,
918 1028 1122 1074 tacetur
1143 1030 1320 1074 autem
1347 1021 1414 1073 de
1436 1021 1741 1074 nominibus

178 1118 501 1162 ct-terorum.
533 1108 587 1163 In
620 1110 830 1164 actione
860 1125 988 1166 vero
1012 1124 1185 1176 sexta,
1215 1112 1404 1167 eodem
1435 1113 1738 1178 consulatu,

177 1215 251 1253 vin
297 1200 557 1255 calendas
584 1201 920 1267 Noi‘embris,
956 1205 1006 1256 in
1039 1219 1140 1272 qua
1178 1218 1408 1272 prazsens
1439 1204 1532 1258 fuit
1561 1214 1614 1260 et
1645 1206 1743 1258 im-

178 1299 393 1359 perator,
439 1301 493 1345 et
524 1306 711 1347 omnes
754 1293 1050 1346 deﬁnitioni
1106 1294 1225 1348 fidei
1268 1294 1700 1362 subst-ripsernnt
1726 1336 1740 1360 ,

178 1382 677 1437 anathematizanles
705 1382 1007 1438 Nestorium
1049 1396 1103 1441 et
1136 1386 1428 1456 Eulyehem
1460 1396 1515 1442 ct
1553 1402 1742 1443 omnes

175 1475 426 1525 contraria
462 1473 796 1539 sentientes,
824 1475 1090 1530 invenitur
1121 1477 1336 1531 Nonnus
1372 1478 1577 1533 sedisse
1603 1479 1745 1548 vige-

176 1566 320 1617 simus
379 1573 624 1630 octavus,
668 1568 1054 1637 subscripsisse
1096 1580 1273 1623 autem
1306 1568 1609 1640 trigesimns
1638 1570 1745 1639 pri-

177 1670 273 1707 mu‘
303 1654 407 1707 lter
442 1656 603 1710 modo
630 1675 641 1708 :
672 1656 891 1712 Nonnus
913 1659 1194 1729 episcOpus
1226 1660 1510 1715 Edessena:
1541 1668 1744 1715 metro-

1844 471 1985 525 sicut
2031 484 2131 525 nec
2170 470 2310 536 lbas,
2364 468 2823 526 Chalcedonensis
2850 472 3148 530 deﬁnitioni
3181 479 3433 545 concilii;

1848 558 2088 614 hieccine
2138 558 2367 615 dicenda
2411 572 2585 625 erant,
2620 571 2677 615 ut
2722 564 3129 621 Ostenderemus
3155 568 3435 637 epistolam

1852 650 2179 705 venerabilis
2209 650 2338 717 lbze,
2382 666 2487 705 non
2513 652 2579 705 ad
2602 652 2817 708 decreta
2864 656 3028 723 ipsius
3072 659 3281 714 concilii
3310 676 3438 730 per-

1845 742 2038 807 tinere,
2072 742 2194 811 quia
2244 751 2361 811 post
2414 743 2534 797 ﬁdei
2582 743 2951 801 deﬁnitionem
2982 748 3049 804 de
3095 747 3183 803 illa
3221 749 3438 821 judica-

1846 838 1957 885 tum
2002 832 2127 886 est?
2174 832 2262 887 Sic
2290 831 2452 900 igitur
2478 834 2640 888 etiam
2684 850 2920 892 canones
2944 837 3323 895 ecclesiastica:
3352 842 3440 899 die

1843 922 2101 990 sciplinze,
2157 923 2243 991 qui
2287 922 2491 977 utiliter
2537 923 2608 978 ibi
2663 935 2789 979 sunt
2839 936 2961 994 post
3006 927 3383 985 deﬁnitionem
3414 932 3433 964 ί

1844 1014 2145 1080 constituti,
2193 1028 2301 1067 non
2354 1013 2420 1067 ad
2469 1015 2714 1069 eamdem
2744 1017 3005 1087 synodum
3038 1019 3305 1087 pertinere
3356 1021 3439 1077 di-

1845 1112 2053 1159 centur.
2087 1105 2151 1159 Et
2192 1104 2396 1159 utinam
2426 1105 2690 1161 docerent
2732 1109 2815 1163 cui
2846 1109 3055 1179 synodo
3088 1112 3209 1166 illos
3238 1112 3438 1167 debea-

1846 1211 1964 1250 mus
2008 1198 2293 1264 ascribere,
2342 1197 2390 1253 si
2438 1213 2501 1253 ea
2531 1214 2704 1267 quaea
2731 1200 3159 1257 Chalcedonensi
3205 1204 3437 1259 concilio

1847 1299 1996 1354 gesta
2027 1298 2171 1356 sunt,
2197 1290 2650 1346 Chalcedonensis
2678 1293 2894 1347 concilii
2924 1308 3026 1348 non
3058 1306 3200 1348 Sttnl.
3237 1296 3438 1353 Deinde

1846 1381 2116 1449 quomodo
2145 1382 2445 1445 contraria,
2477 1390 2531 1436 et
2571 1382 2855 1450 semetipsa
2903 1383 3214 1441 destruente
3262 1402 3440 1443 asser-

1849 1471 2014 1534 tione,
2047 1470 2135 1524 illa
2167 1472 2406 1540 synodus
2436 1474 2761 1528 excusetur?
2809 1473 2939 1527 Nam
2970 1474 3061 1544 qui
3091 1490 3189 1531 nos
3237 1478 3291 1532 in
3320 1479 3438 1548 ejus

1849 1563 2217 1629 purgationem
2248 1563 2530 1616 voluerunt
2558 1563 2758 1630 dicere,
2808 1564 2950 1633 quod
2982 1581 3143 1620 nemo
3171 1571 3439 1638 respicere

1848 1650 2046 1705 debeat
2073 1667 2136 1707 ea
2165 1666 2286 1721 quas
2307 1660 2430 1707 ante
2461 1650 2755 1721 perfectum
2780 1654 3038 1723 judicium
3069 1671 3098 1709 a
3120 1657 3438 1726 quibusdam

177 1747 291 1813 polis
332 1745 605 1801 deﬁniens
651 1750 960 1818 subscripsi.
1006 1750 1122 1805 lbas
1165 1755 1350 1816 etiam,
1382 1756 1646 1821 quamvis,
1689 1762 1747 1807 ut
1783 1773 1823 1830 Β
1851 1740 2069 1796 forma"
2097 1741 2239 1796 diem
2261 1755 2402 1807 δυῐνο
2458 1742 2553 1797 δαί
2579 1759 2696 1812 (lum?
2726 1743 2779 1797 in
2838 1746 3025 1799 “mmo
3063 1750 3252 1803 οῖίίίηθ
3298 1748 3438 1804 deﬁ-

178 1835 412 1901 d'ximus,
445 1837 655 1893 St‘dlsse
682 1855 787 1894 non
811 1840 1099 1910 relegatur,
1125 1842 1391 1897 invenitur
1425 1853 1598 1898 tamen
1627 1845 1747 1900 sub-

181 1930 447 1999 scripsisse
483 1933 858 2003 nonagesimus
890 1935 940 1988 in
975 1935 1055 1988 bis
1085 1936 1296 1990 verbis:
1325 1937 1442 1990 lhas
1466 1938 1748 2005 cpiscopus

179 2021 466 2077 lidessenus
498 2022 766 2077 deﬁniens
812 2025 1122 2094 subscripsi.
1159 2025 1262 2081 Sed
1299 2034 1354 2081 et
1380 2026 1749 2082 Tbeodoretus

178 2112 489 2165 centesimus
545 2113 806 2181 septimus
860 2113 1082 2177 sedisse,
1136 2114 1520 2184 subscripsisse
1568 2124 1746 2169 autem

180 2200 495 2255 centesimus
524 2210 579 2255 et
629 2202 930 2271 trigesitnus
961 2206 1149 2258 tertius
1194 2204 1247 2258 in
1290 2204 1492 2260 eisdem
1523 2207 1702 2260 verbis
1732 2223 1746 2258 :

176 2290 533 2348 Tbeodoretus
562 2293 718 2363 Cyrri
750 2303 775 2330 ³
804 2295 1068 2349 deﬁniens
1114 2295 1430 2365 subscripsi.
1471 2297 1751 2363 Quomodo

175 2381 312 2449 igitur
364 2383 631 2437 adversus
682 2393 879 2438 tantam
927 2400 1103 2440 rerum
1149 2386 1468 2441 evidentiam
1515 2387 1749 2442 fautores

176 2470 541 2527 hereticorum
572 2475 784 2530 mentiri
822 2492 926 2531 non
977 2477 1183 2546 puduit,
1213 2487 1270 2531 ut
1312 2478 1553 2535 dicerent
1582 2479 1752 2536 Theo-

174 2562 402 2619 doretnm
453 2566 789 2635 episc0pnm,
819 2569 916 2622 nisi
948 2578 1067 2637 post
1095 2568 1459 2625 deﬁnitionem
1493 2570 1617 2624 1]άαὶ
1645 2586 1749 2624 non

174 2653 471 2711 interfuisse
503 2658 771 2712 concilio?
805 2660 867 2713 Et
897 2669 1073 2715 tamen
1119 2660 1294 2715 adhuc
1335 2662 1557 2730 exigunt
1592 2660 1643 2715 in
1675 2670 1753 2716 tot

173 2744 482 2801 falsitatibus
527 2748 879 2819 deprehensi,
928 2760 988 2806 ut
1031 2766 1218 2807 eorum
1265 2740 1582 2807 testimonio.
1611 2766 1753 2806 nunc

174 2839 559 2893 condemnetur
581 2842 827 2909 epistola,
860 2858 1016 2912 quam
1045 2852 1170 2897 ante
1212 2852 1423 2898 centum
1455 2843 1622 2899 ferme
1657 2858 1753 2898 an-

174 2941 258 2979 nos
284 2930 609 2983 universalis
639 2931 873 3000 synodus
911 2932 1245 3001 approbavit.
1280 2934 1410 2999 Quis
1439 2934 1586 2987 dabit
1612 2934 1755 3004 judi-

175 3021 302 3075 cium
352 3022 586 3090 ju~tum,
618 3032 672 3077 et
716 3039 820 3077 non
853 3024 953 3093 ipsi
1005 3026 1178 3093 potius
1228 3024 1621 3079 damnabuntur
1665 3026 1751 3092 qni

1849 1833 1986 1895 nita;
2016 1832 2119 1900 ipsi
2144 1842 2330 1886 contra
2355 1848 2496 1887 nunc
2527 1835 2546 1863 ⁸
2584 1833 2813 1888 suadent
2836 1845 2894 1889 ut
2924 1850 3019 1906 per
3046 1836 3148 1893 hoc
3177 1839 3439 1909 synodum

1849 1924 2221 1989 defendamus,
2267 1926 2388 1994 quia
2419 1935 2541 1994 post
2569 1921 2937 1982 deﬁnitionem
2968 1928 3037 1983 de
3095 1929 3184 1984 illa
3225 1931 3296 1987 sit
3324 1933 3436 2003 epi-

1850 2016 1986 2071 stola
2036 2016 2359 2087 jndicatum,
2410 2026 2467 2071 ut
2516 2032 2613 2073 nos
2656 2028 2878 2087 postea,
2947 2036 3053 2077 non
3101 2031 3308 2079 tantum
3362 2027 3438 2084 rei

1848 2109 2177 2172 ostensione,
2232 2121 2416 2160 verum
2468 2108 2630 2162 etiam
2685 2108 2851 2176 ipsius
2898 2120 3095 2168 nostrai
3120 2114 3437 2171 assertionis

1849 2197 2229 2253 contrarietate
2255 2199 2594 2253 convincam.
2627 2200 2694 2253 At
2717 2214 2820 2254 non
2852 2201 2921 2255 ita
2953 2217 3051 2258 nos
3081 2204 3219 2258 ratio
3248 2206 3434 2263 deﬁcit

1849 2287 1915 2341 ad
1968 2288 2360 2344 defendendam
2417 2289 2682 2360 synodum
2736 2305 2899 2360 super
2928 2291 3033 2347 lbae
3080 2296 3327 2364 epistola,
3382 2303 3441 2351 ut

1851 2378 1975 2435 inde
2006 2379 2153 2434 illam
2189 2390 2375 2435 contra
2416 2380 2874 2451 Entychianorum
2921 2385 3217 2440 calumnias
3263 2387 3436 2443 inani-

1853 2478 1935 2525 ter
1979 2475 2220 2526 excusari
2245 2470 2491 2535 velimus,
2526 2472 2666 2527 unde
2691 2482 2876 2527 contra
2906 2474 3247 2532 Nestorianos
3273 2493 3437 2534 excu-

1852 2562 1963 2614 sari
1998 2575 2104 2615 non
2139 2561 2331 2616 valeat.
2365 2562 2494 2615 Nam
2518 2563 2561 2617 si
2586 2563 2656 2617 ob
2682 2564 2784 2619 hoc
2807 2566 3045 2621 deﬁnitio
3074 2569 3195 2623 ﬁdei
3238 2585 3357 2639 quae
3379 2571 3435 2627 iu

1854 2649 1943 2703 illa
1964 2650 2168 2722 synodo
2198 2651 2337 2706 facta
2362 2662 2466 2719 est,
2504 2662 2692 2708 contra
2746 2656 3201 2726 Entycbianorum
3227 2662 3437 2715 calum-

1855 2740 1971 2793 nias
2000 2740 2337 2807 defendatur,
2364 2744 2487 2812 quia
2520 2755 2738 2811 propter
2765 2747 2907 2815 quod
2939 2752 3171 2805 accusati
3224 2752 3437 2809 fuerant

1855 2829 2225 2887 Theodoretus
2246 2844 2299 2887 et
2321 2834 2455 2896 lbas,
2491 2844 2546 2888 ut
2572 2834 2808 2890 Nestorii
2829 2837 3023 2909 dogma
3054 2841 3434 2910 suscipientes,

1857 2938 1963 2978 non
1985 2923 2192 2977 evocati
2210 2934 2403 2979 suntut
2422 2936 2547 2981 ante
2568 2929 2818 2985 sederent
2835 2945 2957 2984 cum
2986 2943 3170 2988 sancta
3194 2935 3435 3005 synodo:

1857 3010 1926 3067 ιι)
1974 3012 2076 3067 hoc
2130 3024 2320 3069 contra
2370 3016 2807 3074 Nestorianorum
2864 3022 3162 3077 calumnias
3222 3026 3438 3087 defendi

176 3113 285 3164 tali.
336 3114 764 3167 conﬁnxerunt?
806 3115 913 3168 Aut
955 3115 1223 3184 quomodo
1269 3115 1618 3171 adtnittentur
1666 3116 1747 3171 vel
1776 3151 1820 3210 Ο
1859 3125 1966 3165 non
1997 3111 2369 3180 p-tterit,quod
2386 3111 2665 3166 Anatolius
2683 3111 3325 3185 Constantinopolitanae,
3343 3118 3433 3188 qui

176 3204 403 3258 attestari
444 3204 531 3258 vel
583 3219 837 3260 accusare
885 3220 1205 3275 quemquam
1259 3216 1446 3261 contra
1502 3217 1748 3277 paternos

174 3306 415 3351 etnones.
450 3310 589 3364 quos
638 3298 689 3349 in
738 3297 898 3350 tantis
948 3296 1318 3351 convincimus
1366 3312 1484 3352 esse
1530 3300 1749 3352 menda-

176 3385 294 3436 ces?
321 3384 390 3439 Et
420 3384 466 3437 si
492 3385 614 3453 quis
647 3383 885 3438 noluerit
916 3385 1107 3439 talibus
1134 3385 1379 3439 assentiri
1431 3386 1742 3451 mendaciis,

179 3473 456 3530 bareticus
484 3476 801 3544 appellatur,
834 3484 1082 3545 tanquam
1111 3476 1484 3532 luereticornm
1512 3478 1579 3531 sit
1606 3479 1747 3533 nolle

176 3569 404 3621 mentiri.
438 3568 535 3622 llis
575 3582 735 3633 porro
776 3568 1094 3624 falsitatibus
1140 3569 1561 3633 subscribentes,
1598 3579 1651 3625 et
1694 3572 1745 3625 in

179 3660 365 3715 talibus
414 3661 803 3716 constituentes
832 3661 1195 3717 defensionem
1245 3661 1466 3733 synodi,
1499 3662 1625 3731 quid
1654 3677 1752 3731 pro

176 3753 255 3806 ilLi
302 3755 600 3822 pou-rimus
653 3754 996 3824 Eutycbianis
1028 3757 1369 3823 respondere,
1420 3770 1541 3809 cum
1580 3756 1752 3810 mani-

172 3844 301 3899 festa
348 3861 453 3901 nos
500 3846 722 3901 veritate
762 3847 1139 3901 convicerintl
1168 3850 1273 3902 Aut
1315 3859 1508 3917 quanta
1565 3864 1753 3903 neces-

172 3937 325 3992 sitate
378 3937 676 3992 videbimur
720 3939 786 3992 ad
829 3939 950 3992 talia
997 3938 1305 4007 confugisse
1350 3939 1666 4004 mendacia,
1698 3940 1750 3992 in

175 4034 363 4095 quibus
433 4031 629 4084 latendi
694 4032 869 4086 nullus
930 4041 1015 4086 cst
1065 4034 1251 4097 locus,
1310 4042 1558 4101 tauquam
1621 4033 1751 4086 nihil

173 4122 492 4176 remanserit
512 4122 652 4191 quod
685 4138 784 4192 pro
806 4123 1001 4195 eadem
1031 4136 1213 4177 sancta
1255 4125 1461 4193 synodo
1489 4124 1754 4178 veracilvt‘

175 4212 499 4280 respondere
530 4213 841 4283 possimus?
870 4214 984 4268 Non
1010 4229 1138 4284 ergo
1161 4214 1314 4268 nobis
1361 4216 1756 4282 persuadebunt.

171 4308 262 4372 qui
295 4306 747 4375 Eutychianorum
780 4305 1077 4360 calumnias
1106 4307 1432 4361 sitnulatnric
1460 4307 1756 4363 refellendo

173 4397 558 4463 corroborant,
604 4406 661 4449 ut
705 4396 946 4451 dicamus
986 4400 1128 4466 quod
1178 4415 1280 4452 non
1324 4410 1446 4452 ante
1493 4399 1755 4469 synodum

1852 3210 1978 3256 ante
1999 3201 2389 3257 Antiochenam
2413 3205 2645 3273 priorem
2675 3204 2784 3258 illic
2803 3204 2908 3258 sibi
2940 3205 3116 3259 locum
3146 3220 3435 3278 usurpave-

1851 3301 1956 3355 rat,
2005 3304 2067 3347 et‘
2086 3293 2198 3361 ipse
2228 3294 2489 3348 Maximus
2521 3293 2912 3362 Antiocltenus,
2939 3306 2995 3352 et
3015 3295 3287 3356 Juvenalis
3316 3300 3439 3356 Ilie-

1853 3386 2272 3456 rosolymitanus
2298 3384 2371 3440 ibi
2397 3386 2779 3456 sederunt,qui
2803 3387 2887 3442 vel
2907 3388 3156 3459 dogmate
3182 3392 3262 3446 vel
3293 3406 3440 3447 com-

1852 3480 2107 3534 munione
2134 3478 2592 3550 Eutycbianorum
2624 3479 2813 3548 polluti
2842 3490 2967 3536 ante
3012 3482 3250 3538 fuerant.
3302 3484 3436 3540 Nam

1857 3578 1914 3624 ct
1940 3568 2268 3624 venerabilis
2293 3568 2593 3634 Anatolius,
2627 3568 2800 3639 ejecto
2831 3585 2927 3639 pro
2954 3585 3080 3626 vera
3107 3572 3212 3627 ﬁde
3233 3574 3301 3628 ab
3333 3574 3443 3628 Eu-

1858 3663 2123 3735 tychianis
2167 3664 2322 3717 beato
2353 3661 2627 3729 Flaviano,
2659 3670 2712 3719 et
2743 3671 2962 3718 sanctus
2987 3664 3248 3718 Maximus
3290 3665 3442 3720 simi-

1860 3759 1981 3814 liter
2001 3774 2099 3828 pro
2124 3759 2332 3812 Domno
2373 3760 2628 3828 episcopo
2664 3760 2733 3813 ab
2757 3760 2838 3814 eis
2868 3757 3039 3821 fuerat
3061 3758 3358 3823 ordinatus,
3388 3768 3447 3815 et

1857 3848 2130 3904 Juvenalis
2169 3849 2220 3903 in
2253 3849 2424 3918 ipsum
2470 3849 2664 3917 dogma
2716 3848 3107 3920 Eutycbianum
3154 3850 3439 3919 lapsus,ab

1862 3942 2096 3997 Ecclesia
2119 3952 2231 3995 erat
2252 3944 2539 3996 exclusus:
2579 3940 2721 4010 quod
2742 3951 2795 3994 et
2821 3941 3013 3995 litteras
3043 3940 3182 3997 beati
3231 3941 3431 3997 Leonis

1858 4042 1915 4088 et
1937 4034 2163 4088 aliorum
2211 4034 2537 4099 scriptorum
2578 4042 2921 4087 monumenta
2974 4032 3269 4088 declarant.
3318 4032 3438 4091 Non

1857 4138 1986 4194 ergo
2016 4125 2092 4178 sic
2120 4124 2345 4178 velinms
2369 4122 2488 4177 ﬁdei
2513 4137 2634 4192 quae
2655 4123 2706 4176 in
2740 4121 2828 4175 illa
2860 4122 3066 4194 synodo
3094 4122 3302 4177 ﬁrmata
3334 4133 3444 4192 est,

1861 4217 2151 4270 constituta
2182 4214 2491 4280 defendere,
2525 4222 2581 4267 ut
2605 4229 2666 4267 ea
2694 4214 2938 4267 dicamus
2967 4228 3087 4283 qua
3114 4229 3211 4269 nos
3231 4213 3445 4284 quidem

1862 4308 1998 4362 nihil
2049 4316 2235 4361 contra
2284 4305 2669 4374 Eutychianos,
2720 4305 2813 4360 sed
2870 4302 3217 4361 Nestorianos
3263 4315 3447 4364 contra

1866 4398 2161 4453 Ecclesium
2207 4398 2492 4465 plurimum
2535 4395 2746 4465 juvant.
2802 4396 3050 4465 Nunquid
3084 4406 3447 4454 verotantum

174 4484 450 4553 ingressus
512 4496 600 4540 est
644 4486 703 4541 TI
727 4488 1039 4553 eodorctus,
1099 4504 1258 4557 quam
1304 4490 1373 4543 de
1413 4490 1563 4559 Euty~
1588 4490 1655 4544 lie
1702 4500 1757 4545 et
1786 4507 1839 4567 ι)
1870 4487 2049 4541 valere
2075 4494 2317 4555 possunt,
2349 4486 2414 4538 ad
2440 4484 2801 4539 inclinandum
2854 4483 2907 4537 in
2947 4499 3098 4540 suam
3130 4486 3448 4542 sententiam

174 4573 436 4631 Ihoscnro
461 4577 652 4631 factum
700 4588 782 4631 est
820 4577 1097 4647 judicium,
1141 4589 1193 4634 et
1222 4580 1482 4646 expositio
1505 4580 1626 4635 ﬁdei
1652 4590 1757 4635 ter-

175 4668 398 4721 minata.
432 4670 552 4725 lla-c
575 4672 716 4723 enim
743 4671 788 4726 si
812 4686 932 4725 cum
959 4672 1064 4725 illis
1092 4674 1352 4735 dicamus,
1385 4674 1755 4743 proculdubio

174 4762 563 4827 enm-inrimur,
614 4778 710 4817 nec
739 4765 1000 4818 evitamus
1030 4764 1405 4819 bmreticorum
1435 4766 1754 4831 calumnias,

173 4854 273 4907 sed
319 4854 483 4924 magis
512 4856 788 4924 magisque
818 4854 1107 4909 ﬁrmamus.
1159 4856 1344 4911 Sciant
1377 4872 1507 4927 ergo
1552 4873 1648 4911 nos
1678 4859 1758 4912 in-

172 4946 439 5011 tellegere,
465 4946 556 5015 qui
598 4947 751 4999 nobis
782 4945 903 4998 talia
939 4946 1258 5013 persuadere
1304 4948 1560 5011 ni'uutur,
1616 4948 1757 5016 quod
1797 4948 1800 4952 λ

174 5035 346 5089 nimis
368 5035 696 5092 familiariter
736 5037 1037 5091 inim‘citias
1081 5052 1200 5091 cum
1230 5036 1575 5108 Eutycbianis
1600 5055 1758 5094 exer-

249 5206 282 5279 ξ
319 5195 371 5249 In
394 5202 518 5279 actis
533 5200 732 5279 synodi
751 5198 1078 5279 ρεοᾷὼρητος
1098 5199 1373 5279 ἐπίσκοπος
1395 5202 1554 5279 Κύρου
1577 5201 1754 5279 ὁρὶᾳας

170 5267 475 5342 ἐπέγραψα.
529 5267 702 5342 syria:
722 5267 1116 5342 _Eupbr'atcsi'.n
1167 5274 1374 5334 urbem,
1406 5267 1487 5323 cui
1544 5267 1755 5330 praefuit

170 5338 687 5416 Intioduretusgalii
710 5340 1185 5416 Cyrrhuntl-Jp‘gov
1206 5352 1417 5416 vocant,
1444 5351 1500 5395 ut
1526 5342 1751 5416 Plinius,

170 5406 418 5493 Philem}
439 5427 522 5493 us,
548 5406 883 5493 Stephanus;
915 5413 1003 5466 alii
1047 5406 1246 5493 Cyrum
1280 5415 1451 5493 θύρης),
1485 5413 1777 5493 quomoda-

168 5483 333 5544 apud
354 5479 734 5537 'l'lieodorctnm
762 5485 933 5549 ipsum
951 5479 1168 5549 passim,
1192 5479 1506 5551 Procopium
1523 5482 1754 5537 dedidi-

172 5551 353 5625 fsgiis,
380 5563 425 5604 et
469 5554 768 5609 Hieroclem
799 5554 850 5607 in
880 5554 1237 5625 Synecdemo,
1271 5555 1357 5607 ubi
1389 5553 1505 5621 ejus
1537 5560 1755 5614 provin-

172 5620 282 5672 cia!
322 5626 464 5679 urbes
494 5634 864 5688 recensentur,
893 5620 1187 5697 Ὶὶράποὶλς.
1217 5627 1372 5700 Κύρος
1393 5620 1712 5695 ,Σαμόσατα

255 5756 279 5788 ⁸
317 5753 439 5813 Cod.
470 5759 693 5830 \‘cton.,
723 5759 1065 5830 deﬁnitionem
1091 5762 1235 5828 fidei.

1861 4577 2144 4633 concilium
2158 4576 2530 4630 Theodoretus
2550 4583 2606 4631 et
2636 4575 2775 4639 lbas,
2800 4585 3057 4645 quantum
3075 4574 3447 4632 Constantino-

1864 4670 2128 4738 politanus
2166 4679 2218 4723 et
2282 4667 2646 4722 Antinclienus
2697 4674 2858 4737 atque
2924 4666 3450 4740 llierosolymitanus

1863 4765 2121 4833 episcopi,
2147 4766 2234 4835 qui
2280 4764 2433 4832 primi
2465 4773 2583 4832 post
2612 4762 2814 4833 legatos
2856 4762 3168 4830 apostolica:
3189 4761 3333 4816 sedis
3382 4761 3450 4815 ibi

1864 4857 2139 4923 sederunt,
2173 4866 2229 4909 ut
2252 4855 2321 4910 de
2351 4856 2466 4909 aliis
2488 4870 2645 4923 quam
2676 4853 2922 4923 plurimis
2964 4861 3197 4917 taceam,
3243 4851 3329 4921 qui
3357 4865 3449 4920 per

1865 4947 2231 5015 impotentiam
2266 4944 2502 4999 Dioscuri
2547 4946 2595 4997 in
2624 4944 3035 4996 afﬁrmationem
3059 4940 3318 5011 dogmatis
3343 4939 3450 4995 Eu-

1868 5038 2098 5113 tycltiani
2130 5040 2335 5094 subacti
2382 5038 2526 5109 prius
2555 5037 2801 5101 fuerant;
2848 5044 2942 5088 aut
2969 5042 3147 5089 tantus
3173 5033 3323 5088 labor
3368 5046 3454 5093 est

1865 5213 1920 5259 et
1970 5203 2208 5270 rrliquze.
2260 5199 2464 5255 Eodem
2497 5196 2678 5271 _modn
2716 5197 2863 5271 cives
2910 5195 2992 5249 vel
3042 5199 3319 5271 lngua-ul,
3368 5196 3451 5271 vel

1864 5267 2153 5349 κυρῤησέαὶ
2181 5289 2209 5321 a
2241 5269 2595 5349 scriptoribus
2625 5267 2989 5349 appellantur,
3029 5275 3086 5320 et
3218 5268 3456 5349 nummis

1863 5334 2097 5413 antiquis
2146 5342 2541 5413 Antoninorum
2599 5334 2675 5392 ac'
2722 5337 3091 5413 Pliilippurum
3126 5337 3312 5405 legere
3349 5346 3457 5390 est:

1864 5417 1975 5474 Διὸς
1994 5408 2005 5413 ”
2024 5414 2321 5468 καταιϐάτου
2352 5411 2679 5487 ςνρρηστῷν,
2696 5408 2794 5487 _vel
2826 5415 3131 5487 Kypnot'titv
3153 5422 3256 5487 seu
3303 5421 3456 5487 κυρεῖ

1863 5493 2022 5546 erat»,
2054 5500 2174 5537 cum
2206 5476 2525 5549 temples-el
2551 5477 2845 5535 simulacro
2872 5476 3019 5534 Jovis
3043 5476 3336 5544 Catabattr,
3366 5476 3458 5549 qui

1867 5557 1919 5609 in
1946 5570 2006 5608 ea
2031 5555 2163 5607 urbe
2190 5553 2488 5607 colebatur.

1938 5758 1958 5789 ¹
1984 5755 2129 5811 Idem
2159 5756 2309 5825 cod.,
2339 5755 2545 5815 itertttn.
