3962 6196
312 332 417 385 6:5
1162 342 1294 398 uno
1336 316 1756 399 [tEFENSlONE
1784 343 2001 400 Tmen
2041 341 2357 406 earnm.
2400 351 2509 410 LIB
2577 359 2631 413 γ.
3460 322 3581 409 ¹ϐίϐ

310 462 414 500 non
440 448 612 501 solum
639 464 730 517 per
760 452 950 506 fratres
973 455 1061 523 qui
1086 457 1256 511 vicem
1277 472 1449 511 meum
1475 459 1712 513 exsecuti
1744 469 1891 527 sunt,
1922 463 1968 523 Α
2000 462 2227 517 mstimet
2258 470 2472 524 nomine
2502 474 2860 539 roborandus;
2886 473 3155 529 inﬁrmum
3181 486 3338 546 atque
3368 479 3578 533 irritum

308 539 403 591 sed
432 538 593 592 etiam
625 554 719 607 per
748 541 1191 609 approbationem
1226 559 1502 618 gestorum
1526 548 1884 629 synodalium,

307 630 575 698 propriam
626 632 901 688 vobiscum
940 638 1121 692 unisse
1168 642 1511 697 sententiam.
1550 661 1570 697 ι
1603 641 1717 697 Non
1761 658 1890 712 ergo

302 719 474 772 solam
508 718 626 773 fidei
656 720 1045 790 definitionem,
1081 726 1174 781 sed
1203 729 1315 797 ipsa
1344 740 1487 799 gesta
1525 726 1798 803 synodalia
1829 745 1889 788 se

302 811 616 878 pronuntiat
635 815 978 882 approbasse.
1004 814 1139 872 Illud
1163 833 1290 872 vero
1309 820 1449 888 quod
1478 837 1542 876 ex
1571 823 1887 890 quibusdam

303 898 445 953 beati
476 901 668 955 Leonis
694 905 957 973 epistolis,
986 907 1050 960 ad
1072 908 1441 978 deceptiouem
1471 913 1727 977 facilium,
1753 919 1888 970 s’cut

298 991 402 1045 alia
429 993 801 1064 decerpentes,
831 1000 981 1054 aiunt
1020 1016 1141 1055 eum
1176 1002 1395 1069 dixisse,
1424 1008 1563 1076 quod
1592 1008 1658 1062 ad
1682 1009 1889 1064 exstin-

296 1082 565 1149 guendam
598 1085 766 1139 solam
798 1088 1056 1143 haeresem
1086 1102 1141 1146 et
1168 1094 1233 1147 ad
1263 1095 1682 1154 confirmandam
1705 1101 1890 1156 catho-

296 1172 455 1227 licam
485 1173 667 1239 lldetu,
700 1176 1137 1237 Chalcedoueuse
1163 1186 1448 1241 concilium
1476 1186 1639 1242 fuerit
1667 1205 1890 1260 congre-

293 1273 503 1330 gatum,
528 1274 584 1319 et
614 1282 944 1339 qumcunque
971 1271 1092 1326 talia
1123 1273 1174 1327 in
1200 1275 1316 1344 ejus
1341 1276 1531 1331 litteris
1565 1280 1883 1347 invenimus,

292 1364 355 1408 ut
376 1357 540 1411 etiam
568 1374 630 1412 ex
679 1359 779 1414 hoc
807 1377 941 1431 quos
981 1366 1249 1432 potuerint
1283 1366 1334 1422 in
1383 1370 1885 1428 condemnationem

291 1448 541 1515 epistola:
565 1450 722 1519 hujus
754 1452 1037 1519 adducant,
1072 1463 1324 1526 tauquam
1357 1459 1424 1515 ab
1454 1461 1571 1529 ipso
1602 1478 1706 1517 non
1726 1462 1889 1519 fuerit

290 1540 624 1606 approbata;
660 1557 764 1597 non
802 1554 1027 1614 propter
1058 1549 1158 1601 hoc
1198 1551 1337 1618 quod
1368 1550 1434 1605 ab
1460 1567 1525 1607 eo
1554 1552 1752 1607 dictum
1780 1565 1884 1621 est,

289 1627 361 1683 ah
390 1630 508 1684 istis
532 1633 843 1687 assumitur.
879 1634 945 1688 Et
973 1636 1175 1693 idcirco
1225 1656 1345 1707 nos,
1375 1656 1470 1697 cur
1513 1643 1614 1699 hoc
1654 1655 1708 1700 et
1748 1661 1882 1716 quo-

289 1720 455 1773 modo
472 1722 688 1792 dixerit,
712 1725 1075 1783 ostendamus.
1098 1730 1377 1786 Anatolius
1400 1736 1600 1805 quippe
1618 1738 1883 1794 Constan-

1993 550 2095 606 erit
2151 556 2409 626 quidquid
2477 576 2503 613 a
2571 564 2946 632 prmitii-torum
3007 565 3221 620 Patrum
3285 568 3578 623 eanonibus

1992 642 2331 713 discreparit,
2365 664 2591 719 quorum
2640 655 2841 724 regulis
2870 657 3163 726 apostolica
3206 656 3364 712 sedes
3412 674 3572 726 quant

1992 736 2434 794 reverentissime
2468 750 2685 796 utatur:
2718 747 3037 813 scriptorum
3072 763 3335 812 meorum,
3381 748 3577 817 quibus

1993 826 2573 898 Censtantinopolitani
2602 836 2853 891 antistitis
2889 849 3111 892 conatus
3159 838 3347 909 repuli,
3380 842 3574 910 poterit

1992 913 2247 965 sanctitas
2291 924 2467 968 vestra
2513 918 2738 973 lectione
2764 936 3091 991 cognoscere
3131 938 3233 985 me,
3283 926 3573 981 auxiliante

1992 999 2103 1054 Deo
2128 1011 2337 1069 ‘nostto,
2362 1014 2417 1059 et
2437 1009 2716 1064 catholica;
2748 1009 2868 1065 lidei
2902 1020 2953 1067 et
2986 1024 3328 1082 paternarum
3374 1017 3574 1069 consti-

1992 1092 2253 1147 tutionum
2274 1110 2393 1149 esse
2423 1099 2721 1154 custodem.
2745 1120 2763 1153 ι
2798 1104 2936 1159 Ecce
2957 1106 3114 1159 etiam
3144 1106 3196 1160 in
3228 1105 3325 1161 hac
3352 1106 3577 1177 epistola

1990 1195 2147 1250 quam
2179 1183 2366 1239 beatus
2401 1186 2510 1241 Leo
2532 1189 2597 1243 ad
2621 1202 2857 1246 sanctam
2890 1196 3149 1266 synodum
3175 1197 3410 1265 scripsit,
3440 1198 3576 1253 nihil

1992 1274 2134 1328 aliud
2166 1276 2291 1340 sibi,
2327 1276 2378 1330 in
2404 1279 2588 1334 eadem
2613 1284 2819 1351 synodo
2866 1286 3204 1354 diSplicuisse
3240 1289 3574 1359 pronuntiat,

1992 1364 2093 1417 nisi
2124 1367 2269 1434 quod
2310 1368 2588 1425 Anatolius
2620 1372 3244 1446 Constant‘nopolitauus
3289 1382 3542 1450 episcopu

1990 1636 2095 1692 Ibae
2128 1640 2390 1708 prolatam
2413 1645 2659 1713 culpasse
2679 1648 2904 1716 dicetur,
2930 1654 3022 1708 sed
3046 1657 3204 1709 etiam
3234 1657 3372 1727 quod
3396 1657 3574 1713 eidem

1989 1737 2421 1794 revt'rentissimo
2453 1741 2557 1797 lbte
2581 1745 2919 1816 episcopatus
2943 1760 3026 1804 est
3055 1753 3319 1818 redditus,
3353 1770 3573 1808 omnes-

291 1811 687 1881 tinOpolitanus
726 1816 1034 1887 episcopus,
1086 1825 1236 1890 quia,
1271 1824 1410 1881 sicut
1451 1832 1874 1896 memoravimus,

1989 1832 2093 1887 que
2114 1836 2352 1881 canones
2380 1846 2516 1899 quos
2549 1811 2657 1889 illic
2690 1811 2861 1891 sancti
2892 1838 3077 1897 Patres
3126 1843 3327 1897 utiliter
3365 1852 3573 1898 statue-

288 1901 477 1970 priore
501 1918 658 1972 quam
678 1905 941 1963 Maximus
963 1911 1329 1969 Antiochenus
1362 1916 1478 1972 loco
1503 1919 1554 1973 iu
1583 1922 1770 1976 eadem
1795 1940 1881 1995 sy-

287 1992 437 2047 nodo
467 1995 763 2051 consedere
788 2013 1236 2070 prsesumpserat:
1269 2006 1337 2061 ob
1361 2008 1497 2065 hanc
1516 2027 1729 2067 causam
1760 1992 1882 2071 bea-

286 2092 374 2139 tus
401 2085 537 2153 Leo,
568 2091 813 2145 scribens
845 2092 909 2146 ad
940 2094 1113 2164 ipsum
1148 2098 1480 2171 Anatolium,
1529 2104 1663 2162 dixit
1688 2108 1878 2179 (Epist.

285 2175 385 2247 55)
415 2194 429 2229 :
459 2196 478 2230 ι
518 2178 685 2235 Doleo
728 2186 888 2239 etiam
939 2187 993 2240 in
1037 2188 1139 2244 hoc
1161 2192 1504 2250 dilectionem
1566 2207 1707 2252 tuam
1758 2216 1880 2257 esse

286 2269 627 2338 prolapsam,
677 2284 737 2329 ut
780 2279 1175 2335 sacratissimas
1221 2282 1562 2342 Nicaznorum
1613 2306 1879 2359 canonum

282 2362 710 2418 emistitationes
741 2369 954 2422 coneris
995 2374 1370 2445 confringere,
1404 2387 1656 2448 tanquam
1688 2397 1879 2452 Oppor-

282 2456 418 2504 tune
442 2465 503 2505 se
527 2451 621 2506 tibi
654 2452 753 2508 hoe
788 2465 998 2526 tempus
1027 2461 1303 2528 obtulerit,
1330 2481 1435 2535 quo
1458 2471 1675 2525 secmidi
1708 2451 1878 2529 hono-

284 2540 367 2594 ris
418 2542 753 2614 privilegium
809 2549 969 2604 sedes
1016 2550 1377 2609 Alexaudrina
1438 2560 1766 2630 perdiderit,
1822 2575 1873 2619 et

281 2633 625 2689 Antiochena
672 2638 911 2696 Ecclesia
961 2648 1343 2714 proprietatem
1389 2653 1558 2707 tertiae
1607 2654 1880 2722 dignitatis

279 2723 553 2789 amiserit,
583 2736 643 2779 ut
685 2728 772 2782 his
806 2730 939 2787 locis
978 2733 1088 2802 iuri
1118 2744 1213 2790 tuo
1242 2738 1493 2806 subditis,
1540 2757 1731 2800 omnes
1766 2762 1879 2803 me-

278 2813 597 2881 tropolitani
629 2818 867 2888 episcopi
900 2825 1116 2894 proprio
1166 2826 1369 2884 honore
1401 2833 1691 2899 priventur.
1736 2837 1867 2904 Qui-

279 2904 389 2957 bus
416 2906 672 2963 inauditis
698 2920 752 2964 et
778 2926 1046 2983 nunquam
1078 2929 1209 2974 ante
1232 2922 1465 2987 tentatis,
1496 2925 1565 2978 ita
1598 2928 1866 2992 przevenl-

277 2997 359 3049 ris
374 3000 708 3065 excessibus,
733 3014 790 3055 ut
804 3012 1040 3060 sanctam
1052 3009 1338 3079 synodum,
1353 3014 1877 3087 ad'exstingueudam

274 3087 453 3141 solam
474 3087 743 3159 heresim,
767 3103 821 3149 et
847 3094 913 3149 ad
938 3097 1401 3158 continuationem
1422 3104 1547 3161 ﬁdei
1570 3109 1870 3182 catholicae,

1986 1921 2111 1965 runt
2144 1913 2212 1969 de
2260 1918 2598 1979 observantia
2644 1928 3016 1984 ecclesiasticae
3056 1932 3370 2002 disciplinae,
3414 1951 3574 2005 quam

1989 2001 2111 2069 ejus
2139 2004 2385 2063 inimicus
2422 2010 2528 2067 Leo
2560 2016 2901 2086 inipugnasse
2943 2001 3257 2091 firmabitur,
3287 2035 3340 2079 et
3379 2037 3573 2081 cit-tera

1983 2106 2103 2160 qua:
2136 2096 2441 2164 specialiter
2488 2102 2555 2157 de
2598 2106 2895 2177 quibusque
2952 2114 3195 2180 personis
3237 2115 3306 2169 ibi
3356 2116 3573 2171 decreta

1982 2192 2128 2252 Sunt,
2158 2185 2462 2259 infregisse.
2498 2196 2603 2248 Aut
2639 2196 2684 2251 si
2736 2198 2837 2254 hoc
2883 2202 3054 2269 palam
3096 2204 3165 2260 de
3184 2205 3361 2269 ,beato
3390 2205 3573 2265 Leone

1982 2273 2168 2331 dicere
2213 2294 2318 2333 non
2362 2296 2712 2354 prmsumunt,
2766 2289 3065 2361 intelligant
3105 2296 3402 2360 nobiscmn,
3448 2299 3572 2368 quia

1980 2380 2099 2421 cum
2129 2369 2197 2425 de
2224 2371 2305 2426 his
2333 2383 2534 2431 tantum
2563 2378 2773 2437 duobus
2805 2385 2858 2437 in
2882 2385 3307 2444 Cbalccdonensi
3333 2393 3564 2448 εοιιρίιὶο

1982 2460 2150 2533 gestis
2177 2462 2765 2538 Constantinoool‘rtano
2794 2477 3047 2548 episc0po
3076 2482 3359 2551 scriberet,
3388 2486 3437 2540 id
3462 2496 3568 2557 est,

1979 2545 2047 2601 de
2074 2547 2193 2605 fidei
2221 2565 2378 2607 causa
2402 2570 2499 2626 pro
2535 2575 2636 2630 qua
2686 2545 2855 2633 ipsum
2897 2545 3184 2626 concilium
3219 2572 3395 2643 fuerat
3441 2545 3570 2632 con:-

1978 2652 2278 2710 gregatum,
2304 2656 2357 2700 et
2389 2648 2456 2703 de
2483 2655 2710 2722 superba
2741 2656 2859 2726 ejus
2882 2659 3136 2729 elatione,
3161 2665 3317 2729 dixit,
3349 2666 3419 2723 Ut
3446 2684 3569 2724 san-

1978 2738 2117 2785 ctam
2146 2735 2403 2805 synodum
2437 2740 2502 2795 ad
2531 2743 2971 2816 exstinguendam
3014 2754 3181 2807 solam
3224 2755 3468 2814 haeresim
3515 2769 3568 2818 et

1980 2823 2047 2878 ad
2084 2825 2543 2889 conﬁrmationem
2585 2836 2706 2893 lidei
2736 2841 3037 2910 catholicae,
3086 2847 3263 2903 stutlio
3309 2849 3567 2906 Christia-

1979 2914 2183 2971 nissimi
2202 2919 2455 2992 principis
2475 2938 2870 3000 congregatum,
2896 2934 2947 2989 in
2974 2938 3310 2995 occasionem
3332 2941 3567 2997 ambitus

1980 3010 2164 3066 trahas
2187 3022 2240 3070 et
2264 3031 2486 3086 qua-que
2508 3019 2701 3077 situi‘ia
2725 3022 2774 3077 iu
2800 3026 2916 3096 ejus
2940 3027 3524 3103 inveniunturepistolis
3549 3052 3564 3086 :

1983 3099 2089 3156 duo
2111 3104 2223 3158 sola
2246 3122 2364 3174 qua:
2390 3106 2619 3165 diximus
2641 3114 2691 3167 in
2729 3115 2813 3171 his
2843 3118 3017 3174 verbis
3040 3099 3337 3190 dijudicans
3354 3125 3421 3180 de
3447 3126 3563 3195 qui-

273 3178 470 3232 stndio
508 3182 957 3242 Christianissimi
981 3189 1239 3262 principis
1262 3208 1658 3267 conm-agam",
1694 3203 1747 3257 in
1779 3178 1868 3259 oc.
1894 3186 1950 3249 C
1973 3189 2072 3247 bus
2095 3192 2292 3251 fecerat
2315 3200 2660 3283 mentionem,
2688 3221 2790 3260 nou
2815 3208 2971 3264 etiam
2989 3222 3181 3267 cmtera
3205 3231 3323 3283 qute
3347 3216 3418 3270 ibi
3435 3226 3560 3272 sunt

274 3270 559 3326 easiomm
601 3275 833 3331 ambitus
884 3279 1083 3348 trahat,
1116 3289 1172 3337 et
1212 3293 1271 3338 ut
1313 3286 1674 3345 cohibentiam
1715 3307 1866 3349 suam

276 3362 380 3417 tibi
410 3363 573 3419 dedat
596 3366 864 3436 impellas.
902 3388 922 3423 ν
957 3371 1075 3427 Non
1104 3388 1233 3445 ergo
1262 3392 1327 3433 ex
1375 3378 1459 3434 his
1494 3388 1654 3453 atque
1687 3383 1871 3455 hujus-

277 3454 459 3523 modi,
494 3470 613 3525 qua)
652 3458 738 3513 vel
790 3460 855 3513 ad
886 3461 1059 3530 ipsum
1099 3466 1431 3536 Anatolium,
1500 3473 1582 3527 vel
1621 3475 1688 3526 ad
1736 3454 1870 3530 alios

279 3556 475 3601 contra
517 3550 687 3614 ipsum
735 3553 1045 3609 Anatolium
1094 3557 1435 3616 beatissimus
1482 3561 1591 3619 Leo
1634 3566 1867 3636 scripsit,

276 3647 535 3705 putemus
560 3640 628 3694 ab
656 3653 724 3694 eo
750 3644 969 3699 concilii
1005 3649 1324 3705 sententiam
1360 3654 1720 3720 reprobatam,
1752 3674 1871 3728 quae

276 3742 450 3797 super
470 3730 697 3799 epistula
740 3732 845 3788 Iba:
874 3737 1083 3804 prolata
1126 3748 1228 3794 est.
1256 3743 1515 3812 Quoniam
1548 3745 1751 3803 idcirco
1797 3752 1871 3805 ait

277 3828 533 3875 sanctam
559 3823 823 3892 synodum
842 3826 907 3881 ad
934 3828 1377 3904 exstinguendam
1404 3836 1570 3891 solam
1598 3837 1867 3907 haeresim,

277 3919 333 3966 ct
356 3912 426 3965 ad
448 3913 912 3973 concenationem
936 3920 1055 3976 tldei
1078 3912 1381 3991 catholicas,
1409 3928 1587 3982 studio
1610 3927 1873 3985 Christia-

275 4004 495 4059 nissimi
526 4008 783 4078 principis
803 4020 1204 4083 congregatam,
1238 4027 1295 4071 ut
1334 4032 1396 4073 ea
1420 4035 1537 4089 quae
1576 4036 1672 4089 pro
1701 4023 1873 4077 ambi-

280 4096 436 4150 tione
462 4094 1047 4171 Constantiuopolitani
1078 4107 1317 4177 episcopi
1372 4108 1582 4166 fuerant
1618 4122 1872 4185 usurpata

279 4189 629 4258 dissolveret,
658 4195 801 4265 quod
827 4196 880 4252 in
917 4198 1036 4254 aliis
1065 4215 1276 4271 quoque
1309 4205 1523 4273 scriptis
1555 4205 1673 4275 ejus
1703 4208 1872 4264 multo

281 4281 519 4350 amplius
541 4286 837 4354 apparebit.
863 4288 1110 4359 Alioquin
1136 4304 1428 4350 evacuasse
1453 4295 1651 4351 dicitur
1676 4305 1869 4353 caetera

280 4384 404 4441 qua!
430 4372 484 4428 in
514 4373 603 4428 illa
633 4376 841 4447 synodo
877 4388 1026 4447 gesta
1077 4391 1202 4435 sunt
1240 4398 1255 4435 :
1310 4383 1397 4451 qui
1448 4385 1620 4440 eidem
1665 4404 1873 4458 quoque

278 4471 487 4518 sancta:
512 4465 705 4535 synodi
726 4468 866 4536 apud
886 4468 1278 4531 Chalredonem
1312 4474 1509 4530 habitae
1529 4490 1650 4531 cum
1673 4479 1871 4538 similia

1972 3292 2138 3352 gesta.
2172 3283 2325 3340 Sicut
2352 3276 2640 3358 Apostolus
2663 3294 2729 3349 ad
2768 3294 3136 3369 Pliilippenses
3280 3304 3563 3362 Timotheo

1970 3376 2211 3430 scribens
2237 3377 2346 3434 ait:
2374 3379 2538 3448 Spero
2568 3393 2736 3437 autem
2767 3388 2818 3441 in
2852 3386 3124 3445 Dominum
3173 3392 3349 3448 Iesum
3386 3395 3562 3450 Timo-

1971 3465 2139 3519 theum
2169 3468 2268 3521 cito
2300 3470 2495 3526 mittere
2527 3474 2596 3527 ad
2629 3491 2711 3529 vos
2744 3493 2762 3530 :
2792 3489 2846 3531 ut
2872 3491 2918 3533 et
2952 3499 3040 3552 ego
3088 3483 3217 3538 bono
3247 3489 3417 3540 animo
3464 3490 3561 3542 sim

1972 3558 2188 3625 cognitis
2210 3576 2325 3625 ante
2350 3561 2485 3615 circa
2511 3580 2594 3618 vos
2622 3575 2763 3620 sunt.
2793 3568 3063 3624 Neminem
3087 3574 3221 3629 enim
3250 3575 3409 3630 habeo
3436 3595 3561 3632 una-

1973 3649 2255 3719 nimemqui
2276 3652 2473 3707 sincera
2491 3653 2760 3722 aﬂ'cctione
2786 3677 2877 3728 pro
2900 3662 3037 3716 vobis
3053 3666 3303 3720 sollicitus
3325 3670 3407 3721 sit.
3437 3667 3560 3722 0m-

1972 3753 2059 3791 nes
2106 3740 2239 3793 enim
2288 3758 2383 3797 sua
2433 3756 2689 3815 qua'ruut,
2742 3766 2840 3803 non
2881 3769 2993 3820 qua:
3030 3762 3149 3807 sunt
3194 3754 3319 3809 Iesu
3367 3754 3560 3813 Christi

1974 3827 2140 3900 (Phil.
2185 3848 2245 3897 ll,
2288 3834 2400 3905 l9).
2424 3833 2540 3891 Non
2566 3842 2617 3893 in
2643 3837 2823 3893 Titum
2852 3852 2903 3896 et
2921 3842 3140 3910 Lucam,
3174 3861 3280 3901 non
3320 3849 3369 3902 in
3415 3848 3558 3917 Epa-

1976 3920 2282 3987 phroditum
2308 3934 2362 3979 et
2394 3918 2654 3995 Marcum,
2688 3945 2792 3983 non
2817 3931 2868 3986 in
2892 3943 3119 3989 cteteros
3139 3951 3443 3992 sermonem
3476 3938 3560 3993 in-

1976 4011 2221 4079 tendens,
2244 4014 2313 4070 de
2344 4017 2536 4085 quibus
2561 4020 2612 4073 in
2642 4021 2828 4075 eadem
2855 4024 3076 4092 epistola
3107 4024 3237 4081 dicit
3268 4044 3280 4080 :
3313 4028 3563 4086 Evodiam

1974 4117 2122 4173 rogo,
2149 4113 2198 4157 et
2231 4104 2531 4177 Syntychen
2564 4111 2826 4179 deprecor,
2855 4113 2912 4166 id
2957 4115 3122 4185 ipsum
3150 4133 3327 4185 sapere
3355 4120 3407 4173 in
3451 4120 3562 4174 Da-

1976 4196 2138 4249 mino.
2194 4195 2367 4250 Etiam
2412 4214 2536 4268 rogo
2566 4211 2611 4254 et
2641 4210 2706 4266 te,
2747 4219 2989 4272 germane
3017 4222 3246 4278 compar,
3278 4211 3466 4281 adjuua
3493 4210 3561 4263 il-

1975 4287 2055 4341 las
2083 4305 2195 4358 quae
2223 4306 2418 4343 mecum
2449 4290 2804 4348 laboraverunt
2834 4295 2887 4348 in
2919 4296 3221 4370 Evangelia,
3273 4316 3389 4354 cum
3443 4298 3561 4356 Cle-

1977 4393 2142 4436 mente
2169 4392 2216 4436 et
2268 4384 2461 4438 cteteris
2492 4386 2877 4452 adiuvatoribus
2907 4388 3051 4455 meis,
3106 4408 3319 4461 quorum
3350 4395 3559 4447 nomina

1978 4482 2096 4525 sunt
2124 4474 2176 4525 in
2203 4466 2332 4526 libro
2362 4475 2476 4528 vita:
2506 4474 2726 4547 (Philip.
2768 4492 2840 4542 tv,
2869 4478 2962 4549 2);
2991 4482 3083 4535 sed
3135 4483 3184 4535 in
3218 4483 3340 4537 illos
3366 4484 3560 4551 potius,

278 4553 614 4625 scripsisset,
647 4568 706 4612 ut
732 4559 1081 4617 intentionem
1111 4562 1379 4621 dictorum
1429 4582 1648 4624 suorum
1697 4574 1863 4627 omni-

1980 4562 2038 4616 tle
2067 4562 2260 4630 quibus
2314 4562 2387 4616 ibi
2415 4563 2489 4616 ait
2524 4578 2540 4620 :
2577 4564 2754 4620 Videte
2783 4585 2954 4638 canes,
2998 4572 3159 4625 uidete
3187 4574 3347 4629 malos
3376 4590 3561 4644 aperu-

279 4640 384 4699 bus
413 4646 668 4716 aperiret,
700 4649 876 4705 intulit
905 4661 1065 4723 atque
1109 4654 1182 4709 ait
1212 4654 1407 4726 (Epist.
1437 4660 1528 4729 61)
1556 4677 1567 4714 :
1603 4678 1622 4714 ι
1658 4660 1731 4717 De
1772 4678 1863 4717 cu-

277 4736 581 4793 stodiendis
607 4755 822 4812 quoque
842 4756 1148 4800 sanctorum
1175 4747 1388 4804 Patrum
1420 4756 1633 4807 statutis
1664 4768 1784 4822 qua)
1808 4752 1861 4807 in

278 4827 491 4896 synodo
514 4829 725 4886 Nica'na
752 4833 1149 4891 inviolabilibus
1179 4848 1303 4892 sunt
1332 4838 1435 4894 lixa
1466 4840 1718 4909 decretis,
1763 4846 1863 4899 oh-

277 4921 604 4976 servantiam
635 4933 827 4980 vestrm
848 4928 1141 4982 sanctitatis
1163 4930 1447 4999 admoneo,
1471 4944 1525 4987 ut
1548 4934 1668 5005 jura
1689 4937 1865 4993 eet-le-

277 5009 504 5077 siarum,
536 5013 672 5068 sicut
700 5017 768 5070 ab
791 5017 890 5071 illis
918 5019 1173 5074 trecentis
1201 5020 1386 5076 decem
1416 5032 1472 5079 et
1501 5033 1622 5080 octo
1646 5027 1662 5058 ¹
1696 5027 1863 5084 Patri-

280 5101 386 5154 hus
410 5102 666 5161 divinitus
694 5107 969 5177 inspiratis
1007 5120 1134 5167 sunt
1176 5114 1441 5181 ordinata,
1488 5131 1861 5188 permaneant.

279 5189 425 5245 Nihil
444 5194 678 5251 alienum
702 5198 943 5268 improbe
966 5203 1310 5273 concupiscat
1330 5206 1373 5270 ⁸,
1405 5222 1504 5263 nec
1527 5224 1624 5278 per
1644 5211 1865 5267 alterius

280 5280 709 5342 imminutionem
765 5305 917 5346 suum
974 5294 1170 5364 aliquis
1229 5306 1435 5365 qureret
1499 5314 1863 5371 augmentum.

281 5371 694 5439 Quantumllbet
714 5383 859 5436 enim
897 5386 1123 5441 extortis
1152 5390 1605 5447 assentatiouibus
1637 5401 1662 5430 ι
1689 5408 1748 5450 se
1778 5395 1866 5449 iu-

281 5472 453 5518 struat
480 5468 731 5525 vanitatis
758 5472 940 5538 elatio,
971 5483 1024 5528 et
1052 5477 1317 5546 appetitus
1346 5492 1474 5534 suos
1512 5482 1865 5538 conciliormn

358 5652 383 5680 ⁸
414 5644 537 5700 Isid.
567 5648 749 5712 Merc...
778 5668 862 5704 ass
893 5653 1172 5707 usionibus.

360 5715 379 5792 ξ
400 5716 531 5792 tiod.
572 5717 788 5792 Verum,
822 5726 1049 5777 trecentis
1070 5730 1240 5779 decem
1270 5734 1316 5779 et
1335 5734 1545 5792 septem.

358 5785 538 5843 'ldctu
565 5790 668 5845 cod
692 5830 709 5858 ,
754 5793 979 5860 improbe
1011 5795 1227 5851 ambitus
1263 5785 1622 5864 concupiscat;
1649 5799 1701 5856 in
1738 5801 1856 5857 edi-

1968 4654 2089 4717 rt'os,
2126 4653 2290 4706 videte
2315 4654 2651 4707 concisionem
2677 4656 2899 4728 (Philip.
2930 4676 3010 4725 ttt,
3046 4661 3122 4729 2).
3152 4663 3244 4717 llis
3275 4662 3451 4735 itaque
3473 4681 3558 4719 so—

1970 4743 2037 4797 lis
2064 4742 2348 4798 conferens
2369 4744 2505 4798 Tim:
2532 4747 2732 4813 theam,
2766 4748 2899 4827 dixit
2926 4768 2937 4803 :
2971 4752 3249 4808 Neminem
3278 4756 3419 4808 enim
3463 4752 3557 4807 ha-

1968 4835 2071 4891 beo
2125 4839 2456 4901 unanimem,
2509 4838 2597 4907 qui
2626 4840 2674 4892 in
2706 4840 2912 4896 sincera
2942 4844 3223 4898 allectione
3270 4860 3368 4915 pro
3402 4845 3554 4898 vobis

1968 4927 2228 4982 sollicitus
2258 4929 2362 4994 sit,
2394 4937 2447 4982 et
2475 4944 2569 4984 eos
2594 4941 2799 4987 tantum
2820 4937 3069 5005 attendit,
3092 4946 3147 4990 ut
3172 4935 3396 5001 diceret,
3424 4935 3552 4989 Otu-

1972 5032 2064 5073 nes
2095 5019 2235 5072 enim
2268 5034 2360 5074 sua
2391 5032 2655 5090 quaerunt,
2695 5041 2799 5081 non
2827 5042 2944 5096 qum
2973 5037 3097 5080 sunt
3149 5025 3345 5081 Christi
3396 5026 3547 5082 Jesu.

1975 5108 2209 5179 Denique
2253 5125 2373 5163 cum
2400 5110 2468 5166 de
2501 5113 2618 5181 ipso
2649 5114 2803 5175 beato
2844 5114 3126 5172 Timotheo
3158 5116 3385 5184 loquens
3409 5118 3555 5175 dii-e-

1970 5207 2094 5253 ret:
2127 5197 2542 5269 Experimentum
2576 5212 2742 5255 autem
2774 5205 2884 5274 ejus
2910 5220 3213 5274 cognoscens
3241 5204 3283 5274 ³,
3312 5206 3557 5276 quoniam

1973 5287 2102 5340 sicut
2148 5292 2287 5358 patri
2312 5286 2453 5357 ﬁlius
2488 5305 2685 5343 mecum
2711 5293 2913 5346 servivit
2953 5296 3006 5346 in
3053 5293 3348 5364 Evangelia.
3402 5297 3554 5353 Hunc

1972 5380 2130 5450 igitur
2160 5396 2308 5449 spero
2337 5396 2414 5436 me
2458 5384 2653 5436 mittere
2676 5400 2695 5438 :
2723 5400 2842 5439 mox
2878 5397 2931 5439 ut
2974 5388 3143 5440 videro
3172 5403 3287 5457 qua
3313 5389 3447 5441 circa
3477 5406 3553 5441 me

1976 5480 2114 5525 sunt.
2145 5470 2361 5538 Conﬁdo
2403 5480 2571 5525 autem
2603 5472 2655 5526 in
2686 5473 2928 5544 Domino,
2957 5478 3199 5548 quoniam
3229 5486 3276 5533 et
3320 5478 3429 5555 ipse
3454 5480 3551 5531 cito

1973 5665 2408 5737 tione‘Quesnelii
2435 5668 2592 5737 epist.
2625 5668 2715 5732 87.
2741 5670 3001 5737 improbus
3029 5673 3272 5729 ambitus.

2038 5733 2059 5764 ⁸
2089 5732 2411 5816 capacitatis
2442 5732 2493 5791 in
2528 5740 2757 5794 editione
2805 5732 3024 5810 Latina;
3072 5746 3362 5816 cognoscite
3388 5745 3543 5816 juxta

1966 5802 2122 5861 ﬁdem
2152 5802 2323 5863 Graeci
2348 5818 2540 5873 textus,
2572 5820 2852 5875 γινώσκετε.
