3962 6196
475 294 507 350 ﬁ
518 296 575 352 i7

1544 292 1843 351 FACUNDI
1883 291 2096 351 EPISC.
2142 294 2648 354 llERMlANENSlS
3619 306 3706 363 filii

477 408 675 461 ueniam
696 421 762 459 aa
784 403 1147 476 vos(Phifipp.
1165 402 1353 473 H.222).
1380 403 1451 459 lbi
1473 413 1687 459 secutus
1714 406 1907 474 adjecit
1930 422 1944 458 :
1970 405 2080 461 Ne—
2108 408 2159 467 Α
2185 412 2412 479 scripta,
2448 413 2491 467 si
2518 413 2766 466 nolumus
2798 384 2986 466 omnes
3025 425 3255 467 canones
3284 412 3474 470 utiliter
3497 431 3523 469 a
3542 425 3709 474 swct's

478 514 754 553 cessartum
793 508 963 551 autem
992 496 1274 550 existimari
1328 495 1738 567 Epaphroditum
1765 498 1996 566 fratrem,
2026 503 2074 551 et

482 600 886 662 cooperatorem,
935 598 983 643 et
1017 588 1411 643 commilitonem
1441 606 1632 657 meum,
1662 600 1883 643 restrum
1909 598 2075 642 autem

482 683 770 751 apostolum
795 690 844 734 et
873 680 1159 733 ministrum
1206 681 1514 735 necessitatis
1559 696 1705 746 mere,
1764 681 1963 734 mittere
2007 680 2077 734 ad

483 784 570 822 vos
599 784 619 822 :
650 770 891 838 quoniam
918 769 1123 836 quidem
1153 785 1325 822 omnes
1371 784 1457 822 vos
1487 770 1829 835 de-iderabat,
1876 780 1923 822 et
1952 785 2074 822 mae-

485 871 592 913 stus
623 868 753 926 erat,
802 872 1069 930 propterea
1094 860 1229 928 quod
1289 861 1507 912 audistis
1549 860 1693 913 illum
1734 860 2071 929 inﬁrmatam.

487 948 626 1005 Nam
656 951 951 1017 inﬁrmatus
975 959 1047 1003 est
1073 966 1227 1018 usque
1249 949 1316 1004 ad
1344 960 1582 1015 mortem;
1613 952 1698 1005 sed
1734 949 1873 1003 Deus
1900 951 2081 1004 miser-

488 1056 567 1098 tus
592 1053 666 1099 est
696 1044 829 1110 eius.
864 1042 985 1097 Non
1015 1045 1181 1096 solum
1211 1054 1384 1096 autem
1416 1046 1551 1114 ejus,
1582 1058 1752 1095 verum
1779 1042 1927 1095 etiam
1959 1042 2077 1107 mei,

487 1152 551 1190 ne
586 1136 850 1190 tristitiam
885 1152 1039 1204 super
1091 1136 1351 1188 tristitiam
1408 1136 1665 1188 haberem.
1727 1132 2082 1188 Festinantius

489 1244 612 1300 ergo
638 1228 752 1281 misi
775 1226 947 1292 illum,
980 1235 1033 1279 ut
1060 1227 1167 1279 viso
1196 1244 1253 1280 eo
1280 1228 1463 1281 iterum
1496 1227 1785 1295 gaudeatis,
1817 1235 1862 1279 et
1894 1242 1985 1297 ego
2012 1225 2084 1277 si-

490 1335 551 1372 ne
581 1319 786 1371 tristitia
817 1319 934 1372 sim.
992 1316 1224 1387 Excipite
1256 1318 1423 1387 itaque
1467 1318 1614 1370 illum
1646 1334 1759 1370 cum
1812 1318 2002 1387 gaudio
2030 1316 2083 1369 in

492 1408 733 1473 Domino,
768 1419 813 1463 et
840 1409 1134 1479 hujusmodi
1164 1425 1279 1462 cum
1311 1408 1502 1462 honore
1526 1409 1757 1462 habetote
1788 1423 1806 1461 :
1837 1410 2081 1479 quoniam

492 1512 695 1569 propter
718 1516 845 1570 Opus
873 1498 1061 1553 Christi
1092 1516 1250 1567 usque
1280 1501 1348 1552 ad
1376 1508 1587 1553 mortem
1610 1500 1844 1564 accessit,
1878 1500 2085 1553 tradens

492 1594 714 1645 animam
754 1608 920 1658 suam,
963 1601 1015 1645 ut
1064 1591 1296 1658 intpieret
1324 1594 1376 1645 id
1408 1593 1547 1662 quod
1576 1593 1713 1645 vobis
1760 1592 1934 1646 deerat
1964 1609 2085 1664 erga

494 1702 658 1737 meum
683 1684 972 1753 obsequium
998 1682 1185 1753 (lbid.,
1219 1683 1333 1753 25).
1361 1683 1607 1754 Nunquid
1635 1684 1775 1739 hunc
1804 1684 2084 1755 Epaphro-

494 1775 661 1829 ditum
693 1774 1115 1843 Pbilippensium
1140 1775 1464 1843 apostolum,
1484 1787 1533 1829 et
1560 1774 1694 1829 alios
1721 1775 1837 1843 ejus
1866 1785 2080 1831 sanctos
2112 1768 2159 1828 Β

494 1866 549 1920 in
583 1865 870 1936 Evangelio
900 1866 1200 1934 adjutores,
1232 1881 1411 1921 sermo
1432 1866 1579 1919 Pauli
1610 1867 1919 1921 attendebat
1948 1881 2080 1936 apo-

494 1958 617 2011 stoli
646 1958 877 2012 dicentis
906 1975 917 2010 :
952 1958 1229 2011 Neminem
1261 1958 1403 2011 enim
1427 1957 1600 2012 habeo
1631 1959 1959 2025 unanimem,
1992 1959 2085 2027 qui

495 2051 702 2104 sincera
751 2050 1035 2104 afl'ectione
1082 2064 1178 2118 pro
1225 2049 1381 2104 vobis
1421 2050 1686 2105 sollicitus
1733 2052 1804 2105 sit
1850 2064 2086 2106 :omncs

491 2139 635 2197 enim
677 2153 770 2193 sua
804 2148 1070 2207 qumtunt,
1101 2155 1207 2193 non
1246 2154 1365 2210 qua:
1411 2149 1537 2194 sunt
1584 2140 1789 2194 Christi
1837 2140 1997 2206 Jesu’;
2028 2150 2083 2196 et
2160 2142 2163 2145 ’

494 2248 600 2287 non
632 2233 809 2302 potius
841 2232 962 2286 illos
990 2231 1059 2286 de
1101 2230 1294 2300 quibus
1337 2246 1496 2300 supra
1524 2232 1633 2300 jam
1687 2232 1956 2287 diximus?
2002 2233 2083 2289 An

495 2324 766 2381 unanimis
799 2323 1194 2394 Epaphroditus
1226 2339 1329 2378 non
1366 2323 1532 2379 fuisse
1564 2323 1895 2393 perhibetur,
1928 2340 2035 2394 quo
2066 2324 2082 2356 ¹

497 2416 566 2470 ab
587 2415 897 2471 inﬁrmitate
929 2424 1200 2480 revocato,
1226 2414 1329 2469 sibi
1360 2429 1574 2485 quoque
1597 2414 1761 2469 Deum
1806 2415 2083 2470 misertum

496 2505 645 2567 dicit.
663 2521 729 2557 ne
752 2505 821 2559 de
843 2505 935 2559 illo
964 2505 1231 2559 tristitiam
1249 2520 1410 2575 super
1434 2505 1707 2559 tristitiam
1727 2505 1987 2561 haberet?
2004 2508 2084 2562 An

500 2610 598 2665 pro
620 2594 1051 2664 Philippensibus
1066 2611 1171 2650 non
1195 2604 1312 2650 erat
1331 2604 1547 2649 sanctus
1562 2593 1954 2664 Epaphroditus
1976 2596 2088 2651 sin-

498 2701 621 2742 cera
646 2684 931 2742 affectione
955 2686 1237 2753 sollicitus,
1268 2701 1403 2756 quos
1428 2685 1612 2740 videre
1634 2685 1997 2754 desiderabat,
2032 2696 2087 2742 et

498 2784 719 2845 preptcr
736 2791 958 2847 quorum
981 2777 1047 2831 de
1071 2792 1165 2831 sua
1196 2777 1506 2832 inﬁrmitate
1529 2777 1838 2831 maestitiam
1864 2787 2087 2835 mrestus

499 2876 635 2931 erat,
654 2882 719 2923 eo
735 2867 877 2937 quod
894 2865 1320 2923 audierintillum
1335 2867 1682 2933 infirmarum;
1698 2879 1749 2922 et
1764 2870 1852 2938 qui
1871 2880 2088 2940 propter

497 2971 635 3027 Opus
685 2958 883 3012 Christi
914 2973 1083 3028 usque
1113 2957 1178 3012 ad
1224 2967 1451 3014 mortem
1489 2969 1815 3031 accesserat,
1870 2962 2087 3018 tradens

498 3050 732 3104 animam
754 3063 904 3104 suam
929 3060 986 3105 ut
1016 3049 1266 3121 impleret
1294 3050 1346 3105 id
1370 3052 1514 3120 quod
1545 3052 1595 3107 ei
1629 3051 1819 3108 deerat
1838 3067 1960 3122 erga
1986 3054 2082 3109 ob-

2180 500 2431 557 Patribus
2461 504 2513 557 in
2539 504 2726 557 eadem
2757 502 2965 575 synodo
2988 506 3325 569 constitutos,
3349 515 3403 559 et
3422 515 3601 561 «cura
3613 526 3708 575 qua:

2178 593 2230 647 in
2257 595 2584 663 specialibus
2608 609 3054 663 quorumcunque
3080 597 3255 649 causis
3283 595 3351 649 ibi
3378 596 3567 651 ﬁrmata
3588 613 3707 666 sunt,

2178 689 2232 744 in
2261 690 2519 758 majorem
2552 706 2712 758 quam
2736 703 2877 743 nunc
2903 688 3152 757 patimur,
3175 689 3608 743 conturbationem
3631 692 3709 746 Ec-

2177 780 2356 836 clesia:
2384 795 2744 836 commovere.
2777 780 2908 846 Quis
2936 788 3117 834 autem
3138 779 3203 833 de
3233 779 3386 833 beato
3413 780 3574 835 Leone
3594 782 3710 839 dice-

2179 886 2238 927 re
2265 871 2479 936 audcat,
2496 872 2745 940 quoniam
2773 872 2818 925 si
2841 870 3152 925 Nestoriana
3174 879 3319 926 esset
3344 873 3551 940 epistola
3574 891 3703 940 quam

2179 962 2414 1033 synodus
2438 962 2776 1031 approbavit,
2801 961 3103 1032 posthabita
3128 962 3450 1031 blatSpltemia
3471 981 3561 1033 qua
3582 966 3710 1020 Chri.

2181 1063 2297 1107 stus
2327 1066 2550 1124 negatur
2578 1054 2718 1108 Deus
2740 1069 2860 1110 esse
2880 1056 3019 1123 quod
3046 1054 3237 1122 est,de
3266 1054 3367 1109 hoc
3392 1059 3711 1114 tantummodo

2182 1156 2490 1212 causentur,
2525 1145 2665 1213 quod
2698 1148 2748 1198 in
2782 1146 2869 1200 illa
2910 1146 3119 1217 synodo
3146 1161 3282 1201 unus
3320 1149 3586 1217 episcopus
3628 1166 3713 1206 non

2182 1237 2301 1291 loco
2321 1251 2418 1290 suo
2442 1236 2787 1293 consederit?
2829 1236 2995 1301 Igitur
3035 1247 3127 1292 aut
3156 1238 3256 1293 hoc
3283 1240 3449 1293 solum
3487 1254 3712 1308 peccatum

2184 1326 2429 1396 estquod
2459 1327 2510 1380 in
2551 1327 2758 1398 synodo
2797 1327 3229 1384 Chalcedonensi
3288 1330 3469 1384 beatus
3497 1331 3590 1386 Leo
3633 1336 3713 1391 sibi

2184 1415 2523 1484 displicuisse
2566 1432 2670 1473 non
2700 1418 2901 1484 tacuit;
2952 1430 3045 1473 aut
3064 1419 3111 1472 si
3141 1430 3195 1475 et
3225 1420 3363 1474 aliud
3397 1437 3510 1477 esse
3537 1425 3712 1492 dicitur,

2185 1508 2359 1561 minus
2384 1509 2622 1576 profecto
2651 1521 2729 1565 est
2760 1525 2825 1565 eo
2852 1520 3092 1580 peccato,
3146 1514 3290 1583 quod
3321 1515 3582 1584 episcopus
3605 1517 3713 1573 Con-

2184 1603 2692 1672 stantinopolitanus
2733 1604 2948 1658 admisit
2981 1622 2993 1657 :
3042 1613 3300 1661 cieterum
3343 1624 3589 1674 nunquam
3629 1611 3713 1666 Leo

2186 1702 2392 1762 posset,
2426 1693 2613 1749 relicta
2647 1695 2869 1751 lueresis
2896 1711 3081 1763 causa,
3108 1697 3179 1753 de
3212 1699 3366 1752 unius
3393 1702 3603 1771 episcopi
3627 1718 3715 1759 ses.

2187 1782 2340 1837 sione
2388 1784 2627 1839 causari.
2671 1787 2997 1840 Ostendatur
3025 1797 3207 1842 autem
3251 1790 3423 1857 nobis,
3471 1792 3715 1857 ubitunne

2186 1874 2375 1929 beatus
2424 1874 2533 1930 Leo
2558 1875 2687 1929 dixit
2717 1874 2915 1945 (Epist.
2950 1877 3041 1947 62)
3098 1895 3209 1934 non
3241 1881 3417 1935 omnia
3456 1896 3511 1936 se
3533 1898 3634 1951 qua:
3677 1885 3716 1940 in

2186 1967 2273 2022 illa
2303 1970 2509 2039 synodo
2537 1980 2652 2026 acta
2679 1978 2805 2024 sunt
2824 1970 3169 2037 confirmare,
3204 1974 3344 2043 quod
3376 1975 3531 2044 ipsius
3569 1978 3717 2046 synodi

2186 2070 2504 2116 sententiam
2530 2077 2693 2131 super
2713 2064 2938 2133 epistola
2966 2064 3067 2119 lbte
3090 2064 3409 2131 detestetur,
3437 2082 3495 2123 ac
3520 2084 3610 2125 non
3641 2085 3715 2137 po-

2187 2154 2294 2208 tius
2340 2154 2913 2224 Constantinopolitani
2958 2158 3200 2227 episcopi
3239 2161 3564 2215 ambitionem
3591 2163 3717 2216 casti-

2185 2252 2277 2313 get
2298 2254 2455 2315 atque
2478 2257 2754 2312 corrceat;
2781 2257 2835 2303 et
2862 2250 2978 2317 ipso
3000 2259 3247 2319 purgato,
3271 2252 3383 2306 sola
3406 2252 3616 2323 synodus
3638 2254 3718 2308 cri-

2187 2333 2317 2387 mini
2348 2334 2665 2403 suhjacebit,
2694 2337 2737 2391 si
2772 2352 2896 2392 vere
2926 2337 3248 2394 Ncstoriana
3277 2348 3361 2395 est
3396 2356 3542 2411 quam
3567 2356 3719 2408 appro-

2186 2423 2332 2478 bavit
2360 2428 2607 2495 epistola.
2638 2427 2771 2483 Nam
2814 2437 2870 2485 et
2898 2430 3130 2486 Maximo
3163 2432 3493 2487 Antimheno
3522 2434 3718 2488 scribens

2188 2517 2327 2572 idem
2354 2518 2541 2573 beatus
2564 2519 2696 2587 Leo,
2726 2522 2812 2577 cui
2846 2524 3133 2592 praedictus
3157 2524 3720 2596 Constantinopolitano!

2187 2607 2470 2664 Anatolius
2495 2610 2812 2681 dignitatem
2839 2616 3012 2670 tertia:
3041 2616 3191 2671 sedis
3218 2619 3426 2675 auferre
3454 2629 3721 2679 tentarent,

2189 2698 2291 2755 hoc
2315 2703 2457 2771 quod
2487 2703 2782 2760 asserimus
2834 2706 3183 2764 manifestum
3212 2710 3457 2767 omnibus
3485 2710 3629 2766 facit:
3653 2711 3723 2780 qui

2187 2797 2310 2857 post
2332 2790 2519 2859 multa,
2551 2807 2670 2860 qua:
2696 2801 2751 2847 et
2781 2796 3097 2865 acceptabili
3127 2799 3343 2855 ratione
3361 2810 3414 2855 et
3442 2801 3720 2870 increpatio-

2187 2895 2256 2937 ne
2299 2881 2627 2950 vehementi,
2669 2898 2831 2953 super
2876 2886 3065 2943 eadem
3116 2893 3525 2960 prtesumptione
3560 2893 3725 2947 locauit

2186 2979 2290 3037 est,
2326 2974 2605 3041 epistolam
2630 2975 2700 3030 ita
2722 2977 2996 3033 concludit
3023 2995 3038 3033 :
3068 2998 3088 3031 ‹
3123 2980 3392 3051 Quidquid
3417 2984 3546 3038 enim
3570 2991 3725 3051 praeter

2188 3063 2451 3133 speciales
2477 3080 2666 3121 causas
2692 3068 3031 3140 synodalium
3064 3073 3418 3129 conciliorum
3444 3076 3506 3130 sd
3540 3088 3725 3130 cuinon

500 3141 739 3234 sequium
769 3140 950 3234 Pauli?
980 3139 1130 3234 Unde
1160 3141 1322 3234 etiam
1356 3140 1550 3234 merito
1568 3142 2082 3234 eiscommendavif.
2111 3130 2158 3192 (ἶ
2190 3130 2493 3225 ερἰεοιιείθ
2521 3130 2781 3225 defertu'r,
2805 3171 2981 3230 potest
3007 3162 3244 3233 aliquam
3273 3166 3304 3221 d
3325 3165 3580 3234 judicandi
3599 3164 3726 3219 Iube-

501 3238 559 3285 ut
580 3230 881 3299 huiusmodi
912 3246 1033 3286 cum
1066 3230 1273 3286 honore
1296 3232 1576 3287 haberent.
1609 3232 1681 3289 Ut
1710 3234 1871 3305 igitur
1892 3233 2085 3290 Paulus

499 3322 775 3389 apostolus
806 3321 1242 3391 Philippensibus
1271 3323 1338 3378 de
1367 3324 1650 3380 Timotheo
1686 3326 1947 3394 scribens,
1978 3343 2083 3383 non

500 3412 679 3468 Titum
712 3423 768 3469 et
790 3414 1010 3478 Lucam,
1037 3431 1143 3469 non
1178 3414 1596 3484 Epaphroditum
1617 3427 1667 3470 et
1692 3418 1947 3484 Marcum,
1978 3436 2083 3475 non

500 3514 728 3559 cteteros
749 3520 876 3559 suos
907 3506 1180 3575 adjutores
1210 3521 1440 3575 quorum
1482 3507 1696 3561 nomina
1718 3520 1842 3563 sunt
1869 3510 1920 3563 in
1951 3510 2085 3567 libro

500 3595 645 3663 vitm,
687 3594 915 3649 attendit
955 3610 1076 3650 cum
1105 3595 1309 3651 diceret
1337 3614 1349 3649 :
1383 3594 1662 3652 Neminem
1695 3598 1867 3654 habeo
1896 3602 2085 3655 unani-

498 3702 661 3755 mem,
693 3687 785 3758 qui
812 3687 1021 3742 sincera
1051 3687 1332 3743 affectione
1358 3704 1456 3759 pro
1483 3688 1637 3743 vobis
1668 3691 1934 3746 sollicitus
1964 3692 2034 3746 sit
2066 3710 2081 3746 :

498 3795 686 3835 omnes
716 3780 860 3835 enim
890 3794 987 3834 sua
1014 3789 1282 3857 quaerunt,
1328 3794 1433 3835 non
1461 3796 1581 3851 qua
1610 3790 1736 3835 sunt
1762 3781 1960 3839 Christi
1991 3783 2085 3840 Je-

496 3886 593 3938 su;
623 3871 716 3927 sed
747 3872 866 3927 illos
889 3873 1067 3941 potius
1095 3873 1161 3927 de
1187 3872 1381 3943 quibus
1401 3873 1470 3928 ab
1496 3888 1563 3928 eo
1608 3868 1809 3929 dictum
1834 3885 1917 3930 est
1943 3894 1955 3930 :
1995 3876 2083 3931 Vi-

496 3960 620 4015 dete
649 3974 826 4027 canes,
870 3961 1045 4018 videte
1076 3962 1244 4017 malos
1273 3963 1575 4032 operarios,
1606 3964 1787 4018 videte
1813 3967 2082 4022 concisio-

498 4067 644 4107 nem.
666 4051 741 4105 lta
766 4054 929 4108 etiam
948 4052 1291 4109 beatissimus
1318 4053 1425 4109 Leo
1445 4056 1709 4119 scribens,
1736 4071 1839 4111 non
1858 4068 2082 4113 sentt-n-

497 4143 624 4197 tiam
677 4158 838 4213 super
877 4144 1159 4211 epistolam
1192 4144 1301 4200 lbte
1336 4146 1618 4213 prolatam,
1674 4162 1845 4216 neque
1872 4149 2080 4217 episco-

497 4241 679 4301 patum
709 4234 962 4302 praedicto
991 4235 1094 4288 Ibae
1125 4234 1419 4301 redditum,
1451 4244 1508 4289 et
1534 4245 1725 4290 castora
1755 4254 1874 4307 qua)
1920 4242 1970 4294 in
1996 4255 2083 4313 sy-

498 4324 641 4378 nodo
670 4322 1095 4380 Chalcedonensi
1124 4325 1193 4380 de
1221 4324 1538 4395 quibusdam
1576 4329 1821 4395 personis
1864 4329 2082 4387 decreta

498 4424 643 4479 sunt,
676 4432 846 4486 neque
872 4434 1112 4473 canones
1132 4419 1515 4474 ecclesiastica:
1531 4420 1825 4490 disciplina:
1849 4425 2080 4480 salubri-

2188 3260 2246 3299 re
2272 3247 2558 3315 rationem,
2590 3248 2634 3303 si
2667 3250 2797 3306 nihil
2814 3251 2882 3309 de
2908 3267 2976 3307 eo
2996 3264 3124 3309 esta
3147 3259 3351 3311 sanctis
3376 3256 3600 3313 Patribns
3616 3254 3726 3322 apud

2187 3336 2418 3393 Nicaeam
2460 3340 2760 3398 deﬁnitum.
2814 3341 2947 3399 Nam
2985 3345 3125 3413 quod
3156 3347 3231 3401 ab
3260 3347 3466 3402 illorum
3496 3347 3666 3416 regulis
3684 3355 3728 3402 et

2187 3429 2566 3488 constitutione
2612 3433 2909 3499 discordat,
2962 3439 3282 3505 apostolicae
3311 3439 3453 3493 sedis
3496 3452 3724 3507 nunquam

2188 3522 2383 3589 poterit
2409 3522 2652 3578 obtinere
2680 3539 3026 3580 consensum.
3059 3528 3275 3595 Quanta
3309 3544 3432 3584 vero
3453 3538 3477 3566 ι
3502 3528 3728 3595 diligentia

2185 3611 2519 3666 custodiatur
2539 3628 2569 3667 a
2594 3612 3189 3686 nobis,exemplaribus
3218 3617 3335 3688 ejus
3361 3618 3585 3687 epistola:
3601 3629 3728 3686 quam

2187 3701 2254 3757 ad
2304 3704 2953 3775 Constantinopolitannm
2984 3710 3301 3778 episcopum
3353 3708 3729 3774 refrenantesip-

2186 3792 2297 3847 sius
2316 3796 2660 3862 cupiditatem
2693 3796 3007 3864 direximus,
3038 3798 3328 3857 instrueris
3356 3818 3372 3856 :
3394 3816 3543 3872 quam
3567 3801 3614 3854 in
3637 3814 3729 3853 om-

2187 3885 2329 3939 nium
2364 3885 2586 3941 fratrum
2617 3897 2676 3942 et
2698 3890 3142 3947 consacerdotum
3167 3903 3469 3950 nostrorum
3490 3891 3634 3947 facies
3656 3903 3731 3945 nn-

2186 3978 2356 4032 titiam
2410 3980 2711 4046 pervenire,
2752 3991 2807 4035 ut
2838 3983 3086 4037 noverint
3131 3998 3321 4053 pacem
3365 3983 3730 4041 ecclesiasticam

2184 4084 2280 4137 per
2329 4071 2669 4125 concordiam
2702 4072 2811 4129 Deo
2850 4073 3095 4142 placitam
3142 4076 3349 4133 debere
3375 4077 3591 4132 servari.
3622 4070 3730 4128 ιιιαά

2182 4173 2399 4227 quoque
2447 4161 2790 4218 dilectionem
2844 4172 2990 4220 tuam
3046 4168 3309 4222 convenit
3355 4180 3651 4237 praecavere,
3686 4170 3731 4215 ιιι

2185 4258 2381 4318 prmter
2426 4264 2521 4305 eos
2569 4255 2658 4321 qui
2684 4261 2811 4307 sunt
2839 4253 3054 4309 Domini
3102 4259 3437 4325 sacerdOtes,
3466 4257 3625 4310 nullus
3648 4251 3728 4305 sibi

2187 4339 2414 4395 docendi
2443 4350 2498 4395 et
2525 4342 2849 4411 praedicandi
2884 4344 2976 4415 jus
3003 4345 3203 4403 audeat
3232 4350 3518 4409 vindicare.
3545 4347 3642 4399 sive
3660 4342 3730 4395 ille

2187 4432 2505 4498 monachus,
2538 4437 2656 4490 sive
2678 4436 2771 4491 ille
2798 4436 2989 4505 laicus,
3021 4440 3112 4509 qui
3144 4442 3377 4510 alicujus
3408 4440 3622 4495 scientia
3647 4448 3729 4489 no-

499 4512 583 4601 ter
615 4505 720 4559 illic
747 4507 1020 4601 ansanctis
1047 4507 1295 4563 Patribus
1324 4512 1643 4566 constitutos
1675 4513 1921 4577 attendit.
1963 4530 2082 4572 cum
2110 4502 2166 4563 Ῑ)
2191 4526 2333 4579 mine
2363 4528 2641 4599 glorietur.
2674 4529 2805 4597 Quia
2836 4532 2939 4585 etsi
2961 4502 3256 4601 optandum
3287 4502 3633 4588 estntomnes
3652 4529 3732 4580 Εεο

498 4593 705 4648 diceret
734 4612 747 4649 :
779 4594 846 4651 Ut
875 4610 1112 4653 sanctam
1134 4599 1398 4670 synodum
1425 4600 1491 4654 ad
1520 4605 1964 4673 exst’ngnendam
1988 4623 2079 4663 so-

500 4682 610 4738 lum
644 4684 912 4751 haeresim,
942 4695 998 4741 et
1041 4690 1107 4742 ad
1138 4688 1597 4746 conﬁrmationem
1636 4693 1759 4748 fidei
1806 4697 2085 4754 catholicae

499 4776 678 4833 studio
708 4778 1151 4835 Christianissimi
1185 4782 1441 4853 principis
1461 4797 1856 4857 congregalam,
1910 4790 1961 4844 in
1989 4805 2085 4846 oc-

498 4869 769 4924 casionem
797 4870 1027 4926 ambitus
1047 4873 1252 4939 trahas,
1284 4875 1304 4906 ’
1334 4882 1390 4929 et
1415 4875 1497 4929 his
1523 4878 1745 4943 similia;
1778 4881 1871 4934 sed
1895 4897 2085 4951 super-

500 4959 627 5014 bam
659 4961 838 5030 potius
862 4960 1151 5019 elationem
1196 4963 1775 5037 Constantinopolitani
1823 4974 2079 5041 episcopi,

499 5053 643 5107 sicut
664 5054 775 5122 ipsa
799 5055 959 5110 verba
992 5056 1108 5125 ejus
1136 5055 1393 5112 indicant.
1418 5057 1548 5112 Nam
1577 5076 1675 5115 nec
1698 5063 1841 5117 aliud
1877 5066 2083 5122 inveni-

501 5150 593 5198 tur
621 5143 673 5198 in
695 5146 895 5201 eisdem
928 5146 1042 5202 suis
1071 5148 1313 5216 epistolis
1338 5149 1600 5220 arguisse.
1633 5152 1724 5207 Sic
1750 5154 1903 5209 nobis
1922 5157 2082 5213 intel-

500 5231 707 5304 ligenda
737 5249 863 5292 sunt
883 5239 1044 5295 verba
1064 5240 1290 5296 Romani
1320 5239 1536 5309 Leonis,
1567 5245 1645 5298 sic
1663 5248 2079 5315 apostolicorum

500 5323 819 5396 scriptorum
849 5333 1107 5402 exemplis
1137 5333 1429 5389 asserenda
1459 5344 1581 5390 sunt
1601 5336 1746 5392 sedis
1773 5343 2083 5409 apostolica:

582 5515 611 5547 ⁸
632 5507 688 5563 ln
716 5506 848 5565 edit.
878 5513 1044 5566 sancti
1077 5513 1268 5569 Leonis
1293 5514 1389 5568 hoc
1416 5514 1690 5572 inseritur.
1732 5536 1737 5541 '

570 5675 746 5765 lCod.
799 5680 1017 5765 Veron"
1055 5682 1444 5765 Epaphroditus
1466 5706 1565 5765 non
1597 5691 1717 5759 fuit,
1748 5710 1895 5764 quem
1928 5698 2078 5753 mitti—

498 5757 659 5804 strum
685 5757 992 5808 necessitatis
1021 5770 1126 5809 siue
1149 5758 1304 5825 fuisse
1332 5760 1578 5831 perhibe',
1598 5757 1726 5834 qua,
1755 5757 1859 5821 etc.

2188 4618 2368 4672 clesia:
2397 4619 2493 4674 filii
2541 4635 2661 4688 quae
2687 4632 2827 4675 recta
2859 4629 2915 4675 ct
2943 4636 3071 4677 sana
3103 4635 3230 4679 sunt
3271 4625 3504 4694 sapiant,
3551 4637 3642 4675 non
3664 4629 3730 4673 ta-

2190 4725 2311 4763 men
2338 4712 2751 4778 permittendum
2784 4720 2867 4767 est
2894 4723 2951 4768 ut
2976 4716 3258 4785 quisquam
3291 4725 3440 4771 extra
3468 4712 3729 4769 sacerdota-

2190 4800 2293 4856 lem
2325 4803 2570 4857 ordinent
2616 4804 2962 4870 constitutus,
3006 4807 3228 4875 gradum
3258 4807 3362 4862 sibi
3410 4803 3730 4875 praedicam”

2190 4904 2463 4948 assumat:
2498 4910 2621 4951 cum
2671 4898 2724 4950 in
2773 4896 3013 4952 Ecclesia
3046 4899 3139 4954 Dei
3170 4900 3350 4954 omnia
3374 4898 3608 4954 ordinata
3633 4904 3729 4945 esse

2185 4985 2488 5047 conveniat,
2520 4995 2579 5041 ut
2608 4988 2659 5041 in
2692 5002 2797 5041 uno
2825 4988 3022 5043 Christi
3052 5005 3299 5059 corpore,
3337 4998 3392 5045 et
3417 4984 3727 5045 eaeellentio-

2188 5091 2248 5130 ra
2275 5076 2513 5131 membra
2536 5093 2692 5131 suum
2723 5078 2956 5134 ofﬁcium
2987 5081 3265 5151 impleant,
3306 5089 3362 5136 et
3385 5078 3621 5135 inferiora
3656 5086 3727 5125 su-

2187 5167 2487 5235 perioribus
2533 5182 2639 5223 non
2670 5169 2952 5225 resultent.
2991 5189 3011 5223 ι
3043 5170 3316 5227 Manifesta
3338 5176 3483 5235 sunt,
3506 5173 3724 5236 quantum

2190 5266 2340 5328 puto,
2388 5274 2487 5313 nec
2514 5260 2621 5313 ullo
2658 5275 2778 5330 qua:
2825 5264 3238 5318 memoravimus
3267 5270 3427 5332 egent
3452 5260 3723 5323 interpret”.-

2188 5360 2246 5404 ut
2273 5349 2497 5425 intelligi
2526 5361 2687 5421 queat
2711 5352 2853 5422 quod
2882 5368 2943 5408 ea
2966 5365 3152 5410 contra
3190 5338 3723 5419 Constantinopolimti

2258 5701 2278 5730 '
2314 5700 2454 5754 Idem
2492 5700 2638 5763 cod.,
2691 5710 2737 5755 rt
2768 5712 2820 5757 ut
2850 5704 3185 5758 cohibe-(iant
3213 5702 3339 5771 [lt-tt.
3372 5688 3719 5763 conniventi»!

2184 5787 2328 5825 suam
2355 5772 2445 5826 tibi
2474 5773 2651 5834 dedat.
2676 5774 2933 5847 impellits,
2954 5792 3000 5829 et
3025 5778 3103 5829 his
3130 5775 3336 5833 πυρήια.
