3878 6194
183 302 273 356 649

1013 297 1146 355 PRO
1188 292 1619 354 DEFENSIONE
1659 289 1876 349 TRIUM
1914 288 2232 347 CAPITUL.
2274 288 2401 344 LIB.
2436 291 2496 345 V.

3353 294 3460 352 650

182 415 408 488 episcopi
444 412 813 479 ambitionem,
866 431 972 471 non
1022 424 1209 472 contra
1239 415 1557 471 sententiam
1603 425 1765 481 super
1795 411 1846 471 A
1872 407 1944 476 la,
1976 424 2070 481 per
2095 426 2252 480 quam
2275 411 2519 467 similiter
2540 413 2678 468 devii
2702 413 2889 469 horum
2918 417 3238 488 scriptorum
3266 420 3461 484 Leonis

182 510 457 579 epistolam
492 509 598 564 Iba:
628 510 913 579 prolatam,
950 509 1139 566 beatus
1157 510 1264 566 Leo
1289 508 1507 565 dixerit.
1537 507 1667 561 Nam
1696 507 1770 561 si-

183 603 367 657 nuliter
399 602 644 657 scribens
671 602 834 656 etiam
856 601 1124 657 Marciano
1152 601 1374 671 principi
1403 597 1771 655 etPulcherize

186 700 431 763 Augustae
462 692 658 764 (Epist.
694 694 762 748 74
790 703 837 747 et
879 692 997 764 75),
1035 707 1166 763 quas
1191 692 1446 761 epistolas
1471 701 1772 746 memorare

186 785 492 857 perlongum
523 794 631 852 est,
681 799 790 840 non
821 784 888 840 de
918 785 1023 839 alia
1065 798 1224 839 causa
1254 784 1621 853 conqueritur.
1667 774 1771 835 Ve-

184 892 287 933 rum
312 877 461 947 quod
492 878 645 946 pejus
666 885 769 941 est,
798 885 855 933 et
879 877 968 932 illa
991 890 1089 947 pro
1113 875 1306 947 quibus
1333 876 1472 931 dicta
1504 880 1631 928 sunt
1654 872 1771 926 nul-

187 969 258 1024 lus
280 970 576 1024 observare
604 968 881 1036 dignatur,
914 980 969 1024 et
990 968 1207 1035 insuper
1234 980 1353 1037 qum
1378 966 1480 1020 alia
1518 972 1645 1018 sunt
1692 963 1775 1017 in-

187 1061 418 1116 tentione
442 1060 768 1127 conscripta,
794 1059 848 1116 in
885 1059 1251 1129 praeiudicium
1282 1057 1407 1113 fidei
1434 1070 1580 1113 saeva
1608 1057 1774 1110 inter-

187 1154 481 1223 pretatione
531 1161 831 1207 vertuntur.
885 1151 1218 1207 Contradicit
1263 1158 1441 1203 autem
1496 1146 1770 1202 nobiscum

187 1262 309 1317 papa
366 1245 640 1310 Celasius,
676 1244 866 1299 melior
903 1253 959 1297 et
987 1242 1370 1311 acceptabilior
1396 1240 1663 1295 dictorum
1690 1238 1773 1293 sui

188 1338 601 1408 prtedecessoris
624 1338 912 1406 interpres,
946 1339 1036 1406 qui
1078 1337 1320 1391 scribens
1350 1333 1611 1389 universis
1656 1332 1773 1401 epi-

185 1431 359 1499 scopis
393 1445 491 1499 per
517 1429 847 1485 Dardaniam
871 1427 1197 1491 consdtntis,
1227 1441 1289 1481 ea
1317 1441 1435 1496 qua:
1455 1424 1776 1481 memoravi-

186 1536 324 1587 mus,
361 1535 470 1576 non
498 1520 566 1574 ad
599 1519 1015 1575 destructionem
1044 1517 1327 1573 sententia:
1353 1530 1517 1585 super
1548 1514 1775 1585 epistola

186 1613 279 1669 [lite
304 1614 559 1682 promta,
600 1612 693 1668 sed
724 1612 789 1667 ad
813 1611 1167 1667 coercendam
1196 1606 1776 1677 Constantinopolitani

185 1704 417 1775 episcopi
442 1705 938 1774 praesumptionem,
965 1716 996 1756 a
1020 1700 1179 1756 beato
1207 1700 1389 1755 Leone
1427 1697 1626 1766 scripta
1657 1708 1777 1751 esse

1874 502 2194 571 interpretes
2221 498 2564 571 refellantur;
2593 506 2687 561 sed
2708 507 3058 575 indicavimus
3087 512 3225 568 hanc
3252 524 3415 571 unani
3436 516 3461 550 ⁸

1874 593 2040 648 solam
2070 608 2247 649 causa:
2274 595 2538 650 sufficere.
2592 597 2786 652 Verum
2814 610 2949 665 esto,
2980 604 3202 659 semotis
3232 605 3315 660 his
3341 621 3459 661 om-

1875 687 2051 755 nibus,
2080 697 2294 758 putetur
2313 689 2424 745 Leo
2449 689 2726 759 Romanis,
2767 693 2832 747 ad
2862 694 3240 751 destruendam
3272 700 3459 769 synodi

1873 793 2035 848 super
2070 779 2296 848 epistola
2324 781 2430 836 ibte
2458 783 2778 861 sententiam
2806 785 2895 840 illa
2926 787 3144 844 dixisse.
3183 790 3468 856 Quomodo

1875 886 2005 941 ergo
2048 872 2172 928 hinc
2197 874 2433 945 synodus
2460 879 2849 946 excusabitur,
2882 897 3001 951 quae
3026 893 3080 937 et
3108 886 3376 955 recepisse
3403 887 3468 941 il-

1877 963 1978 1017 lam
2010 965 2317 1033 epistolam,
2368 958 2511 1035 q'uod
2558 968 2697 1025 false
2725 981 2971 1041 negatum
3018 984 3119 1040 est,
3153 986 3205 1029 et
3246 992 3350 1032 non
3380 977 3476 1033 de-

1874 1053 2061 1109 buisse
2108 1056 2348 1125 recipere
2387 1057 2567 1113 Leone
2611 1060 3039 1130 reprehendente
3087 1066 3467 1121 convincitur?

1875 1143 2138 1210 Quocirca
2168 1146 2214 1201 si
2235 1146 2308 1201 ita
2330 1148 2659 1218 accipiantur
2687 1151 2990 1221 hujusmodi
3014 1156 3171 1211 verba
3192 1172 3309 1227 qua:
3338 1174 3463 1228 pro-

1878 1235 2128 1293 feruntur
2155 1238 2297 1295 beati
2346 1240 2558 1309 Leonis,
2587 1245 2772 1313 procul
2799 1246 2960 1302 dubio
3010 1262 3114 1302 non
3140 1251 3464 1320 repellendae

1878 1330 2207 1385 accusationi
2229 1333 2439 1401 synodi,
2466 1335 2559 1389 sed
2590 1337 2969 1393 confirmanda:
2997 1341 3312 1409 proficient;
3338 1352 3393 1398 et
3419 1345 3466 1398 si

1878 1418 2193 1476 Nestoriana
2244 1423 2334 1477 illa
2381 1424 2577 1479 dicitur
2617 1425 2862 1496 epistola,
2906 1428 3090 1484 beatus
3117 1431 3329 1500 quidem
3360 1432 3469 1488 Leo

1881 1510 2145 1581 fortassis,
2180 1514 2252 1570 uti
2280 1514 2388 1583 jam
2439 1516 2637 1572 dictum
2667 1527 2765 1583 est,
2818 1534 2848 1574 a
2897 1519 3213 1576 Nestoriano
3242 1523 3470 1579 crimine

1882 1604 2237 1672 defendetur;
2269 1608 2363 1662 sed
2413 1608 2570 1677 plane
2609 1611 2845 1681 synodus
2876 1612 3325 1670 Chalcedonensis
3354 1616 3471 1685 ipso

1893 1706 2028 1754 teste
2057 1698 2396 1754 damnabitur
2422 1717 2436 1766 ;
2467 1707 2625 1771 atque
2649 1702 2668 1732 ³
2698 1702 3018 1758 videbuntur
3044 1706 3277 1761 hazretici
3303 1706 3472 1778 Euty-

184 1797 487 1853 conﬁrmat.
518 1795 608 1851 Sic
628 1797 770 1850 enim
801 1795 929 1850 dicit
960 1812 973 1847 :
1005 1812 1025 1847 ι
1059 1794 1211 1850 Sicut
1238 1792 1485 1862 quamvis
1509 1804 1671 1859 parva
1698 1787 1777 1844 ci—
1809 1790 1857 1851 B
1884 1789 2063 1844 chiani
2094 1806 2201 1846 non
2232 1791 2498 1847 immerito
2548 1806 2606 1847 se
2627 1808 2656 1848 a
2688 1802 2869 1849 nostra
2919 1798 3296 1854 communione
3340 1800 3471 1854 sub-

186 1891 312 1945 vitas
347 1888 755 1960 praerogativam
789 1887 1073 1958 praesentis
1119 1886 1269 1955 regni
1301 1899 1409 1941 non
1439 1882 1649 1946 minuit,
1696 1882 1775 1937 sic

184 1983 482 2053 imperialis
534 1981 817 2051 praesentia
848 1994 1155 2035 mensuram
1207 1975 1625 2046 dispensationis
1651 1972 1774 2029 reli-

185 2076 345 2145 giosae
377 2089 486 2127 non
518 2080 707 2127 mutat.
734 2071 824 2127 Sic
871 2071 1013 2125 clara
1044 2070 1174 2125 urbs
1218 2068 1310 2123 illa
1347 2073 1613 2136 potestate
1641 2077 1777 2134 prte-

182 2167 350 2221 sentis
398 2164 632 2229 imperii,
660 2163 847 2233 religio
875 2162 977 2217 sub
1014 2160 1201 2218 eadem
1231 2168 1255 2198 δ
1286 2168 1413 2215 tunc
1444 2159 1621 2222 firma,
1654 2164 1777 2210 tunc

184 2255 374 2322 libera,
408 2262 537 2310 tunc
562 2263 815 2324 provecta
844 2252 1108 2319 consistit,
1134 2252 1182 2307 si
1211 2250 1388 2321 potius
1410 2248 1515 2304 hoc
1541 2261 1778 2317 praesen-

184 2358 229 2404 te
277 2346 567 2419 propriam
600 2353 783 2400 teneat
810 2346 927 2399 sine
953 2344 1060 2398 ulla
1109 2341 1510 2413 perturbatione
1556 2352 1775 2395 mensu-

182 2452 308 2493 ram.
354 2438 640 2493 Postremo
666 2437 711 2491 si
733 2436 834 2491 sibi
857 2435 924 2491 de
955 2433 1294 2504 imperatoris
1315 2433 1594 2502 praesentia
1626 2431 1777 2486 blan-

182 2528 430 2595 diuntur,
463 2537 518 2583 et
542 2528 666 2582 inde
696 2530 886 2596 putant
912 2526 1518 2594 Constantinopolitanae
1548 2523 1777 2580 civitatis

183 2619 422 2688 episcopi
450 2616 715 2685 potiorem
746 2616 859 2671 ﬁeri
888 2630 1043 2686 posse
1069 2629 1374 2686 personam,
1400 2614 1617 2670 audiant
1639 2614 1779 2668 Mar-

176 2710 397 2763 cianum
429 2706 671 2776 ejusdem
697 2706 992 2777 principem
1019 2704 1271 2772 civitatis,
1306 2715 1650 2775 posteaquam
1682 2718 1780 2774 pro

181 2808 481 2869 augmento
494 2796 638 2853 urbis
660 2797 824 2868 ipsius
846 2797 1141 2854 sacerdotis
1157 2797 1481 2853 intercessor
1495 2796 1777 2862 accedens,

180 2898 376 2945 contra
400 2889 615 2959 regulas
638 2889 881 2945 obtinere
907 2888 1034 2943 nihil
1059 2890 1252 2957 potuit,
1276 2897 1475 2943 sancta:
1504 2888 1781 2944 memoria:

181 2995 375 3055 papam
400 2980 643 3037 Leonem
672 2981 895 3035 summis
928 2980 1177 3035 laudibus
1223 2989 1589 3049 prosecutum,
1636 2978 1781 3049 quod

179 3089 461 3131 canonum
493 3074 702 3145 regulas
722 3074 911 3129 violari
950 3073 1093 3128 nulla
1125 3072 1283 3129 fuerit
1310 3074 1516 3128 ratione
1555 3087 1778 3143 perpes-

1882 1880 2150 1934 traxisse:
2182 1878 2227 1935 si
2271 1888 2447 1936 tamen
2495 1882 2593 1952 ipsi
2641 1882 2751 1952 jam
2794 1883 3040 1939 dicentur
3068 1885 3329 1955 haeretici,
3379 1890 3471 1959 qui

1878 1969 2037 2024 etiam
2066 1969 2248 2026 Leone
2273 1980 2407 2027 teste
2432 1973 2859 2042 comprobabunt
2894 1975 3034 2044 quod
3058 1975 3368 2035 Nestoriana
3394 1981 3466 2035 sit

1875 2059 2113 2130 synodus
2141 2060 2163 2091 ⁸
2192 2076 2312 2131 qua:
2360 2062 2413 2117 in
2460 2062 2799 2120 confessione
2836 2065 3086 2121 sacrificii
3139 2070 3471 2126 nominatur.

1880 2149 2167 2206 Videamus
2198 2160 2374 2207 tamen
2403 2152 2673 2221 quomodo
2704 2155 2782 2209 vel
2817 2155 2929 2223 ipse
2960 2156 3147 2213 beatus
3176 2158 3285 2215 Leo
3315 2169 3468 2230 pote-

1879 2239 1949 2295 rit
1975 2242 2375 2308 excusari,cum
2401 2242 2471 2298 de
2494 2244 2611 2313 ipso
2639 2259 2852 2315 quoque
2882 2247 3035 2304 nobis
3063 2247 3222 2306 fuerit
3244 2252 3471 2319 dictum,

1881 2330 1987 2387 Cur
2016 2347 2120 2387 non
2152 2335 2411 2403 promptis
2439 2343 2494 2389 et
2523 2335 2857 2393 evidentibus
2896 2340 3072 2395 vetbis
3119 2352 3322 2400 tantum
3364 2346 3474 2401 cri-

1881 2436 2006 2479 men
2032 2423 2240 2493 arguit?
2269 2437 2365 2477 cur
2394 2439 2500 2479 non
2532 2434 2715 2494 aperte
2743 2440 2806 2482 ac
2835 2428 3113 2485 manifeste
3151 2434 3473 2489 sententiam

1881 2513 2073 2584 synodi
2113 2513 2483 2569 Nestorianam
2528 2515 2809 2585 epistolam
2854 2519 3202 2589 approbantis
3232 2523 3475 2595 infregit!

1883 2603 1992 2660 Cur
2020 2606 2163 2675 quod
2194 2606 2261 2661 ab
2291 2606 2409 2674 ejus
2454 2607 2686 2676 primum
2738 2608 2926 2679 legatis
2960 2613 3253 2670 nuntiatum
3302 2628 3385 2672 est
3424 2620 3476 2673 in

1884 2696 2255 2767 prajudicium
2286 2697 2433 2767 fidei,
2458 2713 2564 2754 non
2594 2698 2663 2753 ita
2694 2701 2853 2757 sedes
2881 2703 3173 2771 apostolica
3197 2707 3219 2737 ⁵
3246 2709 3483 2764 auctori-

1888 2795 1994 2842 tate
2023 2802 2088 2843 ac
2115 2789 2402 2845 severitate
2442 2789 2736 2857 damnavit,
2767 2800 2827 2847 ut
2871 2791 2995 2849 hinc
3044 2794 3284 2852 Ecclesia
3337 2809 3486 2869 post-

1887 2880 2105 2935 modum
2134 2895 2241 2935 non
2271 2882 2442 2950 possit
2468 2882 2759 2954 ambigere,
2790 2884 2889 2940 nisi
2921 2887 3041 2956 quia
3069 2901 3175 2942 non
3203 2904 3327 2944 vera
3354 2906 3478 2945 con.

1888 2971 2135 3038 scientia,
2163 2973 2259 3029 sed
2314 2972 2580 3029 fallaciter
2631 2984 2687 3030 et
2744 2978 2961 3033 nomine
3011 2989 3166 3034 tenus
3213 2979 3479 3037 abdicavit

1888 3063 2215 3132 Nestorium,
2233 3064 2826 3134 prmjudicioCoefestini
2839 3068 3137 3125 decessoris
3149 3071 3228 3125 sui
3243 3085 3483 3139 praeven-

179 3182 286 3225 sus.
330 3164 595 3221 Audinnt
638 3165 939 3221 Anatolium
972 3164 998 3204 ιι
1022 3164 1261 3235 ejusdem
1291 3164 1433 3220 sedis
1460 3164 1779 3232 antistitem,
1807 3168 1855 3228 c
1889 3159 2009 3215 tus?
2028 3159 2280 3230 Alioquin
2312 3159 2428 3229 ejus
2456 3159 2649 3230 dogma
2676 3161 2837 3217 etiam
2870 3162 2921 3215 in
2952 3160 3053 3215 lbae
3080 3163 3301 3231 epistola
3335 3164 3485 3219 refu-

179 3259 385 3314 clernm
424 3258 607 3326 potius
648 3256 1320 3325 Constantinopolitanum,
1369 3270 1528 3325 quam
1560 3269 1639 3323 se,
1669 3263 1787 3311 ten-

183 3362 326 3407 tasse
356 3349 547 3418 qualia
574 3348 938 3415 confitentem,
969 3348 1199 3418 atquein
1229 3348 1511 3418 apostolici
1542 3347 1787 3417 praesulis

182 3451 349 3497 totum
381 3442 663 3496 dicentem
696 3442 925 3511 positum
945 3450 1237 3512 potestate:
1271 3441 1553 3511 ipsumque
1575 3442 1786 3497 beatum

184 3548 374 3604 papam
397 3533 664 3596 Leonem,
687 3533 833 3588 sedis
855 3533 1162 3603 apostolica:
1191 3532 1498 3602 praesulem,
1519 3531 1671 3602 cujus
1691 3546 1786 3603 sy-

184 3626 358 3681 nodus
391 3624 857 3679 Chalcedonensis
897 3625 1218 3680 auctoritate
1257 3623 1464 3677 firmata
1489 3632 1594 3689 est,
1638 3622 1791 3691 quid-

182 3716 307 3785 quid
346 3717 498 3771 ultra
529 3723 687 3784 quam
715 3715 783 3770 ab
828 3716 1018 3771 eodem
1052 3730 1149 3786 pro
1182 3714 1285 3769 fide
1311 3722 1365 3769 ct
1412 3713 1792 3769 communione

182 3809 461 3864 catholica
503 3816 663 3876 atque
703 3807 998 3876 apostolica
1047 3806 1159 3861 illic
1202 3804 1465 3876 agendum
1523 3814 1795 3861 constaret

183 3914 307 3955 esse
331 3900 673 3969 delegatum,
692 3913 786 3968 per
812 3897 1148 3954 occasionem
1172 3896 1600 3968 congregationis
1623 3898 1791 3967 illius,

180 4002 392 4061 praeter
424 3991 675 4045 Nicenos
706 4005 941 4046 canones
970 4005 1106 4045 nova
1137 3990 1408 4046 videretur
1436 3990 1651 4046 actione
1680 4000 1798 4048 ten-

182 4093 382 4149 tatum,
431 4082 761 4152 competenti
803 4081 1125 4139 refutatione
1171 4096 1449 4138 vacuasse.
1493 4102 1513 4135 ι
1547 4081 1794 4153 Nunquid

180 4177 409 4244 sapic-ns
439 4172 692 4229 Geiasius
739 4173 1078 4229 decessorem
1106 4188 1261 4228 suum
1292 4174 1503 4229 beatum
1560 4173 1795 4231 Leonem

1891 3260 2049 3320 taret,
2076 3251 2318 3321 Increpat
2339 3251 2618 3307 evidenter
2642 3261 2803 3322 atque
2827 3251 3171 3319 condemnat,
3192 3262 3299 3308 tam
3324 3256 3485 3310 vehe-

1889 3343 2157 3401 mentibus
2185 3359 2343 3413 quam
2367 3344 2608 3415 prolixis,
2633 3344 2731 3400 scd
2754 3345 2773 3376 θ
2804 3353 2857 3400 et
2886 3344 3076 3421 multis
3096 3345 3358 3416 epistolis,
3381 3362 3489 3404 non

1891 3435 2067 3491 solum
2096 3435 2355 3505 praedicto
2384 3436 2633 3491 Anatolio
2658 3436 2918 3502 scribens,
2949 3454 3133 3494 verum
3170 3442 3332 3496 etiam
3368 3442 3484 3496 uni.

1894 3545 2066 3587 versae
2094 3531 2325 3602 synodo,
2353 3540 2409 3586 et
2437 3532 2667 3586 Maximo
2694 3532 3050 3599 Antiocheno,
3082 3535 3316 3605 ipsisque
3347 3537 3493 3605 prin-

1896 3623 2123 3692 cipibus,
2147 3623 2287 3692 quod
2316 3623 2370 3677 in
2399 3623 2491 3678 illo
2520 3623 2749 3678 concilio
2774 3639 2909 3679 unus
2940 3625 3225 3695 episcOpus
3256 3642 3363 3681 non
3394 3641 3496 3681 suo

1896 3715 2014 3768 loco
2062 3714 2251 3769 sedere
2295 3714 2664 3785 praesumpsit,
2709 3723 2869 3781 atque
2916 3716 3015 3770 sibi
3057 3717 3395 3785 displicuisse
3442 3721 3494 3773 ίει

1899 3804 2139 3859 omnium
2172 3804 2509 3859 sacerdotum
2543 3806 2799 3858 notitiam‘
2821 3808 3043 3873 perferri
3087 3806 3408 3873 demandat;
3441 3820 3490 3865 et

1899 3894 1969 3950 de
1998 3894 2188 3965 synodi
2220 3894 2505 3960 sententia,
2541 3910 2640 3961 qua
2670 3892 2981 3948 Nestoriana
3028 3896 3249 3965 epistola
3293 3911 3492 3966 appro-

1900 3989 2021 4043 bata
2053 3997 2157 4051 est,
2190 3994 2329 4041 tacet
2356 3994 2516 4056 atque
2556 3980 2887 4052 dissimulat;
2923 3988 3004 4042 vel
3035 3991 3079 4042 si
3114 4003 3218 4043 non
3252 3997 3409 4054 tacet,
3440 4001 3492 4044 ut

1901 4079 2098 4151 dicitis,
2131 4079 2259 4135 nihil
2307 4088 2483 4139 tamen
2516 4088 2719 4149 aperte,
2753 4079 2883 4134 nihil
2916 4079 3151 4151 loquitur
3195 4080 3494 4136 evidenter.

1902 4174 2105 4243 Nempe
2134 4172 2237 4228 boc
2263 4180 2347 4227 est
2374 4171 2517 4240 quod
2548 4170 2599 4224 in
2628 4171 2820 4226 scribis
2847 4179 2904 4225 et
2935 4170 3217 4227 Phariszeis
3250 4172 3495 4242 hypocri-

182 4281 284 4336 pro
312 4266 600 4321 sententia
630 4264 818 4335 synodi
850 4279 1014 4333 super
1064 4264 1289 4335 epistola
1320 4265 1641 4322 venerabilis
1669 4265 1794 4336 lbae,
1909 4268 1975 4324 tis
2003 4267 2258 4322 Dominus
2285 4265 2461 4337 arguit
2491 4263 2705 4336 (Matth.
2731 4280 2882 4335 xxnt,
2906 4262 2997 4335 25)
3027 4262 3292 4321 mentitam
3314 4275 3498 4322 ctam:-

183 4371 246 4411 ac
280 4372 399 4410 non
430 4354 630 4424 potius,
665 4363 717 4408 ut
748 4352 1002 4419 diximus,
1048 4370 1143 4424 pro
1172 4354 1468 4411 ambitione
1492 4355 1798 4413 Constantio
1908 4359 2056 4415 thum
2083 4367 2135 4415 et
2163 4358 2434 4428 cyminum
2466 4356 2759 4423 decimare,
2785 4365 2838 4410 et
2864 4371 2981 4425 qua:
3009 4366 3132 4411 sunt
3157 4356 3398 4427 graviora
3426 4356 3500 4411 le-

183 4444 504 4517 nopolitani
526 4444 766 4514 episcOpi
792 4444 991 4500 dixisse
1033 4460 1151 4513 quae
1193 4447 1609 4502 memoravimus
1637 4449 1800 4504 intel-
1907 4452 1988 4524 gis
2016 4460 2074 4506 et
2102 4450 2259 4507 fidem
2292 4448 2616 4518 relinquere.
2644 4448 2847 4517 Nempe
2878 4449 2979 4503 hoc
3006 4455 3088 4503 cst
3115 4447 3257 4517 quod
3289 4450 3339 4501 in
3372 4446 3501 4517 ipsis

179 4540 319 4593 lexit
339 4539 365 4593 ?
392 4538 529 4593 Nam
557 4552 723 4607 quare
754 4551 849 4605 pro
878 4536 981 4591 lbze
1008 4537 1233 4606 cpistola
1264 4537 1334 4595 ibi
1358 4538 1704 4608 subjungeret
1724 4539 1803 4597 di-
1834 4560 1887 4621 D
1913 4544 2138 4600 ducibus
2167 4542 2327 4598 cmcis
2372 4541 2624 4596 similiter
2653 4540 2923 4610 objurgat,
2952 4540 3181 4594 culicem
3231 4540 3409 4593 colare
3451 4550 3507 4594 et

178 4644 318 4683 cens
353 4647 368 4684 :
409 4628 516 4683 Per
558 4628 895 4682 occasionem
940 4628 1368 4697 congregationis
1396 4628 1561 4695 illius,
1606 4640 1806 4700 praeter
1909 4636 2171 4693 camelum
2193 4633 2409 4703 g-lutire.
2437 4631 2502 4686 Et
2525 4630 2652 4702 quid
2682 4639 2867 4686 contra
2894 4630 3117 4696 referre,
3144 4631 3269 4699 quid
3294 4629 3360 4683 ad
3385 4630 3503 4699 haec

178 4721 454 4777 Nicasius
499 4732 737 4774 canones
784 4733 919 4774 nova
974 4718 1183 4775 videtur
1230 4721 1441 4777 actione
1492 4732 1745 4779 tentatum
1779 4725 1803 4779 ?
1909 4728 1991 4783 vel
2018 4740 2114 4796 pro
2142 4725 2300 4780 beato
2317 4723 2497 4779 Leone
2526 4722 2851 4793 respondere
2883 4723 3201 4787 valebimus,
3225 4720 3375 4789 cujus
3406 4734 3504 4786 pro

178 4814 389 4868 Nullus
418 4812 580 4881 igitur
609 4819 832 4865 conetur
857 4812 871 4842 ⁸
896 4809 1013 4879 ejus
1042 4810 1204 4865 verba
1248 4811 1300 4866 in
1330 4811 1486 4867 alium
1514 4813 1802 4891 detorquef
1909 4817 2167 4875 catholica
2201 4816 2307 4871 fide
2334 4814 2753 4871 sollicitudinem
2784 4829 2847 4869 ac
2872 4813 3226 4884 diligentiam,
3255 4813 3405 4879 cujus
3430 4812 3505 4863 ia-

178 4920 242 4960 re
264 4904 615 4959 sententiam
651 4919 663 4953 :
688 4901 943 4970 quoniam’
961 4902 1072 4956 ‘hoc
1113 4915 1211 4957 nec
1241 4900 1354 4971 ipsa
1385 4918 1564 4959 rerum
1588 4906 1804 4962 evidcn-
1909 4910 2096 4965 borem
2122 4917 2171 4963 et
2204 4907 2540 4974 industriam,
2566 4906 2718 4976 cujus
2744 4906 3045 4962 libertatem
3075 4912 3232 4973 atque
3258 4909 3506 4957 constan-

179 4999 281 5063 tia,
310 5011 432 5053 nec
472 4994 723 5050 Gelasius
750 5009 913 5051 verax
962 4995 1221 5064 permittit
1271 4997 1655 5069 interpres;et
1682 5001 1804 5057 ideo
1911 5003 2059 5069 tiam,
2090 5011 2265 5057 vestra
2315 5001 2485 5070 pietas
2530 5000 2733 5069 optime
2777 4999 2922 5052 novit
2967 5005 3019 5051 et
3060 4995 3234 5049 omnis
3270 4994 3505 5048 Ecclesia

176 5090 451 5143 sinamus
474 5087 823 5156 apostolicam
847 5087 1030 5144 sedem
1068 5089 1404 5159 interpretari
1436 5093 1801 5163 semetipsam,
1912 5095 2208 5166 praedicare
2252 5110 2357 5150 non
2401 5093 2607 5149 cessat?
2637 5092 2742 5148 Sed
2788 5089 3099 5145 Nestoriana
3145 5088 3234 5142 illa
3279 5102 3383 5143 non
3425 5099 3507 5144 est

176 5192 235 5233 et
272 5193 468 5249 quare
511 5180 601 5234 illa
627 5184 903 5249 superiora
934 5195 1027 5248 per
1056 5180 1289 5237 Leonem
1316 5182 1462 5252 prius
1490 5184 1706 5252 dixerit,
1733 5203 1798 5242 ex

1912 5195 2156 5265 epistola.
2188 5192 2317 5248 Nam
2351 5193 2591 5262 profecto
2635 5206 2739 5243 non
2785 5203 2901 5242 eam
2951 5187 3133 5241 nescio
3180 5202 3301 5257 qua:
3346 5188 3507 5242 modo

176 5273 269 5326 his
303 5285 451 5341 quae
474 5280 656 5339 postea
688 5287 782 5340 per
823 5272 1093 5328 Gelasium
1139 5275 1313 5331 locuta
1358 5287 1459 5341 est,
1492 5279 1806 5348 prudentius
1913 5285 2192 5355 vulpecula
2227 5282 2606 5345 etnordicarct,
2638 5279 2731 5333 sed
2762 5287 2887 5332 tunc
2927 5276 3035 5333 Leo
3071 5278 3391 5333 fortissimus
3423 5278 3507 5332 in-

175 5366 582 5421 advertalnus.
607 5364 701 5421 Est
720 5374 777 5422 et
803 5366 906 5421 alia
934 5366 1173 5437 ejusdem
1199 5368 1339 5425 beati
1366 5371 1565 5427 Gelasii
1598 5374 1801 5444 cpisto-
1914 5380 2156 5435 vasisset.
2173 5375 2452 5444 Quomodo
2479 5383 2655 5428 autem
2678 5372 2861 5429 dicunt
2881 5371 3075 5446 synodi
3103 5387 3263 5444 super
3286 5372 3507 5445 epistola

258 5533 290 5562 ³
322 5522 510 5578 Forte
532 5524 728 5578 eodem.
1998 5534 2024 5573 ι)
2057 5536 2111 5589 in
2145 5532 2337 5589 concil.
2368 5535 2523 5589 Rom.
2558 5547 2655 5589 suo
2685 5533 2956 5592 fionifacio
2977 5549 3099 5590 ann.
3135 5534 3259 5591 550.

262 5666 283 5696 ι
322 5657 485 5713 ϐαιά.
514 5658 728 5727 Veron.,
762 5666 952 5729 {rustra
978 5677 1204 5722 conetur.

259 5737 286 5816 ξ
322 5731 495 5816 [item
531 5732 673 5816 cod.,
703 5736 897 5816 etiam.
1997 5743 2182 5816 fidem
2209 5731 2368 5816 cod.,
2385 5744 2517 5816 sedis
2540 5731 2853 5812 apostolicae.

261 5806 287 5837 ⁸
328 5802 500 5858 Idem
526 5802 669 5865 cod.,
702 5815 851 5872 atque
882 5807 972 5861 im.
1996 5814 2017 5845 ⁸
2047 5814 2101 5869 in
2132 5814 2251 5871 cod.
2275 5802 2394 5868 cod.
2428 5802 2583 5870 deest
2606 5818 2662 5872 τὸ
2689 5816 2796 5870 sed.

434 5889 707 5951 Panos.
743 5893 998 5957 LXVII.
1072 5963 1087 5978 .
2993 5906 3067 5966 :21

1996 5670 2016 5701 "
2047 5671 2186 5725 Idem
2210 5672 2355 5734 cod.,
2389 5673 2451 5724 sit
2475 5671 2563 5724 illa
2580 5674 2827 5741 synodus.
