  <div class='ocr_page' id='page_1' title='image "/cluster/home/n/w/nwhite01/storage/ocr_20150623/67/hvd.32044073505273/333.png"; bbox 0 0 3878 6194; ppageno 0'>
   <div class='ocr_carea' id='block_1_1' title="bbox 406 298 503 349">
    <p class='ocr_par' dir='ltr' id='par_1_1' title="bbox 406 298 503 349">
     <span class='ocr_line' id='line_1_1' title="bbox 406 298 503 349; baseline 0.01 -1"><span class='ocrx_word' id='word_1_1' title='bbox 406 298 503 349; x_wconf 68' lang='grc'><strong>651</strong></span> 
     </span>
    </p>
   </div>
   <div class='ocr_carea' id='block_1_2' title="bbox 1484 295 2576 359">
    <p class='ocr_par' dir='ltr' id='par_1_2' title="bbox 1484 295 2576 359">
     <span class='ocr_line' id='line_1_2' title="bbox 1484 295 2576 359; baseline -0.001 -2"><span class='ocrx_word' id='word_1_2' title='bbox 1484 298 1778 359; x_wconf 77' lang='lat' dir='ltr'><strong>FACUNDI</strong></span> <span class='ocrx_word' id='word_1_3' title='bbox 1813 297 2023 359; x_wconf 69' lang='lat' dir='ltr'><strong>El’lSC.</strong></span> <span class='ocrx_word' id='word_1_4' title='bbox 2069 295 2576 359; x_wconf 74' lang='lat' dir='ltr'><strong>IIEBMIANENSIS</strong></span> 
     </span>
    </p>
   </div>
   <div class='ocr_carea' id='block_1_3' title="bbox 3525 303 3612 363">
    <p class='ocr_par' dir='ltr' id='par_1_3' title="bbox 3525 303 3612 363">
     <span class='ocr_line' id='line_1_3' title="bbox 3525 303 3612 363; baseline 0.046 -5"><span class='ocrx_word' id='word_1_5' title='bbox 3525 303 3612 363; x_wconf 69' lang='lat'><strong>652</strong></span> 
     </span>
    </p>
   </div>
   <div class='ocr_carea' id='block_1_4' title="bbox 406 406 3614 483">
    <p class='ocr_par' dir='ltr' id='par_1_4' title="bbox 406 406 3614 483">
     <span class='ocr_line' id='line_1_4' title="bbox 406 406 3614 483; baseline 0.001 -19"><span class='ocrx_word' id='word_1_6' title='bbox 406 410 507 465; x_wconf 72' lang='lat' dir='ltr'><strong>lba:</strong></span> <span class='ocrx_word' id='word_1_7' title='bbox 539 413 859 466; x_wconf 86' lang='lat' dir='ltr'><strong>sententiam</strong></span> <span class='ocrx_word' id='word_1_8' title='bbox 907 427 1012 468; x_wconf 88' lang='lat' dir='ltr'><strong>non</strong></span> <span class='ocrx_word' id='word_1_9' title='bbox 1054 428 1179 469; x_wconf 80' lang='lat' dir='ltr'><strong>esse</strong></span> <span class='ocrx_word' id='word_1_10' title='bbox 1216 430 1245 468; x_wconf 87' lang='lat' dir='ltr'><strong>a</strong></span> <span class='ocrx_word' id='word_1_11' title='bbox 1296 415 1448 471; x_wconf 87' lang='lat' dir='ltr'><strong>beato</strong></span> <span class='ocrx_word' id='word_1_12' title='bbox 1492 418 1667 472; x_wconf 84' lang='lat' dir='ltr'><strong>Leone</strong></span> <span class='ocrx_word' id='word_1_13' title='bbox 1700 417 1984 483; x_wconf 82' lang='lat' dir='ltr'><strong>ﬁrmatam,</strong></span> <span class='ocrx_word' id='word_1_14' title='bbox 2016 422 2064 478; x_wconf 80' lang='grc' dir='ltr'><strong>Α</strong></span> <span class='ocrx_word' id='word_1_15' title='bbox 2092 430 2218 470; x_wconf 87' lang='lat' dir='ltr'><strong>cura</strong></span> <span class='ocrx_word' id='word_1_16' title='bbox 2260 424 2437 468; x_wconf 89' lang='lat' dir='ltr'><strong>nostra</strong></span> <span class='ocrx_word' id='word_1_17' title='bbox 2470 412 2628 475; x_wconf 90' lang='lat' dir='ltr'><strong>ratio,</strong></span> <span class='ocrx_word' id='word_1_18' title='bbox 2673 424 2790 479; x_wconf 67' lang='lat' dir='ltr'><strong>quas</strong></span> <span class='ocrx_word' id='word_1_19' title='bbox 2832 423 2929 462; x_wconf 91' lang='lat' dir='ltr'><strong>nos</strong></span> <span class='ocrx_word' id='word_1_20' title='bbox 2961 414 3139 462; x_wconf 86' lang='lat' dir='ltr'><strong>tuetur</strong></span> <span class='ocrx_word' id='word_1_21' title='bbox 3170 422 3229 461; x_wconf 78' lang='lat' dir='ltr'><strong>ac</strong></span> <span class='ocrx_word' id='word_1_22' title='bbox 3262 406 3419 465; x_wconf 82' lang='lat' dir='ltr'><strong>ﬁrmat</strong></span> <span class='ocrx_word' id='word_1_23' title='bbox 3457 415 3614 471; x_wconf 87' lang='lat' dir='ltr'><strong>adver-</strong></span> 
     </span>
    </p>
   </div>
   <div class='ocr_carea' id='block_1_5' title="bbox 405 504 1991 573">
    <p class='ocr_par' dir='ltr' id='par_1_5' title="bbox 405 504 1991 573">
     <span class='ocr_line' id='line_1_5' title="bbox 405 504 1991 573; baseline 0.006 -20"><span class='ocrx_word' id='word_1_24' title='bbox 405 518 561 571; x_wconf 80' lang='lat' dir='ltr'><strong>quam</strong></span> <span class='ocrx_word' id='word_1_25' title='bbox 586 506 599 534; x_wconf 83' lang='lat'><strong><em>‘</em></strong></span> <span class='ocrx_word' id='word_1_26' title='bbox 629 504 860 559; x_wconf 87' lang='lat' dir='ltr'><strong>fatentur</strong></span> <span class='ocrx_word' id='word_1_27' title='bbox 889 520 951 558; x_wconf 89' lang='lat' dir='ltr'><strong>ea</strong></span> <span class='ocrx_word' id='word_1_28' title='bbox 982 520 1099 573; x_wconf 72' lang='lat' dir='ltr'><strong>qua}</strong></span> <span class='ocrx_word' id='word_1_29' title='bbox 1121 507 1187 560; x_wconf 90' lang='lat' dir='ltr'><strong>ab</strong></span> <span class='ocrx_word' id='word_1_30' title='bbox 1205 506 1294 560; x_wconf 91' lang='lat' dir='ltr'><strong>illa</strong></span> <span class='ocrx_word' id='word_1_31' title='bbox 1318 516 1444 561; x_wconf 92' lang='lat' dir='ltr'><strong>sunt</strong></span> <span class='ocrx_word' id='word_1_32' title='bbox 1464 508 1532 563; x_wconf 93' lang='lat' dir='ltr'><strong>de</strong></span> <span class='ocrx_word' id='word_1_33' title='bbox 1558 507 1663 563; x_wconf 88' lang='lat' dir='ltr'><strong>ﬁde</strong></span> <span class='ocrx_word' id='word_1_34' title='bbox 1682 517 1875 562; x_wconf 84' lang='lat' dir='ltr'><strong>Statuta</strong></span> <span class='ocrx_word' id='word_1_35' title='bbox 1902 507 1991 563; x_wconf 85' lang='lat' dir='ltr'><strong>ﬁr-</strong></span> 
     </span>
    </p>
   </div>
   <div class='ocr_carea' id='block_1_6' title="bbox 408 596 1990 670">
    <p class='ocr_par' dir='ltr' id='par_1_6' title="bbox 408 596 1990 670">
     <span class='ocr_line' id='line_1_6' title="bbox 408 596 1990 670; baseline 0.006 -24"><span class='ocrx_word' id='word_1_36' title='bbox 408 611 611 659; x_wconf 85' lang='lat' dir='ltr'><strong>masse;</strong></span> <span class='ocrx_word' id='word_1_37' title='bbox 639 612 756 648; x_wconf 90' lang='lat' dir='ltr'><strong>cum</strong></span> <span class='ocrx_word' id='word_1_38' title='bbox 785 596 838 649; x_wconf 90' lang='lat' dir='ltr'><strong>in</strong></span> <span class='ocrx_word' id='word_1_39' title='bbox 866 597 972 651; x_wconf 87' lang='lat' dir='ltr'><strong>alia</strong></span> <span class='ocrx_word' id='word_1_40' title='bbox 1000 608 1150 667; x_wconf 87' lang='lat' dir='ltr'><strong>parte</strong></span> <span class='ocrx_word' id='word_1_41' title='bbox 1177 608 1452 668; x_wconf 79' lang='lat' dir='ltr'><strong>gestorum</strong></span> <span class='ocrx_word' id='word_1_42' title='bbox 1482 602 1545 655; x_wconf 82' lang='lat' dir='ltr'><strong>ex</strong></span> <span class='ocrx_word' id='word_1_43' title='bbox 1579 600 1773 670; x_wconf 72' lang='lat' dir='ltr'><strong>quibus</strong></span> <span class='ocrx_word' id='word_1_44' title='bbox 1802 599 1990 656; x_wconf 89' lang='lat' dir='ltr'><strong>eadem</strong></span> 
     </span>
    </p>
   </div>
   <div class='ocr_carea' id='block_1_7' title="bbox 405 688 1991 764">
    <p class='ocr_par' dir='ltr' id='par_1_7' title="bbox 405 688 1991 764">
     <span class='ocr_line' id='line_1_7' title="bbox 405 688 1991 764; baseline 0.009 -27"><span class='ocrx_word' id='word_1_45' title='bbox 405 688 631 753; x_wconf 78' lang='lat' dir='ltr'><strong>epistola</strong></span> <span class='ocrx_word' id='word_1_46' title='bbox 670 689 892 744; x_wconf 87' lang='lat' dir='ltr'><strong>recitata</strong></span> <span class='ocrx_word' id='word_1_47' title='bbox 936 701 1038 755; x_wconf 85' lang='lat' dir='ltr'><strong>est,</strong></span> <span class='ocrx_word' id='word_1_48' title='bbox 1075 691 1374 746; x_wconf 77' lang='lat' dir='ltr'><strong>inveniatur</strong></span> <span class='ocrx_word' id='word_1_49' title='bbox 1415 693 1557 761; x_wconf 90' lang='lat' dir='ltr'><strong>quod</strong></span> <span class='ocrx_word' id='word_1_50' title='bbox 1596 694 1828 763; x_wconf 80' lang='lat' dir='ltr'><strong>scriptor</strong></span> <span class='ocrx_word' id='word_1_51' title='bbox 1873 694 1991 764; x_wconf 85' lang='lat' dir='ltr'><strong>ejus</strong></span> 
     </span>
    </p>
   </div>
   <div class='ocr_carea' id='block_1_8' title="bbox 407 776 1987 841">
    <p class='ocr_par' dir='ltr' id='par_1_8' title="bbox 407 776 1987 841">
     <span class='ocr_line' id='line_1_8' title="bbox 407 776 1987 841; baseline 0.008 -13"><span class='ocrx_word' id='word_1_52' title='bbox 407 776 522 830; x_wconf 88' lang='lat' dir='ltr'><strong>lbas</strong></span> <span class='ocrx_word' id='word_1_53' title='bbox 551 776 619 831; x_wconf 89' lang='lat' dir='ltr'><strong>de</strong></span> <span class='ocrx_word' id='word_1_54' title='bbox 647 778 956 834; x_wconf 82' lang='lat' dir='ltr'><strong>Nestoriana</strong></span> <span class='ocrx_word' id='word_1_55' title='bbox 990 783 1179 838; x_wconf 64' lang='lat' dir='ltr'><strong>haeresi</strong></span> <span class='ocrx_word' id='word_1_56' title='bbox 1210 783 1369 839; x_wconf 87' lang='lat' dir='ltr'><strong>fuerit</strong></span> <span class='ocrx_word' id='word_1_57' title='bbox 1396 786 1713 841; x_wconf 77' lang='lat' dir='ltr'><strong>accusatus?</strong></span> <span class='ocrx_word' id='word_1_58' title='bbox 1732 786 1822 841; x_wconf 88' lang='lat' dir='ltr'><strong>Sic</strong></span> <span class='ocrx_word' id='word_1_59' title='bbox 1843 788 1987 841; x_wconf 92' lang='lat' dir='ltr'><strong>enim</strong></span> 
     </span>
    </p>
   </div>
   <div class='ocr_carea' id='block_1_9' title="bbox 404 868 1990 944">
    <p class='ocr_par' dir='ltr' id='par_1_9' title="bbox 404 868 1990 944">
     <span class='ocr_line' id='line_1_9' title="bbox 404 868 1990 944; baseline 0.008 -25"><span class='ocrx_word' id='word_1_60' title='bbox 404 876 740 922; x_wconf 83' lang='lat' dir='ltr'><strong>accusatores</strong></span> <span class='ocrx_word' id='word_1_61' title='bbox 767 868 1151 939; x_wconf 66' lang='lat' dir='ltr'><strong>ejusdixerunt</strong></span> <span class='ocrx_word' id='word_1_62' title='bbox 1176 890 1190 929; x_wconf 91' lang='lat'><strong>:</strong></span> <span class='ocrx_word' id='word_1_63' title='bbox 1225 892 1245 927; x_wconf 83' lang='grc' dir='ltr'><strong>ι</strong></span> <span class='ocrx_word' id='word_1_64' title='bbox 1275 873 1403 942; x_wconf 86' lang='lat' dir='ltr'><strong>Quia</strong></span> <span class='ocrx_word' id='word_1_65' title='bbox 1431 874 1777 930; x_wconf 85' lang='lat' dir='ltr'><strong>Nestorianus</strong></span> <span class='ocrx_word' id='word_1_66' title='bbox 1802 886 1909 944; x_wconf 78' lang='lat' dir='ltr'><strong>est,</strong></span> <span class='ocrx_word' id='word_1_67' title='bbox 1935 886 1990 932; x_wconf 86' lang='lat' dir='ltr'><strong>et</strong></span> 
     </span>
    </p>
   </div>
   <div class='ocr_carea' id='block_1_10' title="bbox 407 958 1981 1036">
    <p class='ocr_par' dir='ltr' id='par_1_10' title="bbox 407 958 1981 1036">
     <span class='ocr_line' id='line_1_10' title="bbox 407 958 1981 1036; baseline 0.007 -28"><span class='ocrx_word' id='word_1_68' title='bbox 407 958 616 1011; x_wconf 88' lang='lat' dir='ltr'><strong>beatum</strong></span> <span class='ocrx_word' id='word_1_69' title='bbox 652 960 903 1030; x_wconf 83' lang='lat' dir='ltr'><strong>Cyrillum</strong></span> <span class='ocrx_word' id='word_1_70' title='bbox 944 963 1263 1034; x_wconf 77' lang='lat' dir='ltr'><strong>episcopum</strong></span> <span class='ocrx_word' id='word_1_71' title='bbox 1306 965 1622 1021; x_wconf 65' lang='lat' dir='ltr'><strong>hmretieum</strong></span> <span class='ocrx_word' id='word_1_72' title='bbox 1653 967 1924 1036; x_wconf 87' lang='lat' dir='ltr'><strong>appellat:</strong></span> <span class='ocrx_word' id='word_1_73' title='bbox 1962 985 1981 1018; x_wconf 74' lang='grc' dir='ltr'><strong>ι</strong></span> 
     </span>
    </p>
   </div>
   <div class='ocr_carea' id='block_1_11' title="bbox 405 1051 1989 1115">
    <p class='ocr_par' dir='ltr' id='par_1_11' title="bbox 405 1051 1989 1115">
     <span class='ocr_line' id='line_1_11' title="bbox 405 1051 1989 1115; baseline 0.01 -16"><span class='ocrx_word' id='word_1_74' title='bbox 405 1058 454 1099; x_wconf 89' lang='lat' dir='ltr'><strong>et</strong></span> <span class='ocrx_word' id='word_1_75' title='bbox 481 1064 665 1111; x_wconf 73' lang='lat' dir='ltr'><strong>rursus</strong></span> <span class='ocrx_word' id='word_1_76' title='bbox 698 1051 890 1106; x_wconf 83' lang='lat' dir='ltr'><strong>ibidem</strong></span> <span class='ocrx_word' id='word_1_77' title='bbox 924 1054 1230 1109; x_wconf 84' lang='lat' dir='ltr'><strong>continetur</strong></span> <span class='ocrx_word' id='word_1_78' title='bbox 1264 1074 1277 1110; x_wconf 93' lang='lat'>:</span> <span class='ocrx_word' id='word_1_79' title='bbox 1315 1074 1332 1107; x_wconf 82' lang='grc' dir='ltr'><strong>ι</strong></span> <span class='ocrx_word' id='word_1_80' title='bbox 1376 1056 1550 1110; x_wconf 78' lang='lat' dir='ltr'><strong>Maras</strong></span> <span class='ocrx_word' id='word_1_81' title='bbox 1580 1058 1714 1111; x_wconf 64' lang='lat' dir='ltr'><strong>dixit</strong></span> <span class='ocrx_word' id='word_1_82' title='bbox 1742 1075 1753 1110; x_wconf 88' lang='lat'><strong>:</strong></span> <span class='ocrx_word' id='word_1_83' title='bbox 1780 1058 1855 1113; x_wconf 87' lang='lat' dir='ltr'><strong>De</strong></span> <span class='ocrx_word' id='word_1_84' title='bbox 1886 1058 1989 1115; x_wconf 87' lang='lat' dir='ltr'><strong>fide</strong></span> 
     </span>
    </p>
   </div>
   <div class='ocr_carea' id='block_1_12' title="bbox 406 1141 1982 1216">
    <p class='ocr_par' dir='ltr' id='par_1_12' title="bbox 406 1141 1982 1216">
     <span class='ocr_line' id='line_1_12' title="bbox 406 1141 1982 1216; baseline 0.01 -27"><span class='ocrx_word' id='word_1_85' title='bbox 406 1152 684 1193; x_wconf 82' lang='lat' dir='ltr'><strong>movemus</strong></span> <span class='ocrx_word' id='word_1_86' title='bbox 733 1141 934 1209; x_wconf 65' lang='lat' dir='ltr'><strong>prius,»</strong></span> <span class='ocrx_word' id='word_1_87' title='bbox 992 1154 1047 1200; x_wconf 84' lang='lat' dir='ltr'><strong>et</strong></span> <span class='ocrx_word' id='word_1_88' title='bbox 1100 1145 1203 1200; x_wconf 85' lang='lat' dir='ltr'><strong>alia</strong></span> <span class='ocrx_word' id='word_1_89' title='bbox 1257 1148 1488 1216; x_wconf 81' lang='lat' dir='ltr'><strong>capitula</strong></span> <span class='ocrx_word' id='word_1_90' title='bbox 1543 1158 1662 1216; x_wconf 76' lang='lat' dir='ltr'><strong>post</strong></span> <span class='ocrx_word' id='word_1_91' title='bbox 1712 1166 1982 1205; x_wconf 75' lang='lat' dir='ltr'><strong>movemus.</strong></span> 
     </span>
    </p>
   </div>
   <div class='ocr_carea' id='block_1_13' title="bbox 412 1227 1986 1311">
    <p class='ocr_par' dir='ltr' id='par_1_13' title="bbox 412 1227 1986 1311">
     <span class='ocr_line' id='line_1_13' title="bbox 412 1227 1986 1311; baseline 0.01 -33"><span class='ocrx_word' id='word_1_92' title='bbox 412 1245 429 1277; x_wconf 83' lang='grc' dir='ltr'><strong>ι</strong></span> <span class='ocrx_word' id='word_1_93' title='bbox 466 1227 903 1311; x_wconf 75' lang='lat' dir='ltr'><strong>Reveretttissimi</strong></span> <span class='ocrx_word' id='word_1_94' title='bbox 938 1235 1177 1304; x_wconf 72' lang='lat' dir='ltr'><strong>episcopi</strong></span> <span class='ocrx_word' id='word_1_95' title='bbox 1209 1236 1451 1292; x_wconf 78' lang='lat' dir='ltr'><strong>dixerunt</strong></span> <span class='ocrx_word' id='word_1_96' title='bbox 1481 1255 1494 1291; x_wconf 91' lang='lat'>:</span> <span class='ocrx_word' id='word_1_97' title='bbox 1530 1239 1591 1292; x_wconf 86' lang='lat' dir='ltr'><strong>Et</strong></span> <span class='ocrx_word' id='word_1_98' title='bbox 1619 1241 1662 1294; x_wconf 89' lang='lat' dir='ltr'><strong>si</strong></span> <span class='ocrx_word' id='word_1_99' title='bbox 1706 1242 1986 1310; x_wconf 51' lang='lat' dir='ltr'><strong>proposui-</strong></span> 
     </span>
    </p>
   </div>
   <div class='ocr_carea' id='block_1_14' title="bbox 406 1320 1987 1399">
    <p class='ocr_par' dir='ltr' id='par_1_14' title="bbox 406 1320 1987 1399">
     <span class='ocr_line' id='line_1_14' title="bbox 406 1320 1987 1399; baseline 0.01 -30"><span class='ocrx_word' id='word_1_100' title='bbox 406 1334 525 1371; x_wconf 90' lang='lat' dir='ltr'><strong>mus</strong></span> <span class='ocrx_word' id='word_1_101' title='bbox 568 1320 739 1385; x_wconf 89' lang='lat' dir='ltr'><strong>vobis,</strong></span> <span class='ocrx_word' id='word_1_102' title='bbox 794 1331 852 1377; x_wconf 88' lang='lat' dir='ltr'><strong>ut</strong></span> <span class='ocrx_word' id='word_1_103' title='bbox 900 1323 1089 1383; x_wconf 84' lang='lat' dir='ltr'><strong>lterum</strong></span> <span class='ocrx_word' id='word_1_104' title='bbox 1143 1327 1304 1381; x_wconf 89' lang='lat' dir='ltr'><strong>triunt</strong></span> <span class='ocrx_word' id='word_1_105' title='bbox 1346 1330 1700 1399; x_wconf 82' lang='lat' dir='ltr'><strong>capitulorum</strong></span> <span class='ocrx_word' id='word_1_106' title='bbox 1745 1332 1987 1399; x_wconf 85' lang='lat' dir='ltr'><strong>probatio</strong></span> 
     </span>
    </p>
   </div>
   <div class='ocr_carea' id='block_1_15' title="bbox 406 1409 1985 1487">
    <p class='ocr_par' dir='ltr' id='par_1_15' title="bbox 406 1409 1985 1487">
     <span class='ocr_line' id='line_1_15' title="bbox 406 1409 1985 1487; baseline 0.011 -28"><span class='ocrx_word' id='word_1_107' title='bbox 406 1409 787 1477; x_wconf 84' lang='lat' dir='ltr'><strong>subsequatur,</strong></span> <span class='ocrx_word' id='word_1_108' title='bbox 844 1430 947 1468; x_wconf 88' lang='lat' dir='ltr'><strong>non</strong></span> <span class='ocrx_word' id='word_1_109' title='bbox 989 1430 1052 1469; x_wconf 81' lang='lat' dir='ltr'><strong>ex</strong></span> <span class='ocrx_word' id='word_1_110' title='bbox 1101 1416 1201 1471; x_wconf 92' lang='lat' dir='ltr'><strong>hoc</strong></span> <span class='ocrx_word' id='word_1_111' title='bbox 1236 1419 1634 1487; x_wconf 88' lang='lat' dir='ltr'><strong>inquisitionem</strong></span> <span class='ocrx_word' id='word_1_112' title='bbox 1678 1422 1985 1486; x_wconf 67' lang='lat' dir='ltr'><strong>negavimus</strong></span> 
     </span>
    </p>
   </div>
   <div class='ocr_carea' id='block_1_16' title="bbox 408 1499 1980 1581">
    <p class='ocr_par' dir='ltr' id='par_1_16' title="bbox 408 1499 1980 1581">
     <span class='ocr_line' id='line_1_16' title="bbox 408 1499 1980 1581; baseline 0.011 -33"><span class='ocrx_word' id='word_1_113' title='bbox 408 1499 755 1568; x_wconf 87' lang='lat' dir='ltr'><strong>reliquorum.</strong></span> <span class='ocrx_word' id='word_1_114' title='bbox 790 1520 809 1555; x_wconf 81' lang='grc' dir='ltr'><strong>ι</strong></span> <span class='ocrx_word' id='word_1_115' title='bbox 846 1504 1019 1559; x_wconf 79' lang='lat' dir='ltr'><strong>Maras</strong></span> <span class='ocrx_word' id='word_1_116' title='bbox 1047 1507 1185 1562; x_wconf 83' lang='lat' dir='ltr'><strong>dixit</strong></span> <span class='ocrx_word' id='word_1_117' title='bbox 1214 1524 1227 1561; x_wconf 93' lang='lat'>:</span> <span class='ocrx_word' id='word_1_118' title='bbox 1265 1511 1336 1565; x_wconf 83' lang='lat' dir='ltr'><strong>De</strong></span> <span class='ocrx_word' id='word_1_119' title='bbox 1366 1510 1471 1566; x_wconf 89' lang='lat' dir='ltr'><strong>ﬁde</strong></span> <span class='ocrx_word' id='word_1_120' title='bbox 1504 1526 1780 1567; x_wconf 87' lang='lat' dir='ltr'><strong>movemus</strong></span> <span class='ocrx_word' id='word_1_121' title='bbox 1817 1514 1980 1581; x_wconf 78' lang='lat' dir='ltr'><strong>prius.</strong></span> 
     </span>
    </p>
   </div>
   <div class='ocr_carea' id='block_1_17' title="bbox 409 1587 1986 1673">
    <p class='ocr_par' dir='ltr' id='par_1_17' title="bbox 409 1587 1986 1673">
     <span class='ocr_line' id='line_1_17' title="bbox 409 1587 1986 1673; baseline 0.013 -34"><span class='ocrx_word' id='word_1_122' title='bbox 409 1587 498 1640; x_wconf 86' lang='lat' dir='ltr'><strong>llis</strong></span> <span class='ocrx_word' id='word_1_123' title='bbox 528 1605 656 1659; x_wconf 83' lang='lat' dir='ltr'><strong>ergo</strong></span> <span class='ocrx_word' id='word_1_124' title='bbox 681 1600 735 1646; x_wconf 90' lang='lat' dir='ltr'><strong>et</strong></span> <span class='ocrx_word' id='word_1_125' title='bbox 763 1591 1069 1664; x_wconf 82' lang='lat' dir='ltr'><strong>hujusmodi</strong></span> <span class='ocrx_word' id='word_1_126' title='bbox 1103 1601 1358 1667; x_wconf 83' lang='lat' dir='ltr'><strong>probatur</strong></span> <span class='ocrx_word' id='word_1_127' title='bbox 1388 1604 1529 1672; x_wconf 89' lang='lat' dir='ltr'><strong>quod</strong></span> <span class='ocrx_word' id='word_1_128' title='bbox 1560 1605 1840 1673; x_wconf 86' lang='lat' dir='ltr'><strong>episcopus</strong></span> <span class='ocrx_word' id='word_1_129' title='bbox 1869 1604 1986 1660; x_wconf 87' lang='lat' dir='ltr'><strong>lbas</strong></span> 
     </span>
    </p>
   </div>
   <div class='ocr_carea' id='block_1_18' title="bbox 408 1680 1983 1765">
    <p class='ocr_par' dir='ltr' id='par_1_18' title="bbox 408 1680 1983 1765">
     <span class='ocr_line' id='line_1_18' title="bbox 408 1680 1983 1765; baseline 0.013 -34"><span class='ocrx_word' id='word_1_130' title='bbox 408 1680 471 1733; x_wconf 91' lang='lat' dir='ltr'><strong>de</strong></span> <span class='ocrx_word' id='word_1_131' title='bbox 505 1682 608 1737; x_wconf 87' lang='lat' dir='ltr'><strong>ﬁde</strong></span> <span class='ocrx_word' id='word_1_132' title='bbox 645 1700 804 1755; x_wconf 87' lang='lat' dir='ltr'><strong>quam</strong></span> <span class='ocrx_word' id='word_1_133' title='bbox 859 1689 1087 1744; x_wconf 70' lang='lat' dir='ltr'><strong>maxime</strong></span> <span class='ocrx_word' id='word_1_134' title='bbox 1129 1692 1288 1746; x_wconf 82' lang='lat' dir='ltr'><strong>fuerit</strong></span> <span class='ocrx_word' id='word_1_135' title='bbox 1334 1705 1637 1750; x_wconf 87' lang='lat' dir='ltr'><strong>accusatus.</strong></span> <span class='ocrx_word' id='word_1_136' title='bbox 1689 1696 1818 1751; x_wconf 83' lang='lat' dir='ltr'><strong>Nam</strong></span> <span class='ocrx_word' id='word_1_137' title='bbox 1864 1712 1983 1765; x_wconf 83' lang='lat' dir='ltr'><strong>pro-</strong></span> 
     </span>
    </p>
   </div>
   <div class='ocr_carea' id='block_1_19' title="bbox 408 1784 2287 1857">
    <p class='ocr_par' dir='ltr' id='par_1_19' title="bbox 408 1784 2287 1857">
     <span class='ocr_line' id='line_1_19' title="bbox 408 1784 2287 1857; baseline 0.011 -33"><span class='ocrx_word' id='word_1_138' title='bbox 408 1784 587 1840; x_wconf 85' lang='lat' dir='ltr'><strong>pterea</strong></span> <span class='ocrx_word' id='word_1_139' title='bbox 630 1787 815 1833; x_wconf 90' lang='lat' dir='ltr'><strong>contra</strong></span> <span class='ocrx_word' id='word_1_140' title='bbox 860 1795 981 1836; x_wconf 86' lang='lat' dir='ltr'><strong>eum</strong></span> <span class='ocrx_word' id='word_1_141' title='bbox 1024 1794 1374 1840; x_wconf 85' lang='lat' dir='ltr'><strong>memoratam</strong></span> <span class='ocrx_word' id='word_1_142' title='bbox 1417 1787 1696 1857; x_wconf 70' lang='lat' dir='ltr'><strong>epistolam</strong></span> <span class='ocrx_word' id='word_1_143' title='bbox 1747 1792 1983 1857; x_wconf 72' lang='lat' dir='ltr'><strong>protule-</strong></span> <span class='ocrx_word' id='word_1_144' title='bbox 2020 1796 2063 1854; x_wconf 82' lang='grc' dir='ltr'><strong><em>Β</em></strong></span> <span class='ocrx_word' id='word_1_145' title='bbox 2092 1791 2287 1845; x_wconf 91' lang='lat' dir='ltr'><strong>militer</strong></span> 
     </span>
    </p>
   </div>
   <div class='ocr_carea' id='block_1_20' title="bbox 408 1870 1983 1941">
    <p class='ocr_par' dir='ltr' id='par_1_20' title="bbox 408 1870 1983 1941">
     <span class='ocr_line' id='line_1_20' title="bbox 408 1870 1983 1941; baseline 0.01 -22"><span class='ocrx_word' id='word_1_146' title='bbox 408 1878 554 1923; x_wconf 86' lang='lat' dir='ltr'><strong>runt.</strong></span> <span class='ocrx_word' id='word_1_147' title='bbox 600 1870 705 1923; x_wconf 84' lang='lat' dir='ltr'><strong>Sed</strong></span> <span class='ocrx_word' id='word_1_148' title='bbox 757 1879 811 1925; x_wconf 91' lang='lat' dir='ltr'><strong>et</strong></span> <span class='ocrx_word' id='word_1_149' title='bbox 857 1873 969 1940; x_wconf 62' lang='lat' dir='ltr'><strong>ipsa</strong></span> <span class='ocrx_word' id='word_1_150' title='bbox 1015 1877 1235 1941; x_wconf 89' lang='lat' dir='ltr'><strong>epistola</strong></span> <span class='ocrx_word' id='word_1_151' title='bbox 1290 1878 1425 1932; x_wconf 88' lang='lat' dir='ltr'><strong>duas</strong></span> <span class='ocrx_word' id='word_1_152' title='bbox 1467 1888 1684 1934; x_wconf 89' lang='lat' dir='ltr'><strong>naturas</strong></span> <span class='ocrx_word' id='word_1_153' title='bbox 1730 1889 1785 1935; x_wconf 87' lang='lat' dir='ltr'><strong>et</strong></span> <span class='ocrx_word' id='word_1_154' title='bbox 1826 1896 1983 1934; x_wconf 90' lang='lat' dir='ltr'><strong>unam</strong></span> 
     </span>
    </p>
   </div>
   <div class='ocr_carea' id='block_1_21' title="bbox 409 1961 1983 2040">
    <p class='ocr_par' dir='ltr' id='par_1_21' title="bbox 409 1961 1983 2040">
     <span class='ocr_line' id='line_1_21' title="bbox 409 1961 1983 2040; baseline 0.01 -30"><span class='ocrx_word' id='word_1_155' title='bbox 409 1972 691 2024; x_wconf 78' lang='lat' dir='ltr'><strong>personam</strong></span> <span class='ocrx_word' id='word_1_156' title='bbox 728 1961 882 2016; x_wconf 90' lang='lat' dir='ltr'><strong>unius</strong></span> <span class='ocrx_word' id='word_1_157' title='bbox 914 1963 1030 2017; x_wconf 83' lang='lat' dir='ltr'><strong>Filii</strong></span> <span class='ocrx_word' id='word_1_158' title='bbox 1066 1965 1280 2020; x_wconf 85' lang='lat' dir='ltr'><strong>Domini</strong></span> <span class='ocrx_word' id='word_1_159' title='bbox 1321 1968 1447 2023; x_wconf 81' lang='lat' dir='ltr'><strong>Jesu</strong></span> <span class='ocrx_word' id='word_1_160' title='bbox 1480 1969 1679 2025; x_wconf 78' lang='lat' dir='ltr'><strong>Christi</strong></span> <span class='ocrx_word' id='word_1_161' title='bbox 1713 1972 1983 2040; x_wconf 63' lang='lat' dir='ltr'><strong>prmdicat,</strong></span> 
     </span>
    </p>
   </div>
   <div class='ocr_carea' id='block_1_22' title="bbox 408 2054 1984 2132">
    <p class='ocr_par' dir='ltr' id='par_1_22' title="bbox 408 2054 1984 2132">
     <span class='ocr_line' id='line_1_22' title="bbox 408 2054 1984 2132; baseline 0.013 -31"><span class='ocrx_word' id='word_1_162' title='bbox 408 2062 625 2119; x_wconf 70' lang='lat' dir='ltr'><strong>promer</strong></span> <span class='ocrx_word' id='word_1_163' title='bbox 669 2056 807 2125; x_wconf 91' lang='lat' dir='ltr'><strong>quod</strong></span> <span class='ocrx_word' id='word_1_164' title='bbox 851 2066 905 2111; x_wconf 91' lang='lat' dir='ltr'><strong>et</strong></span> <span class='ocrx_word' id='word_1_165' title='bbox 937 2060 1177 2129; x_wconf 79' lang='lat' dir='ltr'><strong>synodus</strong></span> <span class='ocrx_word' id='word_1_166' title='bbox 1219 2077 1335 2116; x_wconf 91' lang='lat' dir='ltr'><strong>eam</strong></span> <span class='ocrx_word' id='word_1_167' title='bbox 1384 2054 1748 2132; x_wconf 77' lang='lat' dir='ltr'><strong>pronuntiavit</strong></span> <span class='ocrx_word' id='word_1_168' title='bbox 1802 2068 1984 2122; x_wconf 88' lang='lat' dir='ltr'><strong>ortho-</strong></span> 
     </span>
    </p>
   </div>
   <div class='ocr_carea' id='block_1_23' title="bbox 406 2143 1988 2223">
    <p class='ocr_par' dir='ltr' id='par_1_23' title="bbox 406 2143 1988 2223">
     <span class='ocr_line' id='line_1_23' title="bbox 406 2143 1988 2223; baseline 0.012 -30"><span class='ocrx_word' id='word_1_169' title='bbox 406 2143 603 2196; x_wconf 76' lang='lat' dir='ltr'><strong>doxam</strong></span> <span class='ocrx_word' id='word_1_170' title='bbox 637 2161 653 2199; x_wconf 89' lang='lat'><strong>:</strong></span> <span class='ocrx_word' id='word_1_171' title='bbox 687 2147 827 2214; x_wconf 87' lang='lat' dir='ltr'><strong>quod</strong></span> <span class='ocrx_word' id='word_1_172' title='bbox 863 2149 1082 2204; x_wconf 84' lang='lat' dir='ltr'><strong>verbum</strong></span> <span class='ocrx_word' id='word_1_173' title='bbox 1137 2167 1241 2207; x_wconf 92' lang='lat' dir='ltr'><strong>non</strong></span> <span class='ocrx_word' id='word_1_174' title='bbox 1291 2154 1577 2223; x_wconf 89' lang='lat' dir='ltr'><strong>proferret,</strong></span> <span class='ocrx_word' id='word_1_175' title='bbox 1621 2159 1665 2212; x_wconf 86' lang='lat' dir='ltr'><strong>si</strong></span> <span class='ocrx_word' id='word_1_176' title='bbox 1708 2175 1813 2213; x_wconf 90' lang='lat' dir='ltr'><strong>non</strong></span> <span class='ocrx_word' id='word_1_177' title='bbox 1845 2168 1988 2213; x_wconf 61' lang='lat' dir='ltr'><strong>(YSS‘J</strong></span> 
     </span>
    </p>
   </div>
   <div class='ocr_carea' id='block_1_24' title="bbox 406 2233 1988 2315">
    <p class='ocr_par' dir='ltr' id='par_1_24' title="bbox 406 2233 1988 2315">
     <span class='ocr_line' id='line_1_24' title="bbox 406 2233 1988 2315; baseline 0.011 -30"><span class='ocrx_word' id='word_1_178' title='bbox 406 2233 521 2301; x_wconf 83' lang='lat' dir='ltr'><strong>ejus</strong></span> <span class='ocrx_word' id='word_1_179' title='bbox 551 2234 620 2289; x_wconf 90' lang='lat' dir='ltr'><strong>de</strong></span> <span class='ocrx_word' id='word_1_180' title='bbox 652 2235 754 2292; x_wconf 88' lang='lat' dir='ltr'><strong>ﬁde</strong></span> <span class='ocrx_word' id='word_1_181' title='bbox 777 2240 1063 2294; x_wconf 86' lang='lat' dir='ltr'><strong>sententia.</strong></span> <span class='ocrx_word' id='word_1_182' title='bbox 1099 2241 1297 2297; x_wconf 71' lang='lat' dir='ltr'><strong>Verum</strong></span> <span class='ocrx_word' id='word_1_183' title='bbox 1329 2260 1433 2298; x_wconf 92' lang='lat' dir='ltr'><strong>non</strong></span> <span class='ocrx_word' id='word_1_184' title='bbox 1458 2256 1541 2300; x_wconf 86' lang='lat' dir='ltr'><strong>est</strong></span> <span class='ocrx_word' id='word_1_185' title='bbox 1565 2262 1731 2315; x_wconf 88' lang='lat' dir='ltr'><strong>quare</strong></span> <span class='ocrx_word' id='word_1_186' title='bbox 1759 2249 1844 2303; x_wconf 90' lang='lat' dir='ltr'><strong>hie</strong></span> <span class='ocrx_word' id='word_1_187' title='bbox 1874 2263 1988 2302; x_wconf 84' lang='lat' dir='ltr'><strong>am-</strong></span> 
     </span>
    </p>
   </div>
   <div class='ocr_carea' id='block_1_25' title="bbox 407 2324 1985 2401">
    <p class='ocr_par' dir='ltr' id='par_1_25' title="bbox 407 2324 1985 2401">
     <span class='ocr_line' id='line_1_25' title="bbox 407 2324 1985 2401; baseline 0.013 -26"><span class='ocrx_word' id='word_1_188' title='bbox 407 2324 544 2389; x_wconf 88' lang='lat' dir='ltr'><strong>plius</strong></span> <span class='ocrx_word' id='word_1_189' title='bbox 592 2325 955 2384; x_wconf 87' lang='lat' dir='ltr'><strong>demeremur.</strong></span> <span class='ocrx_word' id='word_1_190' title='bbox 1011 2330 1115 2401; x_wconf 90' lang='lat' dir='ltr'><strong>lpsi</strong></span> <span class='ocrx_word' id='word_1_191' title='bbox 1164 2349 1281 2388; x_wconf 88' lang='lat' dir='ltr'><strong>eam</strong></span> <span class='ocrx_word' id='word_1_192' title='bbox 1336 2352 1442 2389; x_wconf 93' lang='lat' dir='ltr'><strong>non</strong></span> <span class='ocrx_word' id='word_1_193' title='bbox 1484 2339 1661 2391; x_wconf 89' lang='lat' dir='ltr'><strong>dicant</strong></span> <span class='ocrx_word' id='word_1_194' title='bbox 1714 2340 1985 2395; x_wconf 80' lang='lat' dir='ltr'><strong>Nestoriu-</strong></span> 
     </span>
    </p>
   </div>
   <div class='ocr_carea' id='block_1_26' title="bbox 407 2424 1981 2498">
    <p class='ocr_par' dir='ltr' id='par_1_26' title="bbox 407 2424 1981 2498">
     <span class='ocr_line' id='line_1_26' title="bbox 407 2424 1981 2498; baseline 0.011 -30"><span class='ocrx_word' id='word_1_195' title='bbox 407 2431 552 2481; x_wconf 89' lang='lat' dir='ltr'><strong>nam,</strong></span> <span class='ocrx_word' id='word_1_196' title='bbox 588 2427 643 2476; x_wconf 85' lang='lat' dir='ltr'><strong>et</strong></span> <span class='ocrx_word' id='word_1_197' title='bbox 679 2435 784 2473; x_wconf 91' lang='lat' dir='ltr'><strong>non</strong></span> <span class='ocrx_word' id='word_1_198' title='bbox 822 2431 1038 2488; x_wconf 85' lang='lat' dir='ltr'><strong>putetur</strong></span> <span class='ocrx_word' id='word_1_199' title='bbox 1082 2424 1146 2478; x_wconf 88' lang='lat' dir='ltr'><strong>ad</strong></span> <span class='ocrx_word' id='word_1_200' title='bbox 1176 2440 1391 2479; x_wconf 82' lang='lat' dir='ltr'><strong>causam</strong></span> <span class='ocrx_word' id='word_1_201' title='bbox 1438 2428 1559 2482; x_wconf 88' lang='lat' dir='ltr'><strong>ﬁdei</strong></span> <span class='ocrx_word' id='word_1_202' title='bbox 1606 2432 1891 2498; x_wconf 84' lang='lat' dir='ltr'><strong>pertinere.</strong></span> <span class='ocrx_word' id='word_1_203' title='bbox 1923 2431 1981 2486; x_wconf 89' lang='lat' dir='ltr'><strong>Si</strong></span> 
     </span>
    </p>
   </div>
   <div class='ocr_carea' id='block_1_27' title="bbox 408 2507 1981 2588">
    <p class='ocr_par' dir='ltr' id='par_1_27' title="bbox 408 2507 1981 2588">
     <span class='ocr_line' id='line_1_27' title="bbox 408 2507 1981 2588; baseline 0.01 -29"><span class='ocrx_word' id='word_1_204' title='bbox 408 2517 583 2560; x_wconf 83' lang='lat' dir='ltr'><strong>autem</strong></span> <span class='ocrx_word' id='word_1_205' title='bbox 614 2507 924 2563; x_wconf 79' lang='lat' dir='ltr'><strong>Nestoriana</strong></span> <span class='ocrx_word' id='word_1_206' title='bbox 959 2511 1173 2573; x_wconf 73' lang='lat' dir='ltr'><strong>dit-itur.</strong></span> <span class='ocrx_word' id='word_1_207' title='bbox 1225 2516 1290 2571; x_wconf 91' lang='lat' dir='ltr'><strong>de</strong></span> <span class='ocrx_word' id='word_1_208' title='bbox 1321 2516 1423 2573; x_wconf 91' lang='lat' dir='ltr'><strong>ﬁde</strong></span> <span class='ocrx_word' id='word_1_209' title='bbox 1455 2519 1636 2588; x_wconf 88' lang='lat' dir='ltr'><strong>utique</strong></span> <span class='ocrx_word' id='word_1_210' title='bbox 1664 2533 1945 2575; x_wconf 82' lang='lat' dir='ltr'><strong>accusatur</strong></span> <span class='ocrx_word' id='word_1_211' title='bbox 1972 2542 1981 2574; x_wconf 91' lang='lat'><strong>:</strong></span> 
     </span>
    </p>
   </div>
   <div class='ocr_carea' id='block_1_28' title="bbox 409 2599 1983 2682">
    <p class='ocr_par' dir='ltr' id='par_1_28' title="bbox 409 2599 1983 2682">
     <span class='ocr_line' id='line_1_28' title="bbox 409 2599 1983 2682; baseline 0.012 -31"><span class='ocrx_word' id='word_1_212' title='bbox 409 2607 461 2652; x_wconf 89' lang='lat' dir='ltr'><strong>et</strong></span> <span class='ocrx_word' id='word_1_213' title='bbox 481 2599 601 2668; x_wconf 88' lang='lat' dir='ltr'><strong>quia</strong></span> <span class='ocrx_word' id='word_1_214' title='bbox 619 2599 731 2670; x_wconf 89' lang='lat' dir='ltr'><strong>jam</strong></span> <span class='ocrx_word' id='word_1_215' title='bbox 772 2614 1017 2673; x_wconf 66' lang='lat' dir='ltr'><strong>susrepta</strong></span> <span class='ocrx_word' id='word_1_216' title='bbox 1048 2605 1239 2661; x_wconf 89' lang='lat' dir='ltr'><strong>dicitur</strong></span> <span class='ocrx_word' id='word_1_217' title='bbox 1268 2623 1297 2663; x_wconf 91' lang='lat' dir='ltr'><strong>a</strong></span> <span class='ocrx_word' id='word_1_218' title='bbox 1324 2623 1506 2665; x_wconf 89' lang='lat' dir='ltr'><strong>sancta</strong></span> <span class='ocrx_word' id='word_1_219' title='bbox 1536 2614 1762 2682; x_wconf 78' lang='lat' dir='ltr'><strong>:ynodo,</strong></span> <span class='ocrx_word' id='word_1_220' title='bbox 1794 2629 1983 2669; x_wconf 59' lang='lat' dir='ltr'><strong>conse-</strong></span> 
     </span>
    </p>
   </div>
   <div class='ocr_carea' id='block_1_29' title="bbox 408 2693 1983 2775">
    <p class='ocr_par' dir='ltr' id='par_1_29' title="bbox 408 2693 1983 2775">
     <span class='ocr_line' id='line_1_29' title="bbox 408 2693 1983 2775; baseline 0.011 -33"><span class='ocrx_word' id='word_1_221' title='bbox 408 2698 633 2757; x_wconf 87' lang='lat' dir='ltr'><strong>quenter</strong></span> <span class='ocrx_word' id='word_1_222' title='bbox 662 2701 715 2746; x_wconf 90' lang='lat' dir='ltr'><strong>et</strong></span> <span class='ocrx_word' id='word_1_223' title='bbox 740 2711 765 2745; x_wconf 91' lang='lat' dir='ltr'><strong>a</strong></span> <span class='ocrx_word' id='word_1_224' title='bbox 798 2693 953 2749; x_wconf 87' lang='lat' dir='ltr'><strong>beato</strong></span> <span class='ocrx_word' id='word_1_225' title='bbox 988 2694 1045 2749; x_wconf 65' lang='lat' dir='ltr'><strong>Li</strong></span> <span class='ocrx_word' id='word_1_226' title='bbox 1067 2711 1170 2753; x_wconf 90' lang='lat' dir='ltr'><strong>one</strong></span> <span class='ocrx_word' id='word_1_227' title='bbox 1201 2698 1394 2755; x_wconf 90' lang='lat' dir='ltr'><strong>dicitur</strong></span> <span class='ocrx_word' id='word_1_228' title='bbox 1424 2717 1540 2757; x_wconf 90' lang='lat' dir='ltr'><strong>esse</strong></span> <span class='ocrx_word' id='word_1_229' title='bbox 1571 2705 1796 2765; x_wconf 88' lang='lat' dir='ltr'><strong>ﬁrmata.</strong></span> <span class='ocrx_word' id='word_1_230' title='bbox 1828 2722 1983 2775; x_wconf 81' lang='lat' dir='ltr'><strong>quem</strong></span> 
     </span>
    </p>
   </div>
   <div class='ocr_carea' id='block_1_30' title="bbox 408 2787 1983 2854">
    <p class='ocr_par' dir='ltr' id='par_1_30' title="bbox 408 2787 1983 2854">
     <span class='ocr_line' id='line_1_30' title="bbox 408 2787 1983 2854; baseline 0.011 -22"><span class='ocrx_word' id='word_1_231' title='bbox 408 2795 512 2834; x_wconf 91' lang='lat' dir='ltr'><strong>non</strong></span> <span class='ocrx_word' id='word_1_232' title='bbox 551 2794 744 2853; x_wconf 61' lang='lat' dir='ltr'><strong>negant</strong></span> <span class='ocrx_word' id='word_1_233' title='bbox 774 2800 836 2837; x_wconf 89' lang='lat' dir='ltr'><strong>ea</strong></span> <span class='ocrx_word' id='word_1_234' title='bbox 868 2800 987 2854; x_wconf 65' lang='lat' dir='ltr'><strong>qum</strong></span> <span class='ocrx_word' id='word_1_235' title='bbox 1013 2787 1084 2841; x_wconf 90' lang='lat' dir='ltr'><strong>ibi</strong></span> <span class='ocrx_word' id='word_1_236' title='bbox 1116 2789 1184 2843; x_wconf 92' lang='lat' dir='ltr'><strong>de</strong></span> <span class='ocrx_word' id='word_1_237' title='bbox 1216 2790 1321 2845; x_wconf 88' lang='lat' dir='ltr'><strong>fide</strong></span> <span class='ocrx_word' id='word_1_238' title='bbox 1344 2790 1473 2846; x_wconf 34' lang='lat' dir='ltr'><strong>&#39;sunt</strong></span> <span class='ocrx_word' id='word_1_239' title='bbox 1502 2804 1695 2847; x_wconf 72' lang='lat' dir='ltr'><strong>statuta</strong></span> <span class='ocrx_word' id='word_1_240' title='bbox 1723 2795 1983 2852; x_wconf 84' lang='lat' dir='ltr'><strong>ﬁrmasse.</strong></span> 
     </span>
    </p>
   </div>
   <div class='ocr_carea' id='block_1_31' title="bbox 408 2871 1983 2955">
    <p class='ocr_par' dir='ltr' id='par_1_31' title="bbox 408 2871 1983 2955">
     <span class='ocr_line' id='line_1_31' title="bbox 408 2871 1983 2955; baseline 0.013 -32"><span class='ocrx_word' id='word_1_241' title='bbox 408 2871 542 2926; x_wconf 87' lang='lat' dir='ltr'><strong>Nam</strong></span> <span class='ocrx_word' id='word_1_242' title='bbox 584 2873 629 2927; x_wconf 92' lang='lat' dir='ltr'><strong>si</strong></span> <span class='ocrx_word' id='word_1_243' title='bbox 676 2882 731 2928; x_wconf 92' lang='lat' dir='ltr'><strong>et</strong></span> <span class='ocrx_word' id='word_1_244' title='bbox 773 2874 899 2929; x_wconf 90' lang='lat' dir='ltr'><strong>illud</strong></span> <span class='ocrx_word' id='word_1_245' title='bbox 932 2876 1011 2933; x_wconf 85' lang='lat' dir='ltr'><strong>eis</strong></span> <span class='ocrx_word' id='word_1_246' title='bbox 1048 2880 1409 2947; x_wconf 72' lang='lat' dir='ltr'><strong>concedatur,</strong></span> <span class='ocrx_word' id='word_1_247' title='bbox 1460 2885 1580 2953; x_wconf 79' lang='lat' dir='ltr'><strong>quia</strong></span> <span class='ocrx_word' id='word_1_248' title='bbox 1632 2896 1826 2955; x_wconf 70' lang='lat' dir='ltr'><strong>praeter</strong></span> <span class='ocrx_word' id='word_1_249' title='bbox 1860 2887 1983 2943; x_wconf 93' lang='lat' dir='ltr'><strong>ﬁdei</strong></span> 
     </span>
    </p>
   </div>
   <div class='ocr_carea' id='block_1_32' title="bbox 409 2966 1982 3049">
    <p class='ocr_par' dir='ltr' id='par_1_32' title="bbox 409 2966 1982 3049">
     <span class='ocr_line' id='line_1_32' title="bbox 409 2966 1982 3049; baseline 0.009 -28"><span class='ocrx_word' id='word_1_250' title='bbox 409 2966 797 3038; x_wconf 87' lang='lat' dir='ltr'><strong>deﬁnitionem,</strong></span> <span class='ocrx_word' id='word_1_251' title='bbox 834 2982 1028 3028; x_wconf 68' lang='lat' dir='ltr'><strong>ett-tera</strong></span> <span class='ocrx_word' id='word_1_252' title='bbox 1061 2990 1180 3043; x_wconf 71' lang='lat' dir='ltr'><strong>qua:</strong></span> <span class='ocrx_word' id='word_1_253' title='bbox 1210 2976 1262 3030; x_wconf 94' lang='lat' dir='ltr'><strong>in</strong></span> <span class='ocrx_word' id='word_1_254' title='bbox 1296 2977 1379 3031; x_wconf 68' lang='lat' dir='ltr'><strong>izla</strong></span> <span class='ocrx_word' id='word_1_255' title='bbox 1427 2979 1634 3048; x_wconf 85' lang='lat' dir='ltr'><strong>synodo</strong></span> <span class='ocrx_word' id='word_1_256' title='bbox 1660 2992 1807 3049; x_wconf 77' lang='lat' dir='ltr'><strong>geSta</strong></span> <span class='ocrx_word' id='word_1_257' title='bbox 1836 2990 1982 3048; x_wconf 89' lang='lat' dir='ltr'><strong>sunt,</strong></span> 
     </span>
    </p>
   </div>
   <div class='ocr_carea' id='block_1_33' title="bbox 410 3064 1986 3144">
    <p class='ocr_par' dir='ltr' id='par_1_33' title="bbox 410 3064 1986 3144">
     <span class='ocr_line' id='line_1_33' title="bbox 410 3064 1986 3144; baseline 0.009 -29"><span class='ocrx_word' id='word_1_258' title='bbox 410 3075 507 3116; x_wconf 90' lang='lat' dir='ltr'><strong>nee</strong></span> <span class='ocrx_word' id='word_1_259' title='bbox 549 3064 977 3131; x_wconf 90' lang='lat' dir='ltr'><strong>confirmaverit,</strong></span> <span class='ocrx_word' id='word_1_260' title='bbox 1031 3083 1202 3138; x_wconf 87' lang='lat' dir='ltr'><strong>neque</strong></span> <span class='ocrx_word' id='word_1_261' title='bbox 1246 3070 1581 3127; x_wconf 84' lang='lat' dir='ltr'><strong>damnaverit</strong></span> <span class='ocrx_word' id='word_1_262' title='bbox 1613 3090 1624 3125; x_wconf 93' lang='lat'>:</span> <span class='ocrx_word' id='word_1_263' title='bbox 1660 3076 1738 3127; x_wconf 90' lang='lat' dir='ltr'><strong>sic</strong></span> <span class='ocrx_word' id='word_1_264' title='bbox 1774 3089 1986 3144; x_wconf 84' lang='lat' dir='ltr'><strong>quoque</strong></span> 
     </span>
    </p>
   </div>
   <div class='ocr_carea' id='block_1_34' title="bbox 2093 500 3613 570">
    <p class='ocr_par' dir='ltr' id='par_1_34' title="bbox 2093 500 3613 570">
     <span class='ocr_line' id='line_1_34' title="bbox 2093 500 3613 570; baseline 0 -9"><span class='ocrx_word' id='word_1_265' title='bbox 2093 521 2185 562; x_wconf 88' lang='lat' dir='ltr'><strong>sus</strong></span> <span class='ocrx_word' id='word_1_266' title='bbox 2229 520 2417 561; x_wconf 88' lang='lat' dir='ltr'><strong>omnes</strong></span> <span class='ocrx_word' id='word_1_267' title='bbox 2465 502 2949 558; x_wconf 86' lang='lat' dir='ltr'><strong>contradicentium</strong></span> <span class='ocrx_word' id='word_1_268' title='bbox 3003 500 3358 569; x_wconf 72' lang='lat' dir='ltr'><strong>quaestiones:</strong></span> <span class='ocrx_word' id='word_1_269' title='bbox 3390 516 3457 570; x_wconf 91' lang='lat' dir='ltr'><strong>ut,</strong></span> <span class='ocrx_word' id='word_1_270' title='bbox 3499 508 3613 563; x_wconf 72' lang='lat' dir='ltr'><strong>sit-ut</strong></span> 
     </span>
    </p>
   </div>
   <div class='ocr_carea' id='block_1_35' title="bbox 2094 591 3618 668">
    <p class='ocr_par' dir='ltr' id='par_1_35' title="bbox 2094 591 3618 668">
     <span class='ocr_line' id='line_1_35' title="bbox 2094 591 3618 668; baseline 0.001 -19"><span class='ocrx_word' id='word_1_271' title='bbox 2094 598 2380 668; x_wconf 81' lang='lat' dir='ltr'><strong>Apostolus</strong></span> <span class='ocrx_word' id='word_1_272' title='bbox 2405 597 2535 651; x_wconf 88' lang='lat' dir='ltr'><strong>dicit</strong></span> <span class='ocrx_word' id='word_1_273' title='bbox 2562 594 2643 667; x_wconf 85' lang='lat' dir='ltr'><strong>(ff</strong></span> <span class='ocrx_word' id='word_1_274' title='bbox 2684 593 2865 647; x_wconf 80' lang='lat' dir='ltr'><strong>Thess.</strong></span> <span class='ocrx_word' id='word_1_275' title='bbox 2896 608 2954 655; x_wconf 84' lang='grc' dir='ltr'>ιι,</span> <span class='ocrx_word' id='word_1_276' title='bbox 2976 591 3060 661; x_wconf 72' lang='grc'><strong>2),</strong></span> <span class='ocrx_word' id='word_1_277' title='bbox 3095 608 3195 645; x_wconf 93' lang='lat' dir='ltr'><strong>tton</strong></span> <span class='ocrx_word' id='word_1_278' title='bbox 3225 593 3325 648; x_wconf 85' lang='lat' dir='ltr'><strong>cito</strong></span> <span class='ocrx_word' id='word_1_279' title='bbox 3348 612 3618 656; x_wconf 80' lang='lat' dir='ltr'><strong>moveantur</strong></span> 
     </span>
    </p>
   </div>
   <div class='ocr_carea' id='block_1_36' title="bbox 2090 684 3618 754">
    <p class='ocr_par' dir='ltr' id='par_1_36' title="bbox 2090 684 3618 754">
     <span class='ocr_line' id='line_1_36' title="bbox 2090 684 3618 754; baseline 0 -10"><span class='ocrx_word' id='word_1_280' title='bbox 2090 705 2121 744; x_wconf 89' lang='lat' dir='ltr'><strong>a</strong></span> <span class='ocrx_word' id='word_1_281' title='bbox 2146 698 2338 744; x_wconf 78' lang='lat' dir='ltr'><strong>nOStro</strong></span> <span class='ocrx_word' id='word_1_282' title='bbox 2367 703 2551 752; x_wconf 75' lang='lat' dir='ltr'><strong>sensu,</strong></span> <span class='ocrx_word' id='word_1_283' title='bbox 2585 700 2759 754; x_wconf 88' lang='lat' dir='ltr'><strong>neque</strong></span> <span class='ocrx_word' id='word_1_284' title='bbox 2788 693 3107 751; x_wconf 88' lang='lat' dir='ltr'><strong>terreamur,</strong></span> <span class='ocrx_word' id='word_1_285' title='bbox 3146 684 3227 738; x_wconf 86' lang='lat' dir='ltr'><strong>vel</strong></span> <span class='ocrx_word' id='word_1_286' title='bbox 3248 684 3298 737; x_wconf 83' lang='lat' dir='ltr'><strong>&#39;si</strong></span> <span class='ocrx_word' id='word_1_287' title='bbox 3327 687 3487 741; x_wconf 92' lang='lat' dir='ltr'><strong>utinns</strong></span> <span class='ocrx_word' id='word_1_288' title='bbox 3513 690 3618 747; x_wconf 84' lang='lat' dir='ltr'><strong>hinc</strong></span> 
     </span>
    </p>
   </div>
   <div class='ocr_carea' id='block_1_37' title="bbox 2092 772 3620 861">
    <p class='ocr_par' dir='ltr' id='par_1_37' title="bbox 2092 772 3620 861">
     <span class='ocr_line' id='line_1_37' title="bbox 2092 772 3620 861; baseline 0.002 -29"><span class='ocrx_word' id='word_1_289' title='bbox 2092 772 2377 849; x_wconf 76' lang='lat' dir='ltr'><strong>possumus</strong></span> <span class='ocrx_word' id='word_1_290' title='bbox 2420 779 2570 843; x_wconf 43' lang='lat' dir='ltr'><strong>dare,</strong></span> <span class='ocrx_word' id='word_1_291' title='bbox 2617 780 2733 832; x_wconf 84' lang='lat' dir='ltr'><strong>sive</strong></span> <span class='ocrx_word' id='word_1_292' title='bbox 2764 776 3008 845; x_wconf 80' lang='lat' dir='ltr'><strong>accipere</strong></span> <span class='ocrx_word' id='word_1_293' title='bbox 3043 776 3323 838; x_wconf 85' lang='lat' dir='ltr'><strong>rationem.</strong></span> <span class='ocrx_word' id='word_1_294' title='bbox 3359 792 3444 831; x_wconf 92' lang='lat' dir='ltr'><strong>cur</strong></span> <span class='ocrx_word' id='word_1_295' title='bbox 3480 795 3620 861; x_wconf 79' lang='lat' dir='ltr'><strong>syno-</strong></span> 
     </span>
    </p>
   </div>
   <div class='ocr_carea' id='block_1_38' title="bbox 2091 865 3612 937">
    <p class='ocr_par' dir='ltr' id='par_1_38' title="bbox 2091 865 3612 937">
     <span class='ocr_line' id='line_1_38' title="bbox 2091 865 3612 937; baseline -0.002 -10"><span class='ocrx_word' id='word_1_296' title='bbox 2091 873 2194 927; x_wconf 90' lang='lat' dir='ltr'><strong>dus</strong></span> <span class='ocrx_word' id='word_1_297' title='bbox 2225 869 2579 926; x_wconf 78' lang='lat' dir='ltr'><strong>orthodoxam</strong></span> <span class='ocrx_word' id='word_1_298' title='bbox 2605 868 2882 937; x_wconf 84' lang='lat' dir='ltr'><strong>judicavit.</strong></span> <span class='ocrx_word' id='word_1_299' title='bbox 2915 865 3097 934; x_wconf 84' lang='lat' dir='ltr'><strong>Neque</strong></span> <span class='ocrx_word' id='word_1_300' title='bbox 3126 865 3263 920; x_wconf 89' lang='lat' dir='ltr'><strong>euint</strong></span> <span class='ocrx_word' id='word_1_301' title='bbox 3294 876 3371 920; x_wconf 85' lang='lat' dir='ltr'><strong>est</strong></span> <span class='ocrx_word' id='word_1_302' title='bbox 3395 871 3485 921; x_wconf 85' lang='lat' dir='ltr'><strong>alia</strong></span> <span class='ocrx_word' id='word_1_303' title='bbox 3513 887 3612 924; x_wconf 57' lang='lat' dir='ltr'><strong>cono</strong></span> 
     </span>
    </p>
   </div>
   <div class='ocr_carea' id='block_1_39' title="bbox 2088 959 3625 1028">
    <p class='ocr_par' dir='ltr' id='par_1_39' title="bbox 2088 959 3625 1028">
     <span class='ocr_line' id='line_1_39' title="bbox 2088 959 3625 1028; baseline -0.011 -6"><span class='ocrx_word' id='word_1_304' title='bbox 2088 964 2333 1022; x_wconf 87' lang='lat' dir='ltr'><strong>ciliorum</strong></span> <span class='ocrx_word' id='word_1_305' title='bbox 2374 962 2736 1018; x_wconf 73' lang='lat' dir='ltr'><strong>faciendorum</strong></span> <span class='ocrx_word' id='word_1_306' title='bbox 2781 959 3007 1025; x_wconf 71' lang='lat' dir='ltr'><strong>utilitas,</strong></span> <span class='ocrx_word' id='word_1_307' title='bbox 3055 973 3212 1028; x_wconf 88' lang='lat' dir='ltr'><strong>quam</strong></span> <span class='ocrx_word' id='word_1_308' title='bbox 3245 960 3453 1028; x_wconf 89' lang='lat' dir='ltr'><strong>utquod</strong></span> <span class='ocrx_word' id='word_1_309' title='bbox 3488 962 3625 1017; x_wconf 88' lang='lat' dir='ltr'><strong>intel-</strong></span> 
     </span>
    </p>
   </div>
   <div class='ocr_carea' id='block_1_40' title="bbox 2095 1051 3624 1124">
    <p class='ocr_par' dir='ltr' id='par_1_40' title="bbox 2095 1051 3624 1124">
     <span class='ocr_line' id='line_1_40' title="bbox 2095 1051 3624 1124; baseline -0.002 -12"><span class='ocrx_word' id='word_1_310' title='bbox 2095 1058 2235 1112; x_wconf 85' lang='lat' dir='ltr'><strong>lectu</strong></span> <span class='ocrx_word' id='word_1_311' title='bbox 2281 1071 2386 1111; x_wconf 92' lang='lat' dir='ltr'><strong>non</strong></span> <span class='ocrx_word' id='word_1_312' title='bbox 2415 1055 2675 1124; x_wconf 83' lang='lat' dir='ltr'><strong>capimus,</strong></span> <span class='ocrx_word' id='word_1_313' title='bbox 2708 1067 2776 1107; x_wconf 83' lang='lat' dir='ltr'><strong>ex</strong></span> <span class='ocrx_word' id='word_1_314' title='bbox 2803 1051 3118 1105; x_wconf 89' lang='lat' dir='ltr'><strong>auctoritate</strong></span> <span class='ocrx_word' id='word_1_315' title='bbox 3146 1052 3438 1119; x_wconf 73' lang='lat' dir='ltr'><strong>ere-lamus,</strong></span> <span class='ocrx_word' id='word_1_316' title='bbox 3459 1065 3507 1108; x_wconf 90' lang='lat' dir='ltr'><strong>et</strong></span> <span class='ocrx_word' id='word_1_317' title='bbox 3532 1058 3624 1110; x_wconf 89' lang='lat' dir='ltr'><strong>sic-</strong></span> 
     </span>
    </p>
   </div>
   <div class='ocr_carea' id='block_1_41' title="bbox 2092 1142 3628 1207">
    <p class='ocr_par' dir='ltr' id='par_1_41' title="bbox 2092 1142 3628 1207">
     <span class='ocr_line' id='line_1_41' title="bbox 2092 1142 3628 1207; baseline -0.001 -7"><span class='ocrx_word' id='word_1_318' title='bbox 2092 1146 2178 1201; x_wconf 90' lang='lat' dir='ltr'><strong>ubi</strong></span> <span class='ocrx_word' id='word_1_319' title='bbox 2236 1146 2373 1201; x_wconf 82' lang='lat' dir='ltr'><strong>ratio</strong></span> <span class='ocrx_word' id='word_1_320' title='bbox 2414 1145 2586 1199; x_wconf 87' lang='lat' dir='ltr'><strong>rninus</strong></span> <span class='ocrx_word' id='word_1_321' title='bbox 2618 1142 2775 1197; x_wconf 87' lang='lat' dir='ltr'><strong>nobis</strong></span> <span class='ocrx_word' id='word_1_322' title='bbox 2816 1143 3130 1207; x_wconf 87' lang='lat' dir='ltr'><strong>occurrerit,</strong></span> <span class='ocrx_word' id='word_1_323' title='bbox 3177 1142 3306 1196; x_wconf 80' lang='lat' dir='ltr'><strong>ﬁdes</strong></span> <span class='ocrx_word' id='word_1_324' title='bbox 3331 1157 3394 1197; x_wconf 90' lang='lat' dir='ltr'><strong>ne</strong></span> <span class='ocrx_word' id='word_1_325' title='bbox 3422 1145 3628 1200; x_wconf 86' lang='lat' dir='ltr'><strong>labamttr</strong></span> 
     </span>
    </p>
   </div>
   <div class='ocr_carea' id='block_1_42' title="bbox 2088 1234 3628 1313">
    <p class='ocr_par' dir='ltr' id='par_1_42' title="bbox 2088 1234 3628 1313">
     <span class='ocr_line' id='line_1_42' title="bbox 2088 1234 3628 1313; baseline -0.003 -20"><span class='ocrx_word' id='word_1_326' title='bbox 2088 1239 2197 1293; x_wconf 92' lang='lat' dir='ltr'><strong>cito</strong></span> <span class='ocrx_word' id='word_1_327' title='bbox 2228 1248 2528 1293; x_wconf 89' lang='lat' dir='ltr'><strong>succurrat.</strong></span> <span class='ocrx_word' id='word_1_328' title='bbox 2574 1238 2707 1291; x_wconf 82' lang='lat' dir='ltr'><strong>Nam</strong></span> <span class='ocrx_word' id='word_1_329' title='bbox 2752 1235 2796 1290; x_wconf 91' lang='lat' dir='ltr'><strong>si</strong></span> <span class='ocrx_word' id='word_1_330' title='bbox 2837 1243 2959 1303; x_wconf 86' lang='lat' dir='ltr'><strong>post</strong></span> <span class='ocrx_word' id='word_1_331' title='bbox 3005 1234 3276 1313; x_wconf 82' lang='lat' dir='ltr'><strong>decretum</strong></span> <span class='ocrx_word' id='word_1_332' title='bbox 3322 1234 3628 1302; x_wconf 65' lang='lat' dir='ltr'><strong>disceptare&#39;</strong></span> 
     </span>
    </p>
   </div>
   <div class='ocr_carea' id='block_1_43' title="bbox 2090 1324 3629 1396">
    <p class='ocr_par' dir='ltr' id='par_1_43' title="bbox 2090 1324 3629 1396">
     <span class='ocr_line' id='line_1_43' title="bbox 2090 1324 3629 1396; baseline -0.002 -11"><span class='ocrx_word' id='word_1_333' title='bbox 2090 1329 2336 1396; x_wconf 88' lang='lat' dir='ltr'><strong>licuerit,</strong></span> <span class='ocrx_word' id='word_1_334' title='bbox 2384 1339 2441 1383; x_wconf 93' lang='lat' dir='ltr'><strong>ut</strong></span> <span class='ocrx_word' id='word_1_335' title='bbox 2493 1328 2698 1383; x_wconf 86' lang='lat' dir='ltr'><strong>dicatur</strong></span> <span class='ocrx_word' id='word_1_336' title='bbox 2732 1344 2747 1381; x_wconf 92' lang='lat'><strong>:</strong></span> <span class='ocrx_word' id='word_1_337' title='bbox 2777 1327 2930 1381; x_wconf 77' lang='lat' dir='ltr'><strong>Prius</strong></span> <span class='ocrx_word' id='word_1_338' title='bbox 2988 1324 3244 1394; x_wconf 86' lang='lat' dir='ltr'><strong>probetur</strong></span> <span class='ocrx_word' id='word_1_339' title='bbox 3297 1327 3508 1394; x_wconf 80' lang='lat' dir='ltr'><strong>epistola</strong></span> <span class='ocrx_word' id='word_1_340' title='bbox 3553 1330 3629 1382; x_wconf 73' lang='lat' dir='ltr'><strong>illa</strong></span> 
     </span>
    </p>
   </div>
   <div class='ocr_carea' id='block_1_44' title="bbox 2088 1420 3633 1493">
    <p class='ocr_par' dir='ltr' id='par_1_44' title="bbox 2088 1420 3633 1493">
     <span class='ocr_line' id='line_1_44' title="bbox 2088 1420 3633 1493; baseline -0.001 -16"><span class='ocrx_word' id='word_1_341' title='bbox 2088 1423 2229 1493; x_wconf 85' lang='lat' dir='ltr'><strong>quod</strong></span> <span class='ocrx_word' id='word_1_342' title='bbox 2266 1436 2409 1478; x_wconf 86' lang='lat' dir='ltr'><strong>recta</strong></span> <span class='ocrx_word' id='word_1_343' title='bbox 2442 1423 2531 1487; x_wconf 85' lang='lat' dir='ltr'><strong>sit,</strong></span> <span class='ocrx_word' id='word_1_344' title='bbox 2562 1429 2619 1476; x_wconf 89' lang='lat' dir='ltr'><strong>ut</strong></span> <span class='ocrx_word' id='word_1_345' title='bbox 2644 1420 2893 1476; x_wconf 84' lang='lat' dir='ltr'><strong>credatur</strong></span> <span class='ocrx_word' id='word_1_346' title='bbox 2924 1420 3087 1473; x_wconf 87' lang='lat' dir='ltr'><strong>fuisse</strong></span> <span class='ocrx_word' id='word_1_347' title='bbox 3131 1430 3403 1486; x_wconf 86' lang='lat' dir='ltr'><strong>suscepta;</strong></span> <span class='ocrx_word' id='word_1_348' title='bbox 3450 1434 3633 1477; x_wconf 87' lang='lat' dir='ltr'><strong>nonest</strong></span> 
     </span>
    </p>
   </div>
   <div class='ocr_carea' id='block_1_45' title="bbox 2094 1511 3634 1584">
    <p class='ocr_par' dir='ltr' id='par_1_45' title="bbox 2094 1511 3634 1584">
     <span class='ocr_line' id='line_1_45' title="bbox 2094 1511 3634 1584; baseline -0.003 -17"><span class='ocrx_word' id='word_1_349' title='bbox 2094 1530 2259 1584; x_wconf 90' lang='lat' dir='ltr'><strong>quare</strong></span> <span class='ocrx_word' id='word_1_350' title='bbox 2303 1516 2411 1583; x_wconf 79' lang='lat' dir='ltr'><strong>jam</strong></span> <span class='ocrx_word' id='word_1_351' title='bbox 2463 1511 2685 1568; x_wconf 90' lang='lat' dir='ltr'><strong>concilia</strong></span> <span class='ocrx_word' id='word_1_352' title='bbox 2734 1519 3153 1581; x_wconf 81' lang='lat' dir='ltr'><strong>congregemur,</strong></span> <span class='ocrx_word' id='word_1_353' title='bbox 3205 1525 3300 1564; x_wconf 81' lang='lat' dir='ltr'><strong>nec</strong></span> <span class='ocrx_word' id='word_1_354' title='bbox 3348 1511 3634 1578; x_wconf 67' lang='lat' dir='ltr'><strong>terminatur,</strong></span> 
     </span>
    </p>
   </div>
   <div class='ocr_carea' id='block_1_46' title="bbox 2090 1603 3706 1672">
    <p class='ocr_par' dir='ltr' id='par_1_46' title="bbox 2090 1603 3706 1672">
     <span class='ocr_line' id='line_1_46' title="bbox 2090 1603 3706 1672; baseline -0.002 -11"><span class='ocrx_word' id='word_1_355' title='bbox 2090 1609 2197 1662; x_wconf 92' lang='lat' dir='ltr'><strong>imo</strong></span> <span class='ocrx_word' id='word_1_356' title='bbox 2223 1623 2323 1662; x_wconf 87' lang='lat' dir='ltr'><strong>nec</strong></span> <span class='ocrx_word' id='word_1_357' title='bbox 2353 1607 2719 1662; x_wconf 86' lang='lat' dir='ltr'><strong>terminabiles</strong></span> <span class='ocrx_word' id='word_1_358' title='bbox 2762 1606 3009 1658; x_wconf 88' lang='lat' dir='ltr'><strong>dicantur</strong></span> <span class='ocrx_word' id='word_1_359' title='bbox 3052 1603 3397 1672; x_wconf 64' lang='lat' dir='ltr'><strong>quaestiones,</strong></span> <span class='ocrx_word' id='word_1_360' title='bbox 3441 1619 3637 1672; x_wconf 82' lang='lat' dir='ltr'><strong>quarum</strong></span> <span class='ocrx_word' id='word_1_361' title='bbox 3700 1644 3706 1649; x_wconf 86' lang='grc'><strong>-</strong></span> 
     </span>
    </p>
   </div>
   <div class='ocr_carea' id='block_1_47' title="bbox 2090 1693 3635 1768">
    <p class='ocr_par' dir='ltr' id='par_1_47' title="bbox 2090 1693 3635 1768">
     <span class='ocr_line' id='line_1_47' title="bbox 2090 1693 3635 1768; baseline -0.003 -17"><span class='ocrx_word' id='word_1_362' title='bbox 2090 1698 2333 1768; x_wconf 88' lang='lat' dir='ltr'><strong>probatio</strong></span> <span class='ocrx_word' id='word_1_363' title='bbox 2379 1713 2592 1767; x_wconf 85' lang='lat' dir='ltr'><strong>semper</strong></span> <span class='ocrx_word' id='word_1_364' title='bbox 2620 1697 2875 1766; x_wconf 77' lang='lat' dir='ltr'><strong>exigitur.</strong></span> <span class='ocrx_word' id='word_1_365' title='bbox 2908 1694 3013 1750; x_wconf 89' lang='lat' dir='ltr'><strong>Cur</strong></span> <span class='ocrx_word' id='word_1_366' title='bbox 3047 1693 3191 1749; x_wconf 88' lang='lat' dir='ltr'><strong>enim</strong></span> <span class='ocrx_word' id='word_1_367' title='bbox 3226 1709 3328 1748; x_wconf 87' lang='lat' dir='ltr'><strong>non</strong></span> <span class='ocrx_word' id='word_1_368' title='bbox 3358 1694 3549 1748; x_wconf 87' lang='lat' dir='ltr'><strong>dicatur</strong></span> <span class='ocrx_word' id='word_1_369' title='bbox 3572 1695 3635 1747; x_wconf 78' lang='lat' dir='ltr'><strong>si-</strong></span> 
     </span>
    </p>
   </div>
   <div class='ocr_carea' id='block_1_48' title="bbox 2327 1786 3638 1859">
    <p class='ocr_par' dir='ltr' id='par_1_48' title="bbox 2327 1786 3638 1859">
     <span class='ocr_line' id='line_1_48' title="bbox 2327 1786 3638 1859; baseline -0.002 -15"><span class='ocrx_word' id='word_1_370' title='bbox 2327 1809 2339 1844; x_wconf 92' lang='lat'>:</span> <span class='ocrx_word' id='word_1_371' title='bbox 2385 1791 2643 1845; x_wconf 82' lang='lat' dir='ltr'><strong>Probetur</strong></span> <span class='ocrx_word' id='word_1_372' title='bbox 2688 1791 2834 1859; x_wconf 91' lang='lat' dir='ltr'><strong>prius</strong></span> <span class='ocrx_word' id='word_1_373' title='bbox 2880 1786 3018 1851; x_wconf 78' lang='lat' dir='ltr'><strong>quod</strong></span> <span class='ocrx_word' id='word_1_374' title='bbox 3067 1787 3230 1841; x_wconf 88' lang='lat' dir='ltr'><strong>unius</strong></span> <span class='ocrx_word' id='word_1_375' title='bbox 3273 1789 3511 1842; x_wconf 68' lang='lat' dir='ltr'><strong>essentia:</strong></span> <span class='ocrx_word' id='word_1_376' title='bbox 3551 1788 3638 1841; x_wconf 83' lang='lat' dir='ltr'><strong>sint</strong></span> 
     </span>
    </p>
   </div>
   <div class='ocr_carea' id='block_1_49' title="bbox 2091 1876 3641 1943">
    <p class='ocr_par' dir='ltr' id='par_1_49' title="bbox 2091 1876 3641 1943">
     <span class='ocr_line' id='line_1_49' title="bbox 2091 1876 3641 1943; baseline -0.005 -9"><span class='ocrx_word' id='word_1_377' title='bbox 2091 1881 2252 1935; x_wconf 76' lang='lat' dir='ltr'><strong>Pater</strong></span> <span class='ocrx_word' id='word_1_378' title='bbox 2290 1894 2353 1935; x_wconf 89' lang='lat' dir='ltr'><strong>ac</strong></span> <span class='ocrx_word' id='word_1_379' title='bbox 2398 1881 2582 1943; x_wconf 85' lang='lat' dir='ltr'><strong>Filius,</strong></span> <span class='ocrx_word' id='word_1_380' title='bbox 2634 1888 2691 1932; x_wconf 93' lang='lat' dir='ltr'><strong>ut</strong></span> <span class='ocrx_word' id='word_1_381' title='bbox 2737 1880 2985 1933; x_wconf 79' lang='lat' dir='ltr'><strong>credatur</strong></span> <span class='ocrx_word' id='word_1_382' title='bbox 3031 1877 3135 1932; x_wconf 87' lang='lat' dir='ltr'><strong>hoc</strong></span> <span class='ocrx_word' id='word_1_383' title='bbox 3188 1876 3402 1931; x_wconf 71' lang='lat' dir='ltr'><strong>Nicaeno</strong></span> <span class='ocrx_word' id='word_1_384' title='bbox 3440 1876 3641 1931; x_wconf 81' lang='lat' dir='ltr'><strong>concilio</strong></span> 
     </span>
    </p>
   </div>
   <div class='ocr_carea' id='block_1_50' title="bbox 2091 1969 3641 2042">
    <p class='ocr_par' dir='ltr' id='par_1_50' title="bbox 2091 1969 3641 2042">
     <span class='ocr_line' id='line_1_50' title="bbox 2091 1969 3641 2042; baseline -0.002 -16"><span class='ocrx_word' id='word_1_385' title='bbox 2091 1974 2461 2037; x_wconf 88' lang='lat' dir='ltr'><strong>terminatum;</strong></span> <span class='ocrx_word' id='word_1_386' title='bbox 2513 1982 2566 2027; x_wconf 89' lang='lat' dir='ltr'><strong>et</strong></span> <span class='ocrx_word' id='word_1_387' title='bbox 2613 1972 2734 2042; x_wconf 90' lang='lat' dir='ltr'><strong>quia</strong></span> <span class='ocrx_word' id='word_1_388' title='bbox 2785 1969 3263 2025; x_wconf 87' lang='lat' dir='ltr'><strong>consubstantialis</strong></span> <span class='ocrx_word' id='word_1_389' title='bbox 3309 1978 3391 2024; x_wconf 86' lang='lat' dir='ltr'><strong>est</strong></span> <span class='ocrx_word' id='word_1_390' title='bbox 3418 1969 3549 2022; x_wconf 80' lang='lat' dir='ltr'><strong>Patri</strong></span> <span class='ocrx_word' id='word_1_391' title='bbox 3588 1983 3641 2023; x_wconf 86' lang='lat' dir='ltr'><strong>ac</strong></span> 
     </span>
    </p>
   </div>
   <div class='ocr_carea' id='block_1_51' title="bbox 2094 2060 3643 2131">
    <p class='ocr_par' dir='ltr' id='par_1_51' title="bbox 2094 2060 3643 2131">
     <span class='ocr_line' id='line_1_51' title="bbox 2094 2060 3643 2131; baseline -0.004 -14"><span class='ocrx_word' id='word_1_392' title='bbox 2094 2064 2231 2118; x_wconf 84' lang='lat' dir='ltr'><strong>Filio</strong></span> <span class='ocrx_word' id='word_1_393' title='bbox 2262 2062 2491 2131; x_wconf 77' lang='lat' dir='ltr'><strong>Spiritus</strong></span> <span class='ocrx_word' id='word_1_394' title='bbox 2522 2073 2758 2123; x_wconf 70' lang='lat' dir='ltr'><strong>sanctus,</strong></span> <span class='ocrx_word' id='word_1_395' title='bbox 2812 2060 2932 2131; x_wconf 86' lang='lat' dir='ltr'><strong>quia</strong></span> <span class='ocrx_word' id='word_1_396' title='bbox 2967 2078 3069 2115; x_wconf 92' lang='lat' dir='ltr'><strong>non</strong></span> <span class='ocrx_word' id='word_1_397' title='bbox 3115 2060 3273 2116; x_wconf 88' lang='lat' dir='ltr'><strong>aliter</strong></span> <span class='ocrx_word' id='word_1_398' title='bbox 3304 2061 3444 2115; x_wconf 87' lang='lat' dir='ltr'><strong>credi</strong></span> <span class='ocrx_word' id='word_1_399' title='bbox 3492 2070 3643 2129; x_wconf 77' lang='lat' dir='ltr'><strong>poteSt</strong></span> 
     </span>
    </p>
   </div>
   <div class='ocr_carea' id='block_1_52' title="bbox 2089 2150 3644 2227">
    <p class='ocr_par' dir='ltr' id='par_1_52' title="bbox 2089 2150 3644 2227">
     <span class='ocr_line' id='line_1_52' title="bbox 2089 2150 3644 2227; baseline -0.004 -20"><span class='ocrx_word' id='word_1_400' title='bbox 2089 2157 2229 2225; x_wconf 82' lang='lat' dir='ltr'><strong>quod</strong></span> <span class='ocrx_word' id='word_1_401' title='bbox 2281 2160 2380 2210; x_wconf 85' lang='lat' dir='ltr'><strong>hoc</strong></span> <span class='ocrx_word' id='word_1_402' title='bbox 2430 2155 2666 2227; x_wconf 77' lang='lat' dir='ltr'><strong>synodus</strong></span> <span class='ocrx_word' id='word_1_403' title='bbox 2708 2152 3307 2220; x_wconf 72' lang='lat' dir='ltr'><strong>Lonstantinopzilitana</strong></span> <span class='ocrx_word' id='word_1_404' title='bbox 3357 2150 3644 2204; x_wconf 87' lang='lat' dir='ltr'><strong>decreverit.</strong></span> 
     </span>
    </p>
   </div>
   <div class='ocr_carea' id='block_1_53' title="bbox 2089 2243 3646 2317">
    <p class='ocr_par' dir='ltr' id='par_1_53' title="bbox 2089 2243 3646 2317">
     <span class='ocr_line' id='line_1_53' title="bbox 2089 2243 3646 2317; baseline -0.006 -15"><span class='ocrx_word' id='word_1_405' title='bbox 2089 2250 2262 2317; x_wconf 83' lang='lat' dir='ltr'><strong>Atque</strong></span> <span class='ocrx_word' id='word_1_406' title='bbox 2314 2248 2385 2299; x_wconf 90' lang='lat' dir='ltr'><strong>ita</strong></span> <span class='ocrx_word' id='word_1_407' title='bbox 2437 2244 2820 2315; x_wconf 63' lang='lat' dir='ltr'><strong>qttxstiouibus</strong></span> <span class='ocrx_word' id='word_1_408' title='bbox 2874 2246 3144 2299; x_wconf 84' lang='lat' dir='ltr'><strong>universis</strong></span> <span class='ocrx_word' id='word_1_409' title='bbox 3178 2243 3233 2297; x_wconf 91' lang='lat' dir='ltr'><strong>in</strong></span> <span class='ocrx_word' id='word_1_410' title='bbox 3279 2243 3489 2311; x_wconf 84' lang='lat' dir='ltr'><strong>antiquo</strong></span> <span class='ocrx_word' id='word_1_411' title='bbox 3526 2252 3646 2295; x_wconf 85' lang='lat' dir='ltr'><strong>statu</strong></span> 
     </span>
    </p>
   </div>
   <div class='ocr_carea' id='block_1_54' title="bbox 2088 2334 3650 2405">
    <p class='ocr_par' dir='ltr' id='par_1_54' title="bbox 2088 2334 3650 2405">
     <span class='ocr_line' id='line_1_54' title="bbox 2088 2334 3650 2405; baseline -0.006 -12"><span class='ocrx_word' id='word_1_412' title='bbox 2088 2340 2453 2402; x_wconf 82' lang='lat' dir='ltr'><strong>manentibus,</strong></span> <span class='ocrx_word' id='word_1_413' title='bbox 2508 2352 2610 2390; x_wconf 91' lang='lat' dir='ltr'><strong>non</strong></span> <span class='ocrx_word' id='word_1_414' title='bbox 2659 2336 2832 2390; x_wconf 82' lang='lat' dir='ltr'><strong>Solum</strong></span> <span class='ocrx_word' id='word_1_415' title='bbox 2882 2335 3015 2388; x_wconf 83' lang='lat' dir='ltr'><strong>nihil</strong></span> <span class='ocrx_word' id='word_1_416' title='bbox 3046 2336 3379 2405; x_wconf 86' lang='lat' dir='ltr'><strong>synodorum</strong></span> <span class='ocrx_word' id='word_1_417' title='bbox 3421 2334 3650 2387; x_wconf 81' lang='lat' dir='ltr'><strong>constitu-</strong></span> 
     </span>
    </p>
   </div>
   <div class='ocr_carea' id='block_1_55' title="bbox 2089 2425 3647 2493">
    <p class='ocr_par' dir='ltr' id='par_1_55' title="bbox 2089 2425 3647 2493">
     <span class='ocr_line' id='line_1_55' title="bbox 2089 2425 3647 2493; baseline -0.006 -7"><span class='ocrx_word' id='word_1_418' title='bbox 2089 2431 2322 2486; x_wconf 80' lang='lat' dir='ltr'><strong>tionibus</strong></span> <span class='ocrx_word' id='word_1_419' title='bbox 2375 2431 2675 2485; x_wconf 89' lang='lat' dir='ltr'><strong>absolututn</strong></span> <span class='ocrx_word' id='word_1_420' title='bbox 2731 2443 2853 2484; x_wconf 87' lang='lat' dir='ltr'><strong>esse</strong></span> <span class='ocrx_word' id='word_1_421' title='bbox 2904 2428 3203 2493; x_wconf 79' lang='lat' dir='ltr'><strong>videbitur,</strong></span> <span class='ocrx_word' id='word_1_422' title='bbox 3262 2428 3353 2481; x_wconf 89' lang='lat' dir='ltr'><strong>sed</strong></span> <span class='ocrx_word' id='word_1_423' title='bbox 3400 2427 3549 2480; x_wconf 82' lang='lat' dir='ltr'><strong>etiam</strong></span> <span class='ocrx_word' id='word_1_424' title='bbox 3591 2425 3647 2476; x_wconf 86' lang='lat' dir='ltr'><strong>ad</strong></span> 
     </span>
    </p>
   </div>
   <div class='ocr_carea' id='block_1_56' title="bbox 2090 2517 3652 2593">
    <p class='ocr_par' dir='ltr' id='par_1_56' title="bbox 2090 2517 3652 2593">
     <span class='ocr_line' id='line_1_56' title="bbox 2090 2517 3652 2593; baseline -0.006 -15"><span class='ocrx_word' id='word_1_425' title='bbox 2090 2522 2478 2593; x_wconf 79' lang='lat' dir='ltr'><strong>perpetuandas</strong></span> <span class='ocrx_word' id='word_1_426' title='bbox 2532 2522 2653 2576; x_wconf 91' lang='lat' dir='ltr'><strong>lites</strong></span> <span class='ocrx_word' id='word_1_427' title='bbox 2684 2521 3035 2590; x_wconf 71' lang='lat' dir='ltr'><strong>qurestionum</strong></span> <span class='ocrx_word' id='word_1_428' title='bbox 3090 2521 3144 2571; x_wconf 91' lang='lat' dir='ltr'><strong>in</strong></span> <span class='ocrx_word' id='word_1_429' title='bbox 3189 2521 3268 2574; x_wconf 87' lang='lat' dir='ltr'><strong>eis</strong></span> <span class='ocrx_word' id='word_1_430' title='bbox 3300 2517 3542 2572; x_wconf 87' lang='lat' dir='ltr'><strong>memoria</strong></span> <span class='ocrx_word' id='word_1_431' title='bbox 3578 2529 3652 2570; x_wconf 87' lang='lat' dir='ltr'><strong>re-</strong></span> 
     </span>
    </p>
   </div>
   <div class='ocr_carea' id='block_1_57' title="bbox 2088 2610 3655 2673">
    <p class='ocr_par' dir='ltr' id='par_1_57' title="bbox 2088 2610 3655 2673">
     <span class='ocr_line' id='line_1_57' title="bbox 2088 2610 3655 2673; baseline -0.006 -4"><span class='ocrx_word' id='word_1_432' title='bbox 2088 2625 2344 2669; x_wconf 82' lang='lat' dir='ltr'><strong>scrvata.’</strong></span> <span class='ocrx_word' id='word_1_433' title='bbox 2367 2613 2427 2667; x_wconf 81' lang='lat' dir='ltr'><strong>Et</strong></span> <span class='ocrx_word' id='word_1_434' title='bbox 2459 2611 2579 2668; x_wconf 92' lang='lat' dir='ltr'><strong>ideo</strong></span> <span class='ocrx_word' id='word_1_435' title='bbox 2621 2628 2726 2667; x_wconf 87' lang='lat' dir='ltr'><strong>non</strong></span> <span class='ocrx_word' id='word_1_436' title='bbox 2774 2614 2913 2667; x_wconf 90' lang='lat' dir='ltr'><strong>idem</strong></span> <span class='ocrx_word' id='word_1_437' title='bbox 2961 2613 3160 2665; x_wconf 78' lang='lat' dir='ltr'><strong>modus</strong></span> <span class='ocrx_word' id='word_1_438' title='bbox 3191 2624 3313 2665; x_wconf 90' lang='lat' dir='ltr'><strong>esse</strong></span> <span class='ocrx_word' id='word_1_439' title='bbox 3342 2610 3497 2664; x_wconf 87' lang='lat' dir='ltr'><strong>debet</strong></span> <span class='ocrx_word' id='word_1_440' title='bbox 3518 2618 3655 2673; x_wconf 83' lang='lat' dir='ltr'><strong>atque</strong></span> 
     </span>
    </p>
   </div>
   <div class='ocr_carea' id='block_1_58' title="bbox 2087 2700 3660 2776">
    <p class='ocr_par' dir='ltr' id='par_1_58' title="bbox 2087 2700 3660 2776">
     <span class='ocr_line' id='line_1_58' title="bbox 2087 2700 3660 2776; baseline -0.004 -15"><span class='ocrx_word' id='word_1_441' title='bbox 2087 2707 2219 2761; x_wconf 78' lang='lat' dir='ltr'><strong>ordo</strong></span> <span class='ocrx_word' id='word_1_442' title='bbox 2244 2704 2540 2776; x_wconf 63' lang='lat' dir='ltr'><strong>quaerendi,</strong></span> <span class='ocrx_word' id='word_1_443' title='bbox 2586 2716 2702 2773; x_wconf 86' lang='lat' dir='ltr'><strong>post</strong></span> <span class='ocrx_word' id='word_1_444' title='bbox 2731 2705 3100 2760; x_wconf 83' lang='lat' dir='ltr'><strong>definitionem</strong></span> <span class='ocrx_word' id='word_1_445' title='bbox 3136 2703 3355 2757; x_wconf 89' lang='lat' dir='ltr'><strong>concilii</strong></span> <span class='ocrx_word' id='word_1_446' title='bbox 3386 2702 3538 2756; x_wconf 89' lang='lat' dir='ltr'><strong>totius</strong></span> <span class='ocrx_word' id='word_1_447' title='bbox 3567 2700 3660 2755; x_wconf 80' lang='lat' dir='ltr'><strong>Ec-</strong></span> 
     </span>
    </p>
   </div>
   <div class='ocr_carea' id='block_1_59' title="bbox 2088 2792 3659 2863">
    <p class='ocr_par' dir='ltr' id='par_1_59' title="bbox 2088 2792 3659 2863">
     <span class='ocr_line' id='line_1_59' title="bbox 2088 2792 3659 2863; baseline -0.006 -11"><span class='ocrx_word' id='word_1_448' title='bbox 2088 2797 2268 2852; x_wconf 64' lang='lat' dir='ltr'><strong>clesiae</strong></span> <span class='ocrx_word' id='word_1_449' title='bbox 2312 2797 2669 2852; x_wconf 90' lang='lat' dir='ltr'><strong>consensione</strong></span> <span class='ocrx_word' id='word_1_450' title='bbox 2711 2795 2926 2861; x_wconf 84' lang='lat' dir='ltr'><strong>firmati,</strong></span> <span class='ocrx_word' id='word_1_451' title='bbox 2966 2793 3057 2863; x_wconf 92' lang='lat' dir='ltr'><strong>qui</strong></span> <span class='ocrx_word' id='word_1_452' title='bbox 3104 2793 3207 2849; x_wconf 91' lang='lat' dir='ltr'><strong>fuit</strong></span> <span class='ocrx_word' id='word_1_453' title='bbox 3254 2802 3380 2848; x_wconf 83' lang='lat' dir='ltr'><strong>ante</strong></span> <span class='ocrx_word' id='word_1_454' title='bbox 3418 2792 3659 2846; x_wconf 86' lang='lat' dir='ltr'><strong>deﬁnitio-</strong></span> 
     </span>
    </p>
   </div>
   <div class='ocr_carea' id='block_1_60' title="bbox 2090 2882 3661 2955">
    <p class='ocr_par' dir='ltr' id='par_1_60' title="bbox 2090 2882 3661 2955">
     <span class='ocr_line' id='line_1_60' title="bbox 2090 2882 3661 2955; baseline -0.006 -13"><span class='ocrx_word' id='word_1_455' title='bbox 2090 2903 2231 2942; x_wconf 89' lang='lat' dir='ltr'><strong>nem.</strong></span> <span class='ocrx_word' id='word_1_456' title='bbox 2283 2889 2435 2941; x_wconf 84' lang='lat' dir='ltr'><strong>Tunc</strong></span> <span class='ocrx_word' id='word_1_457' title='bbox 2483 2887 2624 2941; x_wconf 90' lang='lat' dir='ltr'><strong>enim</strong></span> <span class='ocrx_word' id='word_1_458' title='bbox 2674 2886 2810 2940; x_wconf 87' lang='lat' dir='ltr'><strong>ratio</strong></span> <span class='ocrx_word' id='word_1_459' title='bbox 2870 2886 3131 2955; x_wconf 88' lang='lat' dir='ltr'><strong>poscebat</strong></span> <span class='ocrx_word' id='word_1_460' title='bbox 3183 2896 3241 2938; x_wconf 91' lang='lat' dir='ltr'><strong>ut</strong></span> <span class='ocrx_word' id='word_1_461' title='bbox 3290 2886 3333 2938; x_wconf 89' lang='lat' dir='ltr'><strong>si</strong></span> <span class='ocrx_word' id='word_1_462' title='bbox 3385 2882 3661 2937; x_wconf 79' lang='lat' dir='ltr'><strong>orthodoxa</strong></span> 
     </span>
    </p>
   </div>
   <div class='ocr_carea' id='block_1_61' title="bbox 2089 2976 3658 3048">
    <p class='ocr_par' dir='ltr' id='par_1_61' title="bbox 2089 2976 3658 3048">
     <span class='ocr_line' id='line_1_61' title="bbox 2089 2976 3658 3048; baseline -0.003 -17"><span class='ocrx_word' id='word_1_463' title='bbox 2089 2978 2403 3048; x_wconf 87' lang='lat' dir='ltr'><strong>probaretur</strong></span> <span class='ocrx_word' id='word_1_464' title='bbox 2447 2977 2536 3030; x_wconf 89' lang='lat' dir='ltr'><strong>illa</strong></span> <span class='ocrx_word' id='word_1_465' title='bbox 2593 2976 2840 3045; x_wconf 89' lang='lat' dir='ltr'><strong>epistola,</strong></span> <span class='ocrx_word' id='word_1_466' title='bbox 2892 2976 3241 3045; x_wconf 55' lang='lat' dir='ltr'><strong>suscipienda</strong></span> <span class='ocrx_word' id='word_1_467' title='bbox 3294 2976 3658 3045; x_wconf 75' lang='lat' dir='ltr'><strong>judicaretnra</strong></span> 
     </span>
    </p>
   </div>
   <div class='ocr_carea' id='block_1_62' title="bbox 2090 3069 3660 3142">
    <p class='ocr_par' dir='ltr' id='par_1_62' title="bbox 2090 3069 3660 3142">
     <span class='ocr_line' id='line_1_62' title="bbox 2090 3069 3660 3142; baseline -0.004 -17"><span class='ocrx_word' id='word_1_468' title='bbox 2090 3070 2343 3142; x_wconf 84' lang='lat' dir='ltr'><strong>synodo:</strong></span> <span class='ocrx_word' id='word_1_469' title='bbox 2378 3083 2518 3122; x_wconf 87' lang='lat' dir='ltr'><strong>ttuuc</strong></span> <span class='ocrx_word' id='word_1_470' title='bbox 2564 3078 2741 3123; x_wconf 90' lang='lat' dir='ltr'><strong>autem</strong></span> <span class='ocrx_word' id='word_1_471' title='bbox 2792 3069 2930 3121; x_wconf 85' lang='lat' dir='ltr'><strong>ratio</strong></span> <span class='ocrx_word' id='word_1_472' title='bbox 2975 3069 3152 3135; x_wconf 85' lang='lat' dir='ltr'><strong>poscit</strong></span> <span class='ocrx_word' id='word_1_473' title='bbox 3216 3078 3298 3134; x_wconf 90' lang='lat' dir='ltr'><strong>ut,</strong></span> <span class='ocrx_word' id='word_1_474' title='bbox 3348 3070 3391 3122; x_wconf 88' lang='lat' dir='ltr'><strong>si</strong></span> <span class='ocrx_word' id='word_1_475' title='bbox 3436 3076 3660 3137; x_wconf 84' lang='lat' dir='ltr'><strong>suscepta</strong></span> 
     </span>
    </p>
   </div>
   <div class='ocr_carea' id='block_1_63' title="bbox 411 3159 1987 3236">
    <p class='ocr_par' dir='ltr' id='par_1_63' title="bbox 411 3162 1983 3236">
     <span class='ocr_line' id='line_1_63' title="bbox 411 3162 1983 3236; baseline 0.01 -28"><span class='ocrx_word' id='word_1_476' title='bbox 411 3170 517 3210; x_wconf 92' lang='lat' dir='ltr'><strong>non</strong></span> <span class='ocrx_word' id='word_1_477' title='bbox 559 3162 899 3226; x_wconf 64' lang='lat' dir='ltr'><strong>petuetnnt“</strong></span> <span class='ocrx_word' id='word_1_478' title='bbox 925 3177 1075 3216; x_wconf 76' lang='lat' dir='ltr'><strong>nova:</strong></span> <span class='ocrx_word' id='word_1_479' title='bbox 1106 3163 1392 3235; x_wconf 77' lang='lat' dir='ltr'><strong>diligentia:</strong></span> <span class='ocrx_word' id='word_1_480' title='bbox 1437 3179 1742 3236; x_wconf 88' lang='lat' dir='ltr'><strong>repertores</strong></span> <span class='ocrx_word' id='word_1_481' title='bbox 1780 3170 1983 3225; x_wconf 92' lang='lat' dir='ltr'><strong>crimen</strong></span> 
     </span>
    </p>
   </div>
   <div class='ocr_carea' id='block_1_64' title="bbox 2095 3159 3668 3236">
    <p class='ocr_par' dir='ltr' id='par_1_64' title="bbox 2096 3159 3668 3231">
     <span class='ocr_line' id='line_1_64' title="bbox 2096 3159 3668 3231; baseline -0.005 -14"><span class='ocrx_word' id='word_1_482' title='bbox 2096 3163 2357 3231; x_wconf 84' lang='lat' dir='ltr'><strong>probetur</strong></span> <span class='ocrx_word' id='word_1_483' title='bbox 2400 3178 2430 3215; x_wconf 88' lang='lat' dir='ltr'><strong>a</strong></span> <span class='ocrx_word' id='word_1_484' title='bbox 2463 3160 2687 3231; x_wconf 82' lang='lat' dir='ltr'><strong>synodo,</strong></span> <span class='ocrx_word' id='word_1_485' title='bbox 2730 3159 2999 3228; x_wconf 87' lang='lat' dir='ltr'><strong>jndicetur</strong></span> <span class='ocrx_word' id='word_1_486' title='bbox 3042 3159 3377 3214; x_wconf 54' lang='lat' dir='ltr'><strong>orthodoxa.</strong></span> <span class='ocrx_word' id='word_1_487' title='bbox 3425 3159 3564 3212; x_wconf 90' lang='lat' dir='ltr'><strong>llanc</strong></span> <span class='ocrx_word' id='word_1_488' title='bbox 3586 3160 3668 3210; x_wconf 85' lang='lat' dir='ltr'><strong>oh-</strong></span> 
     </span>
    </p>
   </div>
   <div class='ocr_carea' id='block_1_65' title="bbox 409 3250 1987 3323">
    <p class='ocr_par' dir='ltr' id='par_1_65' title="bbox 409 3250 1987 3323">
     <span class='ocr_line' id='line_1_65' title="bbox 409 3250 1987 3323; baseline 0.011 -24"><span class='ocrx_word' id='word_1_489' title='bbox 409 3250 723 3303; x_wconf 88' lang='lat' dir='ltr'><strong>tetneritatis</strong></span> <span class='ocrx_word' id='word_1_490' title='bbox 771 3252 1020 3317; x_wconf 88' lang='lat' dir='ltr'><strong>evadere,</strong></span> <span class='ocrx_word' id='word_1_491' title='bbox 1066 3254 1155 3323; x_wconf 87' lang='lat' dir='ltr'><strong>qui</strong></span> <span class='ocrx_word' id='word_1_492' title='bbox 1198 3262 1433 3311; x_wconf 89' lang='lat' dir='ltr'><strong>statuere</strong></span> <span class='ocrx_word' id='word_1_493' title='bbox 1479 3258 1596 3313; x_wconf 89' lang='lat' dir='ltr'><strong>ausi</strong></span> <span class='ocrx_word' id='word_1_494' title='bbox 1643 3268 1769 3314; x_wconf 90' lang='lat' dir='ltr'><strong>sunt</strong></span> <span class='ocrx_word' id='word_1_495' title='bbox 1812 3269 1877 3317; x_wconf 80' lang='lat' dir='ltr'><strong>eL</strong></span> <span class='ocrx_word' id='word_1_496' title='bbox 1903 3260 1987 3316; x_wconf 82' lang='lat' dir='ltr'><strong>di-</strong></span> 
     </span>
    </p>
   </div>
   <div class='ocr_carea' id='block_1_66' title="bbox 410 3339 1989 3421">
    <p class='ocr_par' dir='ltr' id='par_1_66' title="bbox 410 3339 1989 3421">
     <span class='ocr_line' id='line_1_66' title="bbox 410 3339 1989 3421; baseline 0.012 -31"><span class='ocrx_word' id='word_1_497' title='bbox 410 3351 531 3392; x_wconf 83' lang='lat' dir='ltr'><strong>cere</strong></span> <span class='ocrx_word' id='word_1_498' title='bbox 564 3356 576 3389; x_wconf 89' lang='lat'><strong>:</strong></span> <span class='ocrx_word' id='word_1_499' title='bbox 612 3339 669 3394; x_wconf 90' lang='lat' dir='ltr'><strong>Si</strong></span> <span class='ocrx_word' id='word_1_500' title='bbox 699 3339 819 3409; x_wconf 86' lang='lat' dir='ltr'><strong>quis</strong></span> <span class='ocrx_word' id='word_1_501' title='bbox 850 3342 980 3396; x_wconf 87' lang='lat' dir='ltr'><strong>dicit</strong></span> <span class='ocrx_word' id='word_1_502' title='bbox 1021 3353 1221 3397; x_wconf 89' lang='lat' dir='ltr'><strong>rectam</strong></span> <span class='ocrx_word' id='word_1_503' title='bbox 1249 3360 1371 3402; x_wconf 86' lang='lat' dir='ltr'><strong>esse</strong></span> <span class='ocrx_word' id='word_1_504' title='bbox 1416 3347 1483 3403; x_wconf 90' lang='lat' dir='ltr'><strong>ad</strong></span> <span class='ocrx_word' id='word_1_505' title='bbox 1528 3349 1712 3404; x_wconf 80' lang='lat' dir='ltr'><strong>Marim</strong></span> <span class='ocrx_word' id='word_1_506' title='bbox 1743 3352 1763 3381; x_wconf 76' lang='lat'><strong><em>’</em></strong></span> <span class='ocrx_word' id='word_1_507' title='bbox 1788 3353 1989 3421; x_wconf 88' lang='lat' dir='ltr'><strong>episto-</strong></span> 
     </span>
    </p>
   </div>
   <div class='ocr_carea' id='block_1_67' title="bbox 409 3429 1983 3511">
    <p class='ocr_par' dir='ltr' id='par_1_67' title="bbox 409 3429 1983 3511">
     <span class='ocr_line' id='line_1_67' title="bbox 409 3429 1983 3511; baseline 0.012 -31"><span class='ocrx_word' id='word_1_508' title='bbox 409 3429 533 3494; x_wconf 86' lang='lat' dir='ltr'><strong>lam,</strong></span> <span class='ocrx_word' id='word_1_509' title='bbox 584 3440 676 3485; x_wconf 91' lang='lat' dir='ltr'><strong>aut</strong></span> <span class='ocrx_word' id='word_1_510' title='bbox 703 3446 820 3486; x_wconf 89' lang='lat' dir='ltr'><strong>eam</strong></span> <span class='ocrx_word' id='word_1_511' title='bbox 848 3432 1108 3502; x_wconf 80' lang='lat' dir='ltr'><strong>defendit,</strong></span> <span class='ocrx_word' id='word_1_512' title='bbox 1152 3445 1205 3490; x_wconf 92' lang='lat' dir='ltr'><strong>et</strong></span> <span class='ocrx_word' id='word_1_513' title='bbox 1252 3453 1355 3491; x_wconf 92' lang='lat' dir='ltr'><strong>non</strong></span> <span class='ocrx_word' id='word_1_514' title='bbox 1386 3440 1802 3498; x_wconf 85' lang='lat' dir='ltr'><strong>anatltematizat</strong></span> <span class='ocrx_word' id='word_1_515' title='bbox 1844 3460 1983 3511; x_wconf 90' lang='lat' dir='ltr'><strong>eam,</strong></span> 
     </span>
    </p>
   </div>
   <div class='ocr_carea' id='block_1_68' title="bbox 410 3520 1991 3605">
    <p class='ocr_par' dir='ltr' id='par_1_68' title="bbox 410 3520 1991 3605">
     <span class='ocr_line' id='line_1_68' title="bbox 410 3520 1991 3605; baseline 0.011 -32"><span class='ocrx_word' id='word_1_516' title='bbox 410 3520 696 3576; x_wconf 85' lang='lat' dir='ltr'><strong>anathema</strong></span> <span class='ocrx_word' id='word_1_517' title='bbox 747 3522 842 3577; x_wconf 89' lang='lat' dir='ltr'><strong>sit.</strong></span> <span class='ocrx_word' id='word_1_518' title='bbox 901 3524 1030 3578; x_wconf 76' lang='lat' dir='ltr'><strong>Nam</strong></span> <span class='ocrx_word' id='word_1_519' title='bbox 1079 3541 1196 3581; x_wconf 79' lang='lat' dir='ltr'><strong>ram</strong></span> <span class='ocrx_word' id='word_1_520' title='bbox 1248 3528 1703 3588; x_wconf 85' lang='lat' dir='ltr'><strong>Chalcedonensis</strong></span> <span class='ocrx_word' id='word_1_521' title='bbox 1754 3536 1991 3605; x_wconf 82' lang='lat' dir='ltr'><strong>synodus</strong></span> 
     </span>
    </p>
   </div>
   <div class='ocr_carea' id='block_1_69' title="bbox 411 3609 1989 3685">
    <p class='ocr_par' dir='ltr' id='par_1_69' title="bbox 411 3609 1989 3685">
     <span class='ocr_line' id='line_1_69' title="bbox 411 3609 1989 3685; baseline 0.01 -23"><span class='ocrx_word' id='word_1_522' title='bbox 411 3618 612 3664; x_wconf 84' lang='lat' dir='ltr'><strong>rectam</strong></span> <span class='ocrx_word' id='word_1_523' title='bbox 654 3609 804 3677; x_wconf 89' lang='lat' dir='ltr'><strong>dicit,</strong></span> <span class='ocrx_word' id='word_1_524' title='bbox 848 3610 957 3668; x_wconf 90' lang='lat' dir='ltr'><strong>Leo</strong></span> <span class='ocrx_word' id='word_1_525' title='bbox 985 3613 1067 3668; x_wconf 88' lang='lat' dir='ltr'><strong>vel</strong></span> <span class='ocrx_word' id='word_1_526' title='bbox 1094 3616 1140 3668; x_wconf 91' lang='lat' dir='ltr'><strong>si</strong></span> <span class='ocrx_word' id='word_1_527' title='bbox 1166 3631 1272 3671; x_wconf 91' lang='lat' dir='ltr'><strong>non</strong></span> <span class='ocrx_word' id='word_1_528' title='bbox 1299 3619 1598 3685; x_wconf 77' lang='lat' dir='ltr'><strong>confit-mat,</strong></span> <span class='ocrx_word' id='word_1_529' title='bbox 1629 3636 1734 3676; x_wconf 93' lang='lat' dir='ltr'><strong>non</strong></span> <span class='ocrx_word' id='word_1_530' title='bbox 1762 3624 1989 3680; x_wconf 89' lang='lat' dir='ltr'><strong>anathe-</strong></span> 
     </span>
    </p>
   </div>
   <div class='ocr_carea' id='block_1_70' title="bbox 410 3699 1992 3785">
    <p class='ocr_par' dir='ltr' id='par_1_70' title="bbox 410 3699 1992 3785">
     <span class='ocr_line' id='line_1_70' title="bbox 410 3699 1992 3785; baseline 0.012 -33"><span class='ocrx_word' id='word_1_531' title='bbox 410 3699 629 3755; x_wconf 88' lang='lat' dir='ltr'><strong>matizat</strong></span> <span class='ocrx_word' id='word_1_532' title='bbox 658 3715 774 3756; x_wconf 88' lang='lat' dir='ltr'><strong>eam</strong></span> <span class='ocrx_word' id='word_1_533' title='bbox 808 3719 820 3757; x_wconf 91' lang='lat'><strong>:</strong></span> <span class='ocrx_word' id='word_1_534' title='bbox 856 3703 1155 3760; x_wconf 82' lang='lat' dir='ltr'><strong>Anatbema</strong></span> <span class='ocrx_word' id='word_1_535' title='bbox 1185 3705 1345 3775; x_wconf 71' lang='lat' dir='ltr'><strong>igitur</strong></span> <span class='ocrx_word' id='word_1_536' title='bbox 1375 3708 1441 3764; x_wconf 85' lang='lat' dir='ltr'><strong>ab</strong></span> <span class='ocrx_word' id='word_1_537' title='bbox 1474 3709 1590 3766; x_wconf 82' lang='lat' dir='ltr'><strong>isﬁs</strong></span> <span class='ocrx_word' id='word_1_538' title='bbox 1631 3727 1752 3768; x_wconf 91' lang='lat' dir='ltr'><strong>cum</strong></span> <span class='ocrx_word' id='word_1_539' title='bbox 1783 3716 1992 3785; x_wconf 87' lang='lat' dir='ltr'><strong>synodo</strong></span> 
     </span>
    </p>
   </div>
   <div class='ocr_carea' id='block_1_71' title="bbox 412 3792 1298 3857">
    <p class='ocr_par' dir='ltr' id='par_1_71' title="bbox 412 3792 1298 3857">
     <span class='ocr_line' id='line_1_71' title="bbox 412 3792 1298 3857; baseline 0.006 -10"><span class='ocrx_word' id='word_1_540' title='bbox 412 3792 833 3857; x_wconf 79' lang='lat' dir='ltr'><strong>Chalcedonensi</strong></span> <span class='ocrx_word' id='word_1_541' title='bbox 861 3796 1034 3853; x_wconf 89' lang='lat' dir='ltr'><strong>factus</strong></span> <span class='ocrx_word' id='word_1_542' title='bbox 1060 3808 1142 3854; x_wconf 83' lang='lat' dir='ltr'><strong>est</strong></span> <span class='ocrx_word' id='word_1_543' title='bbox 1168 3797 1298 3855; x_wconf 83' lang='lat' dir='ltr'><strong>Leo.</strong></span> 
     </span>
    </p>
   </div>
   <div class='ocr_carea' id='block_1_72' title="bbox 1033 3951 1351 4010">
    <p class='ocr_par' dir='ltr' id='par_1_72' title="bbox 1033 3951 1351 4010">
     <span class='ocr_line' id='line_1_72' title="bbox 1033 3951 1351 4010; baseline 0 -3"><span class='ocrx_word' id='word_1_544' title='bbox 1033 3951 1260 4010; x_wconf 81' lang='lat' dir='ltr'><strong>CAPUT</strong></span> <span class='ocrx_word' id='word_1_545' title='bbox 1290 3953 1351 4008; x_wconf 81' lang='lat' dir='ltr'><strong>V.</strong></span> 
     </span>
    </p>
   </div>
   <div class='ocr_carea' id='block_1_73' title="bbox 410 4062 1989 4139">
    <p class='ocr_par' dir='ltr' id='par_1_73' title="bbox 410 4062 1989 4139">
     <span class='ocr_line' id='line_1_73' title="bbox 410 4062 1989 4139; baseline 0.006 -22"><span class='ocrx_word' id='word_1_546' title='bbox 410 4062 559 4130; x_wconf 79' lang='lat' dir='ltr'><strong>Quod</strong></span> <span class='ocrx_word' id='word_1_547' title='bbox 590 4064 936 4139; x_wconf 13' lang='lat' dir='ltr'><strong>postrdeereta</strong></span> <span class='ocrx_word' id='word_1_548' title='bbox 978 4067 1317 4139; x_wconf 63' lang='lat' dir='ltr'><strong>conciliorum</strong></span> <span class='ocrx_word' id='word_1_549' title='bbox 1371 4069 1630 4137; x_wconf 74' lang='lat' dir='ltr'><strong>disputare</strong></span> <span class='ocrx_word' id='word_1_550' title='bbox 1660 4088 1762 4125; x_wconf 83' lang='lat' dir='ltr'><strong>non</strong></span> <span class='ocrx_word' id='word_1_551' title='bbox 1816 4072 1989 4139; x_wconf 82' lang='lat' dir='ltr'><strong>liceat,</strong></span> 
     </span>
    </p>
   </div>
   <div class='ocr_carea' id='block_1_74' title="bbox 478 4135 1995 4214">
    <p class='ocr_par' dir='ltr' id='par_1_74' title="bbox 478 4135 1995 4214">
     <span class='ocr_line' id='line_1_74' title="bbox 478 4135 1995 4214; baseline 0.007 -27"><span class='ocrx_word' id='word_1_552' title='bbox 478 4135 835 4214; x_wconf 65' lang='lat' dir='ltr'><strong>neoaudiendi</strong></span> <span class='ocrx_word' id='word_1_553' title='bbox 863 4138 961 4214; x_wconf 78' lang='lat' dir='ltr'><strong>sint</strong></span> <span class='ocrx_word' id='word_1_554' title='bbox 987 4135 1321 4214; x_wconf 74' lang='lat' dir='ltr'><strong>Eutychiani,</strong></span> <span class='ocrx_word' id='word_1_555' title='bbox 1349 4142 1393 4192; x_wconf 97' lang='lat' dir='ltr'><strong>si</strong></span> <span class='ocrx_word' id='word_1_556' title='bbox 1422 4135 1627 4195; x_wconf 73' lang='lat' dir='ltr'><strong>concilii</strong></span> <span class='ocrx_word' id='word_1_557' title='bbox 1649 4143 1714 4195; x_wconf 85' lang='lat' dir='ltr'><strong>de</strong></span> <span class='ocrx_word' id='word_1_558' title='bbox 1754 4142 1860 4198; x_wconf 68' lang='lat' dir='ltr'><strong>lba’</strong></span> <span class='ocrx_word' id='word_1_559' title='bbox 1885 4135 1995 4214; x_wconf 76' lang='lat' dir='ltr'><strong>epi-</strong></span> 
     </span>
    </p>
   </div>
   <div class='ocr_carea' id='block_1_75' title="bbox 476 4206 1207 4275">
    <p class='ocr_par' dir='ltr' id='par_1_75' title="bbox 476 4206 1207 4275">
     <span class='ocr_line' id='line_1_75' title="bbox 476 4206 1207 4275; baseline 0.004 -15"><span class='ocrx_word' id='word_1_560' title='bbox 476 4207 608 4260; x_wconf 80' lang='lat' dir='ltr'><strong>stola</strong></span> <span class='ocrx_word' id='word_1_561' title='bbox 638 4206 925 4275; x_wconf 79' lang='lat' dir='ltr'><strong>deﬁnitioni</strong></span> <span class='ocrx_word' id='word_1_562' title='bbox 946 4206 1207 4263; x_wconf 77' lang='lat' dir='ltr'><strong>resistent.</strong></span> 
     </span>
    </p>
   </div>
   <div class='ocr_carea' id='block_1_76' title="bbox 488 4339 1995 4413">
    <p class='ocr_par' dir='ltr' id='par_1_76' title="bbox 488 4339 1995 4413">
     <span class='ocr_line' id='line_1_76' title="bbox 488 4339 1995 4413; baseline 0.003 -18"><span class='ocrx_word' id='word_1_563' title='bbox 488 4339 591 4395; x_wconf 90' lang='lat' dir='ltr'><strong>Sed</strong></span> <span class='ocrx_word' id='word_1_564' title='bbox 649 4340 771 4407; x_wconf 88' lang='lat' dir='ltr'><strong>quia</strong></span> <span class='ocrx_word' id='word_1_565' title='bbox 820 4339 1165 4401; x_wconf 83' lang='lat' dir='ltr'><strong>evidentiae</strong></span> <span class='ocrx_word' id='word_1_566' title='bbox 1217 4342 1495 4413; x_wconf 88' lang='lat' dir='ltr'><strong>multiplici</strong></span> <span class='ocrx_word' id='word_1_567' title='bbox 1553 4345 1995 4400; x_wconf 88' lang='lat' dir='ltr'><strong>documentorum</strong></span> 
     </span>
    </p>
   </div>
   <div class='ocr_carea' id='block_1_77' title="bbox 411 4431 1995 4506">
    <p class='ocr_par' dir='ltr' id='par_1_77' title="bbox 411 4431 1995 4506">
     <span class='ocr_line' id='line_1_77' title="bbox 411 4431 1995 4506; baseline 0.004 -20"><span class='ocrx_word' id='word_1_568' title='bbox 411 4431 751 4486; x_wconf 90' lang='lat' dir='ltr'><strong>convictione</strong></span> <span class='ocrx_word' id='word_1_569' title='bbox 779 4440 1136 4487; x_wconf 90' lang='lat' dir='ltr'><strong>monstratum</strong></span> <span class='ocrx_word' id='word_1_570' title='bbox 1164 4442 1267 4499; x_wconf 90' lang='lat' dir='ltr'><strong>est,</strong></span> <span class='ocrx_word' id='word_1_571' title='bbox 1292 4435 1620 4490; x_wconf 89' lang='lat' dir='ltr'><strong>mendaciter</strong></span> <span class='ocrx_word' id='word_1_572' title='bbox 1648 4438 1829 4506; x_wconf 81' lang='lat' dir='ltr'><strong>negari</strong></span> <span class='ocrx_word' id='word_1_573' title='bbox 1853 4437 1995 4506; x_wconf 91' lang='lat' dir='ltr'><strong>quod</strong></span> 
     </span>
    </p>
   </div>
   <div class='ocr_carea' id='block_1_78' title="bbox 2092 3249 3667 3320">
    <p class='ocr_par' dir='ltr' id='par_1_78' title="bbox 2092 3249 3667 3320">
     <span class='ocr_line' id='line_1_78' title="bbox 2092 3249 3667 3320; baseline -0.006 -11"><span class='ocrx_word' id='word_1_574' title='bbox 2092 3254 2418 3310; x_wconf 90' lang='lat' dir='ltr'><strong>servantiam</strong></span> <span class='ocrx_word' id='word_1_575' title='bbox 2460 3252 2786 3320; x_wconf 75' lang='lat' dir='ltr'><strong>tenentibus,</strong></span> <span class='ocrx_word' id='word_1_576' title='bbox 2824 3251 2954 3306; x_wconf 90' lang='lat' dir='ltr'><strong>nihil</strong></span> <span class='ocrx_word' id='word_1_577' title='bbox 2984 3252 3142 3304; x_wconf 86' lang='lat' dir='ltr'><strong>nobis</strong></span> <span class='ocrx_word' id='word_1_578' title='bbox 3177 3249 3667 3320; x_wconf 54' lang='lat' dir='ltr'><strong>prtevalchit‘hterc-</strong></span> 
     </span>
    </p>
   </div>
   <div class='ocr_carea' id='block_1_79' title="bbox 2094 3343 3673 3413">
    <p class='ocr_par' dir='ltr' id='par_1_79' title="bbox 2094 3343 3673 3413">
     <span class='ocr_line' id='line_1_79' title="bbox 2094 3343 3673 3413; baseline -0.008 -10"><span class='ocrx_word' id='word_1_579' title='bbox 2094 3351 2319 3404; x_wconf 90' lang='lat' dir='ltr'><strong>ticorum</strong></span> <span class='ocrx_word' id='word_1_580' title='bbox 2380 3346 2673 3411; x_wconf 74' lang='lat' dir='ltr'><strong>calliditas,</strong></span> <span class='ocrx_word' id='word_1_581' title='bbox 2737 3345 2781 3400; x_wconf 90' lang='lat' dir='ltr'><strong>si</strong></span> <span class='ocrx_word' id='word_1_582' title='bbox 2836 3343 3077 3413; x_wconf 86' lang='lat' dir='ltr'><strong>judicare</strong></span> <span class='ocrx_word' id='word_1_583' title='bbox 3138 3359 3251 3399; x_wconf 91' lang='lat' dir='ltr'><strong>non</strong></span> <span class='ocrx_word' id='word_1_584' title='bbox 3315 3354 3673 3412; x_wconf 69' lang='lat' dir='ltr'><strong>praesumamus</strong></span> 
     </span>
    </p>
   </div>
   <div class='ocr_carea' id='block_1_80' title="bbox 2097 3431 3674 3509">
    <p class='ocr_par' dir='ltr' id='par_1_80' title="bbox 2097 3431 3674 3509">
     <span class='ocr_line' id='line_1_80' title="bbox 2097 3431 3674 3509; baseline -0.008 -15"><span class='ocrx_word' id='word_1_585' title='bbox 2097 3440 2237 3509; x_wconf 87' lang='lat' dir='ltr'><strong>quod</strong></span> <span class='ocrx_word' id='word_1_586' title='bbox 2293 3439 2587 3508; x_wconf 79' lang='lat' dir='ltr'><strong>intelligere</strong></span> <span class='ocrx_word' id='word_1_587' title='bbox 2633 3450 2737 3491; x_wconf 94' lang='lat' dir='ltr'><strong>non</strong></span> <span class='ocrx_word' id='word_1_588' title='bbox 2767 3437 3023 3491; x_wconf 87' lang='lat' dir='ltr'><strong>valemus.</strong></span> <span class='ocrx_word' id='word_1_589' title='bbox 3078 3438 3407 3505; x_wconf 80' lang='lat' dir='ltr'><strong>Quanquam</strong></span> <span class='ocrx_word' id='word_1_590' title='bbox 3452 3431 3674 3489; x_wconf 77' lang='lat' dir='ltr'><strong>nonnihil</strong></span> 
     </span>
    </p>
   </div>
   <div class='ocr_carea' id='block_1_81' title="bbox 2094 3528 3673 3588">
    <p class='ocr_par' dir='ltr' id='par_1_81' title="bbox 2094 3528 3673 3588">
     <span class='ocr_line' id='line_1_81' title="bbox 2094 3528 3673 3588; baseline -0.007 -1"><span class='ocrx_word' id='word_1_591' title='bbox 2094 3531 2459 3588; x_wconf 84' lang='lat' dir='ltr'><strong>intelleximus</strong></span> <span class='ocrx_word' id='word_1_592' title='bbox 2483 3532 2541 3585; x_wconf 70' lang='grc' dir='ltr'><strong>δε</strong></span> <span class='ocrx_word' id='word_1_593' title='bbox 2570 3530 2932 3586; x_wconf 79' lang='lat' dir='ltr'><strong>intelleximus</strong></span> <span class='ocrx_word' id='word_1_594' title='bbox 2961 3529 3107 3584; x_wconf 87' lang='lat' dir='ltr'><strong>enim</strong></span> <span class='ocrx_word' id='word_1_595' title='bbox 3141 3528 3522 3584; x_wconf 79' lang='lat' dir='ltr'><strong>haereticorum</strong></span> <span class='ocrx_word' id='word_1_596' title='bbox 3545 3528 3673 3578; x_wconf 87' lang='lat' dir='ltr'><strong>frau-</strong></span> 
     </span>
    </p>
   </div>
   <div class='ocr_carea' id='block_1_82' title="bbox 2103 3619 3674 3691">
    <p class='ocr_par' dir='ltr' id='par_1_82' title="bbox 2103 3619 3674 3691">
     <span class='ocr_line' id='line_1_82' title="bbox 2103 3619 3674 3691; baseline -0.008 -13"><span class='ocrx_word' id='word_1_597' title='bbox 2103 3623 2224 3688; x_wconf 88' lang='lat' dir='ltr'><strong>des,</strong></span> <span class='ocrx_word' id='word_1_598' title='bbox 2253 3636 2572 3691; x_wconf 88' lang='lat' dir='ltr'><strong>erroresque</strong></span> <span class='ocrx_word' id='word_1_599' title='bbox 2613 3619 3005 3676; x_wconf 87' lang='lat' dir='ltr'><strong>convincimus.</strong></span> <span class='ocrx_word' id='word_1_600' title='bbox 3039 3619 3164 3673; x_wconf 85' lang='lat' dir='ltr'><strong>Nou</strong></span> <span class='ocrx_word' id='word_1_601' title='bbox 3199 3634 3332 3691; x_wconf 78' lang='lat' dir='ltr'><strong>ergo</strong></span> <span class='ocrx_word' id='word_1_602' title='bbox 3373 3632 3552 3688; x_wconf 85' lang='lat' dir='ltr'><strong>parum</strong></span> <span class='ocrx_word' id='word_1_603' title='bbox 3581 3622 3674 3674; x_wconf 61' lang='lat' dir='ltr'><strong>est,</strong></span> 
     </span>
    </p>
   </div>
   <div class='ocr_carea' id='block_1_83' title="bbox 2107 3704 3679 3785">
    <p class='ocr_par' dir='ltr' id='par_1_83' title="bbox 2107 3704 3679 3785">
     <span class='ocr_line' id='line_1_83' title="bbox 2107 3704 3679 3785; baseline -0.008 -16"><span class='ocrx_word' id='word_1_604' title='bbox 2107 3714 2248 3785; x_wconf 91' lang='lat' dir='ltr'><strong>quod</strong></span> <span class='ocrx_word' id='word_1_605' title='bbox 2281 3712 2541 3769; x_wconf 89' lang='lat' dir='ltr'><strong>veraciter</strong></span> <span class='ocrx_word' id='word_1_606' title='bbox 2568 3712 2891 3769; x_wconf 83' lang='lat' dir='ltr'><strong>dedocemus</strong></span> <span class='ocrx_word' id='word_1_607' title='bbox 2922 3727 3197 3777; x_wconf 82' lang='lat' dir='ltr'><strong>errorem,</strong></span> <span class='ocrx_word' id='word_1_608' title='bbox 3229 3711 3335 3765; x_wconf 89' lang='lat' dir='ltr'><strong>etsi</strong></span> <span class='ocrx_word' id='word_1_609' title='bbox 3367 3712 3568 3781; x_wconf 67' lang='lat' dir='ltr'><strong>plenam</strong></span> <span class='ocrx_word' id='word_1_610' title='bbox 3598 3704 3679 3759; x_wconf 77' lang='lat' dir='ltr'><strong>do-</strong></span> 
     </span>
    </p>
   </div>
   <div class='ocr_carea' id='block_1_84' title="bbox 2103 3798 3679 3875">
    <p class='ocr_par' dir='ltr' id='par_1_84' title="bbox 2103 3798 3679 3875">
     <span class='ocr_line' id='line_1_84' title="bbox 2103 3798 3679 3875; baseline -0.01 -11"><span class='ocrx_word' id='word_1_611' title='bbox 2103 3822 2228 3865; x_wconf 88' lang='lat' dir='ltr'><strong>cere</strong></span> <span class='ocrx_word' id='word_1_612' title='bbox 2268 3822 2371 3860; x_wconf 92' lang='lat' dir='ltr'><strong>non</strong></span> <span class='ocrx_word' id='word_1_613' title='bbox 2418 3821 2702 3875; x_wconf 89' lang='lat' dir='ltr'><strong>possumus</strong></span> <span class='ocrx_word' id='word_1_614' title='bbox 2750 3805 3051 3859; x_wconf 88' lang='lat' dir='ltr'><strong>veritatem.</strong></span> <span class='ocrx_word' id='word_1_615' title='bbox 3115 3804 3199 3858; x_wconf 80' lang='lat' dir='ltr'><strong>Ad</strong></span> <span class='ocrx_word' id='word_1_616' title='bbox 3261 3801 3546 3858; x_wconf 80' lang='lat' dir='ltr'><strong>.lercmiain</strong></span> <span class='ocrx_word' id='word_1_617' title='bbox 3593 3798 3679 3850; x_wconf 55' lang='lat' dir='ltr'><strong>Do.</strong></span> 
     </span>
    </p>
   </div>
   <div class='ocr_carea' id='block_1_85' title="bbox 2098 3891 3689 3954">
    <p class='ocr_par' dir='ltr' id='par_1_85' title="bbox 2098 3891 3689 3954">
     <span class='ocr_line' id='line_1_85' title="bbox 2098 3891 3689 3954; baseline -0.011 0"><span class='ocrx_word' id='word_1_618' title='bbox 2098 3900 2275 3954; x_wconf 87' lang='lat' dir='ltr'><strong>minus</strong></span> <span class='ocrx_word' id='word_1_619' title='bbox 2322 3896 2492 3953; x_wconf 85' lang='lat' dir='ltr'><strong>dicit:</strong></span> <span class='ocrx_word' id='word_1_620' title='bbox 2530 3895 2662 3950; x_wconf 81' lang='lat' dir='ltr'><strong>Ecce</strong></span> <span class='ocrx_word' id='word_1_621' title='bbox 2707 3894 2825 3949; x_wconf 85' lang='lat' dir='ltr'><strong>dedi</strong></span> <span class='ocrx_word' id='word_1_622' title='bbox 2863 3895 3010 3949; x_wconf 83' lang='lat' dir='ltr'><strong>verba</strong></span> <span class='ocrx_word' id='word_1_623' title='bbox 3065 3910 3191 3947; x_wconf 85' lang='lat' dir='ltr'><strong>mea</strong></span> <span class='ocrx_word' id='word_1_624' title='bbox 3244 3895 3298 3947; x_wconf 82' lang='lat' dir='ltr'><strong>in</strong></span> <span class='ocrx_word' id='word_1_625' title='bbox 3351 3908 3406 3947; x_wconf 88' lang='lat' dir='ltr'><strong>os</strong></span> <span class='ocrx_word' id='word_1_626' title='bbox 3455 3900 3609 3952; x_wconf 81' lang='lat' dir='ltr'><strong>tuum,</strong></span> <span class='ocrx_word' id='word_1_627' title='bbox 3646 3891 3689 3938; x_wconf 84' lang='lat' dir='ltr'><strong>et</strong></span> 
     </span>
    </p>
   </div>
   <div class='ocr_carea' id='block_1_86' title="bbox 2100 3982 3691 4056">
    <p class='ocr_par' dir='ltr' id='par_1_86' title="bbox 2100 3982 3691 4056">
     <span class='ocr_line' id='line_1_86' title="bbox 2100 3982 3691 4056; baseline -0.009 -15"><span class='ocrx_word' id='word_1_628' title='bbox 2100 3988 2336 4043; x_wconf 75' lang='lat' dir='ltr'><strong>constitui</strong></span> <span class='ocrx_word' id='word_1_629' title='bbox 2364 3996 2410 4040; x_wconf 87' lang='lat' dir='ltr'><strong>te</strong></span> <span class='ocrx_word' id='word_1_630' title='bbox 2440 3986 2593 4041; x_wconf 86' lang='lat' dir='ltr'><strong>hodie</strong></span> <span class='ocrx_word' id='word_1_631' title='bbox 2619 4002 2771 4053; x_wconf 82' lang='lat' dir='ltr'><strong>super</strong></span> <span class='ocrx_word' id='word_1_632' title='bbox 2798 3995 2992 4055; x_wconf 79' lang='lat' dir='ltr'><strong>gentes,</strong></span> <span class='ocrx_word' id='word_1_633' title='bbox 3041 3994 3091 4037; x_wconf 88' lang='lat' dir='ltr'><strong>et</strong></span> <span class='ocrx_word' id='word_1_634' title='bbox 3137 4000 3332 4056; x_wconf 53' lang='lat' dir='ltr'><strong>regna,</strong></span> <span class='ocrx_word' id='word_1_635' title='bbox 3364 3982 3621 4036; x_wconf 80' lang='lat' dir='ltr'><strong>eradicare</strong></span> <span class='ocrx_word' id='word_1_636' title='bbox 3645 3983 3691 4028; x_wconf 82' lang='lat' dir='ltr'><strong>et</strong></span> 
     </span>
    </p>
   </div>
   <div class='ocr_carea' id='block_1_87' title="bbox 2097 4072 3689 4146">
    <p class='ocr_par' dir='ltr' id='par_1_87' title="bbox 2097 4072 3689 4146">
     <span class='ocr_line' id='line_1_87' title="bbox 2097 4072 3689 4146; baseline -0.008 -14"><span class='ocrx_word' id='word_1_637' title='bbox 2097 4078 2343 4146; x_wconf 75' lang='lat' dir='ltr'><strong>effodere,</strong></span> <span class='ocrx_word' id='word_1_638' title='bbox 2388 4087 2434 4130; x_wconf 91' lang='lat' dir='ltr'><strong>et</strong></span> <span class='ocrx_word' id='word_1_639' title='bbox 2481 4076 2793 4145; x_wconf 82' lang='lat' dir='ltr'><strong>disperdere,</strong></span> <span class='ocrx_word' id='word_1_640' title='bbox 2851 4084 2897 4128; x_wconf 88' lang='lat' dir='ltr'><strong>et</strong></span> <span class='ocrx_word' id='word_1_641' title='bbox 2939 4074 3278 4141; x_wconf 71' lang='lat' dir='ltr'><strong>recedi/icore</strong></span> <span class='ocrx_word' id='word_1_642' title='bbox 3325 4082 3374 4126; x_wconf 88' lang='lat' dir='ltr'><strong>et</strong></span> <span class='ocrx_word' id='word_1_643' title='bbox 3420 4072 3689 4142; x_wconf 74' lang='lat' dir='ltr'><strong>repluntare</strong></span> 
     </span>
    </p>
   </div>
   <div class='ocr_carea' id='block_1_88' title="bbox 2100 4159 3684 4238">
    <p class='ocr_par' dir='ltr' id='par_1_88' title="bbox 2100 4159 3684 4238">
     <span class='ocr_line' id='line_1_88' title="bbox 2100 4159 3684 4238; baseline -0.009 -17"><span class='ocrx_word' id='word_1_644' title='bbox 2100 4167 2233 4238; x_wconf 82' lang='lat' dir='ltr'><strong>(Jer.</strong></span> <span class='ocrx_word' id='word_1_645' title='bbox 2266 4183 2304 4231; x_wconf 89' lang='grc' dir='ltr'>ι,</span> <span class='ocrx_word' id='word_1_646' title='bbox 2337 4166 2450 4237; x_wconf 82' lang='grc'><strong>10).</strong></span> <span class='ocrx_word' id='word_1_647' title='bbox 2481 4166 2705 4220; x_wconf 88' lang='lat' dir='ltr'><strong>.luhetur</strong></span> <span class='ocrx_word' id='word_1_648' title='bbox 2732 4165 2910 4233; x_wconf 86' lang='lat' dir='ltr'><strong>itaque</strong></span> <span class='ocrx_word' id='word_1_649' title='bbox 2939 4164 3209 4233; x_wconf 56' lang='lat' dir='ltr'><strong>propheta</strong></span> <span class='ocrx_word' id='word_1_650' title='bbox 3245 4162 3395 4231; x_wconf 64' lang='lat' dir='ltr'><strong>prius</strong></span> <span class='ocrx_word' id='word_1_651' title='bbox 3420 4159 3684 4215; x_wconf 82' lang='lat' dir='ltr'><strong>e&#39;radicare</strong></span> 
     </span>
    </p>
   </div>
   <div class='ocr_carea' id='block_1_89' title="bbox 2099 4252 3691 4329">
    <p class='ocr_par' dir='ltr' id='par_1_89' title="bbox 2099 4252 3691 4329">
     <span class='ocr_line' id='line_1_89' title="bbox 2099 4252 3691 4329; baseline -0.003 -13"><span class='ocrx_word' id='word_1_652' title='bbox 2099 4270 2155 4317; x_wconf 90' lang='lat' dir='ltr'><strong>et</strong></span> <span class='ocrx_word' id='word_1_653' title='bbox 2180 4260 2438 4327; x_wconf 58' lang='lat' dir='ltr'><strong>effudere,</strong></span> <span class='ocrx_word' id='word_1_654' title='bbox 2486 4267 2541 4314; x_wconf 89' lang='lat' dir='ltr'><strong>et</strong></span> <span class='ocrx_word' id='word_1_655' title='bbox 2565 4258 2877 4329; x_wconf 85' lang='lat' dir='ltr'><strong>disperdere</strong></span> <span class='ocrx_word' id='word_1_656' title='bbox 2918 4272 3143 4313; x_wconf 89' lang='lat' dir='ltr'><strong>errores</strong></span> <span class='ocrx_word' id='word_1_657' title='bbox 3187 4268 3363 4327; x_wconf 86' lang='lat' dir='ltr'><strong>atque</strong></span> <span class='ocrx_word' id='word_1_658' title='bbox 3410 4252 3691 4312; x_wconf 59' lang='lat' dir='ltr'><strong>utetdaciai</strong></span> 
     </span>
    </p>
   </div>
   <div class='ocr_carea' id='block_1_90' title="bbox 2102 4347 3691 4419">
    <p class='ocr_par' dir='ltr' id='par_1_90' title="bbox 2102 4347 3691 4419">
     <span class='ocr_line' id='line_1_90' title="bbox 2102 4347 3691 4419; baseline -0.008 -11"><span class='ocrx_word' id='word_1_659' title='bbox 2102 4364 2156 4408; x_wconf 90' lang='lat' dir='ltr'><strong>et</strong></span> <span class='ocrx_word' id='word_1_660' title='bbox 2204 4352 2531 4407; x_wconf 65' lang='lat' dir='ltr'><strong>remdiﬁi-are</strong></span> <span class='ocrx_word' id='word_1_661' title='bbox 2567 4360 2619 4406; x_wconf 92' lang='lat' dir='ltr'><strong>et</strong></span> <span class='ocrx_word' id='word_1_662' title='bbox 2661 4351 2903 4419; x_wconf 87' lang='lat' dir='ltr'><strong>plantare</strong></span> <span class='ocrx_word' id='word_1_663' title='bbox 2953 4350 3255 4404; x_wconf 88' lang='lat' dir='ltr'><strong>scientiam</strong></span> <span class='ocrx_word' id='word_1_664' title='bbox 3305 4358 3363 4403; x_wconf 90' lang='lat' dir='ltr'><strong>et</strong></span> <span class='ocrx_word' id='word_1_665' title='bbox 3404 4347 3691 4402; x_wconf 83' lang='lat' dir='ltr'><strong>veritatem.</strong></span> 
     </span>
    </p>
   </div>
   <div class='ocr_carea' id='block_1_91' title="bbox 2104 4436 3696 4515">
    <p class='ocr_par' dir='ltr' id='par_1_91' title="bbox 2104 4436 3696 4515">
     <span class='ocr_line' id='line_1_91' title="bbox 2104 4436 3696 4515; baseline -0.009 -14"><span class='ocrx_word' id='word_1_666' title='bbox 2104 4447 2217 4501; x_wconf 89' lang='lat' dir='ltr'><strong>lloc</strong></span> <span class='ocrx_word' id='word_1_667' title='bbox 2249 4443 2543 4515; x_wconf 87' lang='lat' dir='ltr'><strong>perfectum</strong></span> <span class='ocrx_word' id='word_1_668' title='bbox 2575 4454 2657 4497; x_wconf 90' lang='lat' dir='ltr'><strong>est</strong></span> <span class='ocrx_word' id='word_1_669' title='bbox 2700 4457 2855 4510; x_wconf 90' lang='lat' dir='ltr'><strong>opus,</strong></span> <span class='ocrx_word' id='word_1_670' title='bbox 2887 4451 2942 4495; x_wconf 89' lang='lat' dir='ltr'><strong>et</strong></span> <span class='ocrx_word' id='word_1_671' title='bbox 2968 4442 3075 4495; x_wconf 88' lang='lat' dir='ltr'><strong>iste</strong></span> <span class='ocrx_word' id='word_1_672' title='bbox 3122 4438 3511 4510; x_wconf 66' lang='lat' dir='ltr'><strong>praedicatoris</strong></span> <span class='ocrx_word' id='word_1_673' title='bbox 3539 4446 3615 4491; x_wconf 89' lang='lat' dir='ltr'><strong>est</strong></span> <span class='ocrx_word' id='word_1_674' title='bbox 3645 4436 3696 4487; x_wconf 85' lang='lat' dir='ltr'><strong>fi-</strong></span> 
     </span>
    </p>
   </div>
   <div class='ocr_carea' id='block_1_92' title="bbox 412 4522 3695 4617">
    <p class='ocr_par' dir='ltr' id='par_1_92' title="bbox 412 4522 3695 4617">
     <span class='ocr_line' id='line_1_92' title="bbox 412 4522 3695 4617; baseline 0.002 -40"><span class='ocrx_word' id='word_1_675' title='bbox 412 4522 691 4593; x_wconf 75' lang='lat' dir='ltr'><strong>epistolam</strong></span> <span class='ocrx_word' id='word_1_676' title='bbox 714 4527 1037 4582; x_wconf 86' lang='lat' dir='ltr'><strong>venerabilis</strong></span> <span class='ocrx_word' id='word_1_677' title='bbox 1062 4527 1169 4583; x_wconf 65' lang='lat' dir='ltr'><strong>Ibae</strong></span> <span class='ocrx_word' id='word_1_678' title='bbox 1195 4528 1433 4600; x_wconf 91' lang='lat' dir='ltr'><strong>synodus</strong></span> <span class='ocrx_word' id='word_1_679' title='bbox 1457 4529 1478 4561; x_wconf 82' lang='grc'>⁸</span> <span class='ocrx_word' id='word_1_680' title='bbox 1508 4532 1869 4601; x_wconf 87' lang='lat' dir='ltr'><strong>pronuntiavit</strong></span> <span class='ocrx_word' id='word_1_681' title='bbox 1906 4548 1995 4588; x_wconf 88' lang='lat' dir='ltr'><strong>or-</strong></span> <span class='ocrx_word' id='word_1_682' title='bbox 2022 4557 2075 4617; x_wconf 70' lang='grc' dir='ltr'><strong>Β</strong></span> <span class='ocrx_word' id='word_1_683' title='bbox 2105 4542 2188 4596; x_wconf 83' lang='lat' dir='ltr'><strong>nis</strong></span> <span class='ocrx_word' id='word_1_684' title='bbox 2219 4560 2231 4594; x_wconf 92' lang='lat'>:</span> <span class='ocrx_word' id='word_1_685' title='bbox 2259 4555 2418 4610; x_wconf 90' lang='lat' dir='ltr'><strong>quem</strong></span> <span class='ocrx_word' id='word_1_686' title='bbox 2449 4539 2494 4594; x_wconf 89' lang='lat' dir='ltr'><strong>si</strong></span> <span class='ocrx_word' id='word_1_687' title='bbox 2524 4554 2630 4593; x_wconf 91' lang='lat' dir='ltr'><strong>non</strong></span> <span class='ocrx_word' id='word_1_688' title='bbox 2657 4538 2897 4593; x_wconf 88' lang='lat' dir='ltr'><strong>valemus</strong></span> <span class='ocrx_word' id='word_1_689' title='bbox 2942 4538 3250 4608; x_wconf 81' lang='lat' dir='ltr'><strong>attingere,</strong></span> <span class='ocrx_word' id='word_1_690' title='bbox 3282 4544 3496 4591; x_wconf 86' lang='lat' dir='ltr'><strong>certum</strong></span> <span class='ocrx_word' id='word_1_691' title='bbox 3536 4542 3610 4587; x_wconf 81' lang='lat' dir='ltr'><strong>est</strong></span> <span class='ocrx_word' id='word_1_692' title='bbox 3632 4539 3695 4583; x_wconf 90' lang='lat' dir='ltr'><strong>ta-</strong></span> 
     </span>
    </p>
   </div>
   <div class='ocr_carea' id='block_1_93' title="bbox 416 4616 1996 4692">
    <p class='ocr_par' dir='ltr' id='par_1_93' title="bbox 416 4616 1996 4692">
     <span class='ocr_line' id='line_1_93' title="bbox 416 4616 1996 4692; baseline 0.008 -22"><span class='ocrx_word' id='word_1_693' title='bbox 416 4616 729 4684; x_wconf 80' lang='lat' dir='ltr'><strong>thodoxam,</strong></span> <span class='ocrx_word' id='word_1_694' title='bbox 760 4628 814 4674; x_wconf 91' lang='lat' dir='ltr'><strong>et</strong></span> <span class='ocrx_word' id='word_1_695' title='bbox 851 4619 1010 4676; x_wconf 90' lang='lat' dir='ltr'><strong>simul</strong></span> <span class='ocrx_word' id='word_1_696' title='bbox 1045 4620 1295 4692; x_wconf 88' lang='lat' dir='ltr'><strong>apparuit</strong></span> <span class='ocrx_word' id='word_1_697' title='bbox 1322 4624 1465 4692; x_wconf 88' lang='lat' dir='ltr'><strong>quod</strong></span> <span class='ocrx_word' id='word_1_698' title='bbox 1504 4639 1622 4680; x_wconf 91' lang='lat' dir='ltr'><strong>eam</strong></span> <span class='ocrx_word' id='word_1_699' title='bbox 1662 4641 1763 4681; x_wconf 91' lang='lat' dir='ltr'><strong>nec</strong></span> <span class='ocrx_word' id='word_1_700' title='bbox 1808 4626 1996 4682; x_wconf 88' lang='lat' dir='ltr'><strong>beatus</strong></span> 
     </span>
    </p>
   </div>
   <div class='ocr_carea' id='block_1_94' title="bbox 418 4708 1996 4785">
    <p class='ocr_par' dir='ltr' id='par_1_94' title="bbox 418 4708 1996 4785">
     <span class='ocr_line' id='line_1_94' title="bbox 418 4708 1996 4785; baseline 0.008 -24"><span class='ocrx_word' id='word_1_701' title='bbox 418 4708 523 4762; x_wconf 83' lang='lat' dir='ltr'><strong>Leo</strong></span> <span class='ocrx_word' id='word_1_702' title='bbox 573 4708 947 4765; x_wconf 84' lang='lat' dir='ltr'><strong>Nestorianam</strong></span> <span class='ocrx_word' id='word_1_703' title='bbox 994 4712 1360 4782; x_wconf 88' lang='lat' dir='ltr'><strong>jndicaverit,</strong></span> <span class='ocrx_word' id='word_1_704' title='bbox 1414 4730 1537 4769; x_wconf 89' lang='lat' dir='ltr'><strong>nam</strong></span> <span class='ocrx_word' id='word_1_705' title='bbox 1594 4717 1775 4785; x_wconf 91' lang='lat' dir='ltr'><strong>procul</strong></span> <span class='ocrx_word' id='word_1_706' title='bbox 1832 4717 1996 4773; x_wconf 89' lang='lat' dir='ltr'><strong>dubio</strong></span> 
     </span>
    </p>
   </div>
   <div class='ocr_carea' id='block_1_95' title="bbox 416 4802 1997 4876">
    <p class='ocr_par' dir='ltr' id='par_1_95' title="bbox 416 4802 1997 4876">
     <span class='ocr_line' id='line_1_95' title="bbox 416 4802 1997 4876; baseline 0.004 -20"><span class='ocrx_word' id='word_1_707' title='bbox 416 4804 575 4856; x_wconf 87' lang='lat' dir='ltr'><strong>etiam</strong></span> <span class='ocrx_word' id='word_1_708' title='bbox 604 4802 884 4858; x_wconf 83' lang='lat' dir='ltr'><strong>manifesta</strong></span> <span class='ocrx_word' id='word_1_709' title='bbox 911 4804 1179 4859; x_wconf 83' lang='lat' dir='ltr'><strong>sententia</strong></span> <span class='ocrx_word' id='word_1_710' title='bbox 1202 4804 1614 4876; x_wconf 80' lang='lat' dir='ltr'><strong>vehementique</strong></span> <span class='ocrx_word' id='word_1_711' title='bbox 1636 4807 1957 4863; x_wconf 85' lang='lat' dir='ltr'><strong>damnaret“</strong></span> <span class='ocrx_word' id='word_1_712' title='bbox 1985 4828 1997 4862; x_wconf 88' lang='lat'>:</span> 
     </span>
    </p>
   </div>
   <div class='ocr_carea' id='block_1_96' title="bbox 413 4893 2004 4969">
    <p class='ocr_par' dir='ltr' id='par_1_96' title="bbox 413 4893 2004 4969">
     <span class='ocr_line' id='line_1_96' title="bbox 413 4893 2004 4969; baseline 0.004 -19"><span class='ocrx_word' id='word_1_713' title='bbox 413 4893 610 4950; x_wconf 87' lang='lat' dir='ltr'><strong>sufficit</strong></span> <span class='ocrx_word' id='word_1_714' title='bbox 656 4895 812 4949; x_wconf 84' lang='lat' dir='ltr'><strong>nobis</strong></span> <span class='ocrx_word' id='word_1_715' title='bbox 848 4895 916 4949; x_wconf 89' lang='lat' dir='ltr'><strong>ad</strong></span> <span class='ocrx_word' id='word_1_716' title='bbox 946 4894 1318 4950; x_wconf 81' lang='lat' dir='ltr'><strong>defensionem</strong></span> <span class='ocrx_word' id='word_1_717' title='bbox 1347 4894 1520 4965; x_wconf 88' lang='lat' dir='ltr'><strong>ipsius</strong></span> <span class='ocrx_word' id='word_1_718' title='bbox 1562 4899 1822 4968; x_wconf 70' lang='lat' dir='ltr'><strong>epistolae,</strong></span> <span class='ocrx_word' id='word_1_719' title='bbox 1862 4901 2004 4969; x_wconf 91' lang='lat' dir='ltr'><strong>quod</strong></span> 
     </span>
    </p>
   </div>
   <div class='ocr_carea' id='block_1_97' title="bbox 415 4985 2004 5062">
    <p class='ocr_par' dir='ltr' id='par_1_97' title="bbox 415 4985 2004 5062">
     <span class='ocr_line' id='line_1_97' title="bbox 415 4985 2004 5062; baseline 0.004 -22"><span class='ocrx_word' id='word_1_720' title='bbox 415 5002 531 5041; x_wconf 87' lang='lat' dir='ltr'><strong>earn</strong></span> <span class='ocrx_word' id='word_1_721' title='bbox 561 4997 705 5042; x_wconf 83' lang='lat' dir='ltr'><strong>tanta</strong></span> <span class='ocrx_word' id='word_1_722' title='bbox 735 4987 993 5057; x_wconf 88' lang='lat' dir='ltr'><strong>synodus,</strong></span> <span class='ocrx_word' id='word_1_723' title='bbox 1022 4998 1076 5043; x_wconf 89' lang='lat' dir='ltr'><strong>et</strong></span> <span class='ocrx_word' id='word_1_724' title='bbox 1106 4985 1277 5057; x_wconf 83' lang='lat' dir='ltr'><strong>ipsius</strong></span> <span class='ocrx_word' id='word_1_725' title='bbox 1303 4998 1491 5044; x_wconf 89' lang='lat' dir='ltr'><strong>auctor</strong></span> <span class='ocrx_word' id='word_1_726' title='bbox 1519 4991 1731 5062; x_wconf 87' lang='lat' dir='ltr'><strong>synodi,</strong></span> <span class='ocrx_word' id='word_1_727' title='bbox 1769 4994 1849 5047; x_wconf 82' lang='lat' dir='ltr'><strong>vir</strong></span> <span class='ocrx_word' id='word_1_728' title='bbox 1873 5008 2004 5060; x_wconf 82' lang='lat' dir='ltr'><strong>apo-</strong></span> 
     </span>
    </p>
   </div>
   <div class='ocr_carea' id='block_1_98' title="bbox 415 5078 1997 5148">
    <p class='ocr_par' dir='ltr' id='par_1_98' title="bbox 415 5078 1997 5148">
     <span class='ocr_line' id='line_1_98' title="bbox 415 5078 1997 5148; baseline 0.006 -19"><span class='ocrx_word' id='word_1_729' title='bbox 415 5080 658 5148; x_wconf 87' lang='lat' dir='ltr'><strong>sto‘icus,</strong></span> <span class='ocrx_word' id='word_1_730' title='bbox 702 5090 756 5134; x_wconf 88' lang='lat' dir='ltr'><strong>et</strong></span> <span class='ocrx_word' id='word_1_731' title='bbox 793 5078 847 5133; x_wconf 91' lang='lat' dir='ltr'><strong>in</strong></span> <span class='ocrx_word' id='word_1_732' title='bbox 890 5079 1135 5135; x_wconf 89' lang='lat' dir='ltr'><strong>doctrina</strong></span> <span class='ocrx_word' id='word_1_733' title='bbox 1176 5079 1418 5136; x_wconf 85' lang='lat' dir='ltr'><strong>veritatis</strong></span> <span class='ocrx_word' id='word_1_734' title='bbox 1458 5090 1569 5137; x_wconf 91' lang='lat' dir='ltr'><strong>toto</strong></span> <span class='ocrx_word' id='word_1_735' title='bbox 1614 5083 1745 5139; x_wconf 88' lang='lat' dir='ltr'><strong>orbe</strong></span> <span class='ocrx_word' id='word_1_736' title='bbox 1777 5084 1997 5139; x_wconf 90' lang='lat' dir='ltr'><strong>notissi-</strong></span> 
     </span>
    </p>
   </div>
   <div class='ocr_carea' id='block_1_99' title="bbox 418 5171 1995 5241">
    <p class='ocr_par' dir='ltr' id='par_1_99' title="bbox 418 5171 1995 5241">
     <span class='ocr_line' id='line_1_99' title="bbox 418 5171 1995 5241; baseline 0.005 -18"><span class='ocrx_word' id='word_1_737' title='bbox 418 5187 556 5237; x_wconf 86' lang='lat' dir='ltr'><strong>mus,</strong></span> <span class='ocrx_word' id='word_1_738' title='bbox 585 5171 915 5239; x_wconf 88' lang='lat' dir='ltr'><strong>approbavit.</strong></span> <span class='ocrx_word' id='word_1_739' title='bbox 947 5171 1071 5227; x_wconf 73' lang='lat' dir='ltr'><strong>llmc</strong></span> <span class='ocrx_word' id='word_1_740' title='bbox 1100 5181 1179 5226; x_wconf 90' lang='lat' dir='ltr'><strong>est</strong></span> <span class='ocrx_word' id='word_1_741' title='bbox 1210 5174 1378 5241; x_wconf 85' lang='lat' dir='ltr'><strong>prima</strong></span> <span class='ocrx_word' id='word_1_742' title='bbox 1411 5183 1465 5229; x_wconf 89' lang='lat' dir='ltr'><strong>et</strong></span> <span class='ocrx_word' id='word_1_743' title='bbox 1506 5175 1792 5230; x_wconf 90' lang='lat' dir='ltr'><strong>immobilis</strong></span> <span class='ocrx_word' id='word_1_744' title='bbox 1815 5190 1877 5231; x_wconf 92' lang='lat' dir='ltr'><strong>ac</strong></span> <span class='ocrx_word' id='word_1_745' title='bbox 1902 5189 1995 5231; x_wconf 87' lang='lat' dir='ltr'><strong>se-</strong></span> 
     </span>
    </p>
   </div>
   <div class='ocr_carea' id='block_1_100' title="bbox 493 5329 1982 5404">
    <p class='ocr_par' dir='ltr' id='par_1_100' title="bbox 493 5329 1982 5404">
     <span class='ocr_line' id='line_1_100' title="bbox 493 5329 1982 5404; baseline 0.003 -19"><span class='ocrx_word' id='word_1_746' title='bbox 493 5329 749 5404; x_wconf 66' lang='lat' dir='ltr'><strong>‘_Synodi</strong></span> <span class='ocrx_word' id='word_1_747' title='bbox 801 5333 1075 5404; x_wconf 81' lang='lat' dir='ltr'><strong>cujusque,</strong></span> <span class='ocrx_word' id='word_1_748' title='bbox 1126 5341 1184 5386; x_wconf 90' lang='lat' dir='ltr'><strong>ut</strong></span> <span class='ocrx_word' id='word_1_749' title='bbox 1231 5343 1314 5387; x_wconf 88' lang='lat' dir='ltr'><strong>est</strong></span> <span class='ocrx_word' id='word_1_750' title='bbox 1358 5334 1495 5404; x_wconf 85' lang='lat' dir='ltr'><strong>apud</strong></span> <span class='ocrx_word' id='word_1_751' title='bbox 1533 5335 1879 5389; x_wconf 79' lang='lat' dir='ltr'><strong>Athanasium</strong></span> <span class='ocrx_word' id='word_1_752' title='bbox 1930 5338 1982 5392; x_wconf 91' lang='lat' dir='ltr'><strong>in</strong></span> 
     </span>
    </p>
   </div>
   <div class='ocr_carea' id='block_1_101' title="bbox 421 5400 1984 5475">
    <p class='ocr_par' dir='ltr' id='par_1_101' title="bbox 421 5400 1984 5475">
     <span class='ocr_line' id='line_1_101' title="bbox 421 5400 1984 5475; baseline 0.006 -24"><span class='ocrx_word' id='word_1_753' title='bbox 421 5400 765 5475; x_wconf 77' lang='lat' dir='ltr'><strong>apolo_gia_‘:&#39;.,_</strong></span> <span class='ocrx_word' id='word_1_754' title='bbox 814 5400 1137 5475; x_wconf 80' lang='lat' dir='ltr'><strong>inconcussa</strong></span> <span class='ocrx_word' id='word_1_755' title='bbox 1176 5414 1259 5458; x_wconf 89' lang='lat' dir='ltr'><strong>est</strong></span> <span class='ocrx_word' id='word_1_756' title='bbox 1288 5400 1596 5471; x_wconf 81' lang='lat' dir='ltr'><strong>auctoritas,</strong></span> <span class='ocrx_word' id='word_1_757' title='bbox 1643 5416 1696 5461; x_wconf 91' lang='lat' dir='ltr'><strong>et</strong></span> <span class='ocrx_word' id='word_1_758' title='bbox 1735 5406 1984 5475; x_wconf 87' lang='lat' dir='ltr'><strong>injuriam</strong></span> 
     </span>
    </p>
   </div>
   <div class='ocr_carea' id='block_1_102' title="bbox 422 5471 1982 5544">
    <p class='ocr_par' dir='ltr' id='par_1_102' title="bbox 422 5471 1982 5544">
     <span class='ocr_line' id='line_1_102' title="bbox 422 5471 1982 5544; baseline 0.003 -21"><span class='ocrx_word' id='word_1_759' title='bbox 422 5473 625 5540; x_wconf 74' lang='lat' dir='ltr'><strong>synodo</strong></span> <span class='ocrx_word' id='word_1_760' title='bbox 670 5471 791 5526; x_wconf 88' lang='lat' dir='ltr'><strong>facit</strong></span> <span class='ocrx_word' id='word_1_761' title='bbox 828 5472 920 5541; x_wconf 83' lang='lat' dir='ltr'><strong>qui</strong></span> <span class='ocrx_word' id='word_1_762' title='bbox 974 5488 1085 5527; x_wconf 87' lang='lat' dir='ltr'><strong>rem</strong></span> <span class='ocrx_word' id='word_1_763' title='bbox 1122 5474 1411 5543; x_wconf 86' lang='lat' dir='ltr'><strong>judicatatn</strong></span> <span class='ocrx_word' id='word_1_764' title='bbox 1458 5477 1649 5531; x_wconf 88' lang='lat' dir='ltr'><strong>iterum</strong></span> <span class='ocrx_word' id='word_1_765' title='bbox 1692 5471 1982 5544; x_wconf 73' lang='lat' dir='ltr'><strong>examinat,</strong></span> 
     </span>
    </p>
   </div>
   <div class='ocr_carea' id='block_1_103' title="bbox 497 5612 1641 5680">
    <p class='ocr_par' dir='ltr' id='par_1_103' title="bbox 497 5612 1641 5680">
     <span class='ocr_line' id='line_1_103' title="bbox 497 5612 1641 5680; baseline 0.003 -14"><span class='ocrx_word' id='word_1_766' title='bbox 497 5613 512 5643; x_wconf 78' lang='grc'><strong>⁸</strong></span> <span class='ocrx_word' id='word_1_767' title='bbox 543 5612 673 5667; x_wconf 90' lang='lat' dir='ltr'><strong>Cod.</strong></span> <span class='ocrx_word' id='word_1_768' title='bbox 712 5612 928 5677; x_wconf 65' lang='lat' dir='ltr'><strong>Veron,</strong></span> <span class='ocrx_word' id='word_1_769' title='bbox 959 5630 1127 5680; x_wconf 83' lang='lat' dir='ltr'><strong>quem,</strong></span> <span class='ocrx_word' id='word_1_770' title='bbox 1158 5615 1360 5671; x_wconf 90' lang='lat' dir='ltr'><strong>scilicet</strong></span> <span class='ocrx_word' id='word_1_771' title='bbox 1390 5616 1641 5670; x_wconf 87' lang='lat' dir='ltr'><strong>Leonem.</strong></span> 
     </span>
    </p>
   </div>
   <div class='ocr_carea' id='block_1_104' title="bbox 498 5684 1416 5753">
    <p class='ocr_par' dir='ltr' id='par_1_104' title="bbox 498 5684 1416 5753">
     <span class='ocr_line' id='line_1_104' title="bbox 498 5684 1416 5753; baseline 0.002 -17"><span class='ocrx_word' id='word_1_772' title='bbox 498 5688 515 5715; x_wconf 82' lang='grc'>³</span> <span class='ocrx_word' id='word_1_773' title='bbox 546 5685 688 5737; x_wconf 86' lang='lat' dir='ltr'><strong>ldettt</strong></span> <span class='ocrx_word' id='word_1_774' title='bbox 715 5684 860 5747; x_wconf 89' lang='lat' dir='ltr'><strong>cod.,</strong></span> <span class='ocrx_word' id='word_1_775' title='bbox 890 5685 1095 5753; x_wconf 83' lang='lat' dir='ltr'><strong>impiam</strong></span> <span class='ocrx_word' id='word_1_776' title='bbox 1134 5685 1416 5753; x_wconf 76' lang='lat' dir='ltr'><strong>epistolam.</strong></span> 
     </span>
    </p>
   </div>
   <div class='ocr_carea' id='block_1_105' title="bbox 489 5823 945 5893">
    <p class='ocr_par' dir='ltr' id='par_1_105' title="bbox 489 5823 945 5893">
     <span class='ocr_line' id='line_1_105' title="bbox 489 5823 945 5893; baseline -0.002 -16"><span class='ocrx_word' id='word_1_777' title='bbox 489 5828 508 5850; x_wconf 74' lang='grc'>⁶</span> <span class='ocrx_word' id='word_1_778' title='bbox 546 5825 625 5877; x_wconf 68' lang='lat' dir='ltr'><strong>An</strong></span> <span class='ocrx_word' id='word_1_779' title='bbox 658 5832 891 5893; x_wconf 73' lang='lat' dir='ltr'><strong>poerunt</strong></span> <span class='ocrx_word' id='word_1_780' title='bbox 922 5823 945 5876; x_wconf 86' lang='lat'><strong><em>?</em></strong></span> 
     </span>
    </p>
   </div>
   <div class='ocr_carea' id='block_1_106' title="bbox 2104 4628 3699 4702">
    <p class='ocr_par' dir='ltr' id='par_1_106' title="bbox 2104 4628 3699 4702">
     <span class='ocr_line' id='line_1_106' title="bbox 2104 4628 3699 4702; baseline -0.009 -15"><span class='ocrx_word' id='word_1_781' title='bbox 2104 4649 2226 4688; x_wconf 89' lang='lat' dir='ltr'><strong>men</strong></span> <span class='ocrx_word' id='word_1_782' title='bbox 2274 4648 2374 4687; x_wconf 89' lang='lat' dir='ltr'><strong>nos</strong></span> <span class='ocrx_word' id='word_1_783' title='bbox 2401 4631 2604 4702; x_wconf 89' lang='lat' dir='ltr'><strong>aliquid</strong></span> <span class='ocrx_word' id='word_1_784' title='bbox 2658 4630 2947 4700; x_wconf 89' lang='lat' dir='ltr'><strong>incepisse.</strong></span> <span class='ocrx_word' id='word_1_785' title='bbox 2995 4628 3138 4682; x_wconf 85' lang='lat' dir='ltr'><strong>Nam</strong></span> <span class='ocrx_word' id='word_1_786' title='bbox 3191 4629 3613 4687; x_wconf 72' lang='lat' dir='ltr'><strong>eradiravimus,</strong></span> <span class='ocrx_word' id='word_1_787' title='bbox 3656 4631 3699 4675; x_wconf 89' lang='lat' dir='ltr'><strong>ct</strong></span> 
     </span>
    </p>
   </div>
   <div class='ocr_carea' id='block_1_107' title="bbox 2106 4717 3699 4789">
    <p class='ocr_par' dir='ltr' id='par_1_107' title="bbox 2106 4717 3699 4789">
     <span class='ocr_line' id='line_1_107' title="bbox 2106 4717 3699 4789; baseline -0.008 -11"><span class='ocrx_word' id='word_1_788' title='bbox 2106 4722 2414 4787; x_wconf 73' lang='lat' dir='ltr'><strong>effudimus,</strong></span> <span class='ocrx_word' id='word_1_789' title='bbox 2465 4720 2955 4789; x_wconf 78' lang='lat' dir='ltr'><strong>etdisperdiilimus</strong></span> <span class='ocrx_word' id='word_1_790' title='bbox 3001 4718 3155 4788; x_wconf 87' lang='lat' dir='ltr'><strong>quod</strong></span> <span class='ocrx_word' id='word_1_791' title='bbox 3214 4717 3621 4780; x_wconf 76' lang='lat' dir='ltr'><strong>erailieattdum,</strong></span> <span class='ocrx_word' id='word_1_792' title='bbox 3656 4722 3699 4766; x_wconf 82' lang='lat' dir='ltr'><strong>et</strong></span> 
     </span>
    </p>
   </div>
   <div class='ocr_carea' id='block_1_108' title="bbox 2107 4808 3700 4880">
    <p class='ocr_par' dir='ltr' id='par_1_108' title="bbox 2107 4808 3700 4880">
     <span class='ocr_line' id='line_1_108' title="bbox 2107 4808 3700 4880; baseline -0.007 -12"><span class='ocrx_word' id='word_1_793' title='bbox 2107 4812 2465 4869; x_wconf 83' lang='lat' dir='ltr'><strong>effodiendum</strong></span> <span class='ocrx_word' id='word_1_794' title='bbox 2488 4851 2503 4876; x_wconf 89' lang='lat'><strong>,</strong></span> <span class='ocrx_word' id='word_1_795' title='bbox 2531 4822 2585 4867; x_wconf 90' lang='lat' dir='ltr'><strong>et</strong></span> <span class='ocrx_word' id='word_1_796' title='bbox 2613 4809 3026 4880; x_wconf 84' lang='lat' dir='ltr'><strong>disperdendum</strong></span> <span class='ocrx_word' id='word_1_797' title='bbox 3058 4810 3203 4875; x_wconf 86' lang='lat' dir='ltr'><strong>fuit;</strong></span> <span class='ocrx_word' id='word_1_798' title='bbox 3239 4818 3300 4865; x_wconf 90' lang='lat' dir='ltr'><strong>et</strong></span> <span class='ocrx_word' id='word_1_799' title='bbox 3329 4808 3376 4864; x_wconf 60' lang='lat' dir='ltr'><strong>si</strong></span> <span class='ocrx_word' id='word_1_800' title='bbox 3406 4810 3578 4863; x_wconf 89' lang='lat' dir='ltr'><strong>minus</strong></span> <span class='ocrx_word' id='word_1_801' title='bbox 3599 4817 3700 4873; x_wconf 85' lang='lat' dir='ltr'><strong>pos-</strong></span> 
     </span>
    </p>
   </div>
   <div class='ocr_carea' id='block_1_109' title="bbox 2106 4880 3708 4968">
    <p class='ocr_par' dir='ltr' id='par_1_109' title="bbox 2106 4880 3708 4968">
     <span class='ocr_line' id='line_1_109' title="bbox 2106 4880 3708 4968; baseline -0.009 -9"><span class='ocrx_word' id='word_1_802' title='bbox 2106 4880 2292 4959; x_wconf 80' lang='lat' dir='ltr'><strong>sumus</strong></span> <span class='ocrx_word' id='word_1_803' title='bbox 2334 4902 2496 4959; x_wconf 89' lang='lat' dir='ltr'><strong>etiam</strong></span> <span class='ocrx_word' id='word_1_804' title='bbox 2530 4902 2858 4957; x_wconf 60' lang='lat' dir='ltr'><strong>rerediﬁeare</strong></span> <span class='ocrx_word' id='word_1_805' title='bbox 2901 4910 2955 4954; x_wconf 91' lang='lat' dir='ltr'><strong>et</strong></span> <span class='ocrx_word' id='word_1_806' title='bbox 3002 4900 3356 4968; x_wconf 88' lang='lat' dir='ltr'><strong>replantare,</strong></span> <span class='ocrx_word' id='word_1_807' title='bbox 3413 4896 3708 4953; x_wconf 85' lang='lat' dir='ltr'><strong>melioribus</strong></span> 
     </span>
    </p>
   </div>
   <div class='ocr_carea' id='block_1_110' title="bbox 2108 4984 3702 5057">
    <p class='ocr_par' dir='ltr' id='par_1_110' title="bbox 2108 4984 3702 5057">
     <span class='ocr_line' id='line_1_110' title="bbox 2108 4984 3702 5057; baseline -0.009 -9"><span class='ocrx_word' id='word_1_808' title='bbox 2108 4996 2209 5049; x_wconf 90' lang='lat' dir='ltr'><strong>hoc</strong></span> <span class='ocrx_word' id='word_1_809' title='bbox 2238 5008 2595 5057; x_wconf 87' lang='lat' dir='ltr'><strong>reservemus,</strong></span> <span class='ocrx_word' id='word_1_810' title='bbox 2640 5000 2694 5047; x_wconf 88' lang='lat' dir='ltr'><strong>et</strong></span> <span class='ocrx_word' id='word_1_811' title='bbox 2732 4994 2899 5045; x_wconf 89' lang='lat' dir='ltr'><strong>simus</strong></span> <span class='ocrx_word' id='word_1_812' title='bbox 2948 4991 3163 5048; x_wconf 86' lang='lat' dir='ltr'><strong>interea</strong></span> <span class='ocrx_word' id='word_1_813' title='bbox 3216 4989 3447 5044; x_wconf 85' lang='lat' dir='ltr'><strong>Patrum</strong></span> <span class='ocrx_word' id='word_1_814' title='bbox 3488 4984 3702 5041; x_wconf 87' lang='lat' dir='ltr'><strong>auctori-</strong></span> 
     </span>
    </p>
   </div>
   <div class='ocr_carea' id='block_1_111' title="bbox 2106 5077 3706 5150">
    <p class='ocr_par' dir='ltr' id='par_1_111' title="bbox 2106 5077 3706 5150">
     <span class='ocr_line' id='line_1_111' title="bbox 2106 5077 3706 5150; baseline -0.007 -13"><span class='ocrx_word' id='word_1_815' title='bbox 2106 5094 2211 5138; x_wconf 89' lang='lat' dir='ltr'><strong>tate</strong></span> <span class='ocrx_word' id='word_1_816' title='bbox 2241 5085 2498 5139; x_wconf 87' lang='lat' dir='ltr'><strong>contenti.</strong></span> <span class='ocrx_word' id='word_1_817' title='bbox 2548 5084 2654 5138; x_wconf 74' lang='lat' dir='ltr'><strong>Setl</strong></span> <span class='ocrx_word' id='word_1_818' title='bbox 2695 5083 2822 5137; x_wconf 88' lang='lat' dir='ltr'><strong>dicit</strong></span> <span class='ocrx_word' id='word_1_819' title='bbox 2875 5081 3074 5150; x_wconf 85' lang='lat' dir='ltr'><strong>aliquis</strong></span> <span class='ocrx_word' id='word_1_820' title='bbox 3112 5098 3128 5135; x_wconf 90' lang='lat'><strong>:</strong></span> <span class='ocrx_word' id='word_1_821' title='bbox 3162 5082 3231 5134; x_wconf 86' lang='lat' dir='ltr'><strong>Et</strong></span> <span class='ocrx_word' id='word_1_822' title='bbox 3272 5080 3518 5149; x_wconf 87' lang='lat' dir='ltr'><strong>nunquid</strong></span> <span class='ocrx_word' id='word_1_823' title='bbox 3561 5077 3706 5143; x_wconf 83' lang='lat' dir='ltr'><strong>Euty-</strong></span> 
     </span>
    </p>
   </div>
   <div class='ocr_carea' id='block_1_112' title="bbox 2102 5167 3705 5244">
    <p class='ocr_par' dir='ltr' id='par_1_112' title="bbox 2102 5167 3705 5244">
     <span class='ocr_line' id='line_1_112' title="bbox 2102 5167 3705 5244; baseline -0.006 -15"><span class='ocrx_word' id='word_1_824' title='bbox 2102 5175 2310 5229; x_wconf 87' lang='lat' dir='ltr'><strong>chianis</strong></span> <span class='ocrx_word' id='word_1_825' title='bbox 2366 5173 2745 5229; x_wconf 82' lang='lat' dir='ltr'><strong>auctoritatem</strong></span> <span class='ocrx_word' id='word_1_826' title='bbox 2794 5174 2984 5244; x_wconf 80' lang='lat' dir='ltr'><strong>synodi</strong></span> <span class='ocrx_word' id='word_1_827' title='bbox 3035 5171 3528 5229; x_wconf 84' lang='lat' dir='ltr'><strong>Chalcedonensis</strong></span> <span class='ocrx_word' id='word_1_828' title='bbox 3570 5167 3705 5236; x_wconf 84' lang='lat' dir='ltr'><strong>obje-</strong></span> 
     </span>
    </p>
   </div>
   <div class='ocr_carea' id='block_1_113' title="bbox 2084 5333 3707 5409">
    <p class='ocr_par' dir='ltr' id='par_1_113' title="bbox 2084 5333 3707 5409">
     <span class='ocr_line' id='line_1_113' title="bbox 2084 5333 3707 5409; baseline -0.004 -16"><span class='ocrx_word' id='word_1_829' title='bbox 2084 5336 2381 5409; x_wconf 66' lang='grc' dir='ltr'><strong>’Δσαὶλευτον</strong></span> <span class='ocrx_word' id='word_1_830' title='bbox 2406 5337 2523 5409; x_wconf 68' lang='grc' dir='ltr'><strong>ἔχει</strong></span> <span class='ocrx_word' id='word_1_831' title='bbox 2543 5341 2633 5395; x_wconf 75' lang='grc' dir='ltr'><strong>τήν</strong></span> <span class='ocrx_word' id='word_1_832' title='bbox 2655 5340 2814 5409; x_wconf 58' lang='grc' dir='ltr'><strong>ἰσχὺν</strong></span> <span class='ocrx_word' id='word_1_833' title='bbox 2838 5337 3021 5394; x_wconf 79' lang='grc' dir='ltr'><strong>ἑκάστη</strong></span> <span class='ocrx_word' id='word_1_834' title='bbox 3063 5338 3339 5409; x_wconf 65' lang='grc' dir='ltr'><strong>σύνοδος,</strong></span> <span class='ocrx_word' id='word_1_835' title='bbox 3376 5339 3463 5391; x_wconf 80' lang='grc' dir='ltr'><strong>καὶ</strong></span> <span class='ocrx_word' id='word_1_836' title='bbox 3482 5333 3707 5403; x_wconf 72' lang='grc' dir='ltr'><strong>ἀτιμάζε-</strong></span> 
     </span>
    </p>
   </div>
   <div class='ocr_carea' id='block_1_114' title="bbox 2083 5408 3709 5483">
    <p class='ocr_par' dir='ltr' id='par_1_114' title="bbox 2083 5408 3709 5483">
     <span class='ocr_line' id='line_1_114' title="bbox 2083 5408 3709 5483; baseline -0.007 -20"><span class='ocrx_word' id='word_1_837' title='bbox 2083 5431 2167 5465; x_wconf 77' lang='grc' dir='ltr'><strong>ται</strong></span> <span class='ocrx_word' id='word_1_838' title='bbox 2193 5408 2219 5462; x_wconf 86' lang='grc' dir='ltr'>ὁ</span> <span class='ocrx_word' id='word_1_839' title='bbox 2249 5412 2440 5481; x_wconf 75' lang='grc' dir='ltr'><strong>κρίνας.</strong></span> <span class='ocrx_word' id='word_1_840' title='bbox 2464 5408 2576 5483; x_wconf 17' lang='grc' dir='ltr'><strong>νέὀιιι⁸</strong></span> <span class='ocrx_word' id='word_1_841' title='bbox 2594 5408 2912 5483; x_wconf 21' lang='grc' dir='ltr'><strong>παρ’μέτὲρων</strong></span> <span class='ocrx_word' id='word_1_842' title='bbox 2990 5409 3171 5483; x_wconf 63' lang='grc' dir='ltr'><strong>κρίσις</strong></span> <span class='ocrx_word' id='word_1_843' title='bbox 3201 5408 3518 5483; x_wconf 72' lang='grc' dir='ltr'><strong>έργᾴξηται.</strong></span> <span class='ocrx_word' id='word_1_844' title='bbox 3558 5409 3709 5483; x_wconf 56' lang='lat' dir='ltr'><strong>Quarti</strong></span> 
     </span>
    </p>
   </div>
   <div class='ocr_carea' id='block_1_115' title="bbox 2090 5469 3707 5559">
    <p class='ocr_par' dir='ltr' id='par_1_115' title="bbox 2090 5469 3707 5559">
     <span class='ocr_line' id='line_1_115' title="bbox 2090 5469 3707 5559; baseline -0.004 -28"><span class='ocrx_word' id='word_1_845' title='bbox 2090 5496 2139 5532; x_wconf 92' lang='grc' dir='ltr'><strong>ιιι</strong></span> <span class='ocrx_word' id='word_1_846' title='bbox 2168 5469 2487 5533; x_wconf 70' lang='grc' dir='ltr'>εειιίειιιιειιιι</span> <span class='ocrx_word' id='word_1_847' title='bbox 2534 5469 2680 5545; x_wconf 77' lang='grc' dir='ltr'>νιυιιί</span> <span class='ocrx_word' id='word_1_848' title='bbox 2714 5469 2901 5532; x_wconf 81' lang='lat' dir='ltr'><strong>iter&#39;um</strong></span> <span class='ocrx_word' id='word_1_849' title='bbox 2938 5469 3245 5559; x_wconf 76' lang='lat' dir='ltr'><strong>Facundos</strong></span> <span class='ocrx_word' id='word_1_850' title='bbox 3272 5469 3371 5533; x_wconf 69' lang='lat' dir='ltr'><strong>lib.</strong></span> <span class='ocrx_word' id='word_1_851' title='bbox 3400 5491 3496 5543; x_wconf 81' lang='lat' dir='ltr'><strong>xu,</strong></span> <span class='ocrx_word' id='word_1_852' title='bbox 3525 5469 3636 5543; x_wconf 85' lang='lat' dir='ltr'><strong>cap.</strong></span> <span class='ocrx_word' id='word_1_853' title='bbox 3659 5469 3707 5523; x_wconf 72' lang='lat'><strong>2.</strong></span> 
     </span>
    </p>
   </div>
   <div class='ocr_carea' id='block_1_116' title="bbox 2193 5614 3306 5685">
    <p class='ocr_par' dir='ltr' id='par_1_116' title="bbox 2193 5614 3306 5685">
     <span class='ocr_line' id='line_1_116' title="bbox 2193 5614 3306 5685; baseline 0.002 -15"><span class='ocrx_word' id='word_1_854' title='bbox 2193 5617 2211 5647; x_wconf 88' lang='grc'>³</span> <span class='ocrx_word' id='word_1_855' title='bbox 2244 5617 2387 5672; x_wconf 88' lang='lat' dir='ltr'><strong>Idem</strong></span> <span class='ocrx_word' id='word_1_856' title='bbox 2410 5616 2555 5682; x_wconf 90' lang='lat' dir='ltr'><strong>cod.,</strong></span> <span class='ocrx_word' id='word_1_857' title='bbox 2580 5614 2999 5670; x_wconf 72' lang='lat' dir='ltr'><strong>Chalcedonensis</strong></span> <span class='ocrx_word' id='word_1_858' title='bbox 3026 5618 3306 5685; x_wconf 81' lang='lat' dir='ltr'><strong>synodus.</strong></span> 
     </span>
    </p>
   </div>
   <div class='ocr_carea' id='block_1_117' title="bbox 2190 5687 2998 5753">
    <p class='ocr_par' dir='ltr' id='par_1_117' title="bbox 2190 5687 2998 5753">
     <span class='ocr_line' id='line_1_117' title="bbox 2190 5687 2998 5753; baseline -0.004 -13"><span class='ocrx_word' id='word_1_859' title='bbox 2190 5688 2212 5719; x_wconf 71' lang='grc'><strong>⁸</strong></span> <span class='ocrx_word' id='word_1_860' title='bbox 2244 5688 2387 5743; x_wconf 89' lang='lat' dir='ltr'><strong>fdem</strong></span> <span class='ocrx_word' id='word_1_861' title='bbox 2411 5687 2558 5753; x_wconf 89' lang='lat' dir='ltr'><strong>cod.,</strong></span> <span class='ocrx_word' id='word_1_862' title='bbox 2588 5688 2998 5741; x_wconf 74' lang='lat' dir='ltr'><strong>intellexerimus.</strong></span> 
     </span>
    </p>
   </div>
   <div class='ocr_carea' id='block_1_118' title="bbox 2192 5829 2775 5890">
    <p class='ocr_par' dir='ltr' id='par_1_118' title="bbox 2192 5829 2775 5890">
     <span class='ocr_line' id='line_1_118' title="bbox 2192 5829 2775 5890; baseline -0.002 -5"><span class='ocrx_word' id='word_1_863' title='bbox 2192 5834 2230 5853; x_wconf 90' lang='lat'>“</span> <span class='ocrx_word' id='word_1_864' title='bbox 2258 5829 2438 5890; x_wconf 84' lang='lat' dir='ltr'><strong>Forte.</strong></span> <span class='ocrx_word' id='word_1_865' title='bbox 2468 5829 2775 5884; x_wconf 75' lang='lat' dir='ltr'><strong>damnasset.</strong></span> 
     </span>
    </p>
   </div>
  </div>
