3878 6194
211 284 313 339 655

1056 284 1187 341 PRO
1228 280 1645 339 Dl‘LFENSlONE
1685 280 1894 339 TRIUM
1937 282 2250 340 CAPITUL.
2294 283 2420 339 LIB.
2468 285 2525 339 V.

3388 288 3481 341 (iiii

212 411 395 453 cturus
426 411 503 462 es,
537 406 593 452 ut
620 412 686 453 ex
716 412 781 453 eo
811 397 1188 455 Nestoriauam
1224 413 1329 454 non
1357 412 1479 455 esse
1507 401 1797 455 convincas
1828 402 1874 459 Α
1904 398 2132 469 Spiritus
2159 409 2378 454 sanctus
2424 412 2518 468 per
2547 398 2859 467 prophetam
2890 400 3075 457 dicens
3108 418 3122 455 :
3154 398 3281 455 Filii
3329 405 3483 456 alieni

212 491 488 563 epistolam
527 492 855 547 venerabilis
904 491 1030 557 line,
1086 493 1228 562 quod
1273 508 1391 547 eam
1441 492 1794 547 orthodoxam

214 584 464 655 judicavit
498 600 511 635 :
545 598 668 638 cum
708 583 838 639 inde
879 585 1059 654 potius
1112 585 1187 638 illi
1245 592 1595 639 memoratam
1642 599 1803 655 syno-

215 679 361 744 dum,
404 677 555 733 velut
600 677 1007 741 Nestorianam,
1051 676 1191 747 quod
1222 693 1339 731 eam
1383 678 1667 746 receperit,
1698 678 1803 732 cri-

217 771 525 827 minentur?
562 770 661 825 Ubi
714 771 946 835 primum
997 771 1318 837 resltondco,
1350 768 1604 839 quoniam
1637 769 1805 840 Euty-

216 866 420 921 cbtanis
450 864 503 917 in
529 863 632 916 hoc
660 863 873 917 debitor
908 878 1013 916 non
1047 876 1185 916 sum.
1214 862 1330 917 Non
1358 863 1499 916 enim
1530 876 1614 917 me
1643 864 1807 917 ratio-

217 960 295 1013 nis
318 960 454 1012 ordo
492 956 753 1026 permittit
784 966 842 1011 ut
870 954 949 1010 eis
974 956 1351 1022 reSpondcam,
1382 969 1478 1009 cur
1510 956 1577 1008 ita
1627 964 1804 1025 patres

219 1053 382 1107 nostri
428 1066 591 1120 super
642 1050 871 1120 epistola
916 1051 1246 1107 venerabilis
1296 1050 1399 1104 lbte
1444 1051 1803 1105 decreverint.

218 1139 499 1198 Prius’est
529 1143 673 1196 enim
708 1151 763 1196 ut
801 1142 1070 1197 fateantur
1111 1142 1424 1208 nobiscum,
1457 1142 1599 1212 quod
1643 1140 1804 1195 etiam

221 1233 447 1288 concilio
507 1233 779 1301 Ephesino
832 1231 1101 1287 ﬁrmatum
1157 1232 1459 1299 docuimus,
1522 1231 1805 1286 Dominum

223 1337 460 1380 nostrum
512 1324 694 1379 .iesum
742 1323 1020 1379 Christum
1076 1324 1128 1378 in
1178 1323 1385 1394 duabus
1441 1322 1647 1377 naturis
1689 1335 1808 1376 esse

223 1419 575 1481 credendum,
617 1418 686 1471 de
712 1432 820 1487 quo
849 1426 933 1471 est
972 1416 1111 1470 inter
1139 1429 1239 1470 nos
1268 1427 1428 1485 atque
1459 1415 1579 1469 illos
1612 1412 1810 1483 princi-

228 1510 359 1577 palis
387 1507 691 1573 dissensio;
746 1518 799 1561 et
830 1507 901 1561 ita
926 1506 1140 1562 demum
1173 1507 1293 1561 facti
1336 1507 1514 1570 amici,
1548 1504 1809 1560 rationem

225 1601 319 1655 sibi
361 1600 477 1654 dari
513 1600 784 1667 postulent
812 1599 1019 1667 paterni
1051 1599 1263 1667 judicii.
1296 1599 1352 1653 Si
1390 1608 1569 1654 autem
1607 1597 1809 1652 inimici

231 1700 580 1759 permanent,
627 1699 683 1746 et
725 1700 993 1760 praecepta
1043 1691 1137 1745 Dei
1182 1698 1556 1754 contemnunt,
1610 1688 1808 1744 sanctis

1905 488 2093 541 mentiti
2117 496 2237 552 sunt
2264 487 2391 541 mihi
2421 486 2587 558 (Psal.
2619 503 2745 553 ινιτ,
2775 486 2889 558 46).
2924 490 3023 557 Qui
3054 492 3215 546 etiam
3244 494 3288 547 si
3314 493 3484 546 Evan-

1904 579 2043 647 gelio
2094 593 2199 634 non
2247 581 2584 643 resisterent,
2637 581 2704 634 de
2735 580 2841 634 illis
2871 589 3047 638 tamen
3076 596 3136 636 se
3160 597 3281 639 esse
3327 599 3479 640 mon-

1905 678 2139 726 strarent
2179 671 2246 726 de
2272 672 2463 741 quibus
2494 672 2749 741 scriptum
2790 681 2873 727 est
2906 690 2919 725 :
2954 673 3121 727 Deum
3149 693 3203 730 se
3231 676 3480 744 proﬁten-

1905 777 1988 822 tur
2015 769 2164 833 scire,
2192 768 2339 836 factis
2361 774 2527 820 autem
2553 774 2742 836 negant
2765 765 2891 835 (Tit.
2946 782 2983 831 I,
3033 766 3145 833 16).
3184 785 3204 818 ι
3235 766 3343 821 liac
3382 770 3483 838 igi-

1908 872 1992 916 tur
2022 861 2161 916 beati
2192 860 2390 915 Leonis
2435 860 2757 914 auctoritate
2791 867 2974 914 nostra
3022 860 3158 915 ratio
3196 861 3483 917 conﬁrma-

1909 963 2013 1018 tur,
2046 952 2186 1022 quod
2211 952 2486 1019 disputare
2520 968 2618 1006 nos
2646 965 2768 1005 cum
2801 950 3150 1020 Eutychianis
3172 953 3235 1007 de
3257 962 3479 1009 senten-

1909 1044 1977 1097 tia
2009 1058 2175 1112 super
2204 1042 2430 1111 epistola
2459 1042 2562 1097 lbte
2588 1042 2792 1111 prolata
2822 1044 2998 1097 uultus
3024 1044 3155 1099 ordo
3187 1047 3483 1115 permittat.

1908 1134 2114 1190 Deinde
2143 1137 2412 1204 quomodo
2456 1135 2540 1190 vel
2589 1135 2688 1203 ipsi
2740 1134 3017 1190 nobiscum
3065 1148 3313 1206 qurerunt
3358 1155 3490 1193 con-

1910 1227 2150 1292 tendere,
2194 1235 2249 1280 et
2277 1241 2532 1281 accusare
2564 1237 2803 1281 sanetam
2835 1227 3121 1296 synodum,
3177 1229 3319 1298 quod
3364 1244 3484 1285 sus-

1909 1319 2113 1389 ceperit
2140 1320 2421 1387 epistolam
2467 1333 2583 1388 qua:
2616 1318 2963 1386 incongruam
2993 1319 3060 1373 de
3090 1318 3247 1375 beato
3285 1322 3486 1390 Cyrillo

1911 1412 2272 1480 suspicionem
2319 1409 2399 1464 sui
2445 1410 2827 1479 conscriptoris
2876 1410 3134 1474 continet,
3188 1411 3290 1465 nisi
3341 1412 3488 1479 prius

1914 1503 2102 1558 falsam
2147 1516 2268 1558 esse
2296 1503 2648 1557 conﬁteantur
2676 1502 2918 1558 eamdem
2968 1503 3328 1571 suspicionem
3360 1504 3485 1567 lba-,

1914 1609 2015 1665 qua
2066 1594 2271 1664 putavit
2302 1594 2515 1648 beatum
2563 1593 2819 1663 Cyrillum
2874 1595 2925 1646 in
2970 1594 3176 1650 duabus
3216 1594 3487 1650 Christum

1915 1702 2142 1756 negasse
2174 1686 2424 1740 naturis?
2455 1685 2605 1739 Tunc
2632 1686 2774 1740 enim
2805 1696 3055 1755 poterunt
3082 1687 3148 1743 de
3177 1687 3374 1757 injusta
3406 1706 3494 1744 re-

231 1780 447 1835 I’atrum
470 1781 869 1836 deﬁnitionibus
900 1782 1232 1845 resistentes,
1265 1780 1594 1850 deSpiciendi
1633 1794 1695 1835 ac
1723 1795 1807 1835 re-
1842 1781 1884 1838 B
1915 1778 2271 1847 prebensioue
2299 1776 2441 1832 beati
2470 1775 2653 1847 Cyriili
2685 1777 2828 1832 illam
2861 1778 3141 1846 epistolam
3186 1780 3484 1845 criminari,

228 1874 457 1942 pellendi
510 1883 671 1942 sunt,
720 1873 974 1944 quoniam
1025 1874 1331 1944 importune
1376 1881 1627 1943 quazruut
1669 1872 1811 1928 illius

226 1980 401 2021 Causa:
431 1983 528 2036 per
556 1982 653 2021 nos
692 1967 914 2035 adipisci
959 1967 1219 2032 notitiam,
1263 1981 1420 2035 quam
1457 1966 1585 2021 solis
1627 1967 1813 2022 amicis

226 2056 411 2111 deberi
466 2057 519 2110 itt
577 2056 869 2125 Evangelia
924 2056 1181 2111 Dominus
1228 2054 1400 2110 dicit:
1444 2054 1573 2123 Vos,
1616 2056 1809 2125 inquit,

225 2148 376 2200 amici
421 2148 520 2200 mei
562 2147 701 2214 es:is,
733 2147 776 2199 si
816 2147 1035 2216 feceritis
1078 2161 1194 2216 qua:
1241 2162 1333 2218 ego
1366 2146 1605 2217 principio
1651 2146 1811 2200 vobis.

226 2237 344 2293 Jam
370 2256 473 2293 non
500 2241 615 2294 dico
642 2256 728 2293 vos
769 2256 958 2306 servos,
1003 2240 1127 2310 quia
1168 2255 1344 2294 servus
1394 2240 1550 2294 nescit
1582 2239 1708 2310 quid
1734 2239 1815 2310 fa-

226 2331 325 2382 riat
351 2329 594 2383 dominus
622 2332 756 2401 ejus.
811 2330 1112 2384 l’os‘autem
1157 2330 1267 2384 dixi
1302 2331 1514 2395 amicos,
1553 2332 1673 2401 quia
1703 2347 1815 2385 om-

227 2420 311 2473 nia
340 2437 454 2489 qua:
490 2421 663 2473 audivi
701 2439 733 2474 a
774 2419 927 2474 Patre
969 2437 1101 2489 meo,
1136 2432 1256 2475 nota
1303 2423 1401 2490 feci
1451 2422 1587 2475 vobis
1634 2420 1814 2489 (Joau.

233 2529 324 2577 xv,
357 2511 469 2584 iri).
524 2513 639 2568 Non
686 2529 815 2584 ergo
843 2515 1069 2570 debetur
1118 2515 1319 2581 peceati
1363 2515 1535 2569 servis
1571 2524 1624 2569 et
1670 2527 1816 2582 prte-

235 2614 393 2674 cepta
437 2604 530 2659 Dei
581 2605 961 2674 spernentibus
1003 2606 1205 2675 paterni
1236 2606 1444 2661 consilii
1474 2606 1627 2669 ratio,
1659 2606 1744 2660 vel
1773 2604 1816 2658 si

232 2712 259 2751 a
284 2697 440 2750 nobis
467 2711 587 2751 eam
615 2695 923 2766 importune
960 2707 1121 2768 atque
1163 2706 1490 2767 prtepostere
1533 2696 1635 2750 sibi
1665 2695 1817 2765 ﬂagio

234 2797 344 2842 tent
369 2789 512 2843 dati.
543 2788 634 2844 Sic
661 2789 803 2843 eu'm
837 2804 937 2844 nos
966 2790 1154 2845 Petrus
1206 2790 1482 2859 apostolus
1512 2787 1564 2860 (1
1582 2787 1728 2845 Petr.
1763 2804 1847 2851 ttt,

239 2879 323 2947 i5)
371 2888 587 2948 paratos
620 2894 743 2934 esse
778 2880 931 2948 jubet
968 2882 1034 2933 ad
1074 2880 1509 2949 respondendum
1541 2881 1686 2935 omni
1728 2895 1823 2948 po-

239 2975 399 3028 scenti
434 2990 531 3027 nos
565 2974 829 3028 rationem
859 2973 925 3028 de
957 2973 1062 3027 ﬁde
1090 2984 1144 3029 et
1175 2988 1268 3042 spe
1296 2988 1416 3041 quae
1443 2975 1496 3026 in
1529 2973 1683 3027 nobis
1714 2980 1818 3038 est,

243 3070 377 3124 atad
409 3068 584 3140 ipsum
618 3072 877 3139 pertineat
921 3078 1258 3139 apparatum,
1292 3067 1434 3138 quod
1472 3067 1668 3123 Paulus
1696 3082 1822 3123 coa-

244 3139 473 3229 postultts
498 3161 615 3229 ejus
644 3173 820 3215 monet
850 3160 1072 3233 (Coloss.
1110 3176 1181 3226 tv,
1228 3158 1308 3228 6),
1352 3170 1407 3213 ut
1436 3162 1669 3215 sciamus
1693 3174 1823 3229 quo-
1851 3139 1896 3202 Ο

249 3252 400 3306 modo
429 3264 676 3321 oporteat
723 3264 821 3305 nos
870 3252 1155 3319 unicuique
1205 3250 1552 3319 respondere.
1584 3250 1826 3305 Scientes

247 3344 399 3414 igitur
426 3345 700 3413 quomodo
728 3354 979 3412 oporteat
1008 3358 1104 3397 nos
1136 3342 1423 3411 unicuique
1471 3342 1822 3411 respondere,

248 3438 466 3493 dicimus
511 3446 569 3491 ut
611 3438 756 3506 prius
796 3436 866 3489 illi
899 3436 1177 3491 nobiscum
1207 3435 1276 3491 de
1321 3434 1664 3490 confessione
1695 3434 1827 3489 dua-

248 3547 356 3587 rum
401 3544 710 3586 naturarum
742 3528 942 3585 Christi
994 3527 1340 3593 conveniant,
1392 3541 1513 3596 qua:
1549 3535 1642 3580 aut
1688 3527 1821 3590 solzt,

244 3634 325 3675 aut
361 3622 594 3674 maxima
637 3617 993 3672 dissensionis
1020 3625 1105 3672 est
1132 3631 1291 3672 causa
1312 3634 1326 3683 ;
1350 3625 1406 3671 et
1437 3625 1561 3671 tunc
1590 3616 1823 3679 residua,

240 3702 518 3766 reservato
548 3708 760 3773 ordine,
807 3708 1166 3778 requirentur.
1214 3706 1348 3761 Nam
1396 3716 1646 3761 manente
1690 3706 1827 3759 inter

241 3820 340 3860 nos
388 3805 479 3858 illa
535 3803 862 3873 qumstione,
907 3801 1029 3873 quis
1074 3817 1182 3857 non
1223 3810 1315 3856 aut
1362 3799 1688 3870 superﬂuum
1734 3806 1829 3852 aut

240 3898 630 3965 pra-posterum
671 3892 896 3962 judicet,
938 3894 982 3948 si
1033 3908 1155 3947 cum
1203 3893 1307 3948 illis
1350 3891 1419 3945 de
1447 3891 1638 3963 synodi
1668 3905 1828 3959 super

241 3986 463 4056 epistola
498 3986 602 4039 lbae
624 3985 890 4041 sententia
920 3984 1296 4051 disputemus?
1327 3983 1461 4038 iiiuc
1493 3984 1679 4037 beatus
1720 3982 1826 4037 Leo

242 4093 360 4131 cum
392 4077 599 4145 legatos
632 4080 896 4145 expetitos
936 4077 1177 4144 Angusto
1222 4075 1383 4129 Leoni
1415 4075 1741 4130 directurum
1767 4088 1827 4130 se

242 4169 602 4236 promitteret,
654 4168 729 4221 ait
758 4167 948 4237 (Epist.
974 4165 1067 4235 78)
1099 4185 1112 4218 :
1151 4185 1168 4216 ι
1202 4166 1506 4221 Praeuoscat
1534 4166 1691 4236 igitur
1719 4167 1830 4235 pie-

243 4270 324 4311 tas
346 4268 463 4321 tua,
494 4259 820 4313 venerabilis
849 4260 1158 4327 imperator,
1195 4257 1293 4311 hos
1319 4272 1452 4327 quos
1481 4258 1721 4328 spondeo
1748 4258 1828 4311 die

241 4352 517 4417 figendos,
570 4362 677 4402 nou
722 4348 787 4402 ad
834 4348 1227 4418 conﬂigendum
1258 4364 1379 4403 cum
1407 4349 1651 4403 hostibus
1682 4348 1824 4414 ﬁdei,

242 4456 345 4495 nec
383 4440 452 4494 ad
503 4440 819 4495 certandum
869 4448 1055 4493 contra
1100 4439 1236 4495 ullos
1285 4456 1313 4491 a
1355 4439 1485 4496 sede
1536 4439 1827 4508 apostolica

1914 1881 2042 1927 tunc
2089 1870 2281 1925 merito
2308 1869 2376 1924 de
2402 1868 2568 1938 ipsius
2612 1869 2817 1939 injuriis
2866 1870 3041 1940 queri,
3094 1871 3140 1926 si
3172 1885 3274 1925 non
3307 1882 3357 1925 et
3394 1873 3495 1942 ipsi

1914 1978 2033 2018 eum
2061 1960 2317 2031 praedicto
2358 1960 2444 2013 lha
2470 1959 2671 2023 dicant,
2702 1961 2840 2028 (ιηοά
2866 1976 3022 2014 unam
3055 1962 3254 2017 Christi
3296 1965 3494 2031 pra-di-

1914 2053 2120 2110 caverit
2145 2066 2267 2107 esse
2298 2060 2561 2104 naturam.
2616 2051 2868 2119 Alioquin
2899 2052 3145 2108 eumdem
3173 2058 3499 2113 reverentis-

1915 2150 2107 2205 simum
2139 2148 2281 2202 lbam
2312 2146 2380 2202 de
2412 2146 2833 2216 reprehensione
2863 2148 2997 2202 falsa
3026 2150 3243 2218 culpare
3268 2168 3373 2208 non
3398 2169 3489 2221 po-

1918 2246 2131 2293 terunt:
2164 2238 2267 2292 nisi
2300 2236 2436 2291 forte
2468 2236 2622 2290 nobis
2656 2238 3028 2304 persuadeant,
3063 2250 3117 2296 et
3145 2242 3356 2298 beatum
3388 2246 3493 2316 Cy~

1916 2332 2097 2385 rillum
2151 2344 2309 2384 unum
2364 2327 2562 2383 Christi
2610 2343 2675 2383 ex
2723 2328 3004 2385 divinitate
3062 2340 3117 2387 et
3167 2333 3497 2391 humanitati

1917 2426 2265 2493 compositam
2320 2423 2640 2493 prmdicasse
2691 2432 2979 2490 naturam,
3030 2433 3085 2479 et
3137 2426 3497 2483 orthodoxam

1919 2517 2063 2573 ibam
2094 2517 2193 2571 hoc
2224 2532 2327 2572 non
2360 2516 2607 2572 debuisse
2629 2516 2866 2586 culpare,
2915 2518 3057 2585 quod
3090 2519 3267 2572 omnis
3302 2519 3490 2576 Eccle-

1920 2610 1999 2665 sia
2028 2611 2315 2665 conﬁtetur
2344 2624 2463 2665 esse
2492 2609 2781 2679 culpabile.
2813 2609 3002 2665 Cernis
3033 2613 3211 2681 igitur,
3244 2614 3497 2682 religiose

1921 2703 2191 2772 princeps,
2233 2703 2300 2757 ad
2349 2705 2508 2770 hujus
2552 2703 2793 2772 epistolae
2838 2704 3203 2760 defensionem
3253 2706 3500 2762 sufﬁcere

1923 2797 2078 2850 nobis
2120 2796 2173 2850 in
2209 2796 2465 2865 prazsenti
2514 2804 2776 2864 tempore,
2824 2798 2965 2866 quod
2997 2813 3113 2853 eam
3154 2801 3498 2867 probavimus

1922 2887 2280 2942 orthodoxam
2310 2903 2338 2941 a
2362 2888 2899 2958 synodojudicatam,
2926 2906 3024 2946 nec
3049 2908 3077 2946 a
3110 2892 3266 2947 beato
3297 2893 3496 2958 Leone,

1923 2976 2063 3033 sicut
2114 2977 2432 3047 fingebatur,
2482 2979 2784 3048 expulsam,
2831 2981 2925 3036 sed
2959 2982 3135 3051 potius
3172 2997 3294 3038 cum
3322 2988 3501 3041 omni-

1925 3068 2025 3123 bus
2055 3083 2175 3138 quae
2204 3068 2277 3123 ibi
2312 3077 2437 3123 sunt
2472 3068 2541 3124 de
2585 3069 2690 3124 ﬁde
2731 3079 2926 3125 Statuta
2975 3072 3263 3130 firmatam.
3296 3077 3502 3143 Quant-

1928 3160 2112 3216 obrem
2144 3160 2340 3215 sufﬁcit
2366 3160 2539 3230 nobis,
2568 3170 2626 3216 ut
2651 3162 2850 3217 dictum
2882 3174 2984 3230 est,
3019 3165 3207 3222 horum
3240 3172 3351 3225 sola
3381 3188 3503 3240 pro-

1930 3250 2091 3306 batio.
2142 3250 2418 3321 Siquidem
2452 3268 2625 3322 neque
2671 3254 2964 3311 catholicus
2999 3260 3281 3329 quisquam
3331 3273 3505 3331 potest

1930 3352 2089 3398 tanta:
2126 3344 2317 3415 synodi
2348 3345 2652 3401 auctoritati
2702 3348 2973 3413 resistere,
3026 3367 3201 3418 neque
3242 3368 3340 3407 nos
3369 3357 3507 3408 ratio

1929 3433 2056 3488 sinit
2081 3449 2201 3488 cum
2235 3434 2601 3505 Eutycbianis,
2654 3436 2847 3491 nedum
2891 3439 3028 3494 inter
3070 3456 3189 3509 nos,
3227 3444 3506 3513 principali

1928 3524 2226 3594 quaestione
2248 3524 2413 3590 ﬁnita,
2444 3526 2512 3582 de
2534 3529 2795 3581 sententia
2822 3543 2986 3599 super
3002 3531 3229 3598 epistola
3259 3534 3360 3588 Iba:
3387 3554 3509 3604 pro—

1930 3623 2031 3673 lata
2081 3618 2416 3688 conﬂigere:
2450 3621 2680 3675 maxime
2731 3622 2854 3690 quia
2903 3626 3156 3693 conqueri
3202 3626 3270 3681 de
3317 3628 3504 3696 injuria

1931 3712 2069 3767 beati
2097 3711 2280 3782 Cyrilli
2313 3726 2417 3767 non
2440 3720 2729 3782 potuerunt
2760 3714 2798 3777 ‘,
2830 3729 2989 3783 quam
3014 3716 3079 3769 ad
3110 3716 3359 3772 invidiam
3391 3736 3506 3774 ma-

1928 3814 2048 3869 gna:
2074 3801 2264 3870 synodi
2295 3800 2479 3857 dolere
2508 3816 2567 3857 se
2596 3788 2823 3871 ﬁngunt',
2853 3802 2952 3857 nisi
2982 3805 3128 3871 prius
3151 3822 3275 3862 eum
3308 3809 3509 3865 fatean-

1933 3900 2017 3946 tur
2049 3892 2102 3945 in
2134 3890 2341 3957 duabus
2367 3890 2639 3946 Christum
2680 3892 3003 3962 prtedicassc
3039 3897 3265 3951 naturis.
3311 3898 3507 3953 Verum

1932 3983 2015 4037 his
2056 3998 2176 4049 qua}
2226 3982 2450 4039 dicenda
2495 3984 2707 4037 fuerant
2744 3982 3098 4053 sulﬁcienter,
3150 3996 3207 4041 ttt
3258 3989 3510 4059 arbitror,

1930 4073 2233 4141 explicatis,
2275 4082 2330 4127 et
2371 4072 2439 4127 ab
2482 4073 2637 4142 hujus
2677 4074 2919 4143 epistohe
2970 4075 3307 4135 diSCllSSiOiie
3353 4083 3512 4151 longe
3558 4118 3567 4127 ι

1932 4165 2163 4233 repulsis
2214 4165 2485 4222 hmreticis
2528 4185 2539 4219 :
2588 4168 2710 4235 quia
2760 4183 2854 4237 per
2906 4172 3277 4239 subreptiones
3328 4191 3511 4230 eorum

1932 4258 2098 4312 multa
2127 4257 2253 4312 vitia
2285 4267 2411 4311 sunt
2440 4258 2616 4312 eidem
2639 4260 2879 4327 epistulie
2906 4258 3038 4316 false
3065 4272 3224 4331 atque
3252 4265 3514 4322 fallaciter

1935 4350 2189 4419 imputata
2224 4365 2237 4403 :
2270 4348 2370 4403 hac
2410 4351 2732 4406 necessitate
2779 4353 3112 4420 compulsus,
3175 4354 3512 4412 instructioni

1936 4441 2283 4507 parvulorum
2330 4450 2672 4506 nostrorum,
2724 4457 2791 4495 ne
2841 4444 3271 4501 scandalizentur
3311 4449 3360 4501 iu
3394 4449 3515 4502 tali-

240 4537 621 4603 protec:uros:
651 4534 772 4603 quia
813 4533 881 4587 de
926 4534 1084 4587 rebus
1131 4532 1269 4603 apud
1318 4532 1547 4586 Nicwam
1601 4539 1657 4587 et
1693 4532 1833 4599 apud
1862 4516 1913 4576 Ῑ)
1940 4530 2059 4594 bus,
2095 4546 2198 4585 non
2230 4532 2384 4601 quasi
2412 4532 2630 4599 grandis
2655 4542 2711 4586 ut
2749 4532 2881 4599 Leo,
2914 4534 3006 4587 scd
3042 4536 3181 4589 inter
3210 4537 3328 4590 illus
3356 4553 3513 4604 grat-

238 4627 672 4690 Chalcedonem,
715 4625 856 4680 sicut
905 4626 1013 4679 Deo
1061 4624 1281 4693 placuit,
1329 4624 1585 4689 deﬁnitis,
1632 4624 1833 4678 nullum

239 4719 515 4775 audemus
542 4718 678 4771 inire
709 4724 1012 4778 tractatum,
1039 4724 1289 4782 tanquam
1327 4714 1485 4768 dubia
1512 4714 1593 4768 vel
1627 4713 1833 4767 inﬁrma

237 4811 358 4863 siut
384 4825 508 4879 quae
554 4818 700 4861 tanta
733 4824 825 4874 per
868 4806 1126 4875 Spiritum
1173 4814 1412 4860 sanctum
1450 4806 1563 4859 ﬁxit
1600 4807 1835 4860 auctori-

239 4911 355 4956 tas.
400 4900 745 4955 instructioni
777 4908 955 4954 autem
1006 4900 1348 4968 parvulorum
1380 4910 1709 4967 nostrorum,
1747 4902 1837 4969 qui

238 5002 374 5060 post
403 4994 559 5047 lactis
587 4990 915 5057 alimoniam,
956 4990 1078 5045 cibo
1117 4990 1428 5045 desiderant
1467 4992 1724 5046 solidiore
1753 5006 1839 5046 sa-

236 5084 401 5145 tiari,
432 5081 720 5135 ministerii
763 5082 931 5135 nostri
975 5082 1278 5150 prmsidiutn
1312 5098 1417 5135 non
1460 5098 1750 5152 negamus:
1787 5093 1841 5137 et

232 5177 395 5231 sicut
441 5174 803 5245 simpliciores
835 5190 940 5228 non
982 5174 1309 5244 spernimus,
1355 5175 1424 5227 ita
1477 5191 1504 5227 a
1550 5174 1839 5230 rebellibus

235 5268 526 5324 [infelicis
580 5265 936 5331 abstinemus,
989 5280 1257 5319 memores
1300 5265 1554 5334 praecepti
1586 5266 1837 5319 dominici

230 5361 487 5417 dicentis
518 5378 530 5412 ε
566 5360 741 5415 Nolite
768 5374 998 5414 sanctum
1036 5360 1163 5413 dare
1208 5358 1439 5422 canibus,
1492 5373 1649 5427 neque
1692 5360 1840 5413 mise-

229 5454 375 5509 ritis
418 5454 727 5522 margaritas
771 5465 962 5509 vestras
1006 5464 1126 5509 ante
1166 5471 1347 5524 porcos
1394 5454 1609 5525 (Metili.
1658 5453 1840 5521 vtt,(i).

230 5542 433 5601 Ninus
472 5543 667 5612 quippe
698 5543 995 5612 indignum,
1032 5543 1299 5613 nimisque
1326 5544 1582 5613 injustum
1613 5554 1716 5609 est,
1750 5561 1843 5599 eos

239 5635 324 5692 ad
370 5633 675 5688 libertatem
715 5633 1117 5702 disceptationis
1147 5636 1374 5703 admitti,
1408 5651 1542 5706 quos
1573 5636 1840 5708 signiﬁcat

318 5765 343 5798 ⁸
384 5762 518 5818 Cod.
552 5761 772 5832 Veram,
804 5776 1054 5836 poterunt.

1939 4623 2233 4688 diusculus,
2281 4623 2630 4689 ministerii’,
2660 4628 2910 4692 quoniam
2939 4636 2992 4680 et
3030 4627 3129 4681 hoc
3178 4630 3288 4696 ipse
3336 4632 3518 4683 brutus

1941 4714 2050 4768 Leo
2086 4714 2379 4778 concessit,
2430 4728 2537 4767 non
2584 4730 2719 4784 nego
2763 4718 3291 4787 quantulumcunque
3338 4720 3517 4786 prmsi-

1942 4807 2085 4862 dium
2120 4825 2130 4859 :
2160 4806 2260 4860 sub
2287 4806 2387 4861 hac
2416 4806 2725 4862 conditione
2759 4809 3041 4875 duntaxat,
3076 4819 3133 4863 ut
3155 4825 3259 4863 non
3294 4810 3344 4862 in
3373 4825 3513 4875 inea,

1941 4915 2100 4970 quam
2147 4897 2449 4953 redditurus
2480 4914 2621 4965 sum,
2654 4900 2863 4957 ratione
2907 4901 3154 4955 meritum
3183 4915 3357 4953 causa:
3386 4914 3517 4954 con-

1944 4992 2183 5055 stituam,
2234 5005 2391 5059 quam
2440 4990 2679 5057 profecto
2726 4991 2973 5058 pervides
3013 4992 3373 5057 terminatam,
3426 4997 3518 5048 sed

1946 5084 2121 5149 potius
2149 5083 2200 5135 in
2225 5084 2540 5136 auctoritate
2572 5097 2777 5147 magna:
2806 5080 3016 5150 synodi,
3045 5097 3201 5149 quam
3236 5082 3375 5137 inter
3409 5084 3487 5139 Ine

1948 5176 2232 5229 reticorum
2268 5176 2457 5229 ﬂuctus
2497 5190 2559 5227 ac
2586 5174 2848 5232 turbines,
2898 5174 3038 5226 sicut
3076 5191 3327 5232 ancoram
3360 5179 3521 5235 habe-

1948 5285 2065 5321 mus
2108 5270 2299 5321 aninta:
2340 5277 2503 5320 tutam
2544 5276 2597 5319 ct
2624 5265 2850 5319 ﬁrmam.
2901 5265 3030 5321 lluic
3061 5283 3189 5337 ergo
3231 5286 3326 5324 nos
3358 5272 3521 5327 devo-

1948 5361 2091 5416 tione
2120 5370 2279 5429 atqnc
2326 5359 2625 5413 obcdientia
2676 5357 2987 5429 religantes,
3036 5360 3241 5429 objecta
3295 5363 3521 5430 primunt

1952 5452 2341 5507 oblatrantibus
2388 5450 2528 5504 mole
2560 5459 2792 5517 paterna:
2822 5452 3123 5515 sontentiai,
3174 5469 3328 5521 quam
3360 5468 3521 5520 super

1951 5544 2176 5612 ejistola
2222 5557 2366 5608 stupe
2404 5541 2549 5595 dicta
2599 5542 2857 5609 prolatam
2884 5542 3188 5609 docuimus,
3216 5545 3266 5597 itt
3297 5544 3521 5611 quodam

1951 5634 2311 5705 placidissimo
2354 5632 2473 5687 ﬁdei
2524 5641 2677 5702 portu
2726 5647 2902 5691 causa:
2946 5635 3208 5692 rationem
3251 5634 3332 5691 vel
3376 5633 3520 5688 iure.

2022 5770 2040 5798 '
2074 5767 2215 5823 idem
2246 5767 2391 5834 θοάς,
2420 5769 2635 5823 ministri
2666 5770 2780 5824 mei.
