3878 6194
399 264 506 320 635

1502 266 1795 324 FACUNDI
1835 264 2045 323 EPiSC.
2091 263 2593 321 IIERMIANENSIS

3524 280 3609 336 656

355 365 358 368 ί
403 385 648 442 niendam
685 398 1025 454 quaeramus,
1078 385 1157 440 vel
1189 385 1554 442 ostendamus
1585 387 1852 440 iuventam
1885 399 1901 437 τ
1937 391 1993 438 ιιι
2025 387 2073 446 Α
2104 380 2246 436 niam
2272 396 2389 436 eam
2417 379 2678 450 judicavit
2698 377 3047 434 orthodoxam
3081 397 3092 432 :
3123 381 3256 451 quod
3277 384 3330 439 in
3351 385 3490 458 hujus
3505 409 3609 462 ope.

403 479 541 548 quod
575 479 678 533 fide
709 478 970 544 creditur,
1014 477 1176 533 etiam
1209 479 1568 550 intelligentia
1605 486 1985 547 cognoscatur,

402 583 506 624 non
536 583 692 637 posse
713 567 859 638 justo
886 569 1209 636 reprehendi
1242 585 1494 640 magnam
1525 570 1814 641 synodo-ti,
1849 582 1984 637 quo-

2103 472 2176 528 ris
2223 473 2510 536 divisione,
2563 470 2750 525 ultimo
2806 471 2927 526 loco
2972 485 3071 526 nos
3116 471 3427 542 promisimus
3464 493 3609 540 osten-

2104 579 2281 619 801‘68.

3499 675 3602 688 0-—

1587 729 1935 812 LIBER
2011 724 2506 809 SEXTUS.

912 894 1139 952 CAPUT
1179 893 1468 952 PRIMUM.

397 1004 552 1079 {litori
583 1005 815 1079 synodus
843 1002 1276 1062 Chalcedonensis
1306 1008 1580 1079 epistolam
1631 1004 1654 1058 1
1663 1005 1737 1079 bre
1767 1023 1988 1075 pronun-

472 1077 606 1128 tians
626 1075 969 1130 orthodoxam
995 1089 1125 1131 recte
1144 1075 1417 1148 judicarit,
1441 1089 1486 1131 ct
1510 1093 1672 1131 sacra:
1703 1078 1986 1145 Scriptura:

471 1162 661 1198 morem
695 1157 867 1199 secuta
904 1149 990 1212 sit,
1022 1165 1136 1211 qum
1163 1150 1226 1201 de
1248 1150 1420 1201 multis
1449 1165 1511 1202 ex
1551 1149 1747 1215 majore
1776 1164 1838 1200 ac
1881 1163 1988 1200 me-

470 1220 596 1272 liore
612 1228 760 1286 parte
784 1219 908 1272 solet
932 1219 1066 1285 ferro
1088 1221 1414 1274 sententiam.

479 1331 592 1398 Age
614 1357 616 1361 -
638 1344 780 1384 nunc
822 1330 949 1383 illud
979 1331 1142 1385 etiam
1173 1331 1313 1400 quod
1345 1339 1609 1400 superest,
1642 1329 1870 1398 probare
1897 1330 1983 1384 in-

390 1420 626 1489 cipimus
673 1428 726 1473 et
756 1419 1045 1475 ostendere
1069 1435 1228 1488 quam
1256 1419 1471 1491 indigne
1501 1421 1572 1475 de
1598 1421 1862 1474 sententia
1894 1423 1985 1475 Su-

399 1529 496 1582 per
522 1513 745 1582 epistola
773 1514 1093 1568 venerabilis
1139 1514 1245 1568 lbe
1277 1516 1479 1583 prolata
1524 1513 1984 1569 Chalcedonensis

399 1605 635 1676 synodus
680 1613 989 1660 accusetur.
1036 1605 1276 1676 Namque
1304 1620 1424 1660 cum
1458 1605 1702 1660 eamdem
1732 1620 1980 1676 magnam

391 1696 661 1766 synodum
695 1695 1007 1764 prmdietns
1036 1695 1150 1749 thas
1205 1695 1490 1764 episcopus
1519 1695 1710 1760 adiret,
1744 1709 1980 1764 conque-

397 1803 524 1843 rens
541 1802 609 1842 ac
649 1788 935 1858 deplorans
959 1788 1270 1857 iniustitiam
1322 1801 1381 1844 se
1403 1789 1471 1843 ab
1501 1787 1742 1859 Eutyche
1768 1797 1822 1844 et
1850 1789 1981 1842 falsa

389 1882 964 1950 criminapertulissc,
990 1893 1148 1950 atque
1174 1883 1227 1935 in
1257 1881 1527 1951 Ephesina
1556 1881 1788 1936 secunda
1817 1894 1980 1952 syno-

395 1975 467 2027 do
493 1983 518 2011 ⁸
559 1989 666 2030 non
700 1974 932 2030 "dicenda
977 1975 1250 2029 absentem
1279 1983 1334 2030 et
1365 1974 1661 2038 innoxium,
1691 1974 1832 2029 sicut
1860 1974 1978 2027 ido-

389 2082 618 2120 neorum
668 2067 1111 2121 documentorum
1172 2067 1478 2122 testiﬁcatio
1545 2067 1973 2133 demonstrabat,

2093 898 2144 941 ut
2177 887 2359 953 etiam,
2411 886 2553 956 quod
2604 886 2950 942 Nestorianos
2982 887 3273 957 impugnat,
3314 903 3455 943 unam
3483 893 3618 944 conti-

2093 989 2268 1035 teatur
2292 979 2310 1010 ³
2332 993 2453 1035 esse
2482 981 2940 1049 personam,qnod
2967 990 3047 1034 est
3070 996 3202 1033 unus
3221 981 3376 1035 Filius
3402 981 3624 1038 Dominus

2087 1070 2244 1126 Jesus
2271 1068 2535 1125 Christus.
2567 1071 2732 1125 Porro
2781 1071 3118 1142 Eutycbiani,
3152 1072 3379 1127 volentes
3419 1075 3622 1154 t-jpsdem

2089 1175 2291 1219 sancta:
2319 1166 2506 1235 synodi
2535 1165 2908 1220 auctoritatem
2955 1165 3262 1236 infringere,
3295 1167 3526 1223 simulant
3563 1168 3624 1223 ina

2084 1253 2282 1324 juriam
2316 1271 2374 1310 se
2410 1256 2594 1310 dolere
2623 1257 2761 1310 beati
2789 1256 2996 1326 Cyrilli,
3041 1269 3096 1312 et
3145 1257 3264 1312 hinc
3293 1274 3402 1314 eam
3425 1263 3625 1327 enlpabi-

2092 1344 2200 1399 lem
2231 1345 2434 1410 dicunt,
2465 1346 2604 1415 quod
2645 1347 2950 1416 praedictam
2982 1348 3260 1417 epistolam
3311 1353 3594 1418 pronuntiav
3615 1363 3631 1403 t.

2085 1437 2472 1492 orthodoxam.
2506 1438 2720 1492 Addunt
2750 1449 2803 1492 et
2851 1439 2951 1493 alia
3003 1442 3054 1492 in
3085 1441 3532 1508 reprehensionem
3567 1444 3631 1509 ip-

2091 1531 2201 1584 sius
2230 1531 2494 1598 epistolzr,
2525 1546 2642 1601 quze
2673 1546 2770 1586 nec
2795 1530 2891 1600 ipsi
2921 1541 3262 1586 accusatores
3286 1532 3405 1596 lbre,
3427 1536 3636 1602 quamvis

2085 1621 2403 1675 calumniosi
2450 1636 2512 1676 ac
2538 1621 2854 1690 pertinaces,
2900 1626 2952 1676 in
2986 1623 3151 1676 tantis
3178 1637 3296 1690 quce
3320 1632 3434 1677 sunt
3457 1625 3636 1690 Cchrll

2081 1711 2318 1779 judiciis,
2343 1713 2628 1783 aliquando
2659 1723 2751 1767 aut
2777 1714 2977 1768 alicubi
3006 1712 3271 1783 obiecisse
3293 1725 3638 1780 monstrantur,

2085 1819 2183 1858 nec
2210 1805 2534 1858 erubescunt
2578 1806 2999 1875 impudentiorcs
3047 1807 3208 1860 toties
3233 1807 3466 1860 refutatis
3501 1821 3637 1860 accu-

2082 1894 2350 1949 satoribus
2381 1895 2630 1950 inveniri.
2669 1896 2798 1950 Nam
2831 1896 2907 1950 illi
2942 1895 3043 1951 hoc
3073 1897 3248 1951 solum
3289 1898 3529 1966 pradicto
3553 1897 3640 1952 lbre

2080 1990 2332 2059 episeopo
2364 2006 2430 2042 ex
2467 2000 2760 2044 memorata
2792 1989 2910 2060 ejus
2943 1990 3174 2059 epistola
3222 1990 3541 2059 objecerunt,
3565 2005 3642 2041 vo-

2083 2078 2250 2132 lentes
2294 2093 2415 2132 cum
2471 2078 2843 2132 Nestorianum
2897 2079 3089 2144 videri,
3125 2079 3268 2149 quod
3318 2080 3368 2134 in
3399 2095 3455 2133 ea
3505 2081 3640 2133 beato

395 2158 495 2211 sub
526 2158 799 2223 Dioscoro,
833 2157 1087 2228 Eutychis
1135 2167 1296 2227 atque
1345 2157 1662 2229 Eutychiani
1711 2159 1976 2228 dogmatis
2013 2184 2050 2240 ῃ
2081 2168 2282 2240 Cyiil'o
2307 2169 2533 2223 Nestorii
2557 2170 2959 2224 condemnatori
2983 2170 3289 2224 detraxerit
3317 2188 3328 2223 :
3357 2179 3641 2225 casterorntn

393 2247 696 2312 defensore,
727 2247 893 2304 fuisse
923 2249 1257 2314 damna-'um,
1288 2258 1341 2304 et
1369 2250 1420 2303 in
1453 2251 1801 2320 quadraginza
1827 2266 1977 2305 man-

390 2343 574 2396 siones
601 2358 695 2411 per
723 2343 966 2398 diversas
1005 2344 1319 2398 distractum
1355 2346 1680 2414 provincias,
1707 2346 1893 2416 viginti
1924 2355 1978 2401 et

393 2436 622 2504 amplius
652 2451 898 2490 carceres
938 2446 1192 2492 mutasse.
1232 2437 1356 2493 llrec
1382 2439 1396 2470 ¹
1422 2438 1840 2493 acclamantibus
1866 2440 1980 2508 epi-

394 2527 597 2593 scopis,
625 2527 1008 2581 ct'diccntibus
1035 2544 1050 2582 :
1082 2528 1373 2584 Absentem
1432 2544 1591 2583 nemo
1621 2529 1974 2595 condemnat;

393 2599 532 2672 male
586 2617 831 2674 fecerunt
885 2621 977 2689 qui
1030 2629 1152 2674 eum
1185 2631 1381 2692 praeter
1410 2635 1644 2676 canones
1681 2622 1974 2678 damnave-

392 2717 537 2775 runt;
564 2724 681 2779 quae
710 2710 970 2764 adversus
998 2710 1273 2766 absen'em
1308 2712 1440 2767 facta
1464 2721 1588 2767 sunt
1617 2722 1970 2768 evacuentur:

373 2791 505 2856 hac
549 2817 738 2857 omnes
767 2802 1027 2869 dicimus,
1074 2819 1233 2860 nemo
1291 2806 1614 2861 condemnat
1669 2806 1971 2863 absentem.

391 2891 583 2948 Postea
615 2892 944 2961 Theolthilus
976 2895 1254 2961 diaconus,
1313 2897 1399 2966 qui
1434 2896 1572 2951 inter
1616 2897 1755 2951 alios
1807 2897 1974 2967 ipsius

388 2984 704 3041 venerabilis
739 2987 840 3041 tb.e
867 2988 1208 3045 adversarios
1235 2991 1519 3056 existebat,
1543 2999 1730 3046 contra
1754 2992 1976 3062 protulit

387 3086 558 3143 gesta,
593 3077 788 3148 quibus
818 3094 938 3134 cum
970 3093 1036 3134 eo
1079 3079 1291 3136 fuerant
1342 3081 1478 3152 apud
1515 3083 1759 3138 Photinm
1787 3091 1842 3140 et
1871 3085 1972 3140 Eu-

386 3167 650 3223 stachium
681 3171 700 3201 ²
729 3178 888 3240 atque
945 3170 1204 3226 Uranium
1250 3173 1562 3241 episcenos,
1621 3189 1682 3227 ex
1724 3173 1972 3244 delegato

384 3260 672 3316 Theodosii
702 3263 955 3332 principis
975 3265 1248 3318 altercati:
1271 3279 1455 3319 eorum
1489 3282 1547 3320 se
1585 3267 1814 3321 lectiwnc
1845 3281 1971 3335 pro-

376 3355 604 3409 mittens
643 3355 952 3422 ostendere,
988 3357 1129 3422 quod
1183 3371 1286 3411 non
1335 3357 1528 3428 injuria
1585 3358 1969 3413 condemnatus

379 3445 565 3500 fuerit.
603 3443 658 3498 In
702 3461 807 3514 quo
841 3445 1014 3500 Photii
1040 3456 1091 3501 et
1125 3445 1400 3502 Eustathii
1426 3459 1584 3518 atque
1619 3448 1798 3503 Urarrii
1827 3449 1968 3518 judi-

2087 2277 2233 2327 ωτι»,
2266 2277 2383 2331 qua:
2433 2262 2516 2317 isti
2563 2277 2701 2316 nunc
2754 2262 3040 2331 adjicitmt,
3104 2277 3206 2318 nec
3258 2263 3646 2332 qualemcunque

2085 2349 2407 2405 tnentioucm
2453 2348 2628 2404 ﬁtecre
2669 2361 3128 2419 prmsumpserunt
3163 2369 3176 2405 :
3237 2367 3354 2420 qum
3393 2351 3650 2414 nos,omui

2085 2451 2270 2494 tenore
2311 2443 2588 2508 preposito
2638 2441 2802 2509 ipsius
2849 2442 3115 2510 epistolae,
3151 2457 3217 2497 ex
3250 2443 3437 2496 ordine
3465 2443 3646 2497 refelle-

2083 2547 2112 2583 n
2139 2545 2222 2584 ns.
2256 2530 2360 2585 Sed
2395 2530 2605 2584 videtur
2635 2531 2785 2585 nobis
2816 2533 2951 2601 quod
2986 2535 3142 2600 prius
3172 2533 3410 2588 breviter
3433 2534 3650 2605 quzedam

2081 2621 2262 2674 dicere
2288 2620 2581 2676 debeamus
2608 2621 2675 2675 de
2705 2622 2803 2675 hoc
2833 2621 3202 2691 qttojactatur
3235 2624 3650 2693 vituperationem

2079 2711 2219 2765 beati
2262 2709 2452 2784 Cyrilli
2509 2713 2743 2782 synodus
2793 2713 3149 2782 approbasse,
3185 2722 3241 2769 et
3289 2715 3357 2770 de
3401 2731 3503 2784 quo
3530 2715 3654 2768 illam

2083 2802 2316 2856 maxime
2367 2816 2429 2856 ac
2484 2801 2848 2870 principaliter
2885 2804 3186 2858 adversarii
3219 2804 3557 2859 criminantes
3583 2800 3654 2856 vel

2082 2893 2388 2948 scatnializa
2414 2903 2470 2958 tt,
2499 2895 2580 2948 vel
2606 2897 2648 2948 si
2676 2895 2776 2948 hoc
2796 2909 2900 2948 non
2925 2902 3181 2964 possunt,
3207 2895 3478 2964 exagitant
3503 2895 3659 2948 minus

2082 2985 2416 3038 instructos:
2469 2999 2695 3053 quorum
2754 2983 3115 3053 aliqui,licet
3144 2987 3396 3040 eamdem
3441 2995 3658 3038 sanctam

2075 3077 2340 3148 synodum
2393 3091 2490 3146 pro
2538 3092 2649 3131 sua:
2688 3077 2808 3132 fidei
2843 3078 3039 3146 pietate
3072 3094 3141 3134 ac
3183 3078 3476 3134 devotione
3499 3079 3658 3133 deten-

2074 3169 2224 3234 dant,
2256 3178 2435 3224 tamen
2460 3169 2583 3239 quia
2607 3169 2735 3223 dare
2762 3184 2864 3223 non
2886 3181 3111 3239 possunt
3135 3172 3347 3228 exitum
3377 3172 3660 3244 qumstioni,

2073 3259 2520 3329 persuadt-ntiltus
2546 3261 2917 3315 hatreticorum
2946 3261 3286 3330 fautoribus,
3311 3275 3552 3320 asserunt
3573 3278 3665 3320 non

2074 3351 2141 3405 ab
2170 3365 2230 3405 ea
2265 3353 2430 3406 fuisse
2453 3361 2778 3420 susceptam.
2811 3353 2915 3406 Nos
2939 3363 3128 3409 autem
3163 3357 3441 3412 evidentis
3471 3357 3664 3411 menda-

2072 3443 2144 3499 cii
2193 3453 2249 3499 ct
2295 3445 2363 3499 ab
2409 3443 2728 3500 adversariis
2789 3446 3082 3501 min'stra-i
3119 3447 3443 3521 suffragium
3484 3449 3671 3520 pudet;

376 3541 462 3594 cio
487 3539 824 3608 jactaverant
859 3553 1217 3605 accusatores,
1267 3552 1624 3597 memoratum
1651 3543 1959 3614 epiSCOpum
1992 3559 2036 3621 ί]
2075 3535 2214 3604 quod
2269 3537 2314 3591 si
2367 3536 2587 3591 evidens
2630 3553 2734 3590 non
2779 3537 2986 3600 fuisset,
3025 3540 3327 3612 indignum
3360 3556 3483 3596 esse
3505 3543 3668 3596 debu't

378 3630 522 3685 Ibam
550 3646 609 3685 se
651 3631 970 3698 probaturos
1009 3633 1428 3689 Nestorianutn:
1487 3635 1647 3704 idque
1697 3637 1962 3690 conficere

380 3723 692 3778 nitebantur
717 3739 782 3779 ex
813 3727 1038 3792 epistola
1071 3742 1230 3804 quam
1259 3728 1545 3798 aliquando
1575 3730 1865 3793 scripserat
1892 3729 1962 3783 ad

373 3812 561 3867 Marim
585 3813 814 3884 aliquem
845 3816 1060 3870 Persam
1088 3835 1100 3870 :
1147 3833 1213 3872 eo
1235 3819 1375 3888 quod
1399 3821 1449 3874 in
1479 3820 1564 3874 illa
1599 3821 1872 3876 videretur
1894 3823 1960 3878 de

371 3900 530 3958 beato
576 3903 797 3975 Cyrillo,
845 3905 1076 3961 Nestorii
1108 3909 1445 3976 damnat-tre,
1487 3910 1644 3965 aliter
1670 3925 1831 3979 quam
1874 3926 1958 3966 res

368 3992 548 4049 habuit
573 4011 669 4066 pro
697 3999 1005 4066 suspicione
1035 4015 1128 4054 sua
1155 4003 1380 4064 Iocatus,
1409 4015 1527 4070 quze
1557 4001 1656 4068 illi,
1683 4002 1820 4056 sicut
1842 4003 1951 4071 pri-

370 4101 456 4139 mo
485 4086 625 4140 l‘.bro
647 4087 950 4155 docuimus,
978 4091 1277 4144 communis
1305 4099 1419 4144 erat
1446 4103 1566 4144 cum
1588 4090 1949 4145 Orientalibus

365 4177 695 4249 aliarumque
742 4182 1134 4250 provinciarum
1165 4183 1452 4252 episcopis.
1487 4182 1944 4248 Quemadmodum

363 4282 490 4323 vero
524 4271 576 4324 in
628 4270 742 4340 ipso
773 4271 947 4328 Photii
978 4282 1032 4327 et
1063 4275 1352 4338 Eustachii,
1387 4273 1679 4342 Uraniique
1719 4273 1942 4344 judicio,

362 4373 458 4426 pro
485 4361 673 4415 eadem
704 4377 797 4416 sua
830 4364 1059 4432 epistola
1091 4365 1439 4421 Nestorianus
1461 4363 1685 4434 iudicari
1717 4379 1824 4418 non
1851 4377 1946 4434 po-

365 4449 482 4514 tuit,
512 4452 760 4518 quoniam
791 4453 902 4507 hinc
944 4453 1054 4508 fieri
1086 4469 1189 4509 non
1222 4455 1430 4511 sinebat
1477 4455 1601 4510 tldei
1635 4464 1779 4510 recta
1817 4471 1948 4510 con-

359 4539 544 4608 fcssio,
576 4556 693 4612 quae
716 4541 912 4598 ibidem
940 4546 1278 4601 continetur:
1303 4546 1372 4600 ita
1405 4561 1500 4601 nec
1527 4545 1667 4616 apud
1699 4559 1944 4616 magnam

356 4632 621 4702 synodum
645 4635 1031 4690 condemnatus
1059 4647 1162 4702 est,
1193 4652 1311 4692 cum
1335 4637 1406 4692 ibi
1435 4649 1497 4691 ex
1521 4637 1726 4692 eisdem
1755 4640 1941 4707 gestis,

354 4725 422 4779 ab
461 4725 576 4794 ejus
620 4725 929 4782 adversario
985 4729 1223 4798 prolatis,
1255 4730 1562 4800 supradicta
1613 4731 1946 4800 relegeretur

353 4815 599 4882 cpistola,
632 4818 727 4872 sed
753 4834 816 4874 ex
841 4820 955 4888 ejus
985 4829 1068 4875 est
1093 4821 1261 4890 magis
1285 4832 1469 4878 tenore
1507 4833 1781 4894 purgatus.
1807 4824 1937 4879 Nam

2072 3626 2392 3682 Christiana:
2417 3627 2761 3683 conscientia:
2790 3629 3137 3685 metulaciter
3161 3631 3468 3687 defendere
3491 3633 3669 3686 verita-

2067 3729 2197 3774 tem.
2243 3719 2417 3774 llabet
2469 3721 2611 3774 enim
2669 3734 2794 3774 suas
2842 3722 3190 3779 assertioues
3223 3727 3467 3789 veritas,
3525 3740 3620 3778 non
3649 3739 3671 3776 a

2066 3813 2348 3868 mendacio
2379 3822 2664 3881 mutuatas,
2717 3814 2910 3883 quibus
2953 3818 3287 3874 testimonio
3341 3821 3671 3876 conscientia!

2069 3921 2172 3958 non
2205 3913 2486 3974 repugnet,
2521 3913 2576 3959 et
2625 3905 2824 3959 invicta
2854 3917 3199 3974 pernmn'ens
3251 3890 3674 3966 adversariorum

2068 3993 2363 4048 calumnias
2387 3993 2632 4065 frangat:
2665 4009 2796 4063 quas
2827 3995 2872 4049 si
2901 3996 3022 4065 quis
3051 3998 3320 4056 invenire
3354 4017 3463 4055 non
3489 4008 3673 4070 potest,

2063 4095 2239 4141 tacere
2268 4087 2443 4156 potius
2475 4086 2640 4156 eligat
2668 4101 2828 4156 quant
2861 4089 3110 4153 tuentiri,
3138 4099 3201 4146 et
3236 4093 3361 4147 sola
3387 4094 3460 4147 sit
3499 4093 3676 4147 decre-

2060 4187 2232 4231 torum
2291 4177 2609 4232 auctoritate
2649 4184 2955 4233 contentus.
2987 4177 3138 4234 Nam
3196 4182 3245 4237 si
3300 4199 3404 4238 nos
3451 4181 3677 4238 haeretici

2058 4270 2291 4324 viderint
2320 4271 2372 4324 in
2402 4271 2563 4325 rebus
2595 4271 2889 4340 perSpir-uis
2917 4287 3017 4326 suo
3041 4276 3130 4330 uti
3159 4277 3485 4345 mendacio,
3507 4279 3679 4350 quales

2054 4373 2150 4414 nos
2177 4359 2229 4413 in
2254 4360 2375 4414 aliis
2405 4360 2681 4429 putabunt,
2713 4375 2832 4430 qua:
2861 4361 3126 4417 videntur
3158 4366 3452 4422 obs-cura?
3478 4369 3544 4422 Et
3569 4369 3678 4424 ideo

2045 4453 2179 4523 jam,
2209 4454 2461 4524 religiose
2519 4455 2829 4525 imperator,
2865 4455 3094 4512 attende
3125 4473 3305 4528 quam
3363 4463 3576 4518 fortiter
3604 4477 3682 4516 ea-

2051 4546 2280 4601 lumnias
2321 4545 2696 4601 haereticorum
2746 4554 2799 4601 et
2828 4547 2944 4602 sine
2975 4549 3094 4604 ulia
3129 4550 3471 4610 difficultate
3501 4553 3680 4609 dissol-

2049 4651 2195 4701 vam,
2226 4636 2468 4705 exempla
2503 4635 2781 4704 proferens
2812 4636 3007 4690 divitia:
3042 4639 3396 4709 Scriptor-aa,
3424 4645 3685 4714 quomodo

2050 4741 2080 4782 a
2110 4726 2316 4797 majore
2344 4734 2396 4781 et
2418 4726 2640 4781 meliore
2672 4735 2822 4795 parte
2851 4727 2916 4781 de
2939 4729 3140 4784 multis
3172 4733 3364 4786 soleat
3399 4735 3542 4788 ferre
3571 4749 3682 4787 sen-

2053 4820 2304 4872 tentiam:
2334 4816 2487 4886 cujus
2517 4817 2740 4870 formam
2789 4817 2946 4871 sicuti
2987 4817 3046 4872 in
3075 4821 3358 4877 erunibus
3383 4834 3572 4878 sancta
3601 4838 3686 4895 sy-

352 4907 426 4962 sic
449 4907 582 4964 duas
611 4919 826 4964 naturas
872 4913 922 4965 in
947 4925 1007 4966 ea
1042 4913 1318 4968 confessus
1342 4921 1443 4981 e~t,
1479 4915 1617 4984 quod
1645 4914 1928 4984 Eutychia-
1969 4894 2022 4953 D
2048 4909 2219 4965 nodus
2239 4907 2693 4964 Chalcedonensis
2723 4919 2904 4964 secuta
2935 4921 3045 4976 est,
3089 4922 3158 4966 ut
3191 4915 3498 4984 epistolam
3524 4932 3684 4971 vene-

352 5014 451 5056 nos
472 5001 712 5069 offendit,
742 5002 884 5059 unde
936 5013 990 5060 et
1036 5004 1380 5062 condemnari
1431 5023 1549 5063 eam
1579 5009 1926 5079 quaesierunt,

417 5124 441 5152 ο
465 5111 539 5168 De
568 5113 759 5170 hmresi
783 5115 1094 5173 Nestoriana
1122 5118 1459 5175 insimulatus
1479 5138 1507 5175 a
1537 5122 1748 5178 clericis
1778 5122 1938 5177 Edes-

352 5183 499 5264 senis
521 5184 637 5238 lbas
659 5188 885 5264 primum
912 5187 1012 5242 fuit
1037 5190 1175 5264 apud
1201 5190 1448 5264 Proclum
1478 5191 1934 5264 ConstantinOpo-

352 5256 602 5330 litanum,
622 5257 775 5330 cujus
805 5269 1022 5314 exstant
1067 5261 1280 5326 litterae,
1307 5263 1500 5330 quibus
1546 5256 1937 5321 certiorem'de

351 5331 547 5406 resuta
579 5325 697 5406 facit
728 5328 997 5406 Joannem
1023 5325 1438 5406 Antiochocum.
1469 5335 1676 5406 Mortuo
1703 5335 1929 5400 .loiinne,

348 5393 554 5449 delatus
583 5394 773 5450 iterum
798 5409 881 5454 est
899 5417 927 5454 a
954 5403 1165 5456 clericis
1187 5403 1252 5456 ad
1270 5402 1530 5458 Domuum
1555 5403 1774 5460 Joannis
1806 5393 1929 5461 sne;

346 5474 640 5545 cessarem,
672 5475 868 5545 etcum
899 5472 966 5545 ab
994 5487 1060 5527 eo
1081 5475 1314 5542 suscepti
1361 5490 1464 5528 non
1491 5486 1694 5542 essent,
1725 5479 1788 5530 ad
1813 5477 1930 5530 Fla-

347 5539 588 5618 ιίὶιιιὲξιηι
603 5539 690 5618 qui
718 5539 905 5593 Proeto
928 5543 982 5595 in
1012 5539 1300 5618 tit-heresin
1330 5539 1690 5618 successerat.
1706 5547 1929 5618 Datique

345 5604 414 5660 de
445 5603 678 5661 Flaviani
715 5624 979 5666 consensu
1009 5628 1040 5668 a
1087 5603 1389 5672 Theodosio
1421 5617 1526 5671 Iba:
1558 5618 1766 5687 judices
1809 5603 1926 5690 e'pié

418 5700 431 5728 '
465 5698 596 5754 Covl.
621 5699 836 5766 \"eron.,
867 5703 950 5754 Ad
979 5702 1110 5757 lucc.

414 5769 435 5800 ²
463 5769 608 5826 idem
635 5773 781 5839 cod.,
809 5782 855 5826 ct
880 5772 1237 5843 Eustachium,
1266 5777 1347 5834 vel
1376 5778 1717 5836 Eustathium.

2041 5003 2222 5057 rabilis
2247 5002 2372 5066 Ibat,
2397 5001 2637 5070 quamvi
2663 5000 2730 5056 de
2773 5000 2932 5055 beato
2961 4999 3191 5072 Cyrillo
3225 5006 3397 5062 aliter
3419 5023 3580 5079 quam
3607 5022 3685 5062 res

2049 5115 2196 5189 scopi
2228 5113 2444 5168 Photius
2465 5123 2530 5189 et
2550 5112 2858 5167 Eustathius
2880 5127 3001 5189 eum
3043 5112 3294 5189 Urania,
3313 5118 3523 5189 (ιυρῐὶςί
3550 5119 3683 5188 apud

2044 5185 2242 5254 Tyrum
2267 5197 2319 5240 et
2345 5186 2482 5252 apud
2499 5186 2746 5254 Berytqu
2771 5184 3094 5253 cognitione
3124 5185 3289 5243 Ibam
3309 5184 3681 5246 absolverunt.

2041 5253 2286 5332 [fosthaec
2315 5256 2366 5310 in
2399 5253 2615 5332 nefaria
2642 5253 2849 5324 synodo
2879 5255 3172 5332 Ephesina
3203 5274 3243 5314 rt
3274 5261 3552 5332 Eutycius
3574 5261 3682 5315 fac-

2042 5329 2187 5402 tione
2211 5327 2493 5402 damnatus
2519 5329 2712 5402 absens
2737 5335 2896 5402 atque
2922 5329 3268 5402 epi§c0patn
3293 5327 3556 5402 defectus
3580 5341 3680 5387 est.

2039 5399 2153 5463 Qua
2202 5401 2268 5451 de
2299 5413 2358 5452 re
2383 5413 2502 5450 cum
2536 5399 2671 5463 apud
2707 5397 2966 5465 synodum
3006 5397 3552 5459 Chalcedonénsem
3593 5419 3684 5459 ev-

2037 5467 2631 5544 postulasset._s_ynodus
2650 5467 2973 5544 approbatis,
2996 5476 3066 5544 et
3091 5480 3234 5525 ante
3251 5472 3492 5538 dictum,
3508 5474 3679 5544 Tyriis

2038 5537 2101 5616 ac
2134 5537 2508 5616 Berytensibus
2531 5541 2718 5616 gestis,
2757 5537 3174 5616 Ephesioisque
3205 5537 3683 5616 repudiatisfpri-

2033 5611 2228 5665 stiuum
2262 5609 2310 5664 ei
2338 5609 2559 5677 gradum
2589 5611 2820 5663 restituit
2849 5609 2902 5664 in
2929 5609 3170 5667 actione
3209 5609 3305 5668 10—.

2105 5723 2126 5754 ³
2150 5723 2291 5779 ldcm
2315 5722 2461 5790 cod.,
2487 5722 2837 5792 conﬁteretur.
