3962 6196
282 400 381 453 657

1135 393 1268 449 PRO
1308 391 1732 449 DEFENSIONE
1771 387 1987 447 TRIUM
2012 388 2331 447 CAPITUL.
2375 391 2500 447 LIB.
2536 392 2624 449 γι.

3471 395 3597 451 εδει

284 516 467 572 habuit
492 513 839 583 suSpicantis,
866 520 1045 568 tamen
1074 524 1172 581 pro
1201 526 1328 565 vera
1368 508 1490 565 ﬁdei
1531 507 1871 563 confessione
1897 504 1949 563 A
1977 503 2104 572 stio,
2134 507 2466 574 superﬂuum
2506 505 2755 563 ducens?
2805 506 2946 562 sicut
2987 507 3101 577 ipse
3127 521 3339 577 quoque
3383 508 3597 566 beatus-

283 626 444 681 quam
472 608 541 662 de
574 606 785 661 Christo
814 614 961 660 tenet
1009 604 1050 669 ⁸,
1078 603 1433 657 orthodoxam
1469 600 1757 670 judicaret.
1787 600 1876 655 Sic

284 717 466 774 regem
497 699 632 756 Juda
679 702 808 768 Asa,
854 713 1011 768 quem
1039 696 1240 753 scimus
1267 710 1373 749 non
1398 694 1453 749 in
1486 694 1663 765 parvis
1692 708 1792 747 nec
1822 692 1875 746 in

284 793 469 864 paucis
497 791 665 847 fuisse
703 789 997 860 culpatum,
1055 787 1242 843 eadem
1274 786 1558 855 Scriptura
1606 784 1871 840 laudavit:

282 883 438 953 cujus
466 897 587 953 qua:
627 880 825 935 fuerint
861 879 1034 948 culpa:
1064 878 1210 947 prius
1239 891 1546 933 memorare
1573 876 1834 931 debemus
1861 914 1875 940 ,

190 976 198 984 '
284 992 345 1030 ac
372 974 568 1030 deinde
609 971 878 1043 quomodo
904 970 970 1024 ab
993 984 1053 1023 ea
1082 968 1243 1024 fuerit
1270 968 1612 1038 praedicatus.
1639 965 1876 1020 Primum

284 1070 462 1137 itaque
488 1065 703 1126 dicitur,
736 1063 859 1133 quia
882 1061 959 1115 illi
989 1074 1277 1115 commune
1306 1074 1427 1113 cum
1459 1058 1639 1112 multis
1667 1055 1879 1125 regibus

238 1214 241 1217 .
284 1159 405 1222 luit,
438 1159 559 1228 quia
586 1173 692 1212 non
723 1156 989 1212 destruxit
1013 1154 1225 1209 excelsa
1251 1152 1371 1223 (Ill
1400 1153 1527 1224 Reg.
1555 1166 1647 1218 xv,
1676 1148 1793 1217 Id):
1824 1149 1877 1202 in

283 1251 478 1321 quibus
511 1251 631 1303 licet
663 1248 885 1302 Domino
911 1247 1529 1312 sacriﬁcaretur,contra
1559 1243 1674 1312 cjus
1704 1251 1879 1297 tamen

285 1349 613 1412 prmceptum
645 1338 966 1408 ﬁebat,quia
1000 1338 1053 1391 in
1077 1336 1275 1404 templo
1296 1336 1395 1390 sibi
1429 1332 1719 1389 sacriﬁcari
1746 1349 1880 1402 prae-

286 1440 523 1504 ccperat.
572 1430 773 1487 Deinde
800 1431 924 1500 quia
951 1429 1080 1485 dato
1129 1440 1355 1499 argento
1382 1436 1440 1482 et
1469 1442 1600 1481 auro
1629 1426 1768 1496 quod
1801 1427 1880 1479 in-

286 1538 505 1584 ventum
536 1535 625 1583 est
649 1529 704 1582 in
739 1527 1001 1581 thesauris
1019 1526 1211 1580 domus
1235 1524 1397 1596 regis,
1425 1532 1612 1579 contra
1636 1524 1767 1577 Basa
1798 1539 1882 1577 re-

286 1639 409 1693 gem
436 1622 598 1677 Israel
621 1620 759 1691 regis
782 1619 952 1690 Syria:
982 1619 1123 1675 male
1151 1616 1668 1689 quasivitauxilium
1695 1616 1879 1683 (Ibid,

290 1715 415 1782 I8):
440 1715 583 1769 unde
606 1729 727 1768 cum
756 1724 811 1768 et
836 1711 1132 1782 increpavit
1156 1711 1363 1766 Anania
1394 1708 1674 1778 propheta,
1694 1708 1879 1762 dicens

285 1805 430 1875 quod
462 1805 781 1875 insipienter
810 1805 976 1873 egerit
1018 1803 1253 1859 conﬁsus
1289 1802 1341 1856 in
1381 1816 1559 1871 regem
1602 1797 1795 1870 Syriae,
1826 1807 1883 1853 et

1979 593 2214 664 Cyrillns
2235 598 2564 665 superﬂuum
2590 598 2760 666 duxit,
2789 613 2911 655 cum
2944 599 3208 656 scriberet
3238 602 3258 631 ³
3288 598 3593 658 Orientalit»

1980 689 2078 743 bus
2099 703 2194 758 per
2218 689 2436 744 Paulum
2463 691 2782 746 Emesenum
2801 692 3358 762 episcopnm,dicens:
3384 712 3404 744 ι
3428 694 3583 761 Quo-

1980 782 2271 839 niamvero
2300 785 2569 853 superﬂua
2587 794 2643 839 ct
2664 785 2967 855 importuna
2988 787 3348 843 Ecclesiarum
3377 786 3572 843 divisio

1982 874 2118 931 facta
2146 886 2249 943 est,
2291 893 2432 933 nunc
2457 878 2689 932 maxime
2715 878 3043 935 satisfactum
3073 888 3155 935 est
3183 879 3358 945 nobis,
3389 880 3567 936 domi-

1982 982 2053 1023 no
2100 984 2221 1024 meo
2278 971 2718 1026 reverentissimo
2748 970 2911 1027 Paulo
2954 971 3193 1027 chartam
3238 971 3567 1042 proferente,

1984 1059 2268 1116 habentem
2317 1063 2841 1131 irrepreltensihilem
2909 1063 3029 1119 ﬁdei
3084 1064 3505 1121 confessionem.
3543 1082 3566 1117 ι

1983 1153 2115 1209 Cum
2140 1153 2299 1224 igitur
2328 1164 2383 1209 et
2409 1155 2523 1224 ipse
2552 1156 2740 1211 beatus
2770 1156 3021 1225 Cyrillus,
3053 1164 3253 1212 rectam
3284 1156 3450 1212 fuisse
3480 1171 3573 1211 co-

1984 1260 2248 1315 gnoscens
2292 1247 2640 1303 Orientalium
2697 1248 2893 1313 fidem,
2942 1263 3038 1317 pro
3088 1248 3219 1304 falsa
3269 1249 3573 1317 suspicione

1984 1353 2142 1407 quam
2169 1337 2235 1394 de
2264 1338 2359 1392 illo
2385 1338 2702 1405 habuerunt,
2732 1354 2834 1394 non
2864 1355 2956 1396 eos
2981 1340 3242 1409 judicavit
3264 1340 3570 1409 haereticos,

1985 1432 2107 1502 quia
2159 1446 2257 1486 nec
2304 1431 2487 1487 debuit
2524 1451 2535 1484 :
2580 1432 2846 1502 quomodo
2888 1441 3071 1486 sancta
3112 1431 3570 1486 Chalcedonensis

1985 1524 2223 1595 synodus
2248 1539 2355 1578 non
2386 1525 2558 1580 eidem
2589 1525 2744 1580 beato
2766 1523 2965 1596 Cyrillo
2991 1525 3258 1581 contraria
3274 1524 3566 1589 videretur,

1985 1616 2030 1670 si
2062 1631 2158 1684 pro
2182 1616 2291 1685 ipsa
2324 1616 2625 1684 suspicione
2652 1616 2782 1670 falsa
2812 1624 2973 1686 atque
2993 1616 3482 1684 superﬁua,verant
3516 1624 3572 1671 et

1987 1709 2345 1765 necessariam
2391 1710 2459 1764 de
2504 1708 2721 1764 Christo
2764 1708 2919 1762 fidem
2966 1723 3086 1776 quae
3132 1709 3186 1762 in
3218 1708 3307 1761 illa
3343 1706 3570 1776 epistola

1985 1801 2308 1866 continetur,
2344 1816 2449 1857 non
2503 1801 2873 1871 pronuntiaret
2916 1800 3313 1855 orthodoxam?
3344 1800 3573 1857 I’utave-

285 1918 394 1957 non
426 1901 478 1956 in
513 1902 799 1956 Dominum
829 1900 993 1954 Deum
1025 1913 1179 1953 suum
1210 1896 1292 1969 (Il
1330 1895 1510 1950 Paral.
1544 1911 1652 1962 xvi,
1680 1894 1758 1965 7).
1787 1892 1875 1948 In-
1912 1883 1954 1943 Β
1982 1901 2065 1947 rat
2091 1902 2266 1947 autem
2291 1893 2755 1949 reverentissimus
2780 1893 2895 1948 lbas
2923 1894 3230 1962 episc0pus,
3253 1892 3394 1963 quod
3427 1894 3566 1949 idem

287 2008 452 2063 super
489 1993 615 2063 quia
653 2003 707 2047 et
754 1994 928 2061 ipsum
979 1991 1243 2045 Ananiam
1287 1988 1627 2059 prophetam,
1661 1994 1879 2056 propter

287 2085 434 2156 quod
464 2100 585 2141 eum
611 2092 883 2153 arguerat,
915 2082 1218 2152 indignatus
1250 2081 1467 2135 tradidit
1494 2080 1547 2134 in
1576 2078 1878 2134 custodiam

286 2177 459 2231 nervi.
489 2176 767 2231 Postremo
783 2175 853 2231 de.
880 2174 971 2229 illo
992 2173 1272 2242 Scriptura
1301 2172 1459 2227 dicit:
1494 2170 1557 2225 Et
1588 2169 1881 2237 inﬁrmatus

287 2279 365 2325 est
392 2271 496 2323 Asa
525 2270 577 2323 in
609 2283 743 2322 anno
775 2267 1035 2338 trigesimo
1064 2274 1110 2319 et
1137 2281 1272 2320 nono
1303 2264 1446 2335 regni
1472 2264 1555 2317 sui
1584 2263 1759 2316 dolore
1789 2278 1879 2332 pe-

288 2362 413 2416 dum
444 2360 721 2414 vehementi
736 2375 754 2422 ;
781 2375 952 2412 verum
994 2374 1159 2427 neque
1185 2359 1239 2410 in
1263 2356 1593 2427 trgrotatione
1619 2369 1713 2408 sua
1740 2367 1879 2423 qua:-

288 2452 406 2506 sivit
448 2450 743 2512 Dominum,
791 2449 879 2503 sed
907 2448 1128 2502 medicos
1161 2445 1348 2510 (lbid.,
1383 2443 1494 2514 12).
1541 2443 1598 2497 1η
1639 2457 1744 2512 quo
1774 2457 1880 2496 non

289 2552 585 2613 propterea
618 2541 885 2597 credimus
915 2556 1036 2596 esse
1064 2540 1357 2609 culpatum,
1407 2537 1549 2608 quod
1576 2535 1879 2591 ordinatum

287 2649 317 2686 a
348 2633 457 2688 Deo
484 2632 813 2687 medicorum
840 2632 1091 2687 solatium
1124 2628 1424 2699 requisivit,
1455 2627 1550 2684 sed
1574 2627 1695 2696 quia
1728 2626 1880 2682 sicin
1914 2693 1923 2697 _

288 2724 509 2778 illorum
562 2733 677 2778 arte
725 2722 960 2778 conlisus
1006 2731 1111 2788 est,
1142 2731 1197 2776 ut
1220 2722 1457 2789 ipsorum
1491 2721 1668 2789 potius
1717 2732 1879 2788 quam

290 2818 386 2872 Dei
421 2831 517 2885 per
570 2815 717 2886 ipsos
764 2825 1099 2885 exspectaret
1144 2813 1422 2869 auxilium.
1469 2813 1604 2869 Cum
1641 2813 1800 2883 igitur
1829 2814 1881 2866 in

290 2908 376 2961 his
408 2906 708 2961 inveniatur
736 2920 857 2962 esse
883 2905 1181 2975 culpabilis,
1207 2905 1458 2974 quoniam
1490 2913 1664 2960 tamen
1695 2920 1725 2959 a
1766 2904 1883 2959 cul-

290 3010 414 3055 tura
440 2999 649 3055 Domini
678 3014 787 3055 non
833 3001 1077 3065 recessit,
1108 3014 1280 3070 neque
1307 2999 1468 3054 idolis
1507 2999 1745 3070 gentium
1787 2998 1885 3055 de-

288 3093 540 3160 servivit,
596 3094 766 3165 magis
820 3101 1020 3161 autem,
1047 3093 1185 3149 sicut
1228 3094 1483 3162 scriptum
1534 3101 1638 3161 est,
1667 3092 1885 3149 abstulit

288 3201 485 3242 omnes
514 3186 922 3243 adinvcntiones
971 3202 1104 3257 quas
1157 3186 1397 3243 fecerant
1453 3194 1629 3256 patres
1660 3186 1800 3257 ejus,
1830 3193 1885 3242 et

290 3278 570 3333 Maacbam
594 3280 614 3309 ²
638 3287 860 3335 matrem
890 3294 1049 3335 suam
1071 3295 1101 3334 a
1139 3280 1343 3335 cultura
1373 3280 1474 3335 luci
1506 3280 1755 3346 removit,
1797 3279 1881 3348 ip-
1911 3255 1958 3317 (ἶ

290 3385 524 3440 sumque
552 3370 782 3427 succidit
811 3372 1012 3435 lucum,
1043 3381 1202 3442 atque
1236 3371 1511 3427 succendit
1560 3372 1613 3427 in
1647 3379 1885 3428 torrente

290 3460 527 3528 Cedton,
576 3462 655 3516 sic
690 3476 811 3517 eum
859 3461 1134 3533 Scriptura
1161 3462 1339 3518 divina
1370 3462 1626 3528 laudavit,
1659 3472 1715 3517 nt
1742 3463 1885 3519 dice-

290 3566 418 3613 ret:
458 3555 603 3611 Fecit
631 3559 733 3610 Asa
773 3558 909 3626 quod
953 3567 1145 3610 rectum
1174 3566 1243 3611 est
1273 3558 1325 3610 in
1356 3566 1627 3626 conspectu
1657 3555 1882 3624 Domini,

290 3652 424 3703 sicut
454 3648 620 3702 David
650 3658 790 3719 pater
814 3653 926 3722 ejus
965 3648 1085 3721 (III
1114 3651 1235 3718 Reg.
1266 3667 1354 3716 xv,
1393 3652 1502 3721 Il).
1536 3652 1611 3706 Ac
1636 3666 1704 3705 ne
1749 3650 1887 3705 forte

289 3741 505 3798 dicatur
533 3742 674 3811 quod
706 3741 824 3811 ejus
855 3743 1032 3812 priora
1076 3743 1395 3808 laudaverit,
1428 3753 1476 3799 et
1511 3753 1695 3812 postea
1728 3742 1887 3797 luerit

290 3832 641 3902 dep'avatus,
668 3835 850 3903 accipe
896 3834 1023 3904 quid
1054 3835 1106 3889 in
1135 3836 1225 3890 illo
1250 3836 1441 3890 iterum
1473 3836 1659 3891 eadem
1707 3836 1888 3905 Scrip-

290 3933 417 3977 tura
468 3923 814 3993 pronuntiet:
863 3923 1238 3989 Verumtamen,
1290 3925 1483 3994 inquit,
1526 3942 1613 3979 cor
1648 3924 1750 3979 Δία
1779 3934 1887 3978 erat

293 4022 581 4087 perfectum
633 4034 747 4071 cum
789 4018 1008 4072 Domino
1048 4019 1280 4073 omnibus
1331 4020 1509 4073 diebus
1557 4020 1665 4073 suis
1696 4017 1885 4086 (lbid.,

298 4109 415 4177 li).
448 4110 511 4164 Et
534 4111 719 4181 utique
747 4110 994 4165 omnibus
1017 4109 1208 4167 diebus
1245 4112 1357 4165 suis
1389 4126 1495 4165 non
1522 4112 1808 4175 diceretur,
1842 4112 1887 4166 si

294 4201 369 4254 ab
398 4201 545 4255 eoin
593 4216 698 4268 quo
745 4201 919 4257 fuerat
958 4200 1203 4257 laudatus
1255 4201 1542 4272 aliquando
1591 4200 1885 4258 recederet.

298 4294 533 4351 Proinde
560 4310 679 4351 cum
711 4295 805 4349 Dei
833 4296 1105 4365 Scriptura
1135 4310 1314 4366 regem
1346 4294 1474 4361 Asa,
1504 4296 1553 4349 in
1583 4296 1744 4350 tantis
1766 4295 1887 4349 cul-

296 4385 556 4454 pabilem,
598 4385 676 4441 sic
713 4395 930 4455 propter
967 4386 1229 4441 culturam
1261 4387 1419 4441 unius
1446 4388 1558 4442 veri
1592 4386 1680 4441 Dei
1707 4386 1888 4442 lauda-

293 4476 461 4541 verit,
487 4482 545 4528 ut
573 4490 695 4530 eum
732 4485 1070 4545 compararet
1096 4483 1255 4546 atque
1276 4477 1543 4532 conferret
1564 4485 1752 4532 sancto
1775 4478 1885 4548 regi

298 4565 490 4632 David,
519 4578 582 4619 ac
626 4567 991 4635 pronuntiaret
1039 4566 1179 4636 quod
1226 4576 1370 4622 esset
1398 4580 1492 4621 cor
1519 4566 1635 4636 ejus
1675 4567 1885 4635 perfec-

1986 1984 2172 2040 beatus
2220 1985 2453 2055 Cyrillus
2490 1986 2696 2040 directa
2742 1986 2841 2040 sibi
2871 1985 2939 2040 ab
2969 1986 3329 2042 Orientalibus
3359 1986 3573 2042 confes-

1983 2077 2155 2146 sione,
2189 2093 2297 2133 non
2324 2091 2665 2132 communem
2705 2076 2862 2132 ﬁdem
2906 2078 2958 2132 in
3000 2093 3063 2131 ea
3093 2080 3429 2147 cognoverit,
3471 2080 3567 2134 sed

1985 2170 2254 2238 preprium
2285 2184 2523 2225 errorem
2566 2169 2821 2224 correxit.
2865 2169 3016 2235 Quod
3048 2185 3221 2238 neque
3248 2186 3368 2235 nos,
3396 2186 3570 2239 neque

1982 2271 2164 2317 sancta
2194 2262 2649 2318 Chalcedonensis
2693 2262 2931 2334 synodus
2959 2263 3297 2331 approbavit,
3328 2261 3418 2317 ubi
3460 2262 3570 2318 dic-

1985 2362 2095 2408 tum
2123 2363 2208 2409 est
2242 2372 2253 2406 :
2312 2373 2331 2405 ‹
2373 2354 2577 2409 Dudum
2608 2354 2822 2423 quidem
2858 2370 2927 2409 ex
2964 2355 3176 2410 reiectis
3209 2355 3456 2410 innoxius
3479 2354 3570 2409 de-

1985 2454 2312 2501 monstratus
2342 2455 2423 2500 est
2466 2446 2935 2501 reverentissimus
2983 2445 3123 2501 Ibas.
3156 2447 3212 2501 In
3252 2445 3444 2517 quibus
3490 2455 3571 2500 et-

1984 2536 2127 2590 enim
2152 2537 2295 2591 visus
2319 2546 2402 2591 est
2424 2537 2638 2606 culpare
2664 2537 2803 2593 male
2831 2538 3053 2609 loquens
3076 2539 3442 2594 beatissimum
3468 2537 3570 2610 Cy-

1986 2630 2184 2696 rillum,
2218 2631 2270 2685 in
2305 2632 2689 2702 posterioribus
2738 2643 2885 2688 recte
2928 2634 3208 2689 confessus
3250 2637 3453 2704 respuit
3484 2632 3571 2693 illa

1986 2721 2181 2791 quibus
2206 2723 2570 2791 culpaverat.t
2599 2723 2795 2780 Verum
2820 2741 2925 2780 non
2954 2740 3050 2794 pro
3073 2726 3171 2780 ista
3194 2726 3261 2782 de
3287 2727 3451 2783 beato
3471 2727 3571 2796 Cy-

1987 2813 2110 2868 rillo
2134 2813 2440 2884 suspicione
2480 2814 2569 2869 illa
2619 2815 2841 2885 epistola
2870 2816 3025 2885 quasi
3054 2816 3378 2872 Nestoriana
3403 2818 3571 2875 fuerat

1987 2906 2284 2962 abdicanda
2298 2922 2313 2973 ;
2328 2908 2579 2978 quoniam
2607 2908 2763 2979 longe
2783 2909 3004 2965 alterius
3031 2912 3250 2975 erroris,
3268 2920 3326 2965 et
3347 2926 3573 2967 summai

1989 2999 2043 3054 in
2074 2997 2344 3056 Christum
2372 3000 2684 3070 impietatis,
2729 2991 2834 3058 hoc
2872 3016 3068 3056 nomen
3093 3010 3199 3058 est.
3227 3000 3573 3071 Conscriptor

1988 3100 2167 3148 autem
2211 3093 2377 3162 ipsius
2421 3093 2664 3163 epistolae
2692 3109 2814 3150 .nou
2847 3094 3167 3150 catholicam
3207 3094 3365 3150 ﬁdem
3412 3110 3572 3165 quam

1989 3202 2119 3243 vere
2148 3186 2335 3242 habuit
2368 3185 2621 3259 Cyrillus,
2651 3202 2875 3258 qumque
2922 3188 3185 3259 culpanda
3212 3203 3323 3244 non
3352 3197 3455 3254 est,
3479 3189 3573 3245 sed

1990 3279 2165 3351 ipsum
2194 3280 2449 3350 Cyrillum
2472 3282 2724 3351 culpavit,
2770 3283 3043 3339 testimans
3071 3298 3192 3339 eum
3222 3282 3574 3341 immoderate

1988 3373 2293 3429 resistendo
2317 3371 2551 3430 Nestorii
2579 3374 2810 3443 degmati
2832 3416 2848 3442 ,
2891 3376 2942 3430 itt
2965 3376 3292 3431 contrarium
3319 3376 3574 3445 Apolina-

1989 3464 2065 3517 ris
2094 3463 2284 3533 dogma
2313 3480 2410 3532 pcr
2437 3465 2791 3535 ignorantiam
2834 3466 3063 3535 lapsum.
3096 3467 3222 3521 Haec
3248 3466 3353 3523 duo
3384 3466 3429 3521 si
3461 3467 3573 3523 dis-

1989 3554 2358 3621 criminemns,
2401 3554 2777 3610 Nesmrianatn
2832 3572 2937 3609 non
2991 3556 3220 3611 dicimus
3269 3557 3571 3625 epistolam,

1990 3662 2147 3717 quam
2195 3647 2431 3716 synodus
2470 3647 2786 3702 catholicam
2817 3648 2951 3702 dixit
2981 3664 2995 3703 :
3035 3649 3288 3718 quoniam
3319 3649 3461 3703 aliud
3492 3660 3575 3705 est

1989 3752 2110 3793 cum
2154 3739 2222 3793 de
2276 3738 2582 3806 huiusmodi
2631 3754 2862 3807 persona
2905 3739 3035 3795 false
3071 3739 3267 3809 aliquid
3305 3741 3574 3805 creditur;

1989 3831 2132 3886 aliud
2166 3847 2293 3886 vero
2322 3846 2442 3886 cum
2470 3831 2539 3887 de
2575 3832 2691 3901 ipso
2720 3824 3039 3887 Christianas
3071 3833 3190 3887 ﬁdei
3226 3834 3575 3888 fundamento

1992 3924 2132 3978 male
2155 3924 2401 3977 sentitur.
2429 3922 2538 3976 Nisi
2568 3923 2705 3977 forte
2729 3923 2846 3992 quis
2876 3922 3035 3990 dicat,
3069 3923 3209 3997 quod
3240 3939 3337 3993 pro
3379 3924 3574 3994 injuria

1990 4017 2132 4072 beati
2164 4015 2354 4086 Cyrilli
2402 4015 2660 4070 damnare
2688 4015 2928 4085 synodus
2956 4015 3136 4070 debuit
3165 4025 3364 4071 rectam
3418 4017 3576 4073 fidem

1993 4110 2159 4180 ipsius
2181 4109 2362 4181 Cyrilli
2386 4124 2545 4180 quam
2568 4108 2792 4178 epistola
2822 4109 2910 4164 illa
2950 4109 3202 4165 confessa
3226 4118 3330 4175 est,
3348 4119 3439 4164 aut
3461 4126 3576 4167 eam

1991 4221 2097 4261 non
2125 4205 2444 4276 approbsre,
2472 4218 2592 4260 cum
2623 4204 2799 4259 divina
2829 4204 3126 4274 Scriptura,
3163 4205 3303 4260 sicut
3342 4206 3576 4261 ostendi-

1992 4313 2132 4364 mus,
2164 4298 2267 4352 Asa
2293 4311 2475 4365 regem
2508 4295 2643 4350 .luda
2691 4310 2813 4351 cum
2858 4303 3001 4349 tanta
3040 4294 3199 4349 laude
3251 4295 3576 4364 prrctulerit;

1990 4387 2141 4458 quasi
2163 4387 2438 4456 amplioris
2463 4387 2535 4441 sit
2559 4387 2798 4442 criminis
2824 4385 3033 4456 lapsum
3065 4395 3278 4456 putasse
3320 4385 3577 4458 Cyrillum

1990 4478 2300 4548 episcopum
2340 4494 2498 4547 quam
2546 4477 2901 4547 prophetam;
2954 4489 3012 4535 ut
3053 4479 3155 4533 alia
3198 4478 3468 4545 omittam,
3511 4478 3580 4533 de

1994 4581 2212 4641 peccato
2252 4580 2589 4640 arguentem,
2638 4570 2688 4625 in
2738 4571 2886 4625 nervi
2934 4571 3235 4626 custodiam
3274 4571 3579 4626 tradidisse.

297 4664 413 4710 tum
445 4670 567 4709 cum
591 4656 820 4710 Domino
843 4635 1089 4711 omnibus
1115 4656 1303 4712 diebus
1331 4656 1483 4727 ejus;
1513 4635 1781 4728 quomodo
1804 4673 1887 4713 re-
1918 4635 1971 4695 D
1996 4635 2196 4731 -Accipe
2241 4635 2419 4718 autem
2469 4635 2582 4731 jam
2623 4672 2677 4717 et
2718 4662 2859 4718 aliud
2890 4664 3221 4733 exemplum,
3269 4666 3413 4735 quod
3466 4665 3581 4719 sine

298 4747 523 4816 Iigiosus
571 4747 854 4817 quisquam
925 4748 1325 4817 reprehendere
1372 4749 1567 4806 audeat
1618 4749 1888 4820 synodum

295 4837 839 4904 Chalcedonensem,
891 4838 1033 4909 quod
1098 4840 1540 4898 consuetudinem
1597 4840 1888 4910 Scriptura:

296 4929 499 4984 divina:
527 4929 858 5000 formamque
903 4932 1232 5002 custodiens,
1265 4933 1585 4989 venerabilis
1627 4934 1731 4989 Iba:
1777 4935 1889 5004 epi-

296 5024 519 5089 stolam,
537 5024 878 5079 conﬁtentem
908 5025 1043 5081 duas
1066 5037 1282 5081 naturas
1302 5037 1355 5082 et
1384 5042 1543 5082 unam
1560 5027 1890 5084 Christiesse

300 5129 608 5184 personam,
635 5117 776 5185 quod
807 5120 1042 5172 maxime
1071 5118 1138 5172 ad
1178 5120 1438 5173 culturam
1490 5120 1583 5175 Dei
1619 5122 1852 5191 pertinet
1874 5165 1888 5190 ,

303 5209 668 5276 pronuntiavit
714 5209 1069 5265 orthodoxam
1112 5229 1124 5264 :
1194 5223 1544 5268 contemnens
1593 5214 1733 5282 quod
1774 5215 1894 5283 ejus

300 5303 641 5370 conscriptor
669 5303 735 5359 de
767 5305 923 5358 beato
961 5304 1163 5376 Cyrillo
1196 5307 1351 5362 aliter
1396 5323 1556 5377 quant
1588 5323 1674 5363 res
1705 5308 1894 5362 habuit

301 5393 482 5448 fuerat
508 5396 829 5464 suspicatus,
854 5406 908 5452 et
936 5397 1047 5452 haac
1069 5400 1347 5455 attendere
1373 5440 1388 5466 ,
1419 5400 1500 5455 vel
1526 5399 1892 5470 cujuscunque

270 5477 563 5541 'ntomenti
596 5487 848 5555 pendere.
881 5504 1002 5544 cum
1024 5490 1090 5545 de
1135 5490 1237 5547 ﬁde
1266 5490 1568 5547 (.Itristiatta
1616 5499 1702 5548 est
1745 5508 1894 5562 qnill’

424 5692 553 5747 Con.
582 5692 613 5746 ν
626 5708 753 5748 crnn
766 5736 774 5745 .
788 5738 801 5761 ,
832 5704 1072 5749 continet.

384 5766 403 5796 ‘
435 5764 574 5819 Idem
623 5766 768 5831 cod.,
814 5777 859 5818 et
908 5767 1018 5822 Ana
1058 5779 1266 5823 nmtrrm
1310 5785 1475 5834 suam,
1504 5776 1605 5823 etc.
1637 5771 1755 5821 Asm
1782 5786 1890 5823 nta—

301 5846 395 5893 ter
436 5838 732 5908 appellatur
778 5840 890 5891 Ana
941 5840 991 5895 in
1036 5840 1220 5896 Graeca
1270 5843 1516 5897 versione
1565 5847 1661 5895 τῶν
1711 5841 1885 5909 LXX,

1999 4755 2277 4811 mendacio
2305 4755 2642 4811 defendimus
2663 4756 2858 4826 synodi
2886 4770 3048 4826 super
3077 4756 3303 4826 cpistola
3330 4756 3433 4809 Iba:
3460 4770 3579 4808 sen-

2001 4848 2239 4905 tentiam.
2260 4849 2393 4903 Nam
2418 4849 2674 4917 Josaphat
2702 4864 2881 4921 regem
2909 4864 3124 4921 quoque
3151 4849 3397 4904 similiter
3423 4847 3579 4912 .luda,

2000 4942 2163 4996 ﬁlium
2204 4942 2443 5011 pricdicti
2491 4945 2618 5008 Asa,
2664 4942 3008 4998 meminimus
3036 4942 3057 4972 δ
3088 4944 3225 4996 inter
3252 4940 3385 4994 alios
3431 4954 3580 5007 reges

1998 5032 2216 5090 excelsa
2244 5050 2349 5088 non
2379 5035 2657 5111 sustulisse
2680 5033 2767 5101 (If
2796 5033 2976 5087 Paral.
3008 5049 3098 5098 xx,
3122 5032 3235 5102 53),
3261 5031 3401 5086 sicut
3422 5033 3581 5087 etiam

2000 5137 2203 5197 patrem
2236 5127 2373 5198 ejus.
2426 5128 2627 5185 Deinde
2657 5128 2917 5183 affinitate
2958 5125 3203 5195 junctum
3234 5126 3422 5180 Achab
3475 5129 3581 5196 regi

1999 5224 2221 5294 profano
2276 5225 2478 5290 Israel,
2553 5224 2641 5294 qui
2697 5223 2856 5280 etiam
2914 5223 2967 5278 in
3020 5222 3281 5278 auxilium
3340 5223 3583 5293 ejusdem

1998 5319 2203 5387 Achab,
2239 5318 2542 5387 posthabito
2577 5318 2672 5372 Dei
2713 5331 2961 5373 scrmOne
2986 5333 3142 5388 quem
3187 5326 3312 5372 ante
3351 5334 3444 5387 per
3488 5318 3581 5373 Mi-

1998 5408 2200 5464 chzcam
2234 5411 2544 5480 prophetam
2588 5410 2636 5464 ei
2686 5410 3130 5477 annuntiat‘erat,
3173 5422 3357 5466 contra
3403 5425 3581 5481 regem

2001 5502 2169 5570 Syriae
2216 5501 2411 5557 frustra
2468 5503 2735 5571 praeliatus
2784 5512 2865 5559 est
2909 5502 3023 5575 (II
3072 5503 3251 5559 l’aral.
3298 5519 3446 5571 xvm,
3509 5502 3579 5573 l).

2004 5703 2224 5776 .iluqcha
2250 5709 2425 5776 autem
2454 5701 2502 5756 in
2528 5711 2674 5756 texui
2707 5703 2928 5762 IICDI‘J'IU
2956 5716 3006 5761 ct
3038 5706 3259 5776 Vulgata
3280 5704 3527 5761 editioner

2072 5775 2090 5805 ³
2119 5774 2257 5827 Idem
2284 5773 2425 5837 cod.,
2459 5776 2766 5828 rescriberet.

2072 5846 2088 5875 '*
2111 5844 2256 5901 ldcm
2281 5844 2423 5913 cod.,
2455 5846 2752 5902 invenimus.
