3962 6196
395 441 501 511 oss

1464 421 1759 486 FACUNDI
1792 413 2004 475 EPISC.
2065 402 2576 465 lIERMIANENSIS

3569 390 3674 448 6(ὶο

403 573 627 639 promer
654 561 1152 632 quott,intcrempto
1181 552 1233 606 in
1258 548 1446 603 eodem
1477 542 1663 613 prmlio
1686 539 1980 592 memorato
2011 528 2058 587 A
2087 529 2218 601 regis
2237 530 2515 601 Babylonis
2534 529 2585 597 (l
2603 526 2643 582 V
2675 528 2795 596 ηις.
2822 540 2920 588 xx,
2949 523 3041 585 I7;
3071 517 3177 573 Isa.
3203 528 3388 575 xxxii,
3409 510 3486 579 ﬁ).
3512 510 3672 564 Cum-

1852 629 1865 639 .
2228 634 2240 639 _
2324 634 2334 639 -
2504 632 2540 639 ,.
2582 636 2629 639 μ
2654 618 2749 639 Nu-
2808 616 2917 639 -z..-
2944 613 3101 639 ..t..si..
3165 616 3217 639 ..ι
3251 608 3384 639 tuum
3408 604 3672 639 ‘ultinnnm

404 629 611 724 Ach-ab,
640 629 954 722 objurgatus
980 654 1064 701 est
1092 644 1234 699 idem
1264 637 1539 705 .Iosaphat,
1574 634 1669 687 .leu
1701 629 1811 683 ﬁlio
1842 629 1982 679 Ana-

405 756 491 809 nia
515 750 771 822 propheta
800 745 1044 798 dicente:
1094 738 1155 793 Si
1185 742 1497 802 peccatorem
1524 727 1676 780 illam
1724 718 1986 792 adjuristi,

403 858 450 903 et
477 860 654 901 eorum
682 840 770 908 qui
798 838 1013 893 oderunt
1045 830 1322 886 Dominum
1372 822 1569 877 amicus
1600 832 1673 884 es,
1706 815 1758 868 in
1778 811 1873 864 hoc
1898 824 1988 862 su-

406 957 495 1005 per
525 948 571 991 te
600 937 679 989 ira
709 951 740 985 a
767 932 896 1002 facie
925 925 1130 982 Domini
1158 920 1247 988 (II
1272 916 1455 972 Paral.
1479 911 1684 979 xrxﬂ).
1716 908 1992 962 Postremo

411 1048 507 1096 pro
554 1029 814 1085 societate
867 1023 1008 1092 regis
1053 1015 1237 1072 Achab
1265 1013 1591 1078 increpattts,
1626 1002 1788 1057 etiam
1821 999 1838 1028 ¹
1870 1009 1993 1049 cum

407 1128 640 1184 Ochozia
681 1120 934 1178 similiter
975 1113 1202 1184 profano
1233 1120 1355 1176 rege
1408 1100 1589 1165 Israel,
1637 1095 1832 1166 quique
1858 1086 1994 1159 patri

408 1220 594 1277 Achab
626 1217 678 1272 in
721 1224 887 1280 regno
918 1204 1075 1261 simul
1102 1212 1157 1256 et
1189 1202 1241 1254 in
1274 1195 1421 1253 omni
1450 1185 1849 1246 abominatione
1877 1193 1999 1234 suc-

409 1318 668 1372 ceSserat,
718 1305 859 1359 idem
890 1296 1146 1367 Iosaphat
1201 1287 1493 1343 amicitiam
1519 1280 1715 1352 junxit.
1767 1272 1919 1330 Unde
1946 1278 2002 1325 et

412 1403 674 1463 Ileliezer,
717 1394 855 1450 ﬁlius
883 1362 1085 1446 Dodiau
1137 1379 1433 1453 prophetae,
1466 1389 1587 1429 eum
1621 1365 1891 1436 redarguit
1915 1362 1999 1416 di-

412 1511 571 1553 cens:
604 1493 710 1548 Pro
732 1504 789 1543 eo
818 1487 957 1558 quod
985 1473 1373 1536 communicasti
1394 1484 1509 1525 cum
1529 1462 1776 1526 Ochozia,
1801 1461 2004 1525 confre-

414 1544 764 1658 gvjitnDor—ninus
795 1544 948 1648 opera
979 1581 1067 1626 tua
1095 1565 1185 1641 (ΙΙ
1211 1563 1396 1618 Paral.
1420 1576 1510 1625 xx,
1532 1556 1646 1626 37).
1666 1553 1733 1607 Et
1761 1551 1814 1605 in
1844 1544 2004 1601 tantis

415 1637 481 1658 υτ-
518 1637 526 1638 κ
828 1637 838 1648 .
1105 1637 1113 1641 .

415 1678 577 1733 etiam
618 1674 720 1728 iste
764 1666 1131 1737 reprehensus
1169 1665 1328 1725 atque
1356 1651 1623 1717 eulpatus,
1674 1653 1852 1698 tamen
1881 1637 2005 1707 quia

416 1769 589 1823 solum
621 1765 789 1818 Deum
839 1754 1009 1813 coluit
1036 1794 1049 1814 ,
1096 1757 1152 1805 et
1175 1745 1429 1813 reliquias
1457 1738 1861 1795 simulacrorum
1889 1743 2009 1799 qua:

416 1862 789 1917 remanserant
817 1854 869 1906 in
898 1847 1087 1905 diebus
1116 1841 1281 1913 patris
1310 1837 1448 1908 ejus,
1482 1829 1704 1888 sustulit
1730 1826 1798 1880 de
1842 1834 2005 1883 terra,

2091 642 2196 698 que
2225 634 2371 680 tanta
2401 632 2545 678 esset
2574 618 2750 675 cordis
2802 616 2919 681 ejus
2942 613 3125 675 elatio,
3165 616 3224 663 ut
3251 608 3384 673 hanc
3408 604 3678 658 ultionem

2090 717 2461 791 gravissimam
2489 714 2555 768 de
2578 710 2785 781 jttstitia
2834 708 2926 762 Dei
2979 702 3263 771 reciperet,
3313 696 3507 751 eadem
3537 691 3684 748 Scri-

2093 821 2245 882 plura
2274 809 2342 863 de
2374 807 2467 861 illo
2497 806 2576 860 sic
2605 803 2771 858 dicit:
2802 796 2945 853 Fecit
2973 795 3111 866 quod
3160 798 3353 845 rectum
3379 796 3455 843 est
3486 788 3543 839 in
3573 801 3688 839 con-

2094 912 2267 973 speclu
2290 898 2497 953 Domini
2527 895 2803 950 secundum
2832 890 3004 943 omnia
3028 901 3142 957 qua!
3168 884 3289 953 fecit
3324 880 3486 933 David
3542 888 3689 948 pater

2095 989 2487 1061 saus(IVReg.
2518 986 2748 1051 xviit,5;
2781 982 2839 1035 II
2884 973 3334 1044 Paral.xxrx,‘2).
3362 974 3427 1026 Et
3452 973 3685 1025 iterum:

2100 1086 2199 1141 IIt'c
2226 1086 2281 1139 in
2308 1080 2529 1136 Domino
2560 1079 2664 1133 Deo
2701 1075 2858 1130 Israel
2880 1071 3118 1143 speravit,
3167 1077 3214 1121 et
3266 1075 3376 1135 post
3426 1080 3543 1116 cum
3584 1077 3691 1113 non

2099 1181 2196 1252 fuit
2226 1178 2273 1233 ei
2291 1175 2478 1232 similis
2519 1172 2784 1242 quismam
2829 1167 2881 1219 in
2921 1164 3120 1234 regibus
3144 1158 3304 1221 Juda,
3335 1168 3381 1210 et
3428 1157 3480 1209 in
3503 1154 3584 1207 his
3605 1154 3725 1222 qui.

2102 1275 2309 1344 fuerunt
2325 1279 2445 1323 ante
2470 1268 2667 1334 ipsum;
2694 1271 2738 1316 et
2756 1258 2973 1313 adhazsit
3002 1255 3233 1316 Domino,
3275 1253 3366 1305 nec
3388 1248 3598 1302 recessit
3629 1246 3695 1297 ab

2102 1363 2237 1435 ipso,
2260 1370 2307 1416 et
2333 1355 2601 1413 custodiuit
2630 1351 2876 1406 mandata
2898 1351 3030 1419 ejus,
3075 1357 3387 1414 quacunque
3432 1339 3699 1391 mandat-it

2106 1432 2277 1527 Moysi
2296 1470 2316 1509 :
2344 1461 2391 1508 et
2416 1460 2523 1506 erat
2559 1448 2807 1502 Dominus
2829 1459 2944 1498 cum
2967 1442 3078 1513 ipso
3098 1438 3150 1493 in
3181 1436 3477 1504 omnibus(l
3496 1435 3537 1488 V
3562 1432 3695 1495 Rei.

2105 1564 2256 1612 xviii,
2280 1545 2361 1616 5).
2386 1541 2668 1611 Quomodo
2691 1539 2850 1609 igitur
2872 1535 3020 1589 illum
3045 1547 3201 1602 quem
3252 1529 3330 1585 sic
3363 1539 3703 1581 commento-

2107 1643 2267 1706 ravit,
2293 1648 2351 1695 ut
2374 1640 2467 1693 lilii
2500 1649 2715 1707 quoque
2738 1633 2857 1701 ejus
2881 1629 2935 1683 in
2977 1625 3339 1697 captivitatem
3372 1619 3617 1680 adducti,
3650 1619 3701 1672 iu

2108 1733 2269 1789 domo
2296 1730 2437 1801 regis
2470 1725 2754 1799 Babylonis
2786 1720 3015 1778 eunuchi
3048 1720 3347 1778 servirent,
3384 1713 3462 1767 sic
3516 1712 3703 1765 divina

2109 1796 2385 1891 Scriptura
2416 1796 2679 1885 laudavit?
2709 1813 2782 1871 Ut
2824 1813 2968 1867 enim
3024 1796 3130 1864 non
3186 1804 3524 1862 attendamus
3558 1800 3707 1870 quod

419 1957 499 2008 sic
523 1968 552 2006 a
585 1950 761 2005 divina
803 1943 1081 2011 Scriptura
1112 1934 1390 1990 laudatur:
1435 1925 1503 1979 Et
1528 1925 1787 1994 ingressus
1812 1925 1884 1969 est
1910 1912 2007 1966 Jo-
2036 1907 2084 1968 B
2111 1915 2177 1970 de
2203 1913 2296 1968 illo
2317 1910 2471 1976 dixit,
2497 1908 2565 1962 Et
2593 1907 2722 1961 fecit
2770 1905 2909 1974 quod
2971 1911 3174 1957 rectum
3222 1908 3304 1951 est
3334 1898 3385 1950 in
3407 1902 3709 1962 conspectu

2112 2009 2133 2011 μ
2249 2008 2259 2011 _
2306 2008 2316 2011 _
2550 2002 2563 2011 .
2820 1998 2834 2009 .
3019 1994 3135 2011 ι-..
3175 1989 3506 2011 unus“.--

421 2047 605 2117 saphat
649 2043 702 2096 in
730 2040 811 2094 via
852 2039 955 2090 Asa
984 2031 1148 2103 patris
1172 2027 1273 2090 sui,
1303 2032 1350 2078 et
1379 2035 1483 2074 non
1521 2011 1790 2069 declinavit
1818 2007 1881 2061 ab
1919 2022 1998 2068 ea,

423 2099 655 2209 faciendo
685 2130 821 2201 quod
869 2099 1065 2181 rectum
1100 2128 1172 2175 est
1201 2119 1253 2171 in
1292 2118 1561 2180 conspectu
1588 2103 1791 2161 Domini
1812 2099 2018 2172 (Ibid,

421 2230 549 2294 3'2).
596 2225 652 2281 Si
690 2222 865 2291 igitur
911 2228 1091 2285 regem
1140 2222 1355 2279 quoque
1414 2202 1677 2270 Josapltat
1729 2208 1887 2263 quem
1952 2191 2004 2244 in

426 2322 589 2377 tantis
636 2327 847 2372 errasse
868 2306 1262 2380 cognosttimns,
1310 2306 1365 2354 et
1418 2309 1524 2350 non
1579 2290 1750 2346 solum
1800 2301 1829 2339 a
1883 2298 2008 2353 pro-

425 2413 600 2483 phetis
626 2412 985 2476 increpatum,
1009 2410 1193 2454 verum
1222 2395 1384 2449 etiam
1405 2397 1526 2459 post
1544 2379 2006 2440 denuntiationem

426 2514 573 2576 ipsos
598 2497 989 2566 contempsisse
1018 2489 1327 2561 pr0phetas,
1358 2495 1456 2551 pro
1489 2478 1581 2533 Dei
1614 2475 1724 2529 veri
1775 2471 2008 2535 cultura,

428 2599 553 2678 quia
602 2608 707 2648 non
761 2587 978 2645 divertit
1028 2591 1088 2637 ut
1141 2572 1548 2634 adoraretdeos
1578 2567 2013 2628 alienos,sancta

963 2677 968 2678 ,
1182 2671 1195 2678 _
1270 2668 1302 2678 _,
1560 2661 1582 2678 ,ί
1647 2674 1697 2678 η
1765 2654 1988 2678 mm.“

429 2654 704 2754 Scriptura
728 2677 1001 2753 perhibuit
1027 2688 1132 2728 non
1165 2668 1468 2725 declinasse
1523 2661 1592 2716 ab
1640 2674 1704 2713 eo
1759 2654 1899 2727 quod
1931 2666 2017 2706 re-

431 2791 579 2835 ctum
609 2783 691 2831 est
735 2773 791 2829 in
846 2758 1144 2838 conspectu
1173 2757 1381 2816 Domini
1420 2772 1432 2808 :
1466 2748 1733 2823 quomodo
1779 2742 2027 2817 synodus

432 2864 888 2927 Chalcedonensis
918 2875 1025 2917 non
1059 2854 1285 2927 profane
1319 2849 1586 2917 culpatur,
1618 2840 1757 2912 quod
1809 2850 2018 2891 morem

434 2962 726 3031 Scriptura:
752 2954 948 3010 divina:
979 2947 1310 3011 custodiens,
1364 2938 1644 3011 epistolam
1699 2927 2021 2986 venerabilis

436 3058 562 3120 Iliae,
594 3048 839 3124 quamvis
890 3045 958 3100 de
1021 3043 1177 3097 beato
1230 3034 1431 3107 Cyr-illo
1476 3029 1633 3083 aliter
1679 3017 2020 3091 suspicantis,

435 3165 534 3221 pro
588 3160 730 3202 vera:
781 3140 904 3197 ﬁdei
952 3133 1301 3194 confessione
1322 3113 1483 3197 quam
1510 3118 1773 3181 continet,
1824 3113 1878 3167 in
1921 3122 2024 3178 qua

437 3253 582 3299 recte
608 3237 807 3295 colitur
867 3233 1029 3296 Deus,
1080 3219 1443 3296 pronuntiavit
1480 3206 1883 3269 orthodoxam?
1941 3206 2024 3257 An

438 3340 578 3393 forte
626 3332 795 3388 levior
824 3327 977 3395 culpa
1011 3330 1094 3377 est
1122 3315 1431 3373 amicitiaet
1489 3306 1748 3362 afﬁnitate
1795 3297 2030 3370 profanis

440 3431 603 3486 fuisse
631 3424 1001 3494 eonjnuctum,
1049 3422 1104 3470 et
1144 3408 1437 3480 prophetas
1482 3404 1677 3456 missos
1722 3412 1752 3449 a
1802 3393 2028 3447 Domino

441 3479 851 3586 psi'sse,
874 3479 1030 3580 quam
1047 3505 1114 3560 de
1135 3479 1339 3572 Cyrillo
1357 3496 1609 3566 episeorto
1624 3488 1814 3543 falsum
1832 3479 2029 3552 aliquid

442 3605 913 3671 :t'stimasse?Seil
945 3603 1052 3671 jam
1079 3595 1317 3657 tertium,
1367 3586 1508 3660 quod
1556 3592 1857 3640 extremum
1894 3589 2025 3644 quoa

445 3725 549 3780 que
583 3706 713 3771 erit,
770 3698 1106 3772 proferamus
1146 3686 1484 3753 exemplum,
1544 3673 1838 3749 quomodo,
1896 3672 2041 3725 sicut-

446 3801 703 3862 diximus,
735 3810 762 3847 a
786 3792 991 3860 majore
1022 3795 1075 3841 et
1106 3782 1334 3839 meliore
1383 3784 1534 3847 parte
1564 3770 1844 3838 Scriptura
1887 3762 2034 3817 divi-

448 3912 513 3951 na
538 3894 605 3949 de
628 3887 811 3946 multis
834 3883 1006 3940 soleat
1036 3878 1179 3933 ferre
1222 3867 1546 3929 sententiam
1574 3879 1589 3930 ;
1629 3860 1784 3929 cujus
1811 3857 2035 3912 formam

449 3996 632 4045 saneta
664 3980 899 4055 synodus
924 3981 1110 4031 secuta
1161 3976 1265 4029 est,
1320 3972 1378 4017 ut
1422 3953 1744 4014 venerabilis
1792 3949 1896 4005 Iba:
1927 3948 2040 4015 epi-

451 4080 647 4137 stolam
677 4036 1020 4143 a'pprobaret.
1074 4061 1205 4117 Nam
1260 4058 1328 4111 de
1381 4066 1507 4119 rege
1551 4059 1763 4117 quoque
1808 4036 2039 4096 Ezechia

453 4172 533 4225 sic
560 4129 1054 4226 cadem-Setiptnra
1089 4148 1323 4206 narravit
1368 4160 1381 4196 :
1415 4142 1479 4194 In
1527 4139 1702 4191 diebus
1753 4134 1858 4187 illis
1887 4129 2040 4198 inﬁr-

456 4275 623 4320 matus
651 4268 722 4315 est
754 4253 999 4310 Ezechias
1029 4260 1191 4315 usque
1218 4242 1285 4293 ad
1314 4246 1522 4291 mortem
1546 4230 1631 4301 (Il
1657 4228 1839 4282 Paral.
1871 4238 2040 4285 χχχιι,

460 4357 592 4426 24);
624 4361 679 4408 et
715 4347 887 4404 oravit
909 4343 974 4397 ad
1004 4338 1313 4399 Dominum,
1366 4340 1420 4383 et
1473 4321 1747 4380 exaudivit
1788 4332 1933 4381 eum,
1991 4325 2047 4369 et

460 4413 611 4501 dedit
635 4442 713 4497 illi
736 4439 969 4506 signum,
1001 4441 1054 4486 ct
1088 4444 1189 4481 ιιι-η
1232 4425 1380 4493 juxta
1436 4413 1843 4473 retributionem
1888 4420 2044 4474 quam

463 4536 650 4593 tribuit
681 4532 778 4595 illi,
811 4519 1219 4595 repraesentavit
1263 4510 1564 4572 Ezechias;
1612 4505 1704 4559 sed
1754 4501 2044 4557 exaltatum

466 4640 548 4687 est
576 4641 669 4683 cor
687 4625 827 4691 eius,
858 4630 911 4674 et
939 4618 1037 4671 fuit
1064 4626 1227 4682 super
1248 4608 1398 4663 illum
1423 4605 1522 4669 ira,
1550 4614 1595 4655 et
1626 4612 1787 4667 Super
1812 4593 1970 4659 Iuda,
1994 4600 2045 4645 et

467 4735 629 4792 super
652 4686 820 4772 Israel
843 4713 887 4766 ’.
924 4709 1146 4777 Propter
1174 4701 1316 4772 quod
1372 4696 1541 4750 Isaias
1570 4693 1623 4745 in
1656 4704 1778 4744 eum
1807 4686 2048 4755 proiihc-

470 4819 603 4874 tavit
626 4815 810 4868 dicens
835 4825 848 4862 :
879 4805 1010 4859 Ecce
1032 4802 1141 4854 dies
1169 4795 1398 4861 veniunt,
1429 4788 1549 4842 dicit
1578 4784 1850 4845 Dominus,
1886 4788 1933 4832 et
1955 4792 2053 4829 au-

473 4916 700 4984 ferantur
722 4902 893 4960 omnia
921 4912 1032 4969 qua:
1058 4892 1249 4949 suntin
1287 4889 1438 4940 domo
1490 4892 1613 4943 tua,
1654 4888 1701 4930 et
1747 4884 2058 4945 quacunque

1383 4979 1393 4984 -
1465 4975 1477 4984 .
1636 4971 1667 4984 ..
1962 4962 2031 4984 η,

473 4962 532 4984 I"
550 4962 563 4967 '
578 4962 604 4964 η
620 4962 625 4963 ⁷
933 4962 943 4969 .

471 4999 865 5060 recondiderunt
901 4999 1072 5064 patres
1099 4984 1170 5039 tui
1197 4994 1354 5051 usque
1378 4979 1429 5030 in
1457 4975 1592 5026 hunc
1614 4971 1771 5035 diem,
1799 4977 1845 5021 et
1873 4967 1924 5019 in
1954 4962 2061 5017 Ba-

475 5096 709 5169 bylonem
750 5085 1055 5146 introibant,
1087 5086 1134 5132 et
1174 5089 1275 5129 non
1300 5068 1676 5135 derelinquetur
1705 5074 1869 5115 sermo
1912 5070 2061 5127 quem

477 5158 607 5245 dixit
641 5185 909 5240 Dominus.
937 5175 1070 5230 Ecce
1092 5185 1155 5226 ea:
1184 5167 1306 5230 [iliis
1334 5163 1431 5217 tuis
1463 5158 1552 5230 qui
1597 5153 1867 5226 precedent
1905 5165 1967 5203 ea:
1989 5156 2058 5211 te,

477 5299 601 5353 quos
632 5275 913 5348 generabis,
936 5267 1258 5323 adducentur
1299 5266 1345 5312 ct
1385 5260 1530 5309 erant
1556 5246 1774 5304 eunuchi
1828 5243 1881 5297 in
1910 5241 2058 5295 domo

553 5432 581 5461 ἰ
610 5420 719 5475 Hoc
749 5418 906 5473 etiam
938 5411 1168 5466 afﬁrmat
1190 5406 1469 5475 Liberatus
1489 5392 1709 5475 cap.
1730 5388 1848 5471 Quo
1878 5392 2055 5464 autem

554 5455 581 5461 --
610 5455 719 5475 um,
749 5455 906 5473 νην...
1193 5455 1336 5460 η---

483 5508 644 5551 sensu
666 5491 802 5544 dicti
834 5488 902 5540 sit
927 5473 1504 5551 orthodoxa,_ei_plicat
1523 5455 1833 5547 .Vigilius’in
1856 5455 2059 5512 consti-

485 5578 619 5622 tuto.
644 5562 842 5618 Verum
869 5536 948 5608 ei
964 5551 1210 5605 omnibus
1237 5536 1305 5622 de
1450 5540 1823 5622 ep‘scoporum
1848 5536 2062 5582 senten-

487 5642 573 5693 liis
603 5647 723 5705 qua:
746 5632 995 5705 leguntur
1021 5623 1073 5705 in
1104 5604 1786 5705 synodo.Clialeedonensi2
1817 5612 1925 5705 tris
1950 5611 2066 5705 oin;

1266 5699 1425 5705 ⁷⁷
1498 5699 1507 5705 ι
1534 5692 1610 5705 mn
1662 5690 1766 5705 νηη-
1797 5688 1875 5705 om
1957 5682 2049 5705 sun.

489 5666 573 5693 uls
603 5666 617 5689 ι
643 5666 723 5688 υυυ
747 5666 794 5685 ιυ
837 5666 983 5679 mn...
1024 5666 1073 5674 -..
1105 5666 1127 5672 -
1355 5666 1364 5673 Ἴ

489 5666 638 5773 Vm":
667 5666 1112 5775 qnastitClllldtls
1136 5666 1429 5759 Jsupet'iorc
1479 5680 1612 5735 libro
1662 5672 1923 5734 recitavit,
1957 5666 2070 5735 ejus

562 5857 576 5885 ¹
610 5850 745 5904 Cod.
773 5847 996 5900 Veron..
1028 5837 1314 5904 inct'cpatus
1341 5835 1409 5904 est
1433 5824 1604 5877 etiam.

562 5857 576 5885 ¹
610 5850 745 5904 Cod.
773 5847 996 5900 ναΐου..
1028 5847 1314 5901 mcrcpams
1341 5847 1409 5879 est
1433 5847 1604 5877 euut".
2415 5856 2422 5863 ,

562 5928 581 5959 ¹
614 5922 757 5980 Idem
787 5914 932 5982 cod.,
974 5903 1311 5963 Ilict-ttsalcm.
1339 5896 1605 5954 Cotts'tmt
1649 5899 1810 5943 sacrm
1862 5875 2150 5947 Scriptura:
2187 5874 2360 5921 textus
2394 5854 2485 5913 lib.
2515 5849 2563 5905 ll
2598 5847 2635 5902 ιτ

2110 2008 2343 2071 Domini,
2367 2002 2659 2060 secundum
2688 1998 3001 2067 omniaquae
3018 1994 3142 2049 fecit
3175 1989 3337 2047 David
3355 1998 3506 2058 pater
3534 2001 3707 2045 suus;

2109 2114 2454 2168 rursumque,
2483 2096 2580 2151 IIic
2610 2094 2664 2149 in
2694 2092 2922 2146 Domino
2959 2088 3069 2143 Deo
3126 2084 3287 2140 Israel
3339 2079 3607 2150 speravit,
3660 2087 3712 2132 et

2110 2203 2232 2265 post
2258 2209 2380 2247 eum
2412 2205 2515 2243 non
2565 2187 2664 2241 ftiit
2714 2185 2765 2238 ei
2817 2182 3008 2236 similis
3052 2181 3331 2248 quisquam
3376 2175 3428 2228 in
3486 2172 3715 2239 regibus

2111 2285 2247 2341 Juda
2275 2292 2327 2337 et
2349 2284 2400 2336 in
2427 2281 2509 2333 his
2541 2277 2630 2347 qui
2662 2276 2875 2330 luerunt
2923 2282 3046 2326 ante
3087 2272 3264 2337 ipsum
3295 2284 3309 2320 :
3339 2264 3619 2336 quomodo
3650 2248 3715 2315 de

2115 2376 2209 2431 illo
2236 2374 2436 2428 dictum
2467 2378 2571 2433 est,
2629 2364 2869 2421 Adbzcsit
2914 2363 3160 2426 Domino,
3221 2375 3319 2413 nec
3373 2356 3603 2410 recessit
3653 2355 3717 2407 ab

2116 2465 2256 2535 ipso,
2280 2471 2332 2518 et
2356 2460 2642 2516 custodivit
2672 2455 2916 2510 mandata
2942 2452 3077 2521 ejus,
3120 2462 3452 2520 quamunque
3486 2444 3717 2499 manda-

2118 2559 2199 2613 vit
2225 2555 2479 2611 Dominus
2513 2550 2717 2622 Moysi?
2759 2551 2836 2601 Au
2887 2546 3022 2600 forte
3078 2544 3273 2595 dicitur
3319 2538 3484 2593 e‘atio
3535 2535 3719 2591 cordis

2118 2652 2256 2722 ejus,
2284 2664 2403 2719 quae
2431 2649 2509 2701 sic
2543 2644 2767 2699 Domino
2797 2639 3091 2707 distdicnit,
3124 2633 3415 2689 adhaesisse
3459 2628 3718 2690 Domino,

2106 2758 2218 2799 inec
2244 2740 2536 2797 recessisse
2556 2736 2625 2793 ab
2646 2750 2732 2800 eo,
2749 2742 2801 2788 et
2823 2729 3124 2785 cuStodisse
3146 2724 3390 2780 mandata
3404 2721 3544 2789 ejus,
3570 2734 3722 2786 quae-

2122 2845 2334 2900 cunque
2356 2827 2632 2884 mandavit
2681 2822 2960 2886 Dominus,
3012 2833 3131 2872 cum
3155 2817 3225 2870 sit
3268 2812 3443 2868 omnis
3501 2809 3723 2863 initium

2126 2926 2330 2998 peccati
2349 2920 2598 2990 superbia
2623 2916 2646 2971 ’ρ
2676 2914 2813 2983 Quid
2837 2915 2906 2967 ita
2953 2911 3216 2972 dicemus,
3268 2904 3368 2959 nisi
3398 2902 3523 2971 quia
3552 2902 3610 2953 in
3645 2899 3725 2952 lt's

2125 3019 2306 3075 verbis
2326 3009 2675 3078 hueiutelligi
2725 3004 2894 3062 voluit
2938 3002 3029 3056 Dei
3085 2998 3379 3067 Scriptura,
3431 2990 3579 3061 quod
3625 3006 3729 3043 non

2129 3112 2264 3168 sicut
2296 3106 2385 3162 alii
2409 3116 2561 3175 reges
2583 3101 2713 3157 deos
2737 3099 2975 3169 gentium
3027 3092 3271 3146 adoravit
3318 3084 3607 3148 Ezechias,
3640 3097 3730 3135 nec

2129 3218 2237 3273 que
2263 3201 2330 3255 ab
2361 3198 2516 3253 unius
2546 3194 2639 3248 Dei
2667 3192 2778 3246 veri
2806 3189 3011 3244 cultura
3060 3180 3346 3243 discessit;
3394 3176 3491 3231 sed
3529 3175 3731 3242 obser-

2054 3283 2102 3346 C
2139 3295 2287 3349 vavit
2313 3302 2641 3361 quaecunque
2669 3285 2735 3339 de
2766 3281 2868 3337 hac
2914 3276 3183 3333 mandavit
3220 3271 3477 3327 Dominus
3532 3266 3731 3337 Moysi,

2136 3399 2190 3445 et
2214 3379 2662 3454 quemadmodum
2693 3374 2949 3443 scriptum
2996 3379 3075 3424 est
3103 3384 3117 3421 :
3146 3362 3406 3419 Destruxit
3426 3361 3659 3418 excelsa.
3688 3370 3737 3412 et

2136 3475 2435 3535 comminuit
2458 3472 2628 3527 omnia
2654 3466 2953 3526 simulacra,
2986 3470 3032 3515 et
3076 3458 3288 3513 abscidit
3322 3458 3481 3517 lucos,
3512 3463 3560 3506 et
3597 3468 3736 3505 com-

2139 3572 2321 3627 minuit
2355 3574 2638 3638 serpentem
2665 3560 2809 3614 illum
2837 3572 3027 3611 teneam
3058 3568 3203 3622 quem
3232 3550 3348 3619 fecit
3394 3548 3630 3615 Moyses,
3657 3544 3740 3597 cui

2140 3665 2239 3735 ﬁlii
2273 3633 2446 3716 Israel
2475 3659 2542 3711 ad
2590 3654 2725 3709 illud
2774 3661 2971 3717 tempus
3017 3643 3375 3712 sacriﬁcabant
3428 3638 3629 3709 (Ibid..
3662 3633 3741 3703 4).

2143 3753 2448 3814 Secundum
2467 3750 2572 3803 hoc
2601 3760 2728 3814 ergo
2758 3742 2935 3796 dictus
2957 3747 3039 3793 est
3058 3733 3351 3789 adltmsisse
3378 3728 3617 3783 Domino
3646 3739 3746 3780 nec

2143 3847 2435 3906 recessisse
2458 3841 2525 3896 ab
2549 3855 2614 3894 eo
2659 3846 2713 3891 et
2753 3832 3059 3891 custodisse
3109 3824 3291 3879 omnia
3317 3820 3569 3875 mandata
3603 3819 3745 3885 ejus,

2144 3949 2477 4012 quiscunque
2495 3929 2763 3989 mandavit
2805 3924 3063 3980 Dominus
3090 3916 3280 3988 Moysi,
3312 3928 3415 3968 n0n
3441 3909 3746 3966 secundum

2146 4033 2289 4087 illam
2318 4028 2496 4085 cordis
2515 4023 2827 4084 elationem,
2862 4029 2962 4086 pro
2992 4025 3097 4082 qua
3124 4016 3230 4064 tam
3254 4002 3515 4075 grandem
3546 4000 3751 4053 meruit

2147 4127 2280 4181 iram
2306 4119 2467 4175 divini
2491 4113 2697 4186 jndicii.

2782 4218 3008 4277 CAPUT
3055 4214 3119 4269 ιι.

2155 4348 2305 4418 Quod
2332 4343 2555 4418 synodus
2578 4328 2987 4418 cpistolam'lba:
3026 4320 3366 4377 orthodoxam
3397 4311 3753 4418 pronuntiarit

3039 4405 3335 4418 Δι-ι-ι---ι---ηιι
3370 4404 3460 4418 μη..
3493 4386 3753 4418 ρεαεηωη.

2226 4386 2432 4491 ρνορῗει·
2458 4386 2677 4466 duartim
2705 4407 2760 4458 in
2802 4402 3007 4457 Christo
3039 4405 3338 4491 t‘ia'turaru‘rn
3367 4386 3756 4491 confessione”:

2535 4484 2544 4491 ‘
2621 4488 2629 4491 λ
3073 4479 3228 4491 nam
3314 4476 3338 4491 ι»
3385 4466 3513 4491 mnu-
3594 4453 3677 4491 m;
3730 4467 3755 4491 η

2809 4451 3016 4544 propter
3045 4466 3230 4537 falsam
3274 4460 3338 4513 de
3369 4460 3514 4511 beato
3544 4451 3755 4522 Cyrilla

2233 4570 2595 4627 suspicionem.

2088 4660 2135 4718 Ι)
2232 4673 2388 4732 Unde
2409 4676 2590 4725 sancta
2622 4664 2708 4719 illa
2740 4671 2952 4729 quoque
2974 4649 3229 4724 synodus,
3264 4647 3493 4699 formam
3518 4640 3761 4695 canoni—

2163 4784 2240 4824 ca:
2261 4764 2550 4831 Scriptura:
2579 4755 2632 4809 in
2664 4766 2756 4807 sua
2788 4744 3054 4803 sententia
3082 4754 3187 4793 non
3215 4734 3504 4796 excedens,
3559 4745 3763 4784 secun-

2165 4863 2291 4916 dum
2322 4856 2548 4909 duarum
2579 4854 2888 4900 naturarum
2921 4836 2972 4889 in
3020 4846 3121 4888 una
3171 4827 3369 4884 Christi
3409 4837 3647 4893 persona
3673 4835 3759 4873 ca-

2167 4951 2419 5009 tholicam
2452 4953 2506 4999 et
2525 4936 2831 5011 generalem
2876 4924 3288 4985 confessionem,
3323 4933 3429 4972 non
3454 4911 3761 4969 secundum

2169 5046 2426 5117 privatam
2451 5029 2810 5101 suspicionem
2842 5034 2999 5087 quam
3049 5016 3116 5068 de
3168 5012 3325 5064 beato
3370 5003 3569 5074 Cyrillo
3630 5014 3763 5053 cum

2893 5114 2905 5117 ‘
3000 5110 3011 5117 '
3330 5096 3513 5117 η-εΑ-ἀι
3564 5092 3730 5117 ιι..ιι...

2170 5092 2290 5194 aliis
2312 5133 2431 5188 Ibas
2454 5123 2658 5187 habuit,
2683 5117 2800 5188 cjns
2820 5110 3103 5183 epistolam
3154 5096 3518 5172 pronuntiavit
3562 5092 3762 5145 ortho-

2168 5234 2365 5289 doxam
2406 5230 2432 5258 α
2467 5236 2482 5273 :
2511 5217 2611 5270 hoc
2632 5213 2749 5281 ipio
2782 5201 3065 5263 vocabulo,
3093 5194 3235 5266 quod
3262 5206 3378 5247 eant
3401 5183 3762 5245 orthodoxam

2155 5377 2220 5431 ad
2244 5369 2431 5429 Marini
2459 5361 2702 5435 epistolae
2728 5351 3109 5409 meminerunt,
3135 5350 3291 5435 atque
3314 5334 3365 5387 in
3382 5326 3606 5435 ilis'dllil‘.
3643 5332 3763 5435 tan;

2906 5421 2937 5435 "
2982 5421 3095 5435 ⁷
3178 5422 3274 5435 αεη
3326 5411 3556 5435 ωιιιιιιιει
3614 5408 3648 5435 ν
3707 5408 3738 5435 n

2298 5399 2304 5403 ⁷
2345 5399 2412 5423 ΊΙΙ
2515 5399 2702 5417 ιιοιυιιν
2729 5399 2976 5409 ...ν----ηπ
3096 5399 3106 5405 ,
3210 5399 3220 5405 _

2160 5399 2650 5501 :;‘":l:;llllt)tciitxam
2688 5409 3275 5501 pronutttiaruntzldeo
3325 5400 3556 5501 svnudltlts
3614 5408 3671 5473 γ,
3698 5399 3765 5501 Iut

2907 5489 2955 5501 ’³
3082 5499 3089 5501 ⁷
3134 5494 3303 5501 ’λ’-ἠ-
3350 5487 3414 5501 ιΑ
3468 5485 3480 5501 ι
3529 5483 3551 5501 -ι
3618 5478 3765 5501 nus-

2160 5464 2269 5501 tum
2296 5464 2650 5496 (irinum-imm
2689 5464 2993 5498 νιν-..μηηη
3012 5464 3039 5470 _
3355 5464 3371 5472 _
3620 5464 3629 5473 .
3720 5464 3727 5470 ι

2160 5533 2224 5573 et
2255 5513 2355 5570 loci
2377 5510 2746 5565 observatum,
2769 5509 2874 5549 non
2907 5489 3046 5544 idem
3077 5482 3305 5558 aliorum
3348 5477 3415 5553 de
3468 5469 3551 5573 ita:
3599 5464 3765 5573 ljudi-

3048 5557 3234 5573 '-——----'
3288 5560 3372 5573 --ιιι
3424 5554 3532 5573 οηνε
3557 5551 3593 5573 n
3621 5550 3707 5573 inn
3738 5548 3765 5573 ξι

2164 5536 2224 5573 οι
2255 5536 2355 5570 ιουι
2377 5536 2526 5565 uuam
2545 5536 2746 5565 vanu",
2770 5536 2874 5549 ην..
2909 5536 3044 5544 .--μή
3494 5540 3501 5547 .

2164 5590 2306 5643 cium
2332 5583 2495 5636 fuisse
2521 5583 2786 5629 statuens,
2830 5577 2924 5618 eos
2969 5552 3243 5643 sedarguit
3286 5542 3373 5615 qui
3423 5536 3707 5609 epistolam
3738 5548 3766 5583 a

2166 5628 2394 5712 cinis-ilio
2424 5628 2727 5714 sdscejitarn
2769 5628 3184 5692 contendebant.

2640 5842 2858 5912 .tralip.,
2892 5846 3007 5903 cap.
3049 5838 3214 5891 suit,
3246 5817 3339 5872 25.
