3962 6196
297 347 402 406 661

1133 343 1269 402 PRO
1299 341 1731 402 DEFENSIONE
1760 339 1976 399 TRIUM
2015 335 2326 399 CAPITUL.
2369 340 2498 398 LIB.
2540 340 2629 399 Vl.

3490 339 3591 397 eos

306 459 654 530 nuncupavit,
685 453 983 512 ostendens
1032 454 1157 511 fidei
1195 469 1256 512 se
1305 454 1701 512 confessionem
1727 454 1780 509 in
1813 453 1903 508 illa
1934 454 1978 512 Δ
2008 455 2310 511 custodisse
2341 455 2590 511 mandata
2632 455 2769 524 ejus,
2813 469 3144 526 qurccunque
3181 455 3450 511 mandivit
3484 457 3589 511 Do-

305 552 584 619 probasse.
616 550 730 604 Non
753 547 898 605 enim
930 547 1047 603 laus
1074 547 1214 603 beati
1241 547 1455 620 Cyrilli,
1486 547 1582 603 sed
1608 562 1731 602 vera
1778 546 1900 602 fidei

305 645 627 700 Christiana!
649 644 937 710 confessio,
962 652 1270 700 mereretur
1285 643 1386 698 hoc
1408 658 1626 700 nomen.
1651 643 1898 713 Alioquin

305 735 670 809 Eutychianos
690 735 924 790 dicimus
951 734 1093 804 quod
1135 735 1243 789 sint
1287 734 1602 802 orthodoxi,
1636 733 1725 804 qui
1774 735 1902 789 bea-

303 838 415 879 tum
440 824 698 896 Cyrillum
723 823 1086 894 magnificam,
1115 833 1366 893 putantes
1393 825 1494 879 hoc
1515 839 1636 880 eum
1666 823 1903 880 sensisse

301 918 444 988 quod
467 918 706 972 sentiunt
736 915 912 986 :quod
943 917 1413 972 reverentissimus
1458 917 1603 983 ibas,
1648 917 1774 972 licet
1795 931 1900 971 non

303 1015 357 1066 in
381 1012 541 1067 beato
565 1009 767 1083 Cyrillo
788 1009 1059 1073 debuerit,
1093 1025 1222 1066 vere
1263 1019 1440 1065 tamen
1469 1010 1738 1078 culpabile
1763 1009 1905 1080 judi-

298 1106 464 1162 cavit.
501 1103 634 1159 Αιδί
687 1103 818 1158 nihil
853 1103 1215 1173 Eutychianos
1254 1101 1604 1172 adjuvatlans
1636 1101 1778 1156 beati
1800 1099 1903 1172 Cy-

300 1198 427 1263 rilli,
460 1207 519 1252 ut
542 1211 636 1264 pro
661 1196 752 1251 illa
774 1195 1085 1265 judicentur
1123 1195 1433 1259 orthodoxi,
1474 1194 1567 1249 sed
1600 1193 1774 1261 potius
1806 1209 1902 1262 pro

300 1288 656 1358 denegatione
672 1287 897 1341 duarum
922 1286 1118 1342 Christi
1145 1297 1454 1342 naturarum
1482 1288 1899 1354 pronuntiantur

304 1379 576 1443 haeretici,
605 1377 738 1432 nihil
767 1392 988 1446 gravare
1031 1377 1213 1431 debuit
1257 1377 1326 1431 de
1374 1377 1528 1432 beato
1566 1378 1764 1448 Cyrillo
1814 1377 1933 1433 sui

300 1472 545 1540 spicio’,
575 1479 632 1525 ut
663 1485 760 1538 pro
805 1470 892 1523 iila
926 1469 1258 1538 judicaretur
1301 1469 1572 1534 hmretica,
1607 1470 1700 1524 sed
1731 1468 1906 1536 potius

304 1581 406 1633 pro
427 1562 774 1620 confessiOue
799 1562 1026 1616 duarum
1057 1561 1256 1616 Christi
1279 1571 1586 1618 naturarum
1611 1564 1662 1616 in
1691 1563 1897 1618 unitate

301 1673 555 1726 persona:
573 1655 966 1726 pronuntianda
996 1655 1094 1711 fuit
1119 1657 1442 1713 orthodoxa.
1469 1658 1750 1726 Quocirca,
1787 1659 1898 1714 sie-

302 1763 363 1807 ut
403 1766 748 1822 consequens
795 1759 1003 1805 non-est
1025 1759 1083 1805 ut
1119 1751 1240 1821 quia
1289 1750 1572 1820 przcdictos
1622 1751 1899 1823 Eutychia-

2004 547 2180 602 minus
2211 547 2397 619 Moysi.
2429 547 2685 616 Quamvis
2711 556 2765 602 et
2816 547 2988 616 ipsum
3020 563 3238 611 nomen,
3296 550 3435 604 sicut
3479 547 3591 619 jam

2001 639 2260 704 diximus,
2284 640 2427 710 quod
2457 639 2753 694 orthodoxa
2783 647 2972 693 vocata
2997 649 3101 705 est,
3150 639 3469 695 confessioni
3535 639 3595 695 fi-

2003 732 2088 787 dei
2119 731 2444 788 Christianze
2474 734 2642 788 soleat
2670 749 2699 786 a
2731 733 2938 804 synodo
2993 733 3263 788 distribui.
3294 733 3592 788 Mirandum

2003 833 2184 880 tamen
2211 835 2294 881 est
2321 825 2462 897 quod
2483 826 2558 880 illi
2589 826 2790 891 dicant,
2822 841 2919 895 pro
2955 826 3259 882 transitoria
3286 837 3340 884 ct
3389 827 3594 882 levissi-

2003 934 2091 974 ma
2111 919 2420 990 suspicione
2443 935 2603 990 quam
2636 919 2896 983 continet,
2939 934 3046 974 non
3081 918 3332 976 debuisse
3379 927 3471 973 aut
3501 933 3596 988 po-

2004 1011 2175 1067 tuisse
2203 1010 2560 1065 orthodoxam
2589 1009 2813 1082 judicari
2841 1027 2870 1065 a
2903 1011 3108 1083 synodo
3136 1010 3418 1081 epistulam
3453 1019 3597 1065 recte

2005 1105 2073 1160 de
2095 1106 2485 1161 incarnationis
2514 1104 2716 1162 Christi
2767 1095 3026 1176 mysterio
3075 1105 3446 1169 confitentem,
3504 1104 3593 1174 qui

2007 1195 2245 1250 dixerint.
2272 1212 2285 1248 :
2317 1195 2546 1265 Oportet
2584 1202 2773 1265 aperte
2796 1195 3062 1264 inspicere
3089 1195 3154 1250 ad
3184 1195 3370 1249 Marini
3396 1195 3595 1262 episto-

2009 1290 2135 1354 lam,
2162 1289 2338 1343 omnia
2362 1288 2577 1360 quidem
2604 1288 2722 1343 sine
2743 1288 2854 1343 Deo
2881 1297 2932 1342 et
2955 1289 3118 1357 impie
3148 1287 3434 1342 dicen‘ctn.
3465 1286 3593 1340 Nam

2010 1382 2053 1435 si
2085 1381 2164 1436 eis
2189 1380 2550 1450 jusussimum
2585 1383 2752 1435 visum
2783 1391 2865 1436 est
2896 1380 3118 1435 deﬁnire
3151 1380 3290 1449 quod
3338 1380 3452 1433 sine
3486 1378 3594 1432 lleo

2012 1481 2066 1527 et
2090 1473 2253 1542 impie
2283 1472 2426 1529 dicat
2454 1472 2545 1526 illa
2578 1472 2828 1542 epistola,
2857 1486 2974 1540 qua!
2997 1472 3128 1526 duas
3153 1469 3350 1524 Christi
3380 1479 3597 1524 naturas

2011 1565 2066 1619 in
2099 1565 2301 1618 unitate
2327 1578 2574 1634 personae
2631 1563 2878 1618 confessa
2921 1574 3031 1627 est;
3090 1562 3361 1634 quomodo
3398 1572 3594 1620 sanetm

2011 1656 2219 1725 synodo
2247 1656 2520 1711 videretur
2542 1656 2795 1726 injustum
2822 1655 3175 1711 orthodoxam
3219 1669 3337 1710 eam
3374 1667 3470 1723 pro
3503 1667 3594 1706 ea-

2010 1749 2133 1804 dem
2165 1758 2314 1804 recta
2338 1748 2678 1804 confessione
2697 1748 2816 1803 fidei
2850 1763 3007 1818 quam
3039 1745 3302 1812 continet,
3362 1759 3595 1814 pronun—

300 1859 406 1898 nos
434 1843 838 1912 pronuntiamus
887 1841 1190 1904 hmreticos,
1246 1852 1528 1912 propterea
1561 1843 1849 1898 debeamus
1874 1846 1895 1875 ³
1933 1849 1973 1906 ﬁ
2003 1843 2297 1904 tiarc,cum
2321 1847 2438 1898 eam
2455 1857 2560 1895 non
2587 1840 2953 1895 inveniaturin
2974 1839 3222 1894 omnibus
3238 1833 3596 1907 approbas?

307 1934 524 1990 laudem
552 1933 609 1988 in
641 1934 719 1988 eis
750 1932 888 1988 beati
914 1933 1100 2003 Cyrilli
1149 1934 1368 2001 culpare
1402 1952 1414 1986 :
1450 1936 1520 1987 ita
1568 1948 1903 2004 consequens

302 2043 412 2080 non
440 2033 526 2082 est
553 2033 610 2080 ut
638 2025 760 2096 quia
792 2033 975 2080 sancta
999 2023 1234 2094 synodus
1261 2023 1544 2094 epistolam
1579 2023 1900 2079 venerabilis

299 2120 414 2174 Iliae
442 2117 804 2185 pronuntiavit
831 2117 1210 2188 orthodoxam,
1237 2125 1523 2185 prepterea
1551 2115 1794 2170 videatur
1817 2116 1896 2168 in-

301 2213 499 2282 iuriam
523 2212 574 2265 in
599 2225 661 2266 ea
691 2210 828 2266 beati
848 2209 1034 2282 Cyritli
1057 2209 1330 2280 probasse.
1364 2210 1430 2264 At
1466 2209 1634 2276 enim,
1659 2207 1788 2262 dicit
1808 2208 1906 2261 ali-

299 2305 447 2372 quis,
470 2303 516 2358 si
547 2318 676 2374 ergo
700 2318 804 2355 non
831 2303 1022 2371 recipit
1049 2317 1107 2373 sy
1121 2301 1294 2355 nodus
1341 2300 1798 2356 Chalcedonensis
1825 2300 1905 2354 in-

299 2394 500 2464 iuriam
533 2393 672 2449 beati
700 2392 912 2463 Cyrilli,
957 2407 1052 2449 cur
1080 2393 1362 2461 epistolam
1395 2391 1534 2446 male
1570 2391 1636 2446 de
1680 2391 1798 2459 ipso
1821 2389 1904 2445 lo-

300 2495 563 2556 quentem
589 2485 834 2540 absolute
860 2485 1199 2554 approbavit,
1229 2493 1281 2538 et
1325 2497 1440 2537 eam
1469 2483 1590 2538 sine
1617 2481 1723 2538 ulla
1748 2497 1907 2538 cxce-

301 2581 493 2649 ptione
514 2579 885 2649 pronuntiavit
917 2578 1269 2632 orthodoxam
1293 2576 1318 2629 ?
1348 2576 1538 2632 Debuit
1559 2577 1702 2632 enim
1729 2577 1908 2632 dicere

295 2671 452 2742 quod
499 2670 555 2726 in
593 2669 910 2739 quibusdam
955 2670 1242 2726 erraverit.
1297 2668 1613 2724 Ostenditur
1657 2669 1906 2739 equidem

298 2779 373 2816 ex
403 2762 652 2830 superius
679 2761 1010 2825 memoratis,
1035 2760 1176 2831 quod
1197 2761 1266 2815 ob
1296 2761 1398 2815 hoc
1429 2769 1709 2816 auctorem
1741 2761 1911 2828 ipsius

299 2854 560 2921 epistola:
582 2853 650 2909 de
683 2855 785 2908 isto
812 2867 999 2908 errore
1045 2868 1150 2907 non
1194 2852 1389 2922 arguit,
1425 2852 1679 2922 quoniam
1711 2853 1768 2906 in
1793 2853 1914 2921 qui-

302 2948 411 3002 bus
441 2956 558 3001 erat
612 2947 760 3002 visus
817 2946 1037 3014 culpare
1088 2945 1228 3000 male
1269 2947 1494 3013 loquens
1545 2945 1912 3000 beatissimum

303 3038 594 3112 Cyrillum,
628 3039 679 3092 in
722 3037 1112 3108 posterioribus
1141 3046 1287 3092 recte
1317 3036 1599 3092 confessus
1645 3036 1759 3103 ipse
1801 3036 1912 3105 jam

303 3140 593 3197 respuerat
622 3129 710 3182 illa
737 3129 927 3198 quibus
963 3130 1300 3198 culpaverat.
1353 3127 1762 3194 Verumtamen,
1817 3127 1916 3183 etsi

306 3224 417 3277 hoc
447 3223 708 3277 sententia
735 3223 926 3292 synodi
983 3221 1206 3276 minime
1259 3220 1585 3284 contineret,
1637 3233 1812 3290 neque
1837 3220 1916 3274 sic

300 3323 457 3369 esset
482 3313 740 3368 credibile
766 3313 909 3383 quod
942 3313 994 3368 in
1026 3313 1251 3381 epistola
1279 3311 1605 3366 venerabilis
1650 3310 1752 3366 Iba:
1775 3309 1913 3378 inju-

303 3408 446 3463 riam
473 3406 612 3462 beati
651 3405 838 3478 Cyrilli
885 3405 1286 3474 approbaverit,
1335 3402 1490 3472 cujus
1526 3401 1684 3458 fidem
1735 3400 1916 3456 multis

301 3511 364 3554 et
387 3499 646 3556 consonis
700 3499 920 3554 vocibus
967 3497 1222 3552 laudasse
1274 3494 1585 3551 testimonio
1639 3503 1914 3564 gesturum

307 3592 484 3659 ipsius
509 3589 703 3663 synodi
735 3599 1147 3646 monstraretur.
1175 3587 1332 3656 Quod
1357 3588 1400 3642 si
1430 3587 1584 3642 nobis
1606 3594 1659 3641 et
1690 3586 1791 3642 hoc
1821 3585 1915 3641 de-

309 3685 526 3750 fuisset,
557 3685 733 3740 nullus
756 3683 1044 3740 ostendere
1064 3691 1244 3751 posset
1274 3682 1327 3736 in
1357 3679 1473 3751 cj‘us
1487 3679 1753 3735 sententia
1773 3678 1920 3749 quod

305 3778 692 3848 approbaverit
721 3777 898 3831 omnia
925 3791 1048 3847 qua:
1076 3775 1130 3831 in
1165 3775 1252 3830 illa
1291 3773 1519 3844 epistola
1549 3771 1913 3828 continentur.

311 3869 471 3924 Unde
501 3869 544 3923 si
571 3869 936 3924 liceretalteri
969 3869 1092 3923 hinc
1114 3881 1375 3923 accusare
1403 3866 1668 3936 synodum
1714 3865 1912 3935 quia‘in

305 3960 432 4030 ejus
461 3961 730 4016 sententia
761 3975 866 4016 non
899 3960 1233 4014 inveniretur
1253 3958 1395 4029 quod
1443 3972 1561 4013 eam
1609 3957 1660 4012 in
1692 3955 1915 4026 quibus-

305 4054 436 4104 dam
467 4050 844 4120 approbaverit
876 4093 890 4118 ,
939 4048 1182 4120 profecto
1213 4048 1402 4105 liceret
1430 4049 1593 4105 etiam
1625 4048 1757 4102 mihi
1790 4047 1914 4102 hinc

304 4141 559 4196 eamdem
585 4140 849 4213 synodum
901 4155 1187 4204 excusare,
1221 4141 1343 4211 quia
1397 4141 1450 4195 in
1482 4139 1602 4210 ejus
1643 4141 1910 4194 sententia

305 4248 419 4289 non
449 4232 783 4288 inveniretur
812 4232 955 4303 quod
981 4233 1035 4286 in
1061 4235 1314 4288 omnibus
1342 4233 1748 4302 approbaverit.
1780 4231 1911 4286 Nam

303 4323 448 4378 sicut
478 4337 595 4378 eam
628 4338 734 4377 non
775 4323 826 4376 in
858 4323 1175 4393 quibusdam
1202 4322 1340 4378 dixit
1391 4337 1516 4378 csse
1563 4331 1788 4388 rectam,
1841 4324 1910 4377 ita

305 4429 415 4469 nec
446 4416 497 4468 in
521 4413 768 4468 omnibus
797 4413 954 4468 dixit.
1006 4413 1159 4482 Quod
1187 4414 1232 4468 si
1274 4421 1330 4468 et
1374 4413 1427 4467 in
1470 4413 1722 4468 omnibus
1759 4413 1908 4468 dice-

303 4515 419 4567 ret.
452 4520 571 4575 (pne
591 4506 657 4559 ad
688 4505 1079 4561 confessionem
1106 4505 1226 4564 fidei
1251 4520 1408 4575 quam
1433 4506 1487 4559 in
1507 4504 1780 4560 Christum
1813 4505 1911 4559 ha-

311 4601 530 4663 bemus,
564 4598 862 4667 acciperent
885 4615 898 4663 ;
915 4599 1053 4652 sicut
1065 4598 1356 4666 accipimus
1373 4599 1625 4666 quoniam
1641 4612 1737 4666 pro
1752 4596 1911 4652 unius

303 4692 426 4746 veri
458 4690 552 4745 Dei
582 4693 789 4744 cultura
819 4689 1077 4759 scriptum
1101 4698 1204 4755 est,
1236 4689 1376 4758 quod
1419 4703 1515 4744 eor
1568 4692 1673 4744 Asa
1732 4688 1907 4758 perfe-

302 4795 457 4839 ctum
479 4794 597 4840 erat
625 4799 748 4838 cum
777 4783 1003 4838 Domino
1025 4784 1278 4838 omnibus
1299 4783 1490 4839 diebus
1516 4784 1659 4848 suis;
1685 4793 1737 4838 et
1769 4784 1907 4838 sicut

301 4877 604 4947 accipimus
630 4875 753 4945 quia
778 4884 1063 4945 propterea
1089 4877 1157 4931 de
1210 4875 1470 4944 .losaphat
1518 4876 1721 4931 dictum
1777 4885 1854 4931 est
1888 4893 1904 4931 :

305 4971 596 5039 Ingressus
617 4980 699 5025 est
727 4969 779 5023 in
812 4970 894 5024 via
928 4970 1095 5038 patris
1123 4970 1203 5023 sui
1236 4969 1364 5038 Asa,
1398 4981 1452 5024 et
1481 4985 1587 5024 non
1610 4968 1905 5025 declinavit

299 5065 380 5122 ab
399 5067 487 5133 ea,
518 5065 765 5121 faciendo
792 5066 934 5136 quod
968 5076 1173 5121 rectum
1202 5074 1285 5121 est
1314 5066 1366 5120 in
1395 5073 1688 5135 conspectu
1720 5064 1902 5120 Domi-

303 5159 473 5225 ni;et
498 5160 635 5213 sicut
660 5160 951 5227 accipimus
995 5159 1121 5228 quia
1145 5159 1216 5214 ob
1269 5158 1372 5213 hoc
1415 5158 1678 5213 Ezechias
1726 5157 1904 5213 dictus

299 5248 712 5308 estadbazsisse
743 5250 992 5319 Domino,
1039 5266 1141 5306 nec
1195 5251 1490 5306 recessisse
1535 5249 1604 5304 ab
1653 5249 1794 5318 ipso,
1852 5257 1907 5304 et

388 5436 413 5462 ἰ
444 5425 681 5482 [labetur
701 5426 889 5483 Graece
915 5434 968 5482 et
995 5424 1184 5482 Latine
1230 5425 1282 5479 in
1313 5425 1527 5480 actione
1558 5423 1624 5478 lO
1671 5421 1896 5478 Chalce-

296 5499 652 5564 donensi,ex
706 5499 872 5567 gestis
920 5497 1110 5567 synodi
1166 5496 1494 5566 Berytensis,
1543 5496 1632 5549 ubi
1691 5495 1897 5564 prolata

301 5568 542 5642 primum
567 5568 739 5642 fuerat
765 5569 832 5622 ab
854 5569 1325 5642 Ibeadvcrsariis.
1361 5567 1593 5642 llabctnr
1622 5575 1678 5620 et
1714 5567 1898 5642 iri-sy-

299 5640 502 5696 rtodov
525 5639 779 5708 generali,
809 5647 904 5695 sed
920 5640 1026 5694 alio
1045 5641 1357 5709 interprete.
1385 5638 1567 5708 Itaque
1604 5639 1755 5692 tertia
1783 5639 1896 5691 hare

394 5801 407 5829 '
432 5801 562 5853 (Ind.
591 5801 812 5862 Veron,
845 5799 976 5853 nihil
996 5816 1203 5866 gravare
1219 5797 1388 5850 debuit
1407 5796 1670 5860 epistolam
1697 5811 1904 5849 renua-

300 5873 432 5930 btlis
464 5871 568 5928 It'a‘
592 5873 719 5944 falsa
749 5873 808 5926 de
841 5876 981 5928 beato
1014 5870 1206 5942 (Tyrilfo
1235 5869 1483 5937 suspicio,
1510 5877 1616 5923 cfc.

2008 1933 2070 1987 Et
2100 1933 2219 1988 ideo
2248 1932 2292 1987 si
2325 1931 2556 2002 epistola
2591 1932 2914 1987 venerabilis
2945 1931 3071 1995 Ilia),
3103 1938 3156 1986 et
3202 1931 3254 1983 in
3301 1928 3595 1983 confessio-

2007 2039 2075 2078 ne
2103 2024 2225 2079 fidei
2253 2038 2410 2094 quam
2437 2023 2503 2079 de
2524 2023 2740 2078 Christo
2777 2037 2840 2078 co
2866 2024 3039 2088 ttinct,
3094 2021 3442 2091 approbanda
3492 2031 3597 2080 est.

2004 2125 2059 2171 et
2107 2117 2159 2170 in
2191 2116 2494 2184 suspicione
2523 2129 2682 2185 quam
2732 2113 2799 2168 de
2849 2114 3004 2168 l‘eato
3026 2112 3600 2183 Cyrillo-conscriptor

2007 2209 2125 2278 ejus
2180 2197 2387 2274 habuit,
2436 2206 2785 2278 improbanda
2815 2205 3054 2276 :judica,
3086 2219 3290 2276 quaso,
3343 2203 3595 2274 religiose

2010 2302 2320 2370 imperator,
2347 2311 2525 2356 utrum
2555 2299 2792 2371 synodus
2811 2299 3074 2368 culpanda
3098 2299 3190 2365 sit,
3221 2298 3272 2351 in
3303 2296 3459 2367 cujus
3485 2312 3599 2352 scn-

2011 2393 2173 2448 tcntia
2199 2407 2305 2447 non
2328 2393 2632 2449 ostenditur
2658 2393 2798 2462 quod
2831 2393 2882 2447 in
2905 2392 3303 2448 omnibuseam
3335 2389 3600 2460 probave-

2009 2488 2097 2554 rit,
2131 2502 2198 2542 an
2229 2487 2303 2543 illi
2340 2487 2427 2558 qni
2469 2490 2816 2558 pronuntiare
2872 2487 3010 2542 ausi”
3067 2495 3193 2542 sunt
3253 2485 3394 2556 quod
3426 2485 3601 2539 omnia

2011 2579 2131 2634 sine
2163 2579 2276 2634 Deo
2307 2589 2361 2635 ct
2386 2580 2550 2649 impie
2579 2581 2742 2636 dicat.
2775 2578 3483 2637 SanctaCltalcedonensis
3511 2594 3600 2650 sy-

2014 2671 2212 2736 nodus,
2246 2672 2491 2739 quamvis
2523 2674 2575 2728 in
2599 2672 3040 2728 reverentissimo
3069 2672 3155 2727 lba
3179 2657 3603 2741 notaveritquod

2014 2763 2082 2819 de
2107 2765 2262 2818 beato
2283 2762 2486 2835 Cyrillo
2517 2765 2648 2820 falsa
2677 2767 2855 2820 fuerit.
2881 2764 3215 2833 suspicatus;
3249 2773 3426 2819 tamen
3468 2773 3520 2819 et
3561 2765 3603 2817 si

2019 2871 2126 2912 non
2159 2855 2386 2925 faceret,
2427 2859 2830 2924 ostenderetur,
2881 2859 3021 2913 sicut
3058 2857 3312 2921 diximus,
3361 2860 3469 2925 jam
3505 2855 3605 2909 for-

2018 2963 2162 3004 mam
2187 2949 2380 3004 divinae
2405 2947 2696 3020 Scripturae
2727 2961 2932 3015 secuta,
2967 2959 3023 3004 ut
3049 2951 3164 3017 ejus
3194 2949 3476 3018 epistolam
3511 2962 3607 3016 pro

2021 3051 2169 3098 recta
2199 3044 2542 3098 confessione
2599 3043 2986 3098 incarnationis
3031 3043 3249 3110 Christi,
3289 3059 3406 3112 quae
3445 3043 3606 3096 maxi-

2026 3137 2195 3194 mead
2227 3137 2466 3192 divinum
2490 3137 2694 3192 cultum
2727 3138 2980 3208 pertinet,
3011 3137 3379 3207 pronuntiaret
3423 3139 3606 3192 ortho-

1947 3249 1992 3310 ρ
2026 3228 2242 3284 doxam.
2278 3229 2368 3284 Isti
2393 3245 2524 3286 vero
2555 3231 2707 3300 cujus
2757 3231 2978 3284 formam
3027 3230 3108 3285 vel
3157 3230 3392 3299 regruiam
3434 3229 3604 3284 secuti

2021 3323 2292 3390 dicentur,
2323 3323 2438 3394 qui,
2466 3340 2564 3394 pro
2587 3323 2822 3380 hominis
2848 3324 2914 3379 de
2941 3324 3156 3382 homine
3191 3323 3605 3394 su5picionibus.

2019 3415 2179 3470 etiam
2207 3428 2407 3472 rectam
2434 3419 2501 3475 de
2527 3417 2744 3475 Christo
2767 3419 3161 3476 confessionem
3199 3419 3359 3476 nimis
3389 3419 3607 3475 inconsi-

2021 3507 2203 3565 derate
2246 3511 2403 3566 simul
2432 3512 2651 3582 impiam
2671 3525 2994 3569 vocaverunt
3020 3515 3042 3567 ?

2641 3628 2866 3685 CAPUT
2910 3630 2996 3684 Ill.

2024 3735 2177 3803 Quod
2221 3739 2453 3864 sgnodut
2501 3741 2769 3811 epistolam
2821 3741 2928 3796 Iba:
2975 3743 3225 3795 damnare
3269 3758 3368 3794 non
3422 3741 3608 3804 potuit,

2091 3808 2213 3864 quin
2284 3809 2494 3864 urillum
2535 3812 2709 3864 itidem
2751 3813 2999 3864 hazreseos
3031 3813 3302 3864 damnaret
3331 3827 3350 3864 :
3379 3812 3608 3864 auodaue

2091 3808 2213 3879 quin
2241 3808 2494 3879 Cyrillum
2529 3808 2709 3864 itidem
2751 3813 2999 3866 hwreseos
3031 3813 3302 3865 damnaret
3331 3827 3350 3865 :
3379 3812 3609 3879 querique

2091 3877 2316 3948 Cyrinus
2361 3879 2606 3934 Nestorio
2637 3883 2947 3949 respondens
3000 3883 3062 3934 de
3107 3883 3364 3935 industria
3392 3877 3610 3951 parcius

2090 3952 2153 4002 de
2175 3954 2396 4004 duarum
2423 3962 2724 4005 naturarum
2751 3955 3053 4007 discretione
3078 3954 3277 4006 locutus
3306 3954 3391 4006 sit.

2093 4067 2186 4122 llis
2213 4077 2391 4124 autem
2420 4068 2740 4138 praemissis,
2782 4085 2898 4140 qua:
2940 4078 3125 4125 contra
3174 4067 3471 4124 calumnias
3503 4067 3610 4123 ha:-

2017 4159 2310 4216 reticorum
2337 4163 2517 4229 magni
2570 4163 2784 4218 concilii
2832 4165 3156 4218 sentent’am
3211 4161 3548 4217 sufficienter
3581 4175 3610 4214 a

2017 4263 2254 4323 recepta,
2284 4255 2416 4310 sicut
2443 4255 2672 4326 jactant,
2703 4256 2840 4312 beati
2871 4257 3056 4328 Cyrilli
3092 4254 3488 4326 vituperatione
3516 4253 3612 4308 de-

2019 4345 2246 4403 fendunt
2278 4366 2290 4402 :
2319 4348 2558 4416 profecto
2584 4349 2695 4420 jam
2728 4349 2940 4419 colligis
2978 4348 3180 4415 animo,
3220 4347 3305 4416 pie
3335 4344 3610 4415 princeps.

2018 4441 2186 4496 multo
2225 4440 2432 4497 facilius
2464 4457 2566 4498 nos
2621 4443 2710 4498 illa
2755 4458 2918 4514 posse
2959 4442 3210 4498 refellere
3258 4458 3379 4514 qua:
3429 4440 3607 4496 nocalt

2019 4532 2148 4602 ipsis
2177 4535 2507 4590 venerabilis
2541 4535 2644 4592 Ibat
2690 4536 3095 4593 accusatoribus
3151 4535 3363 4607 objecta
3399 4536 3456 4591 in
3493 4534 3607 4604 ejus

1943 4649 1993 4710 Β
2017 4624 2246 4693 epistola
2269 4625 2621 4682 criminantur
2652 4644 2667 4681 :
2699 4629 2857 4698 cujus
2906 4628 3170 4697 integrum
3198 4636 3440 4682 tenorem
3471 4634 3498 4663 ι
3544 4640 3606 4680 ex

2017 4713 2205 4784 synodi
2230 4715 2416 4785 gestis,
2439 4717 2580 4772 sicut
2611 4718 2974 4787 promisimus,
2993 4720 3045 4774 in
3072 4718 3214 4774 hunc
3237 4719 3607 4774 transierimus

2016 4805 2232 4862 librum.
2258 4807 2387 4864 Post
2437 4812 2700 4878 prommia
2719 4827 2846 4882 ergo
2880 4812 2957 4866 sic
2987 4811 3147 4867 habet
3169 4809 3396 4876 (Concit.
3427 4806 3606 4863 Cltatc.

2015 4905 2117 4952 act.
2144 4897 2236 4969 id)
2265 4916 2321 4952 τ(
2352 4899 2408 4954 1η
2433 4900 2580 4957 brevi
2624 4911 2803 4958 autem
2829 4903 3106 4957 luminosa:
3139 4911 3244 4956 tuae
3286 4898 3606 4968 prudentirc,

2014 5004 2136 5060 qua:
2164 4989 2215 5046 in
2242 4992 2426 5061 paucis
2447 4995 2615 5050 multa
2641 4993 3133 5066 cognoscit,qualia
3153 4991 3358 5062 pridem
3390 4999 3444 5046 et
3467 5003 3607 5044 nunc

2018 5084 2105 5139 ltlc
2132 5095 2253 5140 acta
2283 5096 2430 5151 sunt,
2455 5088 2828 5144 festinavimus
2871 5087 3116 5141 indicare
3160 5083 3434 5138 :scientes
3474 5096 3606 5151 quo-

2020 5179 2162 5231 niam
2192 5195 2312 5249 qua:
2340 5191 2536 5236 vestra:
2564 5179 2835 5236 sanctitati
2890 5178 3196 5243 scribimus,
3231 5183 3286 5230 et
3341 5189 3462 5245 qua:
3517 5171 3604 5227 hic

2019 5279 2267 5340 aguntur,
2301 5273 2552 5328 omnibus
2578 5273 2646 5328 ibi
2670 5271 2859 5343 positis
2886 5286 2980 5342 per
3026 5281 3260 5325 vesuam
3292 5265 3607 5322 sollicitudi-

2003 5429 2181 5503 Vb‘lfsio
2212 5445 2310 5498 qua
2341 5433 2505 5488 utitur
2531 5433 2834 5503 Facundos,
2868 5446 3129 5502 nusquam
3155 5431 3358 5503 integra
3404 5437 3604 5503 eystat,

2003 5500 2096 5549 sed
2123 5505 2316 5572 ubique
2338 5506 2576 5576 ézépale;
2607 5515 2662 5560 et
2683 5507 2798 5559 sine
2821 5500 3111 5573 ’prowutio.
3132 5503 3311 5568 Quare
3341 5501 3393 5576 Ῐη
3416 5500 3602 5576 um?“

2004 5575 2294 5641 exeutplari
2326 5580 2404 5632 sic
2434 5572 2606 5630 'ltabet
2664 5572 2943 5644 inseriptio
2981 5593 2995 5630 :
3028 5576 3153 5630 Ἀπὸ
3195 5585 3286 5634 τῆς
3331 5572 3610 5638 έπιστολῆίῖ

2005 5649 2279 5718 γραφείσης
2313 5650 2454 5706 παρὰ
2479 5656 2568 5704 τοῦ
2597 5646 2698 5703 Ἰϐα
2721 5649 3017 5711 immuni»),
3051 5649 3178 5718 μετά
3200 5649 3264 5701 τὰ
3286 5645 3547 5718 προοίμια.

2084 5799 2100 5824 ⁷
2137 5791 2276 5849 idem
2309 5791 2404 5846 cuti
2437 5834 2450 5862 ,
2480 5791 2762 5844 rit/(antur.
