3878 6194
380 319 484 378 605

1456 313 1749 374 FACUNDI
1792 314 2000 372 EPISC.
2032 314 2535 374 HERMIANENSIS

3498 333 3585 389 664

383 453 504 493 nem
535 437 893 501 innotescent,
927 435 1050 505 quia
1076 434 1275 489 nullam
1323 433 1770 504 permutationem
1813 429 1956 487 Scri-
1995 429 2047 492 Α
2072 431 2254 500 pitulis
2304 438 2914 492 excommunicationem
2986 438 3354 504 decreverunt;
3389 453 3436 500 et
3491 464 3590 518 post

383 545 553 604 pturae
585 549 615 589 a
647 535 754 589 Deo
779 533 986 588 tradita:
1003 539 1370 602 susceperunt.
1403 530 1566 586 Facio
1605 539 1780 584 autem
1807 526 1966 597 hujus

383 643 557 683 causa:
581 627 898 697 principium
923 641 988 682 ex
1011 625 1171 682 dictis
1223 640 1346 696 quae
1396 633 1452 680 et
1498 625 1614 694 ipse
1659 622 1966 692 cognoscis.

384 717 670 774 Coutentio
700 717 837 772 facta
860 725 963 783 est,
995 732 1060 773 ex
1115 731 1222 786 quo
1276 717 1364 771 hic
1411 725 1500 770 tua
1547 713 1804 769 sanctitas
1847 711 1967 779 fuit,

387 811 472 864 his
501 809 710 864 duobus
740 808 1074 877 hominibus,
1107 808 1439 864 Nestorio'et
1465 806 1690 879 Cyrillo,
1746 812 1802 860 et
1839 818 1971 859 con-

386 899 720 970 scripserunt
745 897 1004 953 adversus
1018 912 1080 953 se
1094 899 1295 954 noxios
1319 898 1506 962 libros,
1561 897 1655 967 qui
1709 893 1974 950 audienti-

388 993 488 1046 hus
529 991 742 1046 fuerunt
765 991 1082 1047 scandalum
1110 1008 1123 1044 :
1149 990 1430 1047 Nestorius
1446 990 1589 1046 enim
1614 989 1750 1046 dixit
1778 990 1831 1043 in
1863 989 1975 1043 suis

390 1083 566 1150 libris,
587 1083 726 1138 sicut
753 1092 809 1138 et
842 1082 1097 1138 sanctitas
1121 1091 1208 1137 tua
1251 1082 1417 1147 novit,
1448 1080 1568 1152 quia
1623 1079 1779 1136 beata
1810 1077 1974 1133 Maria

391 1173 484 1228 Dei
507 1174 734 1241 genitrix
768 1188 874 1229 non
905 1183 1008 1241 est,
1069 1180 1128 1228 ut
1173 1172 1328 1229 multi
1382 1180 1633 1242 putarent
1675 1186 1742 1226 ex
1771 1169 1978 1225 haerese

394 1265 544 1321 Pauli
567 1267 904 1322 Samosateni
951 1265 1094 1321 hunc
1122 1279 1244 1321 esse
1273 1265 1365 1335 qui
1396 1263 1529 1319 dixit
1559 1261 1830 1317 hominem
1882 1275 1979 1328 pu-

390 1372 513 1414 rum
536 1373 656 1414 esse
683 1357 980 1413 Christum.
1011 1357 1244 1429 Cyrillus
1281 1364 1484 1421 autem,
1538 1355 1725 1410 volens
1749 1350 1979 1407 Nestorii

397 1451 565 1506 libros
605 1450 908 1516 destruere,
947 1449 1130 1520 lapsus
1173 1457 1278 1516 est,
1309 1448 1441 1504 etin
1492 1447 1684 1516 dogma
1737 1443 1984 1513 Apolina-

397 1545 472 1600 ris
505 1545 754 1600 inventus
775 1552 859 1600 est
888 1544 1164 1600 incidisse.
1209 1541 1547 1612 Conscripsit
1589 1538 1730 1594 enim
1761 1546 1816 1591 et
1869 1524 1982 1605 i'pse

399 1632 648 1692 similiter
670 1637 766 1702 illi,
799 1636 924 1706 quia
949 1636 1065 1705 ipse
1080 1637 1222 1690 Deus
1237 1633 1474 1689 Verbum
1499 1631 1672 1686 factus
1688 1638 1772 1685 est
1799 1627 1980 1694 homo,

404 1737 654 1798 tanquam
701 1743 810 1784 non
840 1727 909 1782 sit
936 1726 1240 1783 diderentia
1269 1727 1414 1782 inter
1461 1724 1718 1793 templum
1758 1730 1810 1774 et
1835 1720 1985 1774 inha-

2070 525 2210 582 hauc
2247 528 2701 596 perturbationem
2762 528 3125 598 unusquisque
3193 532 3242 586 in
3289 549 3424 588 suam
3487 541 3593 592 civi-

2071 625 2234 672 tatem
2305 632 2554 674 reversus
2620 629 2722 674 est.
2797 618 3078 676 Nestorius
3147 631 3311 677 autem
3379 630 3594 694 quoniam

2070 721 2185 764 sua:
2237 710 2441 766 civitati
2508 711 2633 767 odio
2689 720 2835 778 erat,
2891 720 2947 766 et
2984 713 3074 780 qui
3132 724 3279 768 erant
3328 716 3484 772 in'ca
3518 736 3599 774 ex-

2074 802 2507 869 cellentioribns,
2560 803 2651 859 illo
2698 805 2894 860 reverti
2939 821 3045 860 non
3092 809 3272 875 potuit.
3319 809 3378 863 Et
3427 816 3597 866 mansit

2076 897 2338 952 orientale
2365 897 2648 953 concilium
2691 913 2798 952 non
2846 899 3241 954 communicans
3268 899 3348 954 his
3375 903 3604 970 episcOpis

2077 986 2168 1056 qui
2210 986 2742 1043 communicaverunt
2776 987 3012 1060 Cyrillo;
3045 996 3099 1042 et
3121 999 3329 1056 propter
3355 989 3447 1043 hoc
3469 993 3607 1046 multa

2079 1079 2290 1135 tristitia
2325 1080 2466 1135 inter
2508 1095 2602 1134 eos
2622 1078 2759 1135 facta
2804 1090 2905 1144 est,
2936 1091 2991 1136 et
3033 1082 3085 1135 in
3131 1082 3453 1138 contentione
3480 1096 3610 1138 erant

2079 1170 2315 1240 episcopi
2345 1170 2600 1228 adversus
2629 1171 2910 1242 episcopos
2929 1213 2942 1238 ,
2973 1181 3028 1228 et
3058 1173 3236 1242 populi
3262 1174 3500 1230 adversus
3528 1192 3610 1245 po«

2082 1266 2258 1336 pulos,
2288 1273 2342 1322 et
2369 1265 2692 1334 completum
2725 1276 2809 1321 est
2840 1280 3003 1334 opere
3044 1266 3186 1336 quod
3233 1267 3472 1334 scriptum
3511 1279 3611 1322 est:

2083 1355 2220 1420 Quia
2257 1365 2402 1409 erunt
2455 1356 2652 1410 inimici
2680 1356 2699 1386 ’
2727 1355 2989 1410 domestici
3036 1357 3150 1425 ejus
3195 1352 3398 1423 (Matth.
3434 1371 3482 1422 x,
3519 1355 3612 1425 56).

2086 1448 2163 1502 Ex
2189 1446 2291 1502 hoc
2318 1446 2677 1503 detractiones
2701 1445 2880 1501 multa:
2909 1445 3166 1500 adversus
3211 1459 3306 1498 nos
3343 1445 3480 1499 taetre
3513 1455 3618 1498 sunt

2089 1554 2411 1610 paganorum
2441 1539 2483 1594 ³.
2521 1538 2637 1594 Non
2680 1539 2822 1592 enim
2860 1537 3094 1592 audebat
3139 1535 3327 1603 aliquis
3356 1535 3419 1589 de
3441 1535 3624 1590 civitate

2087 1633 2152 1686 ad
2192 1631 2484 1702 civitatem,
2513 1641 2604 1686 aut
2633 1632 2701 1685 ad
2731 1630 3056 1699 provinciam
3085 1627 3155 1684 de
3183 1628 3445 1698 provincia
3489 1627 3624 1694 proli-

2089 1727 2214 1782 cisci
2244 1745 2258 1793 ;
2289 1727 2383 1782 sed
2414 1727 2775 1796 unusquisque
2804 1726 3108 1794 proximum
3139 1737 3292 1778 suum
3319 1722 3450 1778 sicut
3470 1721 3628 1776 inimi-

400 1824 663 1876 hitantem
699 1821 752 1875 in
776 1835 861 1876 eo.
894 1819 1226 1890 Conscripsit
1251 1819 1392 1873 enim
1421 1815 1702 1872 duodecim
1732 1812 1985 1881 capitula,
2020 1811 2070 1870 B
2095 1835 2216 1876 cum
2265 1821 2706 1889 persequebatur,
2757 1818 2907 1873 Μυιιί
2958 1827 3164 1884 amem,
3205 1825 3327 1870 ante
3351 1816 3518 1869 ορηιοε
3543 1829 3629 1868 non

401 1927 520 1982 qua:
539 1921 668 1981 puto
692 1921 745 1967 et
767 1921 911 1966 tuam
942 1911 1261 1981 cognovisse
1292 1907 1653 1970 sanctitatem,
1707 1904 1832 1974 quia
1883 1891 1985 1957 una

403 2013 591 2059 natura
611 2011 696 2058 est
719 2001 937 2058 dt-itatis
963 2012 1018 2058 et
1040 2000 1387 2056 humanitatis
1423 1998 1638 2054 Domini
1665 1995 1830 2050 nostri
1860 1994 1988 2049 Jesu

403 2094 642 2159 Christi;
675 2103 728 2148 et
749 2093 894 2164 quia,
927 2094 1066 2148 sicut
1091 2092 1241 2159 dicit,
1300 2105 1405 2146 non
1453 2096 1700 2160 oporteat
1747 2087 1991 2141 dividere

407 2201 568 2241 voces
594 2185 786 2250 dictas,
815 2199 945 2255 quas
976 2184 1060 2239 vel
1112 2185 1229 2254 ipse
1279 2183 1540 2239 Dominus
1583 2179 1653 2236 de
1699 2177 1993 2245 semetipso

405 2279 563 2342 dixit,
595 2278 675 2332 vel
701 2277 1044 2354 evangelistae
1073 2276 1245 2332 deeo.
1272 2275 1398 2330 llaec
1454 2283 1635 2329 autem
1689 2270 1837 2325 onmi
1893 2270 1995 2325 im-

409 2370 605 2436 pietate
624 2370 778 2438 plena
808 2378 932 2423 sunt
953 2377 1240 2437 antequam
1264 2380 1362 2421 nos
1383 2366 1652 2439 dicamus,
1700 2365 1844 2420 sicut
1869 2377 1996 2418 san-

410 2461 568 2514 ctitas
599 2470 684 2513 tua
720 2459 892 2512 novit.
951 2458 1231 2526 Quomodo
1271 2459 1416 2514 enim
1471 2465 1649 2528 potest
1689 2457 1880 2526 accipi,
1931 2455 1996 2509 In

414 2551 669 2620 principio
709 2548 929 2602 Verbum
955 2547 1130 2619 (Jodn.
1181 2565 1220 2616 ι,
1272 2549 1324 2618 1)
1373 2549 1442 2603 de
1497 2548 1701 2617 templo
1747 2557 1871 2601 nato
1924 2561 1996 2601 ex

417 2641 624 2695 Maria?
653 2648 745 2694 aut
776 2639 927 2705 illud,
956 2637 1321 2694 Minuistieum
1346 2638 1502 2709 paulo
1524 2638 1692 2692 minus
1714 2639 1777 2692 ab
1805 2639 2001 2709 angelis

415 2730 591 2803 (Psal.
622 2745 736 2795 vnt,
769 2730 853 2800 6),
897 2729 967 2786 de
1020 2729 1220 2785 deitate
1269 2729 1540 2799 Uuigeniti
1567 2731 1711 2785 dici?
1761 2731 2000 2786 Ecclesia

415 2823 562 2876 enim
591 2821 668 2876 sic
689 2821 837 2886 dicit,
872 2822 1011 2878 sicut
1038 2830 1091 2877 et
1115 2830 1206 2877 tua
1250 2822 1506 2877 sanctitas
1551 2823 1718 2889 novit,
1762 2834 1818 2878 et
1864 2823 2005 2878 sicut

415 2927 445 2966 a
479 2912 740 2983 principio
768 2912 976 2982 didicit,
1007 2923 1062 2969 et
1089 2916 1403 2969 confirmata
1433 2923 1516 2971 est
1556 2914 1738 2970 divina
1763 2914 2006 2971 doctrina

418 3021 480 3060 ex
508 3007 658 3062 libris
682 3007 957 3062 beatorum
988 3007 1226 3076 Patrum,
1249 3009 1368 3064 duae
1392 3019 1618 3076 naturas,
1653 3023 1758 3064 una
1811 3011 2002 3076 virtus,

421 3114 524 3153 una
557 3113 805 3168 persona,
857 3099 998 3169 quod
1039 3109 1116 3156 est
1145 3115 1284 3155 unus
1336 3101 1500 3158 Filius
1543 3102 1801 3160 Dominus
1847 3102 2005 3158 Jesus

419 3189 686 3246 Christus.
714 3191 795 3247 Ob
824 3191 960 3247 hanc
983 3193 1408 3257 contentionem,
1435 3193 1665 3248 victores
1717 3201 1770 3248 et
1807 3194 1879 3262 pii
1904 3195 2005 3246 im-
2029 3169 2080 3232 ο

421 3291 700 3351 peratores
726 3283 1004 3352 jusserunt
1034 3284 1286 3352 primates
1323 3283 1696 3354 episcoporum
1749 3283 1801 3338 in
1835 3283 2010 3352 Ephe-

422 3374 593 3427 sinam
616 3374 931 3445 congregari
954 3375 1246 3442 civitatem,
1276 3385 1328 3430 et
1357 3390 1538 3430 coram
1569 3377 1821 3431 erunibus
1845 3377 2011 3434 libros

427 3465 738 3520 Nestoriiet
783 3466 968 3535 Cyrilli
1024 3465 1268 3533 judicari.
1321 3466 1425 3520 Sed
1482 3475 1766 3537 antequam
1823 3483 2012 3524 omnes

425 3556 660 3625 episcopi
683 3557 772 3625 qui
787 3555 1101 3626 congregari
1120 3557 1253 3627 jussi
1271 3558 1505 3623 fuerant,
1530 3559 1580 3614 in
1600 3558 1868 3628 Ephesum
1893 3574 2012 3630 per-

428 3649 696 3712 venirent,
747 3648 1050 3718 anticipans
1110 3647 1250 3703 idem
1293 3650 1529 3721 Cyrillus
1571 3666 1729 3705 aures
1773 3654 2011 3707 omnium

429 3743 706 3812 pigmento
739 3743 880 3810 quod
911 3751 1148 3798 excaecat
1181 3742 1366 3797 oculos
1422 3743 1768 3812 sapientium,
1810 3759 2007 3814 percoc-

427 3835 664 3903 cupavit.
697 3833 900 3888 Invenit
950 3845 1129 3888 autem
1172 3849 1386 3890 causam
1427 3851 1492 3891 ex
1534 3837 1659 3892 odio
1709 3837 1848 3906 quod
1899 3848 2016 3893 erat

428 3912 690 3982 adversus
717 3927 1040 3992 Nestorium,
1071 3938 1123 3985 et
1149 3939 1435 3998 antequam
1466 3932 1480 3963 ⁸
1522 3933 1738 3988 adesset
1789 3934 2017 3988 sanctis-

425 4022 593 4077 simus
623 4031 676 4076 et
699 4023 1172 4077 reverentissimus
1201 4023 1640 4095 archiepiscopus
1665 4025 1920 4090 Joannes,
1952 4025 2018 4080 de

432 4116 746 4184 episcopatu
777 4114 1079 4170 Nestorium
1107 4115 1495 4185 deposuerunt,
1533 4116 1735 4186 judicio
1759 4128 1813 4173 et
1844 4117 2019 4186 inqui-

427 4207 621 4261 sitione
653 4222 757 4262 non
789 4207 948 4262 facta.
978 4206 1106 4262 Post
1136 4207 1269 4262 duos
1309 4215 1486 4263 autem
1515 4209 1628 4264 dies
1656 4192 2018 4265 damnationis

428 4296 547 4366 ejus
566 4298 812 4352 venimus
859 4299 912 4353 in
959 4299 1271 4370 Ephesum;
1324 4311 1377 4356 et
1425 4301 1874 4372 cognoscentibus
1924 4315 2022 4359 no-

428 4389 513 4442 bis
569 4390 692 4458 quia
723 4390 776 4444 in
801 4389 1148 4445 damnatione
1195 4389 1426 4447 Nestorii
1480 4408 1599 4462 qurc
1653 4391 1788 4448 facta
1832 4402 1915 4449 est
1951 4394 2020 4448 ab

427 4479 527 4546 eis,
576 4479 858 4535 duodecim
917 4483 1149 4552 capitula
1188 4499 1307 4554 qum
1372 4500 1401 4540 a
1455 4484 1660 4556 Cyrillo
1711 4487 2018 4557 conscripta

429 4582 576 4640 snnt,
629 4575 894 4628 contraria
959 4576 1245 4631 existentia
1291 4591 1427 4632 rere
1484 4577 1627 4643 fidei,
1699 4591 2011 4652 posuerunt,
2047 4551 2098 4610 D

376 4723 379 4726 ν
427 4670 483 4717 et
523 4660 889 4727 ﬁrmaverunt,
933 4674 987 4720 et
1036 4674 1427 4721 consenserunt
1475 4668 1576 4732 eis,
1628 4677 1879 4739 tanquam
1921 4686 2013 4725 ve-

427 4771 504 4811 rte
575 4756 702 4812 ﬁdei
765 4760 1217 4827 consonantibus,
1295 4775 1484 4817 omnes
1558 4761 2020 4835 orientalescpi-

430 4850 580 4920 scopi
649 4851 900 4907 eumdem
970 4852 1225 4922 Cyrillum
1302 4852 1739 4920 damnaverunt,
1813 4867 1870 4923 et
1924 4860 2017 4913 ad-

431 4953 616 4995 versus
663 4942 802 4998 alios
836 4942 1118 5013 episcopos
1166 4943 1256 5014 qui
1309 4956 1704 5001 consenserunt
1748 4947 1866 5017 ejus
1930 4963 2016 5004 ca-

508 5097 807 5177 °Rabulam
837 5101 1170 5177 sic_a_ppel|at
1197 5105 1535 5161 decessorcm
1559 5122 1738 5171 suum,
1765 5113 1856 5177 qui
1886 5126 2015 5166 ana-

430 5169 862 5245 thema_d_ixerat
904 5169 1214 5245 Theodoro,
1248 5187 1304 5231 ut
1329 5177 1491 5231 refert
1523 5178 1683 5233 etiam
1707 5169 2014 5245 (Liberatus

431 5253 548 5323 cap.
573 5240 650 5322 di}
680 5242 956 5323 Breviarii.
1011 5245 1204 5323 Exstat
1231 5249 1312 5323 _in
1341 5248 1547 5323 synodo
1578 5264 1608 5302 v
1635 5240 1822 5321 Cy'rilli
1857 5255 2014 5306 Alex-

432 5310 641 5363 andrini
698 5314 927 5380 epistola
978 5315 1044 5368 ad
1078 5316 1334 5373 Rabulam
1367 5310 1937 5390 episcomnn'Edessm,
1965 5327 2015 5379 in

508 5451 520 5479 '
546 5449 677 5523 Cod.
711 5449 911 5523 Veron.
920 5491 933 5509 ,
955 5453 1150 5523 synodo
1172 5455 1388 5509 adesset.

503 5523 522 5596 ξ
547 5519 692 5596 idem
723 5522 870 5596 (:0d_.,
893 5519 1110 5576 hominis
1137 5526 1398 5577 domestici
1420 5527 1552 5596 ejus.

504 5590 524 5662 ἓ
558 5592 700 5646 ldeut
734 5591 880 5657 eod.,
913 5611 1232 5662 paganorum
1261 5605 1310 5650 et
1334 5590 1704 5651 Itatrrtt'rortmt.

504 5660 522 5691 "
548 5662 691 5738 Ideni
714 5663 858 5727 cod.,
889 5660 1037 5738 Hunc
1064 5668 1405 5731 pt'a’sumpsif,
1433 5668 1517 5736 qui
1539 5673 1707 5721 omnia
1735 5672 2013 5738 pra’sumit,

434 5744 483 5797 in
517 5735 746 5805 {‘t‘desia,
779 5747 881 5790 ctc.
917 5734 1182 5790 Consonat
1214 5744 1395 5793 textus
1427 5734 1665 5809 epistolae
1697 5741 1798 5796 lha:
1831 5741 1894 5798 ad
1925 5734 2025 5797 Ma-

2093 1912 2352 1967 habentes
2381 1911 2474 1966 Dei
2504 1912 2772 1974 timorem,
2819 1910 3106 1964 occasione
3153 1906 3484 1962 ecclesiasuc':
3516 1905 3632 1966 zeli,

2094 2005 2397 2061 inimicitias
2426 2020 2556 2074 quas
2583 2005 2818 2059 occultas
2845 2005 2897 2058 in
2928 2001 3187 2056 cordibus
3217 2000 3328 2054 suis
3357 1997 3624 2056 habebant.
3665 2013 3672 2017 -

2093 2099 2159 2150 ad
2205 2096 2455 2152 elfectum
2513 2096 2812 2165 perducere
2870 2093 3279 2148 festinaverunt.
3341 2090 3415 2144 Ex
3471 2089 3635 2155 quibus

2095 2201 2233 2241 unus
2281 2187 2466 2242 existit
2501 2197 2701 2240 nostra:
2741 2184 2970 2239 civitatis
3011 2193 3274 2254 tyrannus
3305 2190 3353 2245 ι,
3382 2195 3525 2250 quem
3561 2193 3640 2231 nec

2099 2290 2153 2334 tu
2180 2279 2294 2349 ipse
2323 2279 2539 2350 ignoras
2565 2296 2579 2344 ;
2609 2276 2695 2348 qui
2717 2277 3001 2331 occasione
3027 2275 3172 2339 fidei,
3208 2289 3313 2327 non
3343 2271 3504 2326 solum
3527 2283 3642 2323 nunc

2099 2372 2342 2430 viventes
2389 2374 2705 2444 insequitur,
2755 2371 2848 2426 sed
2889 2380 2944 2426 et
2989 2372 3092 2424 hos
3141 2369 3232 2440 qui
3265 2368 3390 2423 olim
3418 2367 3476 2418 ad
3507 2365 3643 2420 Deam

2102 2475 2516 2535 prmcesserunt.
2559 2466 2795 2532 Quorum
2839 2477 2974 2516 unus
3003 2469 3090 2515 est
3121 2461 3310 2516 beatus
3349 2457 3646 2518 Theodorus,

2104 2574 2278 2629 praeco
2306 2557 2544 2612 veritatis
2573 2564 2628 2611 et
2657 2556 2844 2610 doctor
2873 2553 3159 2619 Ecclesize,
3185 2554 3273 2620 qui
3304 2567 3404 2606 non
3431 2549 3581 2604 solum
3607 2546 3649 2599 in

2104 2666 2200 2706 sua
2239 2651 2343 2704 vita
2385 2647 2742 2719 colaphizavit
2793 2647 3077 2701 haereticos
3119 2660 3218 2714 per
3257 2643 3519 2697 veritatem
3559 2633 3652 2691 sua!

2106 2745 2253 2812 fidei,
2293 2743 2386 2799 sed
2416 2751 2618 2812 etpost
2663 2749 2889 2796 mortem
2941 2737 3208 2807 Spiritalia
3252 2749 3396 2789 arma
3433 2735 3480 2786 in
3530 2729 3655 2785 libris

2107 2838 2339 2908 propriis
2372 2835 2626 2891 Ecclesim
2656 2834 2780 2888 filiis
2811 2831 3102 2902 dereliquit
3131 2847 3144 2883 :
3177 2829 3315 2884 sicut
3344 2837 3394 2882 et
3420 2837 3498 2878 tua
3527 2836 3656 2877 reve—

2108 2929 2281 2985 rentia
2314 2928 2487 2984 eidem
2521 2927 2781 2983 collocuta
2813 2927 3090 2995 cognovit,
3122 2930 3180 2978 et
3215 2937 3280 2976 ex
3313 2921 3392 2972 his
3417 2933 3526 2986 qua:
3550 2929 3661 2967 con-

2110 3020 2324 3089 scripsit
2365 3020 2621 3074 instructa
2652 3025 2753 3072 est.
2789 3017 2939 3071 llunc
2967 3010 3367 3086 praesumpsit‘
3394 3012 3441 3065 in
3467 3005 3660 3063 ecclesia

2115 3113 2285 3180 palam
2333 3109 2790 3166 anathematizare
2815 3149 2830 3172 ,
2873 3107 2963 3178 qui
3008 3116 3237 3177 prepter
3267 3103 3434 3158 zelum
3463 3098 3547 3153 Dei
3576 3110 3665 3151 non

2114 3206 2284 3261 solum
2331 3203 2600 3273 propriam
2649 3201 2917 3257 civitatem
2968 3201 3034 3253 ab
3089 3213 3282 3254 errore
3324 3196 3388 3250 ad
3425 3194 3666 3248 veritatem

2113 3298 2404 3359 convertit,
2437 3297 2534 3350 sed
2565 3305 2619 3350 ct
2640 3297 2796 3364 longe
2825 3292 3025 3359 positas
3050 3293 3150 3346 sua
3179 3290 3425 3346 doctrina
3454 3283 3671 3340 instruxit

2115 3388 2405 3444 Ecclesias.
2454 3385 2520 3440 Et
2563 3385 2628 3440 de
2658 3384 2807 3438 libris
2854 3382 3071 3453 quidem
3124 3382 3246 3452 ejus
3294 3379 3454 3434 tnul'a
3505 3374 3671 3442 ultique

2115 3478 2470 3549 perscrutatio
2510 3476 2668 3532 ﬂebat
2711 3493 2725 3530 :
2773 3491 2878 3529 non
2923 3475 3046 3544 quia
3096 3487 3225 3528 vera
3274 3472 3380 3526 lide
3422 3468 3674 3524 existerent

2115 3570 2298 3635 alieni,
2331 3567 2436 3623 vidi
2470 3569 2613 3622 enim
2643 3581 2764 3622 eum
2796 3566 2970 3619 adhuc
3000 3566 3095 3619 illo
3127 3566 3260 3620 vivo
3292 3565 3581 3632 frequen'er
3602 3571 3671 3610 co-

2116 3660 2265 3715 dices
2295 3659 2414 3729 ejus
2443 3654 2743 3728 legentem;
2778 3658 2871 3710 sed
2914 3666 3141 3724 propter
3192 3653 3500 3710 inimicitias
3537 3649 3681 3704 lateri--

2120 3761 2217 3816 tes,
2253 3728 2387 3820 quas
2417 3748 2672 3803 adversus
2699 3728 2826 3802 leum
2861 3746 3068 3812 habuit,
3101 3747 3361 3816 quoniam
3388 3757 3503 3798 eum
3533 3737 3679 3792 mani-

2119 3844 2254 3897 feste
2293 3841 2530 3896 convicit
2555 3840 2609 3893 in
2638 3838 2866 3910 synodo.
2896 3838 2991 3893 llis
3017 3853 3154 3907 ergo
3187 3837 3349 3892 malis
3376 3830 3683 3891 interceden-

2122 3933 2282 3994 tibus,
2310 3945 2366 3985 et
2398 3944 2737 3999 unoquoque,
2769 3930 2908 3983 sicut
2936 3929 3204 3999 scriptum
3237 3939 3343 3995 est,
3387 3934 3537 3996 prout
3562 3919 3684 3975 volv-

2123 4029 2210 4082 bat
2237 4026 2582 4092 discedente,
2604 4024 2744 4078 Deus
2767 4034 2951 4078 noster
2975 4023 3320 4088 adorandus,
3349 4020 3437 4091 qui
3462 4031 3552 4073 sua
3571 4027 3687 4069 sem-

2121 4139 2218 4193 per
2235 4120 2519 4177 clementia
2549 4132 2731 4174 curam
2763 4117 2902 4186 gerit
2935 4116 3203 4171 Ecclesia;
3223 4161 3237 4184 ,
3306 4109 3589 4168 fidelissimi
3625 4116 3689 4157 at-

2123 4230 2225 4282 que
2248 4213 2466 4268 victoris
2489 4209 2744 4280 principis
2771 4225 2866 4264 cor
2888 4208 3046 4271 rexit,
3072 4217 3134 4261 ut
3157 4207 3418 4278 dirigeret
3444 4198 3638 4257 venerat
3656 4195 3690 4248 i-

2124 4305 2228 4360 lem
2268 4305 2289 4336 ⁸
2332 4312 2490 4373 atque
2533 4301 2930 4356 sanctissimum
2960 4299 3438 4369 archiepiscopum
3467 4288 3690 4349 Οι-ἱειιῑῗξ,

2123 4395 2398 4451 dominum
2447 4394 2733 4456 Joannem,
2780 4405 2835 4447 ut
2882 4391 3340 4448 reeonciliaretur
3385 4381 3695 4458 Cyrillozab

2125 4505 2191 4544 eo
2237 4488 2378 4543 enim
2432 4487 2960 4561 fuerat-episcopatu
3003 4484 3319 4554 depositus.
3355 4482 3418 4535 Et
3448 4486 3695 4549 postquam

2124 4584 2326 4636 litteras
2370 4581 2708 4648 imperatoris
2741 4578 2981 4645 accepit,
3027 4577 3441 4631 sanctissimum
3481 4583 3533 4626 et
3569 4578 3698 4622 reve-

2125 4672 2504 4728 rendissimum
2541 4669 2759 4724 Paulum
2797 4669 3124 4724 Emesenum
3158 4667 3367 4722 direxit
3393 4665 3696 4733 episcopum.

2125 4765 2366 4819 scribens
2397 4779 2492 4832 per
2517 4778 2638 4817 eum
2665 4776 2842 4815 veram
2871 4760 3050 4826 fidem,
3081 4770 3133 4814 et
3163 4758 3486 4831 prmcipieus
3510 4754 3577 4817 ei,
3597 4750 3699 4820 qua

2125 4858 2170 4912 si
2203 4856 2326 4910 huic
2366 4854 2488 4908 fidei
2526 4853 2761 4921 Cyrillus
2808 4852 3181 4915 consenserit,
3219 4860 3275 4913 et
3308 4845 3703 4903 anathematiza-

2126 4949 2262 5004 verit
2287 4963 2382 5003 eos
2409 4947 2496 5016 qui
2529 4945 2713 5001 dicunt
2740 4945 2863 5015 quia
2887 4944 3060 4999 dcitas
3103 4956 3266 5012 passa
3299 4950 3407 5005 est,
3441 4937 3519 4992 vel
3545 4933 3703 4987 dicen—

2121 5128 2220 5183 qna
2259 5127 2380 5183 eum
2421 5110 2603 5164 laudat
2633 5109 2771 5180 quod
2805 5109 3055 5183 hatresim
3091 5108 3530 5183 Nestorianam‘a
3553 5096 3706 5183 Theo:

2121 5166 2446 5237 (ioroCilice
2484 5166 2664 5234 ortam.
2694 5181 3000 5250 expulerit;
3056 5189 3118 5235 et
3175 5179 3405 5233 Itahula:
3436 5175 3608 5250 altera
3649 5166 3704 5248 ad

2124 5254 2411 5324 Cyrillum,
2444 5254 2494 5305 in
2528 5266 2628 5324 qua
2659 5247 2999 5305 Theodorum
3032 5260 3096 5304 ut
3132 5248 3447 5305 Nestmiani
3469 5247 3706 5314 dogmatis

2129 5323 2400 5381 auctorem
2424 5323 2690 5392 suggillet.

2119 5461 2218 5512 rim
2248 5459 2586 5514 Pcrsamact.
2623 5458 2684 5512 l0
2705 5457 2918 5512 concilii
2947 5457 3218 5514 Chalced.
3244 5469 3300 5514 et
3327 5457 3451 5512 coll.
3483 5453 3514 5508 6
3542 5453 3705 5508 conci-

2122 5530 2174 5584 lti
2207 5547 2235 5580 ν
2259 5530 2591 5586 (Βουιηριιὶρί.

2195 5602 2214 5630 ⁵
2249 5602 2390 5655 Idem
2442 5602 2584 5665 ced.,
2630 5611 2681 5653 ut
2721 5602 2958 5670 dirigeret
2988 5600 3166 5653 virum
3209 5616 3452 5670 magnum
3483 5607 3526 5651 et
3555 5594 3601 5648 in
3627 5605 3706 5670 {tm

2125 5672 2321 5739 palatio
2386 5683 2598 5738 notum,
2660 5675 2745 5741 qui
2809 5665 2999 5743 negt-ret
3060 5665 3447 5740 i‘t’llt'l'abflt’tit,
3499 5677 3596 5724 etc.
3645 5665 3705 5714 lla

2128 5744 2243 5798 loco
2275 5744 2362 5798 cit.
