3962 6196
225 315 341 371 665

1128 323 1262 381 PRO
1306 324 1733 383 DEFENSIONE
1772 324 1990 383 TRIUM
2029 326 2340 389 CAPITUL.
2374 324 2502 391 LIB.
2548 336 2629 394 \‘l.

3408 345 3507 397 Gtifi

224 451 317 493 tes
338 440 465 508 quia
512 454 613 493 una
652 447 843 493 natura
884 449 967 495 est
1013 441 1228 497 deitatis
1263 453 1317 497 et
1360 444 1725 511 humanitatis,
1768 452 1825 497 ut
1856 443 2144 502 Acidisse.
2178 448 2510 521 Conscripsit
2558 464 2612 509 et
2655 455 2768 524 ipse
2812 455 3058 513 simiiiter
3086 458 3181 525 illi,
3217 461 3336 527 quia
3373 460 3515 515 Deus

220 531 660 585 continuniraret
684 532 754 587 ei.
780 531 966 585 Voluit
986 544 1162 589 autem
1188 535 1466 600 Dominus,
1492 538 1584 606 qui
1611 551 1827 605 semper
1871 549 1877 555 ‘

220 640 418 679 curam
462 638 576 678 sum
617 624 757 692 gerit
802 626 1075 693 Ecclesiae,
1119 643 1279 697 quam
1314 631 1578 699 sanguine
1608 633 1825 698 proprio

218 716 486 782 redemit,
530 732 628 772 cor
671 717 905 789 Egyptii
946 722 1209 785 emollire,
1248 729 1308 777 ut
1354 724 1473 778 sine
1514 723 1825 793 fatigatione

219 807 351 863 ﬁdei
384 809 738 877 consentiret,
788 821 841 864 et
895 811 1034 866 hanc
1078 815 1397 882 susc'peret,
1445 822 1607 883 atque
1636 828 1825 867 omnes

218 902 317 968 qui
346 902 557 971 absque
589 902 689 956 hac
719 902 1002 957 crederent
1033 905 1515 959 analhematizaret
1542 921 1556 971 ;
1596 914 1651 959 et
1671 921 1823 978 com-

219 994 630 1049 munieamibus
659 993 765 1047 illis
799 994 903 1049 sibi
951 994 1201 1058 invicem,
1246 993 1523 1050 contentio
1549 994 1616 1051 de
1646 995 1826 1051 medio

219 1097 308 1141 est
338 1088 541 1153 ablata,
572 1096 626 1142 ct
652 1104 751 1155 pax
778 1089 828 1142 in
859 1089 1099 1143 Ecclesia
1127 1089 1264 1143 facta
1294 1099 1375 1144 est
1401 1106 1415 1142 :
1445 1099 1498 1145 et
1532 1105 1635 1143 non
1666 1090 1825 1145 estin

218 1194 284 1233 ea
312 1181 579 1245 schisma,
628 1182 721 1235 sed
770 1198 868 1249 pax
896 1185 1033 1236 sicut
1078 1183 1288 1252 pridem
1330 1193 1432 1239 cst.
1476 1184 1605 1250 Qme
1648 1192 1823 1239 autem

219 1270 395 1326 verba
443 1273 552 1326 sint
581 1287 698 1340 qum
725 1289 754 1326 a
785 1275 1127 1329 sanetissimo
1166 1284 1220 1329 et
1260 1277 1701 1331 reverentissimo
1742 1292 1826 1330 ar-

178 1349 183 1353 ’
218 1362 580 1434 chiepiscopo
623 1364 827 1420 Joanne
876 1368 1073 1436 scripta
1127 1377 1271 1435 sunt,
1330 1378 1382 1424 et
1424 1385 1544 1439 quae
1572 1371 1826 1442 aCyrillo

218 1456 496 1524 rescripta
554 1459 824 1526 suscepit,
877 1459 1019 1527 ipsas
1063 1460 1319 1526 epistolas
1372 1461 1497 1517 huic
1542 1478 1700 1532 quam
1758 1466 1822 1518 ad

220 1557 473 1600 vestram
520 1547 689 1602 direxi
737 1551 1129 1614 reverentiam,
1174 1552 1505 1623 conjungens
1552 1557 1822 1611 transmisi

222 1647 337 1690 tua:
368 1638 665 1701 sanctitati,
700 1647 759 1693 nt
790 1640 1036 1709 relegens
1066 1642 1223 1703 scias,
1254 1651 1309 1698 et
1345 1644 1595 1698 omnibus
1623 1646 1824 1699 nostris

221 1728 492 1785 fratribus
521 1731 821 1786 amantibus
851 1745 1036 1800 pacem
1070 1732 1374 1801 denunties,
1401 1736 1523 1805 quia
1552 1737 1826 1791 contentio

221 1822 332 1887 iam
386 1822 609 1890 quievit,
661 1832 713 1875 et
746 1822 956 1876 medius
987 1823 1386 1879 inimicitiarum
1415 1827 1592 1895 paries
1619 1829 1826 1883 ablatus

223 1921 337 1979 est,
398 1922 455 1966 et
500 1914 588 1982 qui
640 1916 902 1971 seditiose
947 1916 1206 1973 adversus
1232 1921 1382 1975 vivos
1411 1931 1465 1975 et
1491 1932 1727 1976 mortuos
1752 1923 1828 1976 ir-

220 2014 475 2068 rucraut,
523 2006 575 2057 iu
620 2007 945 2062 confusione
975 2018 1118 2077 sunt,
1154 2026 1249 2079 pro
1279 2012 1390 2066 suis
1433 2013 1824 2069 satisfacientes

217 2099 566 2165 excessibus,
617 2112 665 2153 ct
717 2103 985 2156 comraria
1028 2103 1223 2158 docent
1255 2105 1414 2157 modo
1447 2105 1527 2159 his
1554 2121 1673 2175 qua:
1702 2117 1824 2161 ante

221 2191 551 2247 docuerant.
584 2192 696 2245 Non
735 2194 875 2248 enim
912 2194 1194 2263 quisquam
1236 2195 1398 2248 audet
1442 2194 1622 2250 dicere
1663 2211 1820 2249 uuam

220 2299 350 2339 esse
408 2294 650 2339 naturam
703 2286 997 2341 divinitatis
1022 2298 1074 2340 et
1104 2287 1468 2353 immanitatis,
1521 2289 1615 2343 sed
1655 2288 1823 2343 confl-

221 2386 415 2431 teuzur
458 2380 509 2431 iu
558 2380 810 2445 templum
858 2389 913 2434 et
960 2380 1346 2435 inhabitantem
1393 2382 1443 2434 in
1493 2396 1577 2447 eo,
1625 2381 1713 2450 q-ii
1742 2390 1824 2436 est

222 2486 373 2525 unus
425 2470 592 2524 Filius
630 2470 787 2525 Jesus
833 2472 1100 2527 Christus.
1152 2473 1275 2527 llmc
1302 2483 1479 2527 autem
1507 2473 1694 2541 scripsi
1720 2483 1823 2527 tua:

220 2563 507 2616 sanctitati
539 2577 601 2615 ex
644 2576 836 2631 magno
881 2561 1074 2617 affectu
1118 2578 1274 2631 quem
1326 2562 1568 2635 circa‘te
1618 2562 1818 2629 habeo,

224 2654 418 2709 sciens
446 2654 571 2722 quia
601 2664 689 2707 tua
716 2654 971 2707 sanctitas
996 2662 1153 2708 nocte
1177 2661 1233 2706 et
1262 2655 1347 2707 die
1376 2655 1425 2706 in
1456 2653 1699 2731 doctgna
1725 2653 1823 2709 Dei

223 2746 579 2815 temetipsum
613 2760 856 2808 exerces,
891 2754 948 2799 ut
978 2746 1163 2800 multis
1210 2745 1286 2798 sis
1335 2744 1501 2801 utilis.
1531 2762 1550 2797 ι
1606 2744 1703 2799 llic
1739 2754 1824 2801 est

225 2841 451 2908 integer
496 2838 639 2891 illius
670 2837 916 2903 epistola:
958 2846 1145 2901 tenor,
1192 2850 1348 2905 quam
1380 2836 1519 2904 apud
1552 2852 1608 2891 se
1633 2836 1825 2892 recita-

223 2942 365 2995 tam,
398 2929 665 2997 sicutjam
699 2928 1002 2993 docuimus,
1034 2942 1225 2999 magna
1256 2928 1492 2997 synodus
1522 2928 1823 2984 Chalcedo-

222 3021 421 3076 rensis
447 3019 814 3088 pronuntiavit
835 3018 1211 3073 orthodoxam.
1256 3018 1555 3088 Aggrediar
1584 3019 1748 3089 igitur
1770 3020 1821 3074 in

224 3115 509 3185 adjutorio
560 3114 874 3181 Salvatoris,
906 3131 1011 3169 non
1041 3114 1109 3168 ab
1141 3116 1224 3171 his
1265 3125 1467 3169 tantum
1499 3117 1819 3171 sententiam

223 3174 406 3276 ipsius
438 3206 626 3277 synodi
660 3174 971 3272 defendere,
1020 3220 1143 3275 qum
1185 3206 1385 3273 scripto
1425 3207 1495 3261 ab
1542 3209 1820 3262 lueretico-
1851 3174 1897 3236 C

229 3316 358 3355 rum
401 3298 705 3353 fautoribus
753 3298 804 3350 in
846 3297 1069 3365 epistola
1101 3297 1401 3366 supradicta
1433 3299 1647 3364 culpata
1678 3307 1821 3365 sunt,

228 3402 282 3445 et
342 3392 398 3443 in
450 3387 931 3458 reprehensionem
984 3398 1294 3442 memoratae
1340 3389 1625 3443 sententias
1674 3392 1825 3458 quasi

230 3480 563 3536 Nestoriaua
606 3479 899 3543 damnata;
932 3492 1118 3533 verum
1159 3480 1318 3532 etiam
1359 3495 1687 3549 quaecunque
1734 3494 1827 3548 pe-

233 3571 538 3627 tulantibus
563 3570 984 3638 irrcligiosorum
1009 3570 1189 3624 verbis
1212 3570 1407 3639 passim
1432 3570 1671 3624 accusari
1704 3584 1828 3639 cog-

232 3665 508 3719 novimus.
563 3662 664 3717 Per
713 3661 871 3731 hujus
919 3671 1095 3715 autem
1137 3661 1465 3716 definitionis
1493 3672 1823 3729 contextum,

230 3748 653 3827 illudquoque,
700 3758 789 3811 ubi
816 3767 1195 3826 opportunum
1239 3754 1418 3825 fuerit,
1452 3756 1826 3824 ostendemus,

228 3850 494 3919 quoniam
522 3850 565 3902 si
591 3849 832 3903 eamdem
859 3848 1143 3916 epistolam
1171 3849 1407 3918 synodus
1430 3849 1695 3917 judicaret
1722 3849 1831 3904 hae-

232 3942 495 4005 reticam,
541 3940 667 3994 hinc
707 3940 884 4009 potius
937 3939 1152 3994 beatum
1208 3940 1465 4009 Cyrillum
1519 3941 1830 3997 haereticqu

232 4035 409 4089 fuisse
460 4034 729 4097 firmaret,
761 4041 815 4087 et
843 4043 1128 4087 excusaret
1161 4031 1487 4098 Nestorium,
1521 4042 1678 4100 atque
1704 4049 1833 4089 eon-

232 4126 429 4180 cilium
456 4123 877 4193 reprehenderet
904 4121 1255 4191 Ephesinum.
1285 4123 1435 4179 Unde
1462 4139 1524 4179 ea
1552 4140 1691 4179 nunc
1714 4141 1831 4194 qua:

230 4214 445 4282 serip'o
491 4213 936 4282 reprehendenda
981 4228 1101 4269 esse
1147 4213 1417 4279 dixerunt,
1450 4229 1545 4284 pro
1597 4226 1783 4273 tenore
1814 4220 1829 4249 ¹

160 4366 165 4370 _
230 4316 408 4373 atque
453 4312 705 4357 contextu
736 4319 844 4373 quo
878 4303 944 4357 ab
983 4303 1089 4359 illis
1119 4312 1245 4359 sunt
1289 4308 1483 4376 posita,
1533 4323 1597 4363 ex
1645 4326 1831 4367 eorum

231 4397 387 4452 libro
414 4394 801 4450 transferamus
828 4396 880 4449 in
912 4408 1177 4463 nostrum,
1209 4413 1277 4451 ne
1300 4398 1418 4467 quis
1442 4415 1540 4454 nos
1563 4402 1835 4459 existimet

230 4487 450 4556 aliquid
498 4502 687 4543 eorum
734 4503 855 4557 qua:
886 4488 952 4541 ad
983 4504 1198 4542 causam
1242 4492 1514 4558 pertinent
1561 4495 1827 4551 omisisse.

228 4583 328 4637 Sic
372 4596 502 4653 ergo
538 4581 807 4635 dixerunt.
865 4600 882 4632 ι
911 4580 1137 4651 lngressi
1170 4593 1295 4637 sunt
1326 4595 1667 4642 accusatores
1700 4588 1823 4655 lbre,

230 4674 551 4743 petiverunt
589 4681 644 4727 et
684 4673 784 4743 ipsi
833 4671 998 4743 relegi
1048 4688 1166 4743 qua:
1196 4674 1245 4727 in
1278 4674 1421 4744 Tyro
1450 4677 1519 4730 de
1552 4677 1636 4732 lba
1670 4693 1830 4735 aecu-

228 4777 361 4819 sata
396 4773 520 4819 sunt
548 4764 689 4833 apud
722 4764 970 4818 Photium
1003 4775 1056 4818 et
1086 4765 1431 4820 Eustachium
1464 4769 1628 4823 Deum
1654 4786 1831 4826 aman-

230 4868 350 4923 tes.
394 4856 461 4909 Et
511 4855 639 4909 dum
687 4856 1056 4925 relegerentur
1082 4863 1224 4925 acta,
1267 4855 1484 4913 inventa
1534 4870 1615 4915 est
1658 4862 1710 4916 in
1752 4864 1832 4919 eis

228 4945 474 5017 epistola
519 4946 765 5015 quaidam
823 4945 1017 5013 posita,
1073 4953 1321 5016 tanquam
1353 4948 1419 5001 ab
1452 4950 1538 5004 Iba
1584 4952 1719 5008 facta
1762 4956 1827 5009 ad

228 5040 429 5094 hiarim
474 5039 722 5101 Persam,
764 5037 907 5091 omni
940 5036 1216 5105 impietate
1244 5039 1537 5095 cumulata.
1579 5043 1831 5101 Continet

228 5130 390 5186 enim
434 5129 587 5185 haec:
619 5127 851 5200 Cyrillus
884 5128 1067 5183 volens
1099 5126 1330 5183 Nestorii
1364 5131 1529 5185 libros
1555 5133 1830 5191 destruere

228 5225 429 5291 iapsus
466 5230 571 5289 est,
602 5230 655 5275 et
690 5220 744 5273 in
782 5220 971 5290 dogma
1002 5220 1306 5289 Apolinaris
1357 5223 1607 5280 inventus
1637 5239 1716 5283 est
1745 5229 1828 5283 iu-

317 5400 340 5427 ι
372 5390 699 5460 Augustinus
733 5385 799 5446 de
854 5389 1146 5445 hmresihus
1172 5406 1185 5442 :
1216 5391 1583 5455 Apoliuaristre
1619 5408 1827 5449 comen-

233 5461 515 5515 tfosissime
560 5472 845 5530 asseverant
903 5461 1053 5514 Verbi
1101 5462 1297 5530 aliquid
1340 5463 1389 5515 in
1421 5479 1625 5517 carnem
1668 5470 1828 5534 fuisse

227 5548 537 5588 conversum
563 5544 714 5598 atque
740 5542 989 5584 utummm
1009 5574 1021 5592 ,
1055 5548 1154 5583 non
1182 5543 1351 5585 autem
1380 5550 1584 5587 carnem
1613 5536 1675 5589 (lc
1710 5536 1825 5590 Ma-

232 5606 335 5657 ria:
363 5618 514 5655 carne
547 5613 852 5667 susceptam.
886 5603 1035 5668 Quod
1071 5602 1293 5656 hatresis
1327 5614 1629 5671 portentum
1663 5610 1827 5659 Atha-

234 5676 451 5734 nasius.
484 5689 603 5727 cum
634 5676 733 5728 sub
760 5683 877 5728 ortu
904 5691 1001 5741 suo
1030 5673 1093 5725 ad
1128 5674 1240 5743 ejus
1267 5688 1424 5729 aures
1456 5679 1822 5745 pervenisset,

324 5814 339 5845 '
361 5812 487 5868 Cod.
518 5811 738 5875 Veron,
765 5813 1012 5865 (illlCl'llll!
1038 5813 1145 5877 ipso
1176 5822 1362 5877 tenore,
1398 5825 1503 5871 etc.

1935 535 2165 593 Verbum
2216 539 2386 597 factus
2433 552 2520 598 est
2570 545 2748 601 homo.
2799 548 2862 601 Et
2903 558 3023 616 post
3063 550 3200 603 alia:
3232 552 3512 617 Quomodo

1926 628 2069 682 enim
2119 640 2294 699 potest
2344 635 2545 703 accipi:
2580 634 2645 688 In
2674 637 2936 705 principio
2972 635 3183 693 Verbum
3210 642 3278 696 de
3310 646 3513 709 templo

1928 728 2055 772 nato
2081 735 2144 775 ex
2179 721 2375 777 Maria?
2404 734 2496 779 aut
2523 726 2651 780 illud
2679 745 2690 779 :
2727 728 2965 783 Minui.in
3002 747 3115 783 eum
3144 735 3301 800 paulo
3340 736 3508 789 minus

1926 812 1989 863 ab
2016 811 2229 879 angelis,
2256 815 2325 870 de
2347 815 2546 872 deitate
2571 818 2840 888 Unigeniti
2868 822 3008 875 dici?
3038 824 3242 889 Denuo,
3274 824 3509 894 Cyrillus

1926 915 2084 968 aures
2135 906 2375 959 onmium
2426 909 2699 976 pigmento
2746 911 2887 978 quod
2937 924 3170 967 exerceat
3200 915 3383 967 oculos
3425 931 3508 969 sa-

1929 992 2197 1061 pientum,
2232 1001 2656 1079 prmoccupavit,
2685 1010 2739 1056 et
2768 1003 2834 1056 de
2864 1004 3173 1073 episcopatu
3205 1005 3506 1061 Nestorium

1928 1084 2312 1152 deposuerunt,
2350 1088 2553 1158 judicio
2584 1102 2636 1147 et
2667 1094 3011 1162 inquisitione
3056 1110 3161 1149 non
3215 1097 3375 1153 facta.
3418 1098 3508 1153 llis

1926 1174 2132 1243 adjicit,
2162 1178 2282 1246 quia
2319 1181 2369 1232 in
2400 1180 2741 1235 damnatione
2766 1182 2995 1237 Nestorii
3027 1201 3145 1253 quae
3176 1188 3313 1241 facta
3340 1199 3419 1242 est
3442 1189 3508 1242 ab

1926 1269 2025 1332 eis,
2060 1268 2128 1322 -12
2158 1271 2389 1336 capitula
2419 1287 2536 1342 qua:
2563 1289 2591 1327 a
2623 1275 2828 1344 (Iyrillo
2854 1279 3155 1345 conscripta
3187 1289 3332 1342 sunt,
3373 1297 3505 1334 eon-

1928 1360 2091 1413 traria
2117 1360 2404 1416 cxiSIentia
2457 1379 2599 1419 vera:
2644 1367 2800 1436 ﬁdei,
2852 1378 3143 1437 posuerunt
3173 1381 3224 1423 et
3253 1372 3508 1426 firmave—

1927 1458 2074 1514 runt,
2119 1462 2172 1505 et
2199 1464 2591 1509 consenserunt
2634 1458 2735 1523 eis,
2784 1469 3033 1528 tanquam
3060 1475 3201 1515 verre
3234 1459 3357 1515 fidei
3384 1478 3507 1517 con-

1928 1545 2262 1600 sonantibus.
2317 1549 2382 1603 Et
2432 1560 2549 1618 post
2600 1566 2761 1619 pauca
2811 1553 3063 1622 episcopo
3096 1555 3313 1609 Edessm
3352 1555 3508 1610 dero-

1928 1649 2058 1701 gans
2102 1636 2270 1691 dicit:
2303 1638 2401 1695 llic
2449 1654 2646 1696 nostra:
2697 1643 2936 1699 civitatis
2988 1654 3248 1715 tyrannus
3298 1647 3508 1720 beatum

1931 1727 2297 1797 Theodorum,
2327 1744 2630 1800 praeconem
2667 1734 2909 1789 veritatis
2939 1745 2991 1790 et
3021 1736 3294 1805 doctorem
3328 1738 3507 1791 Eccle-

1864 1812 1908 1871 B
1933 1818 2049 1885 sim,
2078 1825 2416 1891 praesumpsit
2444 1826 2533 1893 qui
2565 1827 2747 1880 omnia
2780 1828 3056 1895 prtesumit
3078 1828 3129 1881 in
3160 1829 3389 1883 ecclesia
3420 1842 3508 1896 pa-

1928 1911 2031 1967 lam
2080 1915 2553 1971 anathematizare.
2590 1936 2608 1968 )
2667 1917 2789 1972 llzec
2844 1920 3021 1973 omnia
3055 1919 3396 1974 manifestum
3429 1929 3508 1977 est

1927 2006 2143 2075 legenti,
2172 2010 2424 2077 quoniam
2467 2025 2571 2064 non
2620 2014 2759 2066 sicut
2800 2013 2854 2066 in
2888 2014 2976 2067 illa
3003 2016 3232 2083 epistola
3264 2018 3507 2071 contine-

1928 2111 2031 2164 tur,
2078 2102 2170 2155 scd
2216 2101 2354 2155 sicut
2393 2102 2492 2169 ipsi
2542 2118 2602 2155 ea
2652 2104 3003 2173 decerpentes
3042 2122 3105 2161 ac
3145 2107 3509 2176 discerpentes

1926 2208 2022 2263 pro
2058 2208 2155 2247 suo
2197 2204 2444 2247 asserunt
2487 2193 2744 2258 arbitrio,
2793 2204 2848 2249 et
2898 2197 2948 2248 in
3000 2212 3163 2248 muun
3212 2207 3495 2253 centonem

1926 2285 2271 2355 redegerunt,
2300 2284 2462 2337 etiam
2495 2299 2592 2339 nos
2622 2286 2917 2352 posuimus.
2949 2285 3018 2341 Ut
3046 2296 3224 2343 autem
3257 2288 3374 2343 lure
3404 2291 3507 2344 cla-

1924 2380 2036 2433 rius
2085 2387 2368 2432 consuctas
2413 2391 2597 2431 eorum
2638 2376 2852 2431 fraudes
2894 2378 3154 2431 serenitas
3185 2387 3270 2432 tua
3304 2394 3508 2450 cogno-

1925 2478 2059 2535 scat,
2093 2479 2146 2523 et
2175 2483 2309 2538 quos
2339 2467 2507 2522 saltus
2531 2468 2582 2521 in
2609 2483 2701 2521 sua
2725 2467 3031 2522 narratione
3084 2468 3338 2533 fecerint,
3399 2485 3503 2523 non

1925 2560 2098 2628 quasi,
2142 2568 2199 2614 ut
2239 2556 2409 2612 videri
2453 2556 2750 2621 voluerunt,
2786 2557 3015 2629 vitanda:
3047 2557 3379 2625 prolixitatis,
3412 2559 3506 2612 sed

1926 2650 2105 2720 potius
2148 2646 2498 2703 obscuranda:
2545 2645 2789 2701 veritatis
2818 2648 3009 2715 gratia,
3041 2662 3107 2701 ne
3136 2649 3319 2717 aliquo
3350 2649 3509 2703 Inodo

1925 2740 2155 2797 dicentis
2198 2740 2298 2795 Iba:
2340 2748 2624 2809 appareret
2653 2738 2878 2791 intentio
2910 2756 2925 2804 ;
2972 2738 3154 2792 confer
3178 2754 3238 2793 ea
3264 2755 3383 2806 quae
3412 2755 3508 2809 po-

1927 2844 2153 2891 sucrunt
2199 2848 2319 2888 cum
2374 2832 2620 2901 epistola:
2651 2839 2838 2885 tenore
2869 2846 3026 2899 quem
3053 2846 3211 2899 supra
3243 2847 3507 2887 memora-

1926 2932 2140 2985 vimus:
2168 2937 2221 2983 et
2249 2925 2481 2994 eritjam
2509 2922 2804 2993 prudentia:
2828 2932 2930 2976 tua:
2972 2922 3288 2991 dignoscere
3330 2930 3508 2977 utrum

1926 3036 1987 3077 ea
2015 3034 2133 3090 qua:
2164 3018 2528 3072 transilierunt
2547 3022 2603 3069 et
2632 3014 2918 3069 noluerunt
2939 3013 3218 3082 attingere,
3248 3013 3506 3081 prolixam

1929 3112 2290 3167 narrationem
2342 3108 2599 3173 facerent,
2647 3121 2715 3160 an
2762 3106 2936 3173 potius
2980 3104 3147 3176 ipsam
3191 3120 3326 3170 rem,
3368 3106 3508 3174 quod

1932 3204 2242 3266 timuerunt,
2286 3198 2584 3255 evidentius
2630 3198 2921 3266 aperirent.
2948 3195 3023 3249 Ex
3054 3195 3305 3250 omnibus
3331 3207 3509 3251 autem

1931 3311 2048 3364 quae
2079 3295 2131 3347 in
2164 3294 2262 3347 liae
2293 3292 2518 3361 epistola
2550 3289 3032 3360 reprehenderunt.
3067 3289 3213 3357 prius
3240 3288 3346 3342 duo
3383 3303 3511 3357 pur-

1931 3403 2140 3457 gamus,
2192 3386 2442 3454 quoniam
2478 3397 2718 3437 connexa
2747 3382 2800 3434 in
2830 3395 2936 3435 uno
2960 3380 3192 3449 capitulo
3224 3379 3511 3443 habentur,

1931 3480 2024 3533 sed
2069 3477 2136 3530 ab
2178 3476 2293 3530 isllS
2324 3474 2464 3529 male
2514 3474 2680 3527 divisa
2732 3481 2874 3526 sunt.
2933 3473 3106 3527 linum
3157 3481 3259 3537 est,
3288 3471 3513 3542 quodin

1933 3569 2196 3641 principio
2227 3575 2518 3637 posuerunt
2550 3566 2811 3627 dicentes,
2842 3563 3074 3634 Cyrillus
3099 3564 3284 3618 volens
3324 3563 3514 3618 Nesto-

1932 3664 1995 3716 rii
2030 3661 2194 3715 libros
2218 3659 2520 3723 destruere,
2549 3666 2603 3711 et
2629 3665 2839 3710 caetera.
2865 3673 2883 3707 ι
2923 3656 3161 3709 Alterum
3200 3669 3347 3715 vero,
3372 3654 3513 3723 quod

1932 3753 2167 3810 secundo
2220 3752 2339 3805 loco
2389 3757 2704 3820 posuerunt,
2765 3747 2811 3800 id
2863 3755 2967 3811 est,
3026 3763 3043 3795 ‹
3074 3744 3513 3810 Quomoducuim

1934 3853 2108 3915 potest
2132 3842 2302 3912 accipi
2334 3841 2401 3895 In
2436 3840 2690 3910 principio
2724 3836 2941 3890 Verbum
2973 3835 3039 3889 de
3072 3834 3269 3903 templo
3301 3840 3424 3885 nato
3451 3848 3513 3885 ex

1933 3939 2138 4000 Maria,
2190 3943 2245 3989 et
2268 3942 2486 3987 cattera.
2530 3949 2548 3982 ι
2606 3928 2867 3996 Imprimis
2922 3940 3050 3980 sane
3104 3922 3374 3977 fatendum
3433 3930 3512 3978 cst

1937 4020 2072 4084 hanc
2144 4025 2424 4096 epistolam
2467 4022 2601 4077 satis
2638 4018 2924 4074 ostendere
2965 4015 3107 4087 quod
3146 4014 3514 4069 reverentissi~

1936 4136 2055 4176 mus
2096 4119 2237 4181 lbas,
2283 4111 2732 4184 quemadmodum
2776 4109 2975 4163 dictum
3023 4114 3126 4172 est,
3178 4120 3297 4159 cum
3330 4103 3515 4158 Orien-

1935 4214 2127 4269 talibus
2173 4210 2507 4276 aliarumque
2538 4201 2931 4273 provinciarum
2954 4198 3239 4267 episcopis,
3266 4195 3515 4250 intentio-

1940 4321 2060 4362 nem
2086 4306 2350 4360 dictorum
2375 4298 2513 4355 beati
2542 4314 2561 4350 ι
2582 4295 2764 4368 Cyrilli
2795 4295 2969 4348 minus
3000 4291 3321 4360 intelligens,
3348 4296 3403 4344 et
3428 4302 3517 4344 su-

1937 4402 2170 4470 spicatus
2213 4396 2355 4466 quod
2396 4399 2617 4464 negaret
2673 4389 2727 4442 in
2764 4386 2978 4441 Christo
3028 4385 3382 4439 diderentiam
3425 4398 3516 4436 nas

1941 4505 2211 4561 turarum,
2268 4500 2602 4556 consequens
2639 4482 2897 4553 judicavit
2942 4481 3063 4549 quia
3111 4481 3162 4534 in
3216 4477 3517 4547 Apoliuaris

1939 4593 2131 4661 dogma
2163 4585 2457 4647 incidisset,
2499 4581 2586 4651 qui
2623 4593 2728 4631 non
2758 4576 3125 4646 assumptione
3158 4574 3401 4627 humana:
3429 4588 3516 4624 ua-

1940 4660 2073 4737 tura:
2104 4680 2268 4734 Deum
2309 4674 2545 4729 Verbum
2581 4668 2835 4724 credebat
2862 4664 3133 4719 hominem
3165 4664 3382 4727 factum,
3423 4660 3516 4715 sed

1942 4785 2145 4844 partem
2198 4765 2507 4825 substantia:
2550 4762 2715 4832 ipsius
2758 4760 2849 4814 Dei
2888 4758 3041 4812 Verbi
3070 4754 3292 4825 putabat
3320 4754 3371 4844 in
3397 4767 3517 4844 car-

1942 4842 2061 4921 nem
2102 4877 2221 4919 esse
2266 4871 2577 4915 conversam
2605 4863 2653 4909 ⁸.
2702 4852 2782 4908 0b
2822 4852 2923 4905 hoc
2969 4849 3127 4919 igitur
3156 4846 3227 4900 ibi
3259 4842 3518 4911 subjecit,

1941 4968 2098 5026 atque
2130 4955 2239 5007 ait:
2275 4969 2292 5003 ι
2322 4947 2651 5015 (ῑοηεοτὶρεὶι
2676 4944 2816 5000 enim
2843 4951 2896 4995 et
2924 4942 3037 5007 ipse
3064 4937 3308 5026 similiter
3340 4930 3433 4996 illi,
3470 4930 3518 4984 id

1943 5024 2029 5106 est
2071 5046 2367 5117 Apolinari,
2415 5043 2536 5111 quia
2586 5040 2699 5108 ipse
2772 5037 2911 5089 Dens
2959 5030 3187 5083 Verbum
3233 5024 3402 5117 factus
3440 5028 3519 5076 est

1942 5116 2133 5208 homo,
2158 5151 2409 5210 tanquam
2442 5151 2547 5191 non
2585 5134 2655 5188 sit
2678 5126 2978 5185 dilfercntia
3010 5123 3151 5175 inter
3181 5116 3442 5210 templum
3468 5122 3519 5169 et

1938 5207 2322 5296 inhabitantem
2365 5232 2419 5285 in
2462 5242 2547 5283 eo.
2582 5243 2601 5278 ι
2648 5223 2761 5278 Non
2813 5219 2991 5286 itaque
3037 5209 3363 5267 venerabilis
3408 5207 3521 5261 lbas

1936 5395 2335 5455 accuratissime
2358 5384 2654 5445 confutavit
2677 5383 2728 5436 in
2753 5379 2984 5455 epistola
3002 5377 3064 5455 ad
3086 5371 3389 5455 Epictetum
3413 5367 3521 5455 epi-

1936 5440 2645 5541 Eéﬁiiiiiu"é'6¥_iii_iiiturma:
2684 5440 2853 5541 quam

1936 5522 2156 5608 scripsit
2224 5532 2551 5603 Epiphanius
2604 5528 2656 5581 in
2714 5524 2907 5579 haeresi
2964 5522 3361 5576 UllltCBl'ilﬂl‘lltl)
3410 5524 3521 5565 sive

1938 5609 2440 5682 Apuliuaristarum.
