3962 6196
559 312 661 367 687

1598 315 1888 372 FACUNDI
1921 313 2134 374 EPlSC.
2175 312 2681 369 HERMZANENSIS
3684 334 3765 392 668

562 431 726 486 Deum
776 430 1003 486 Verbum
1054 432 1278 487 nescitit
1328 432 1597 488 hominem
1629 434 1870 500 factum;
1912 436 2003 492 sed
2044 437 2139 490 ad-
2167 441 2213 497 A
2248 439 2350 495 nisi
2400 441 2523 494 aliis
2569 441 2764 494 divina:
2803 440 3117 510 'SCl'lpllll'tB
3163 445 3471 503 testimoniis
3510 448 3761 518 doceretur,

561 539 751 578 versus
781 523 1085 592 Apolinaris
1140 524 1463 579 dementiam
1493 528 1913 582 convertibiliter
1944 528 2138 583 factum

554 632 676 671 esse
720 618 985 673 hominem
1033 618 1333 689 denegavit.
1369 621 1501 674 Nam
1529 632 1581 676 et
1615 620 1731 690 ipse
1762 623 1948 677 beatus
1972 621 2147 692 Cyril-

559 707 640 759 lus
669 708 723 761 in
771 708 907 762 libro
950 707 1042 776 qui
1082 708 1297 764 Scholia
1341 709 1555 777 dicitur,
1595 712 1697 771 sub
1747 712 1898 767 titulo
1940 728 1954 765 :
2002 712 2143 779 Quo-

555 799 707 850 modo
753 815 882 853 unus
929 799 1179 863 Christus,
1239 819 1258 851 ι
1291 802 1452 872 Ergo,
1485 801 1676 872 inquit,
1711 804 1940 858 elsiialii
1983 804 2141 859 simili

554 887 912 956 appellatione
941 890 1111 943 vocati
1143 900 1265 944 sunt
1288 891 1506 956 Christi,
1539 907 1676 947 unus
1706 902 1883 948 tamen
1914 904 2015 960 est,
2050 909 2144 963 per

554 994 711 1045 quem
741 982 943 1047 omnia,
986 981 1144 1037 ‘Jesus
1190 980 1461 1048 Christus,
1517 999 1622 1038 non
1671 985 1811 1053 quod
1860 984 2023 1039 homo
2072 985 2143 1039 sit

556 1071 726 1126 factus
768 1073 948 1142 opifex
991 1074 1249 1129 omnium.
1284 1094 1303 1126 ι
1355 1056 1507 1142 Quod
1546 1077 1784 1148 Cyrillus
1812 1093 1919 1133 non
1953 1089 2139 1134 contra

555 1164 868 1233 prophetam
914 1166 1180 1221 dicentem
1213 1185 1225 1219 :
1259 1167 1431 1222 Mater
1472 1168 1605 1224 Sion
1647 1170 1818 1225 dicit:
1846 1170 2043 1238 Domo,
2092 1180 2140 1226 et

555 1256 705 1309 fumo
734 1260 905 1326 factus
933 1266 1006 1313 est
1031 1259 1085 1311 in
1108 1275 1188 1324 ea,
1222 1267 1267 1313 et
1297 1260 1404 1330 ipse
1432 1262 1666 1329 [tardavit
1686 1280 1796 1318 enm
1830 1264 2137 1330 Altissimus,

553 1347 832 1414 scripsisse
876 1347 1177 1403 credendus
1225 1361 1347 1415 est;
1394 1350 1488 1405 sed
1515 1366 1575 1406 ea
1604 1353 1780 1423 potius
1819 1354 2137 1422 intentione,

553 1437 693 1507 quod
722 1438 863 1493 Deus
886 1438 1142 1502 Verbum,
1174 1440 1349 1509 opifex
1372 1443 1632 1510 omnium,
1685 1445 1975 1501 secundum
1998 1446 2141 1516 Apo-

552 1530 741 1585 linaris
781 1544 1022 1598 sensum,
1056 1532 1107 1586 id
1135 1542 1217 1587 est
1254 1535 1710 1603 convertibiliter,
1743 1552 1847 1592 non
1881 1537 2049 1593 factus
2070 1540 2140 1593 sit

553 1627 733 1677 homo.
776 1626 881 1679 Aut
910 1625 1069 1694 igitur
1099 1628 1386 1697 utrobique
1414 1629 1867 1699 subintelligimus
1893 1640 2138 1701 prepter-

551 1732 612 1770 ea
644 1726 892 1785 negatum
917 1732 1037 1773 esse
1069 1718 1235 1772 Deum
1276 1720 1530 1791 Verbum,
1562 1722 1615 1776 id
1645 1732 1727 1778 est
1752 1724 1997 1791 Opificem
2028 1740 2135 1778 om.

2251 531 2531 586 Dominum
2556 531 2742 587 Iesum
2763 532 3036 587 Christum
3058 543 3151 588 aut
3173 535 3363 590 bonum
3391 549 3478 593 aut
3508 539 3650 595 Deum
3672 559 3763 598 esse

2247 619 2545 690 crederet,
2570 626 2795 681 audiens
2838 626 3073 680 Marcum
3116 629 3489 697 evangelistam
3524 634 3590 686 ita
3616 637 3673 689 de
3695 637 3763 692 illo

2248 727 2552 772 narrantem
2581 736 2593 770 :
2624 717 2693 772 Et
2742 734 2855 770 cum
2905 735 3132 788 egressus
3171 729 3293 774 esset
3320 722 3373 774 in
3402 721 3552 789 viam,
3593 743 3763 792 procur-

2246 826 2361 862 rens
2390 810 2598 878 quidam
2627 826 2758 883 genu
2790 813 2922 879 ﬂexo
2951 822 3069 866 ante
3093 829 3224 878 eum,
3249 814 3452 882 rogabat
3474 832 3575 869 eum
3595 820 3763 875 dicens:

2247 899 2491 969 Magister
2505 902 2650 969 bone,
2672 904 2796 970 quid
2817 904 3005 973 faciam
3018 913 3071 956 ut
3092 904 3243 957 vitam
3258 914 3489 959 aztemam
3506 907 3671 978 percipi
3682 912 3764 964 tm?

2245 992 2397 1049 Jesns
2416 1005 2585 1048 autem
2603 996 2734 1048 dixit
2754 996 2831 1049 ei:
2849 996 2985 1059 Quid
3008 1013 3085 1050 me
3104 996 3229 1050 dicis
3247 997 3465 1050 bonum?
3486 993 3617 1051 nemo
3639 998 3760 1053 bonus

2246 1084 2345 1137 nisi
2386 1101 2516 1139 unus
2569 1085 2705 1140 Deus
2735 1086 2929 1157 (Marc.
2956 1103 3009 1150 ι,
3047 1085 3153 1157 17).
3205 1086 3356 1153 Quod
3406 1086 3521 1141 ideo
3561 1088 3761 1143 Dominus

2244 1174 2398 1238 dixit,
2431 1189 2487 1230 ut
2512 1175 2823 1231 admoneret
2845 1176 2992 1230 illum
3021 1176 3185 1231 Deum
3212 1192 3271 1231 se
3297 1176 3530 1239 credere,
3574 1179 3612 1231 si
3640 1179 3762 1233 vellet

2246 1280 2368 1320 eum
2400 1281 2530 1321 vere
2571 1266 2769 1320 bonum
2801 1267 3064 1331 confiteri,
3093 1268 3215 1335 quia
3248 1276 3493 1337 tanquam
3531 1268 3680 1322 cordis
3702 1271 3761 1323 iu-

2245 1365 2460 1424 spector
2488 1354 2705 1410 videbat
2734 1356 2801 1410 ab
2823 1372 2888 1411 eo
2912 1372 2970 1410 se
3002 1357 3274 1412 hominem
3305 1358 3660 1422 tantummodo,
3682 1376 3759 1413 non

2245 1449 2401 1503 etiam
2428 1448 2592 1504 Deum
2615 1450 2781 1504 credi.
2815 1449 3074 1516 Quamvis
3092 1465 3222 1517 ergo
3249 1449 3481 1504 videatur
3505 1450 3756 1519 quibusdam

2248 1538 2516 1594 haereticis
2558 1554 2662 1593 non
2695 1540 3120 1611 intelligenlibus
3147 1539 3348 1595 bonum
3375 1556 3432 1595 se
3452 1556 3676 1611 negasse;
3697 1558 3760 1595 ca.

2244 1632 2460 1687 tholicis
2498 1639 2675 1687 tamen
2726 1631 3145 1701 intelligentihus
3200 1632 3370 1687 Deum
3420 1647 3476 1686 se
3521 1632 3758 1687 insinuasse

2244 1724 2411 1794 magis
2440 1730 2680 1792 apparet.
2710 1724 2841 1790 Quis
2867 1722 3008 1777 enim
3042 1722 3173 1777 illud
3207 1723 3377 1777 solum
3407 1723 3630 1787 audiens,
3652 1725 3757 1792 quod

553 1812 698 1865 nium
725 1855 739 1878 ,
794 1813 1067 1866 hominem
1120 1812 1346 1880 factum,
1395 1814 1517 1883 quia
1556 1815 1980 1871 convertibilitcr
2029 1833 2132 1869 non
2171 1810 2213 1865 Β
2244 1818 2384 1871 idem
2428 1817 2640 1871 Marcus
2685 1816 3010 1886 evangelista
3056 1815 3125 1871 de
3176 1814 3403 1870 Domino
3428 1815 3647 1870 similiter
3670 1832 3754 1869 nar-

548 1901 720 1958 factus
764 1912 847 1957 est
892 1904 1071 1969 homo,
1123 1912 1179 1960 et
1227 1916 1474 1960 neutrum
1510 1906 1577 1961 de
1611 1907 1930 1963 Nestor-iano
1956 1922 2142 1962 errore

551 1995 851 2063 culpabitur
880 2012 892 2049 :
926 2006 1017 2049 aut
1042 1996 1087 2050 si
1121 2011 1224 2051 non
1271 1998 1604 2063 conceditur,
1639 1999 1826 2053 eadem
1859 2000 2012 2069 culpa
2040 2000 2143 2054 erit

551 2089 852 2142 amborum.
906 2088 1124 2142 Beatum
1181 2105 1307 2143 vero
1354 2090 1610 2160 Cyrillum
1667 2106 1768 2146 nec
1818 2092 1921 2160 ipsi
1976 2092 2141 2163 Euty-

550 2179 723 2235 chiani
771 2179 958 2233 volunt
1001 2178 1378 2236 Nestorianum
1428 2181 1621 2249 videri,
1671 2182 1972 2247 dicentem,
2034 2199 2137 2239 non

550 2270 691 2339 quod
736 2271 895 2325 homo
937 2272 1009 2326 sit
1053 2271 1223 2326 factus
1267 2272 1440 2340 opifex
1485 2275 1746 2341 omnium,
1801 2290 1897 2329 seu
1935 2276 1950 2305 ¹
2000 2275 2138 2329 Deus

554 2360 785 2414 Verbum
821 2376 913 2425 per
940 2377 1097 2429 quem
1123 2363 1302 2416 omnia
1339 2363 1474 2419 facta
1505 2370 1653 2428 sunt,
1682 2364 1931 2420 similiter
1960 2375 2016 2419 nt
2040 2382 2137 2421 nos

549 2454 881 2522 participarit
933 2455 1082 2509 carni
1130 2466 1184 2510 et
1231 2457 1523 2525 sanguini,
1576 2466 1631 2511 et
1683 2468 2017 2527 nuncupatus
2069 2458 2138 2514 sit

551 2548 733 2603 homo.
774 2548 1088 2619 Quanquam
1120 2550 1234 2619 ipsa
1267 2550 1594 2619 nuncupatio
1625 2551 1905 2606 calumnia:
1938 2562 2136 2621 pateat,

550 2643 699 2711 quasi
751 2642 1109 2711 perfunctorie
1154 2654 1512 2713 nuncupatus,
1564 2655 1619 2699 et
1669 2660 1775 2698 non
1822 2659 1948 2699 vere
1981 2644 2140 2702 fuerit

551 2736 719 2788 factus
767 2735 930 2790 homo
963 2737 1004 2788 '.
1056 2735 1187 2790 Nam
1237 2750 1289 2791 et
1338 2738 1454 2808 ipse
1503 2738 1573 2792 ibi
1631 2748 1846 2795 secutus
1898 2740 2133 2809 adjecit:

553 2848 575 2880 ι
602 2828 877 2899 Tanquam
921 2844 1027 2885 non
1076 2830 1151 2884 sit
1197 2830 1497 2885 differentia
1530 2830 1671 2886 inter
1697 2832 1948 2901 templum
1974 2841 2027 2887 et
2056 2833 2138 2886 in.

547 2921 874 2975 habitantem
905 2922 955 2975 in
987 2936 1074 2977 eo.
1108 2941 1128 2975 ι
1160 2922 1315 2989 Quod
1356 2924 1399 2978 si
1433 2934 1715 2994 propterea
1762 2940 1953 2996 magna
1979 2940 2139 2997 syno-

542 3016 646 3067 dus
697 3012 834 3066 hanc
862 3014 1143 3082 epistolam
1201 3016 1344 3070 velut
1404 3015 1709 3071 ha'retlcam
1768 3018 2134 3085 improbaret,

546 3120 746 3173 nonne,
793 3105 931 3160 sicut
960 3106 1211 3171 diximus,
1238 3105 1361 3164 hinc
1388 3107 1564 3177 potius
1588 3108 1800 3163 beatum
1832 3106 2090 3179 Cyrillum
2118 3152 2131 3175 ,

2246 1916 2346 1972 rat,
2393 1923 2497 1967 non
2528 1924 2651 1963 eum
2701 1923 2823 1963 cum
2872 1908 3180 1963 Manithaﬁs
3227 1918 3439 1978 negaret
3486 1909 3632 1962 filiuni
3669 1923 3756 1963 esse

2247 1999 2455 2054 David?
2504 1999 2637 2055 Nam
2694 2001 2810 2069 ipso
2861 2000 3173 2055 testimonio
3228 2000 3498 2055 abutentes
3542 2001 3755 2054 Manichmi

2243 2100 2639 2147 sacramentum
2687 2092 3069 2148 incarnationis
3104 2092 3228 2160 ejus
3270 2092 3523 2161 abjurant.
3578 2091 3753 2158 Respon-

2243 2185 2387 2250 tlens,
2422 2184 2613 2253 inquit,
2644 2184 2798 2238 Jesus
2843 2185 3042 2238 dicebat
3091 2184 3284 2238 docens
3326 2184 3376 2237 in
3420 2183 3754 2253 templo:0ue

2242 2277 2393 2331 modo
2424 2276 2598 2330 dicunt
2628 2276 2805 2331 scriba:
2834 2275 3093 2330 Christum
3123 2276 3298 2344 ﬁlium
3331 2291 3434 2328 esse
3461 2274 3640 2327 David?
3671 2273 3756 2343 Ipse

2240 2370 2376 2422 enim
2427 2366 2593 2422 David
2644 2369 2766 2423 dicit
2814 2370 2866 2422 in
2897 2370 3099 2437 Spiritu
3135 2380 3363 2425 sancto:
3397 2370 3531 2423 Dixit
3570 2368 3759 2422 Dominut

2243 2459 2463 2513 Domino
2512 2477 2622 2515 meo
2644 2478 2662 2515 :
2685 2461 2819 2515 Sede
2844 2478 2875 2515 a
2922 2463 3112 2517 tle-auris
3144 2464 3302 2529 meis,
3337 2465 3491 2517 donec
3514 2479 3669 2533 ponam
3692 2462 3761 2514 ini-

2242 2553 2398 2606 micos
2422 2562 2534 2606 tuos
2558 2552 2855 2625 Ascubellunt
2889 2554 3073 2622 pedum
3116 2565 3355 2609 tuorum.
3385 2553 3499 2623 Ipse
3524 2572 3623 2624 ergo
3644 2555 3763 2606 David

2241 2644 2365 2697 dicit
2409 2660 2524 2731 cum
2567 2643 2868 2710 Dominum,
2917 2655 2963 2699 et
2996 2646 3133 2700 unde
3169 2657 3257 2700 est
3302 2646 3439 2715 [ilius
3484 2649 3581 2718 ejus
3616 2643 3761 2712 (Marc.

2239 2751 2347 2801 xu,
2402 2734 2543 2807 55)?
2579 2736 2695 2792 Non
2745 2736 2907 2808 igitur
2954 2748 3010 2794 et
3053 2738 3139 2794 bic
3195 2738 3333 2795 talia
3371 2739 3599 2805 dicendo,
3636 2738 3763 2790 filium

2242 2827 2409 2883 David
2434 2870 2448 2893 ,
2500 2827 2552 2883 id
2596 2838 2680 2884 est
2727 2829 2999 2884 hominem
3044 2843 3104 2885 se
3145 2833 3403 2901 negavit,
3440 2830 3567 2900 quod
3602 2828 3763 2882 videtur

2241 2919 2473 2986 ignaris;
2507 2920 2598 2975 sed
2630 2920 2883 2976 indicavit
2917 2923 3091 2992 potius
3119 2923 3277 2994 quod
3308 2923 3639 2979 necessarium
3674 2919 3763 2980 fuit,

2240 3008 2407 3064 Deum
2447 3024 2507 3066 se
2543 3025 2665 3067 esse
2708 3011 2896 3067 David.
2940 3012 3071 3068 Nam
3116 3012 3161 3067 si
3208 3029 3397 3085 neque
3443 3013 3569 3068 Deus
3601 3019 3670 3064 est
3701 3006 3763 3061 di-

2237 3101 2409 3156 cendo
2439 3119 2453 3154 :
2481 3102 2619 3166 Quid
2641 3115 2718 3157 me
2756 3104 2883 3157 dicis
2912 3104 3097 3158 bonum
3119 3107 3142 3160 ?
3164 3122 3323 3159 uento
3352 3106 3501 3159 bonus
3546 3102 3631 3155 nisi
3662 3117 3770 3154 unus

544 3198 794 3252 similiter
839 3197 1133 3265 dicentem,
1159 3213 1262 3252 non
1297 3200 1438 3267 quod
1480 3199 1643 3253 homo
1669 3200 1736 3253 sit
1760 3198 1928 3253 factus
1956 3199 2131 3269 opifex
2159 3187 2203 3246 Ο
2237 3192 2415 3259 Deus;
2449 3210 2622 3266 neque
2670 3195 2831 3252 homo
2876 3196 3104 3252 dicendo
3138 3216 3151 3252 :
3202 3198 3339 3268 Ipse
3366 3214 3478 3268 ergo
3513 3195 3655 3249 Datid
3676 3191 3769 3245 dicit

547 3290 827 3354 omnium,
871 3290 1164 3346 credidisse
1210 3290 1518 3345 haereticnm
1570 3291 1875 3346 videretur?
1929 3292 1984 3345 Si
2040 3307 2132 3345 au-

553 3390 657 3431 tem
690 3378 1009 3433 venerabilis
1052 3380 1169 3433 lbas
1197 3381 1300 3434 alia
1345 3380 1583 3450 ejusdem
1612 3382 1752 3435 beati
1782 3380 1961 3452 Cyrilli
1991 3383 2130 3436 dicta

552 3469 784 3538 legisset,
836 3478 928 3523 aut
970 3472 1105 3525 sicut
1152 3473 1392 3540 oportuit
1434 3472 1791 3536 attendisset,
1844 3473 2134 3529 invenisset

550 3563 731 3631 procul
771 3561 931 3616 dubio
962 3562 1101 3631 quod
1134 3562 1248 3629 ipse
1292 3578 1505 3633 quoque
1535 3575 1717 3619 centri
1764 3564 2130 3633 Αιιυιίηεηθιη,

550 3655 844 3708 intentione
893 3668 995 3724 qua
1044 3654 1308 3716 diximus,
1361 3657 1634 3724 negaverit
1684 3658 1847 3710 Deum
1903 3657 2130 3712 Verbum

550 3747 819 3802 hominem
852 3747 1070 3815 factum,
1103 3758 1155 3802 et
1186 3747 1543 3802 differentiam
1588 3757 1897 3803 naturarum
1929 3748 2129 3805 docue-

548 3845 637 3898 rit.
672 3843 777 3899 Sed
805 3843 1051 3898 Nestorio
1077 3843 1429 3912 respondens,
1460 3842 1552 3911 qui
1583 3857 1746 3897 unum
1778 3843 2047 3897 Christum
2078 3843 2130 3899 in

548 3938 681 3989 duos
709 3935 845 3989 filios
872 3934 1161 3999 dividebat,
1200 3947 1423 3988 necesse
1466 3947 1571 3987 non
1613 3932 1796 3987 habuit
1828 3932 1894 3987 de
1923 3932 2132 3990 duabus

547 4027 751 4082 naturis
801 4026 1055 4081 adversus
1102 4040 1223 4081 eum
1269 4023 1574 4080 evidentius
1618 4033 1778 4092 atque
1826 4024 2132 4093 expressius

546 4119 842 4187 disputare.
874 4118 1148 4182 Quinimo,
1182 4132 1248 4170 ne
1286 4130 1444 4183 quam
1476 4115 1627 4169 daret
1656 4115 1989 4168 occasionem
2015 4115 2132 4184 ejus

548 4211 780 4275 erroris,
832 4209 1045 4278 parcius
1087 4207 1156 4261 de
1202 4214 1513 4259 naturarum
1555 4204 1882 4259 discretione
1923 4206 2132 4260 locutus

546 4313 665 4356 est:
696 4316 764 4355 ne
790 4317 909 4355 cum
937 4300 1049 4369 ipse
1080 4308 1299 4352 naturas
1332 4297 1701 4366 distingueret,
1734 4297 1822 4350 ille
1853 4297 1987 4351 duas
2020 4313 2133 4364 per-

546 4408 707 4446 sonas
763 4391 1059 4444 inducerel.
1115 4388 1423 4444 Audiebant
1468 4390 1649 4456 itaque
1695 4389 1775 4441 vel
1825 4387 2131 4457 relegebant

548 4483 708 4537 verba
730 4482 954 4535 dicentis
976 4480 1267 4535 orientales
1293 4479 1495 4545 Patres,
1531 4493 1705 4547 neque
1734 4480 2128 4533 animadverte-

2236 3304 2351 3342 eum
2374 3285 2671 3354 Dominum,
2699 3298 2746 3341 et
2768 3286 2905 3342 unde
2930 3298 3001 3342 est
3023 3288 3161 3355 ﬁlius
3182 3290 3354 3359 ejus?
3381 3288 3497 3356 quid
3528 3286 3655 3340 illum
3676 3297 3769 3338 essv

2234 3381 2500 3436 dicimus?
2525 3380 2592 3434 Et
2614 3381 2745 3435 alias
2769 3380 3071 3451 hujusmoJi
3100 3382 3410 3437 locutiones
3449 3382 3497 3434 in
3521 3377 3685 3433 divinis
3706 3375 3767 3427 lit-

2237 3472 2366 3525 teris
2396 3471 2629 3540 prudens
2675 3470 2845 3527 lector
2893 3473 3171 3528 inveniet:
3235 3473 3521 3529 secundum
3546 3484 3659 3539 quas
3702 3467 3771 3535 qui

2236 3563 2313 3618 sic
2367 3564 2598 3633 loquitur
2639 3580 2826 3617 carum
2856 3566 3082 3634 quisque
3114 3576 3415 3632 tractator,
3443 3573 3497 3619 ut
3546 3566 3765 3633 ipsequo-

2234 3671 2339 3723 que
2369 3669 2565 3723 negare
2587 3654 2829 3710 videatur
2858 3656 3059 3727 aliquid
3088 3659 3243 3727 quod
3271 3659 3558 3729 negandum
3581 3670 3668 3709 non
3690 3659 3765 3713 εει.

2237 3757 2294 3801 ιιι
2323 3747 2463 3801 aliud
2489 3747 2630 3817 quod
2661 3750 2830 3819 magis
2859 3759 2945 3804 est
2991 3755 3364 3807 necessarium
3399 3748 3683 3810 intimatur;
3710 3744 3770 3797 sic

2237 3857 2343 3895 non
2370 3852 2452 3897 est
2481 3844 2951 3911 reprehendendus
2987 3844 3129 3900 velut
3158 3844 3466 3910 htereticus,
3490 3844 3575 3902 sed
3601 3857 3656 3897 ex
3681 3838 3769 3893 alii?

2234 3934 2391 3989 dictis
2419 3935 2529 3989 suis
2565 3935 2741 4005 potius
2770 3936 3135 4003 :estimandus,
3186 3938 3328 3994 sicut
3354 3953 3449 3993 nec
3472 3937 3601 4006 ipsas
3628 3931 3766 3997 Scrip-

2238 4032 2383 4080 turas
2403 4025 2612 4081 divinas
2644 4027 2698 4081 in
2754 4027 2948 4083 talibus
2996 4028 3401 4097 reprehendere
3434 4028 3684 4097 quisquam
3706 4036 3769 4075 ca.

2237 4116 2464 4171 tholicus
2492 4116 2690 4181 audet,
2739 4117 2830 4173 sed
2861 4119 3037 4188 potius
3078 4134 3144 4173 ex
3177 4120 3299 4175 aliis
3350 4114 3772 4174 manifestioribus.

2234 4208 2504 4276 quomodo
2529 4224 2591 4264 ea
2618 4224 2738 4279 qua:
2758 4209 2987 4264 obseura
3017 4219 3142 4264 sunt
3184 4210 3487 4282 intelligere
3512 4208 3685 4264 debeat
3710 4218 3768 4258 re-

2232 4302 2530 4371 cognoscit.
2556 4302 2707 4357 Unde
2735 4303 2779 4358 si
2805 4302 2989 4358 beatus
3011 4301 3249 4373 Cyr-illus
3276 4303 3573 4359 Nestorium
3596 4300 3768 4365 ‘quaino

2233 4392 2357 4446 dam
2413 4393 2695 4462 nefandam
2752 4394 3066 4449 dualitatem
3115 4404 3405 4450 conantem
3444 4394 3770 4455 induce'eute

2234 4500 2393 4553 quam
2423 4487 2763 4542 occasionem
2802 4486 2956 4541 daret
2979 4488 3097 4556 ejus
3116 4489 3308 4550 errori,
3336 4500 3623 4559 sermonem
3647 4493 3770 4536 suum

547 4575 670 4627 bant
716 4571 832 4640 ejus
864 4572 1239 4636 intentionem,
1292 4571 1587 4627 secundum
1632 4586 1791 4640 quam
1831 4572 1899 4624 de
1950 4571 2127 4626 verbis
2156 4570 2208 4629 D
2233 4577 2399 4643 magis
2430 4576 2495 4630 ad
2520 4593 2580 4632 ea
2608 4594 2730 4647 qua:
2752 4580 2966 4634 unitatis
2987 4590 3109 4632 sunt
3131 4580 3445 4634 coarctabat
3470 4579 3625 4645 ;sicut
3646 4585 3769 4629 econ-

542 4675 623 4719 est
650 4663 997 4734 judicandnm
1025 4683 1039 4721 :
1065 4668 1185 4735 quia
1218 4679 1325 4718 non
1355 4665 1526 4734 magis
1554 4665 1678 4733 quid
1709 4665 1916 4719 dicatur
1944 4676 2123 4720 atten-

547 4757 780 4811 dendum
803 4766 909 4821 est,
938 4772 1095 4825 quam
1119 4771 1214 4811 cur
1236 4756 1471 4825 quidque
1492 4758 1720 4810 dicatur.
1754 4756 1820 4810 Et
1847 4770 2124 4824 possemus

538 4852 755 4919 quidem
802 4850 967 4902 multa
1010 4849 1298 4918 Scriptura:
1326 4848 1522 4903 divina:
1551 4848 1789 4918 proferre
1822 4849 2122 4904 testimonia

537 4945 607 4999 de
632 4940 947 4999 diversitate
989 4941 1299 4996 intentionis
1342 4952 1503 5010 atque
1532 4941 1839 5006 verborum,
1870 4944 1913 4995 si
1945 4952 2121 4997 tamen

537 5037 827 5091 diversitas
864 5035 950 5089 illa
991 5034 1215 5089 dicenda
1243 5042 1348 5098 est,
1381 5034 1647 5102 quomodo
1678 5034 1993 5103 plerumque
2024 5049 2120 5088 ne-

538 5144 667 5198 gare
698 5128 717 5159 ³
748 5129 959 5183 videtur
998 5125 1195 5195 aliquid
1219 5125 1366 5195 quod
1415 5127 1719 5189 negandum
1767 5140 1872 5179 non
1920 5135 2023 5191 est,
2065 5135 2124 5179 ut

538 5220 678 5273 aliud
726 5221 865 5288 quod
908 5220 1075 5287 magis
1115 5225 1198 5272 est
1238 5216 1602 5272 necessarium
1643 5217 1938 5270 intimetur.
1980 5216 2121 5283 Quia

539 5326 664 5363 vero
699 5309 767 5364 de
803 5325 961 5363 causa
1007 5326 1146 5364 nunc
1190 5312 1395 5380 agimus
1427 5325 1457 5362 a
1487 5308 1599 5362 suis
1628 5310 1939 5363 auctoribus
1972 5311 2119 5378 paci-

540 5404 637 5455 fiee
669 5402 969 5463 terminata,
1002 5406 1116 5455 tunc
1144 5403 1297 5456 nobis
1323 5402 1431 5455 duo
1458 5402 1746 5456 sufficiant.
1787 5401 1920 5468 Quis
1950 5401 2119 5469 enim,

613 5521 627 5551 ⁸
654 5518 785 5572 Cod.
820 5519 1039 5583 Verum,
1080 5522 1168 5572 sed
1190 5524 1326 5589 quod
1352 5520 1508 5579 Deus.

609 5591 793 5665 "Idem
815 5590 961 5653 c0t|.,
984 5602 1028 5642 et
1055 5606 1153 5642 non
1175 5609 1284 5665 vere
1310 5596 1460 5657 fuerit
1491 5598 1653 5663 [nctus
1679 5596 1844 5650 Itonto.
1876 5592 2111 5665 Afr/ltum

536 5662 787 5735 estigitur
823 5668 876 5735 ut
917 5676 1005 5735 nec
1054 5663 1350 5715 venerabilis
1399 5662 1501 5717 Ifue
1540 5668 1806 5735 epistolam
1849 5662 2113 5719 Nestoriu-

536 5750 651 5785 tttmt
680 5731 1040 5803 t't'tfcrirt'elint,
1094 5747 1194 5797 qua
1237 5736 1450 5796 culparis
1495 5731 1725 5790 cunttlt’ttt
1777 5738 1973 5788 (tantum
2015 5738 2113 5803 (It;—

531 5805 705 5857 rillum
738 5802 898 5857 diuit:
934 5800 1248 5869 Conscripsit
1294 5807 1424 5857 enim
1470 5818 1509 5861 ct
1558 5811 1664 5877 ipse
1716 5808 1949 5863 simi‘iter
2002 5800 2109 5871 illi,

2236 4668 2402 4722 trario
2433 4667 2637 4736 priores
2666 4668 2914 4725 doctores
2941 4669 3195 4725 Ecclesia:
3237 4671 3614 4739 respondentes
3661 4667 3770 4729 Apo-

2233 4757 2412 4824 linari,
2471 4771 2780 4815 naturarum
2834 4763 3202 4818 diversitatem
3236 4764 3554 4819 stultissime
3591 4757 3769 4813 confun-

2229 4846 2399 4914 denti,
2451 4864 2637 4904 earum
2686 4851 3084 4908 distinctiOuem
3115 4855 3350 4923 amplius
3397 4850 3771 4907 incumbebant:

2230 4939 2307 4993 sic
2334 4941 2448 5010 ipse
2473 4940 2794 4998 Nestoriano
2819 4961 3144 5016 repugnans,
3176 4949 3351 5015 putari
3383 4962 3487 5000 non
3512 4942 3677 4997 debuit
3699 4953 3771 4991 ne-

2229 5047 2387 5100 gasse
2435 5035 2792 5091 differentiam
2846 5048 3177 5106 naturarum,
3233 5038 3669 5109 quemadmodum
3698 5045 3777 5083 nec

2228 5122 2307 5177 illi
2340 5137 2695 5194 repugnantes
2720 5129 2993 5197 Apolinari
3043 5131 3259 5200 putandi
3289 5140 3413 5185 sunt
3439 5128 3675 5184 unitatem
3701 5135 3768 5174 Ite-

2229 5231 2383 5285 gasse
2410 5234 2651 5285 personae
2676 5237 2688 5272 :
2714 5221 2833 5291 quia
2873 5238 2979 5277 non
3036 5224 3174 5277 idem
3197 5238 3414 5291 semper
3439 5231 3520 5278 est
3554 5218 3673 5274 ordo
3698 5228 3773 5282 pur

2230 5323 2348 5378 gnte
2378 5310 2460 5363 vel
2493 5311 2700 5377 modus,
2733 5314 2825 5367 sed
2871 5313 2923 5367 in
2956 5324 3325 5385 oppugnatore
3354 5328 3509 5367 causa
3550 5317 3625 5364 est
3661 5319 3766 5375 quur

2232 5402 2390 5457 modo
2419 5405 2685 5459 contraire
2713 5405 2905 5461 debeat
2929 5417 3307 5477 propugnator.

2220 5524 2344 5603 quia
2384 5527 2491 5593 ipse
2543 5527 2679 5581 Deus
2734 5529 2953 5583 Verbum
2999 5534 3187 5601 factum
3236 5544 3309 5587 ('5!
3360 5536 3543 5588 homo:
3584 5548 3688 5585 nam
3732 5539 3765 5581 et

2220 5610 2349 5659 ipse.
2390 5610 2495 5650 etc.

2292 5666 2312 5740 ἒ
2341 5665 2485 5740 idem
2516 5667 2659 5730 cod..
2686 5674 2884 5740 negari.

2296 5736 2311 5766 ⁵
2339 5737 2479 5793 Idem
2508 5741 2649 5808 cod.,
2680 5736 2848 5797 ridens
2881 5742 3188 5799 Nestorium.
