3962 6196
272 324 365 378 ΕΟΟ

818 452 821 455 ’
869 440 1093 496 C.\l‘Uf
1133 442 1217 495 ιγ.

266 554 416 621 Quod
470 553 589 606 lbos
638 552 768 605 male
794 554 857 605 de
887 554 1081 622 Cyt'illo
1130 555 1416 621 suspicans,
1447 570 1548 605 non
1576 551 1757 621 Cyrilli
1786 552 1849 619 [i-

328 626 473 687 dem,
496 624 585 676 sed
606 640 757 693 quam
782 624 964 694 Cyrilli
996 641 1102 677 esse
1127 626 1258 690 {uiso
1291 626 1520 693 putabat,
1553 624 1603 675 in
1631 622 1849 692 epistola

326 712 425 748 sua
450 694 858 761 reprehenderit,
905 707 951 748 et
983 694 1165 766 Cyrilli
1198 699 1260 749 de
1284 694 1473 749 Christi
1495 696 1849 747 incarnatione

326 767 485 827 ﬁdem
525 767 693 836 reipsa
715 769 960 836 probarit.

324 902 455 957 "me
480 912 657 956 autem
682 902 821 956 dicta
857 912 1005 971 sunt,
1037 917 1142 957 non
1185 902 1325 972 quod
1377 903 1442 955 de
1484 902 1719 966 Christo,
1749 900 1847 957 sed

255 995 397 1064 quod
426 995 495 1049 de
525 995 643 1064 ipso
666 995 822 1049 beato
853 995 1050 1065 Cyrillo
1081 995 1398 1049 venerabilis
1424 995 1540 1048 lhas
1565 995 1702 1049 male
1729 1010 1847 1051 cre-

254 1086 449 1155 diderit
478 1103 493 1150 ;
526 1101 625 1141 nec
656 1086 797 1155 quod
848 1088 1218 1155 prtedicatoris
1276 1087 1343 1140 de
1382 1084 1683 1140 Christiana
1742 1082 1846 1140 fide

254 1180 549 1244 Confessio,
577 1180 668 1234 sed
700 1180 838 1248 quod
872 1178 1104 1232 homiu's
1137 1179 1203 1240 de
1227 1178 1440 1231 homine
1472 1177 1705 1247 suspicio
1735 1178 1844 1231 dis-

257 1273 449 1341 pliceat
507 1274 560 1326 in
592 1273 706 1339 ejus
753 1273 996 1339 epistola.
1022 1270 1117 1326 Cui
1159 1272 1299 1326 enim
1353 1280 1539 1339 potest.
1582 1268 1843 1323 catholico

252 1365 549 1434 displicere
567 1363 869 1419 dill‘erentia
916 1366 1175 1418 naturalis
1204 1367 1339 1418 inter
1372 1363 1627 1432 templum
1658 1373 1709 1416 ct
1766 1364 1842 1415 iu~

253 1458 589 1513 habitantem
622 1459 672 1511 in
706 1474 791 1520 eo,
828 1473 946 1512 cum
982 1458 1073 1511 Dei
1128 1457 1368 1512 Ecclesia
1416 1457 1495 1509 sic
1524 1454 1843 1509 Confitentur

250 1551 492 1606 Verbum
515 1566 728 1605 carnem
756 1550 974 1616 factum,
991 1560 1047 1603 ut
1064 1566 1167 1603 non
1192 1551 1437 1617 deneget,
1454 1549 1593 1616 quod
1621 1548 1686 1601 ibi
1705 1548 1836 1602 sub-

244 1646 493 1713 junctum
522 1651 623 1705 est,
649 1643 770 1712 quia
796 1650 849 1695 et
874 1642 1126 1695 habitavit
1153 1646 1200 1695 in
1230 1642 1417 1695 nobis?
1440 1641 1567 1693 Nam
1592 1636 1825 1694 Verbum

245 1734 469 1804 quidem
491 1748 616 1788 caro
640 1735 838 1789 factum
872 1746 971 1794 est.
1005 1734 1125 1802 quia
1155 1733 1511 1801 sempiternus
1532 1730 1719 1795 Filius,
1745 1732 1834 1798 qui

1088 325 1218 380 PRO
1254 321 1675 380 DEFENSlONE
1714 315 1927 374 TRIUM
1964 317 2281 377 CAI’ITUL.
2317 324 2440 380 LIB.
2494 325 2573 380 γι.

3438 334 3539 387 G70

1873 437 1923 493 Λ
1953 436 2149 490 tionem
2188 438 2413 493 oicentis
2455 441 2795 495 ostenderent
2820 443 2841 495 ἲ
2871 444 2914 498 0
2944 443 3076 496 fnles
3104 444 3117 499 ε
3155 459 3189 498 o
3213 445 3528 515 integritas:

1954 541 1987 579 ο
2032 530 2362 585 conscientia
2407 544 2555 587 recte
2597 538 2937 590 tractantium
2990 551 3293 590 St‘l‘llmttt‘m
3345 539 3537 593 verita-

1954 620 2052 673 tis!
2089 621 2320 677 Possunt
2351 625 2435 679 isti
2470 627 2710 693 profecto
2735 644 2855 683 cum
2887 630 3145 697 Apostolo
3175 629 3354 685 dicere
3388 650 3402 686 :
3436 634 3533 685 Ab-

1951 713 2181 768 dieamus
2211 718 2407 770 occulta
2452 719 2735 787 dedecoris,
2770 738 2870 775 non
2900 722 3210 776 ambulantes
3242 723 3297 776 in
3326 726 3535 791 astutia,

1950 821 2111 875 neque
2139 810 2485 864 adu'trrautes
2530 813 2734 865 verbum
2778 812 2895 878 Dei,
2921 815 3011 867 sed
3033 815 3084 867 in
3128 816 3533 884 manifestntionc

1954 901 2179 953 veritatis
2219 904 2631 957 commendantes
2671 907 3008 969 nosmetipsos
3050 908 3118 960 ad
3162 923 3359 960 omnem
3413 924 3530 960 ron-

1947 991 2209 1045 srientiam
2240 996 2503 1048 hominum
2534 1014 2707 1050 comm
2740 998 2845 1051 Deo
2870 997 2957 1069 (II
2983 997 3103 1051 Cor.
3132 1015 3202 1062 tv,
3229 998 3306 1068 εὶ).
3339 999 3531 1053 Verum

1949 1082 2001 1135 in
2036 1084 2135 1137 hoc
2166 1100 2376 1154 quoque
2421 1088 2771 1157 deprehensis
2801 1106 2864 1144 ac
2906 1090 3133 1160 proditis
3163 1106 3349 1145 eorum
3385 1091 3529 1144 frau-

1948 1175 2126 1241 diI-us,
2157 1179 2395 1243 attende,
2425 1182 2672 1246 obsecro,
2703 1182 3044 1237 serenissime
3064 1184 3374 1251 imperator,
3401 1202 3533 1253 qun-

1950 1268 2110 1321 modo
2148 1284 2215 1321 ex
2266 1269 2384 1323 aliis
2425 1286 2543 1340 qua:
2600 1284 2896 1341 sequuntur
2945 1274 3104 1327 etiam
3137 1276 3151 1303 ¹
3184 1276 3525 1328 manifesunu

1951 1357 2060 1424 fiat,
2091 1360 2232 1427 quod
2273 1375 2376 1413 non
2404 1371 2586 1415 contra
2616 1363 2770 1417 fidem
2803 1379 2958 1433 quam
3010 1364 3077 1418 de
3107 1364 3320 1417 Christo
3364 1367 3529 1417 hahe-

1948 1464 2067 1501 mus
2102 1451 2566 1507 reverentissimus
2602 1454 2716 1508 lhas
2742 1454 2794 1507 iu
2819 1470 2913 1507 sua
2942 1455 3165 1524 cpismla
3191 1455 3255 1509 sit
3278 1456 3486 1510 locutus
3513 1474 3526 1519 ;

1948 1538 2041 1591 sed
2083 1538 2433 1595 intentionem
2465 1542 2605 1596 beati
2656 1543 2842 1612 Cyrilli
2875 1545 3049 1597 minus
3109 1544 3435 1599 intellexerit
3478 1548 3527 1599 in

1945 1630 2062 1700 ejus
2087 1632 2355 1700 capitulis.
2401 1633 2530 1686 Nam
2561 1635 2806 1702 sequitur
2836 1635 3013 1689 adhuc
3035 1635 3103 1689 dit
3124 1651 3242 1699 ens,
3272 1638 3529 1706 quemad-

1947 1722 2162 1775 modum
2212 1723 2418 1793 integer
2450 1724 2614 1791 ipsius
2636 1727 2876 1793 epistolae
2908 1737 3058 1779 tenor
3086 1726 3245 1781 habet
3271 1704 3341 1783 2“!
3373 1728 3512 1781 Con-

250 1826 489 1880 \'erbum
519 1836 599 1880 est
622 1826 813 1891 Patris,
842 1826 955 1894 ipse
984 1824 1036 1877 in
1064 1824 1391 1894 plenitudine
1411 1834 1707 1891 temporum
1733 1821 1839 1874 fac-
1874 1816 1916 1873 Β
1945 1814 2158 1882 scripsit
2186 1816 2329 1868 enim
2362 1816 2425 1867 l2
2450 1818 2706 1885 capitula,
2731 1834 2850 1887 quae
2867 1829 2990 1887 puto
3021 1828 3075 1874 et
3104 1828 3246 1873 tuam
3279 1836 3528 1875 reveren-

244 1926 332 1971 ωε
365 1926 452 1971 est
489 1918 648 1971 homo
673 1934 687 1983 ;
722 1916 973 1970 habitavit
1002 1924 1177 1969 autem
1209 1918 1260 1969 in
1290 1916 1463 1977 nobis,
1491 1916 1608 1982 quia
1637 1913 1836 1966 nullam

242 2014 659 2069 COIIVCI‘eiOIICID
690 2013 939 2066 SllalillUii
974 2012 1393 2067 inconvertibilis
1424 2012 1538 2079 ejus
1567 2008 1835 2073 d.vinitas,

240 2107 342 2161 sed
378 2122 607 2161 manens
631 2106 771 2175 quod
803 2116 934 2173 erat,
973 2116 1214 2159 naturam
1247 2104 1560 2159 inhabitarit
1588 2118 1833 2171 assump-

240 2209 382 2253 taut.
415 2200 480 2253 Et
507 2199 647 2262 ideo,
705 2198 927 2251 Verbum
949 2216 1066 2252 caro
1105 2199 1295 2265 factum
1342 2209 1439 2265 est,
1492 2199 1838 2253 Nestorianos

238 2276 557 2363 expugnat;
634 2292 994 2362 Eutychianos
1055 2305 1231 2346 autem
1303 2293 1382 2347 vel
1452 2292 1837 2361 Apulinaristas

238 2401 436 2439 eorum
469 2385 859 2454 progenitores,
895 2396 940 2437 et
962 2384 1205 2437 habitavit
1234 2386 1283 2437 in
1322 2384 1463 2436 nobis
1494 2400 1510 2437 :
1544 2384 1664 2453 quia
1710 2382 1836 2436 Ver-

238 2480 368 2530 bum
396 2493 515 2530 caro
547 2478 738 2544 (“actum
769 2486 856 2538 est,
890 2491 1045 2529 unam
1074 2476 1333 2545 signiﬁcat
1366 2490 1484 2530 esse
1516 2488 1833 2543 personam;

238 2570 498 2623 habitavit
534 2578 711 2623 autem
738 2570 791 2621 in
822 2569 985 2633 nobis,
1009 2568 1140 2623 duas
1166 2570 1427 2623 mansisse
1458 2578 1692 2622 naturas.
1718 2568 1833 2622 Non

234 2660 389 2711 enim
418 2665 649 2728 possunt
669 2656 788 2710 dure
816 2670 934 2711 esse
965 2672 1229 2726 personrc,
1260 2658 1473 2726 quando
1498 2659 1542 2711 is
1572 2661 1661 2727 qui
1706 2658 1835 2711 Ver—

235 2748 374 2803 bum
397 2757 500 2815 est,
531 2750 643 2815 ipse
660 2750 819 2802 etiam
846 2750 1015 2803 factus
1036 2759 1116 2803 est
1142 2762 1300 2812 caro;
1327 2756 1416 2801 aut
1444 2748 1562 2802 duae
1586 2764 1689 2803 non
1715 2764 1833 2804 esse

231 2852 474 2905 natura).
504 2844 718 2911 quando
764 2842 904 2895 aliud
953 2842 1025 2897 sit
1068 2842 1209 2911 quod
1260 2841 1544 2906 inhabitat,
1597 2850 1651 2896 et
1690 2843 1832 2897 aliud

231 2935 387 3004 quod
416 2935 763 2989 iuhabitatur.
793 2934 850 2989 Si
879 2935 996 3005 quis
1024 2944 1200 2989 autem
1228 2950 1332 2989 non
1373 2934 1647 2989 declinans
1672 2934 1723 2988 in
1755 2936 1834 2989 al-

232 3035 504 3082 terutram
538 3037 762 3096 partem,
795 3028 910 3083 sine
956 3027 1298 3081 contentione
1327 3043 1437 3081 rem
1471 3035 1696 3096 quatrat,
1750 3027 1832 3081 iu-

234 3121 427 3175 veniet
486 3120 626 3190 quod
677 3131 781 3175 tam
831 3132 1137 3175 Sanetorum
1189 3120 1528 3175 orientalium
1572 3120 1825 3183 Patrum,

1945 1908 2067 1961 tiam
2122 1909 2467 1979 cognovisse,
2527 1913 2645 1979 quia
2698 1929 2801 1965 una
2849 1924 3033 1968 natura
3071 1925 3153 1969 est
3203 1916 3417 1973 tlritatis
3474 1928 3526 1971 et

1944 1998 2289 2077 humanitatis
2317 2000 2521 2054 Domini
2559 2003 2727 2056 nostri
2757 2003 2881 2058 Jesu
2904 2004 3137 2069 Christi,
3171 2017 3224 2060 et
3253 2011 3399 2077 quia,
3426 2012 3525 2063 δῖοι

1941 2074 1998 2142 ut
2043 2090 2194 2155 dit-it,
2238 2107 2340 2144 non
2367 2102 2581 2160 oportet
2606 2094 2844 2148 dividere
2876 2111 3034 2149 voces
3065 2098 3253 2162 dit-tas,
3281 2117 3410 2164 quas
3438 2104 3517 2154 vel

1942 2179 2053 2247 ip:e
2087 2181 2340 2235 Dominus
2369 2182 2437 2236 dc
2458 2185 2748 2251 semetipso
2779 2184 2932 2246 dixit,
2966 2186 3048 2239 vel
3082 2189 3427 2255 evangelista:
3454 2192 3522 2243 de

1942 2288 2028 2327 eo.
2064 2292 2081 2323 ι
2116 2274 2207 2328 Cui
2245 2288 2349 2328 non
2382 2284 2635 2343 appareat
2686 2277 2833 2344 quia,
2865 2279 3006 2331 sicut
3042 2278 3238 2331 dictum
3264 2289 3366 2345 cst,
3420 2296 3524 2336 non

1943 2364 2328 2417 incarnatio:is
2378 2366 2573 2420 Christi
2628 2369 2966 2437 mysterium,
3024 2370 3114 2424 sed
3172 2369 3521 2441 intenti-mem

1941 2456 2081 2511 beati
2106 2457 2289 2529 Cyrilli
2320 2458 2497 2512 minus
2528 2460 2850 2514 intellexerit
2880 2463 3348 2517 reverentisdmus
3379 2465 3517 2530 lba=,

1936 2565 2116 2619 quem,
2144 2552 2282 2605 sicut
2308 2551 2394 2604 alii
2428 2566 2643 2620 quoque
2682 2552 2974 2607 orientales
3017 2553 3199 2607 Patres
3229 2565 3281 2609 et
3310 2557 3408 2621 ipsi
3436 2558 3523 2624 qui

1936 2658 2060 2697 cum
2122 2646 2455 2698 veneratise
2502 2646 2705 2715 fingunt
2758 2645 3048 2714 Accphali,
3103 2647 3393 2701 arbitratus
3445 2659 3522 2704 est

1934 2749 2095 2788 unam
2151 2734 2363 2788 deitatis
2413 2744 2466 2790 et
2523 2736 2863 2791 humanitatis
2914 2738 3119 2790 Domini
3176 2740 3340 2792 nostri
3390 2740 3517 2793 Jesu

1934 2824 2135 2879 Christi
2189 2825 2506 2893 lrredicasse
2559 2835 2799 2881 naturam
2829 2867 2846 2891 ,
2898 2838 2952 2881 et
2999 2827 3201 2883 dixisse
3249 2830 3370 2898 quia
3420 2846 3523 2885 non

1934 2926 2149 2985 Oportet
2198 2917 2493 2971 secundum
2547 2928 2765 2973 naturas
2827 2918 3067 2975 dividere
3106 2936 3266 2975 voces
3308 2922 3517 2990 dictas,

1933 3023 2067 3078 quas
2097 3009 2178 3063 vel
2204 3011 2317 3075 ipse
2339 3010 2596 3063 Dominus
2626 3011 2693 3065 de
2722 3025 2811 3075 se,
2842 3011 2924 3065 vel
2974 3013 3313 3082 evangelista:
3340 3014 3407 3068 de
3446 3031 3511 3068 eo

1933 3100 2229 3155 dixerunt?
2255 3102 2494 3171 Denique
2515 3103 2676 3156 etiam
2707 3101 2891 3156 hocab
2916 3102 3007 3157 illo
3039 3119 3133 3174 per
3158 3104 3518 3160 venerabilem

231 3214 488 3283 quamvis
511 3214 578 3267 de
599 3215 754 3270 beato
769 3215 969 3284 Cyrillo
999 3214 1138 3269 male
1158 3215 1439 3278 sentirent,
1473 3228 1632 3284 quam
1660 3212 1825 3282 ipsius
1853 3193 1901 3257 (ἶ
1932 3194 2155 3249 Paulum
2214 3196 2541 3253 Emcsemlm
2572 3198 2590 3225 ²
2630 3195 3007 3265 exNummi"
3032 3238 3048 3262 τ
3100 3207 3157 3251 υῐ
3210 3197 3261 3251 in
3310 3196 3520 3267 εετίβιῖί

234 3306 381 3360 beati
412 3304 619 3377 Cyrilli,
650 3304 837 3360 eadem
874 3304 1032 3360 fuerit
1078 3321 1292 3374 semper
1335 3305 1578 3370 intentio,
1638 3313 1695 3358 ut
1724 3304 1827 3358 Do-

232 3398 447 3450 minum
472 3412 634 3450 unum
657 3396 838 3450 Jesum
862 3397 1131 3451 Christum
1156 3398 1413 3451 docerent
1430 3395 1481 3449 in
1506 3395 1707 3450 duabus
1735 3410 1829 3449 na-

229 3488 399 3554 turis,
436 3487 487 3541 id
515 3496 599 3541 est
618 3487 893 3543 divinitate
923 3498 1082 3558 atque
1123 3487 1452 3542 humanitate
1476 3487 1769 3557 perfectum
1808 3503 1823 3541 :

230 3596 305 3634 ne
350 3591 441 3633 aut
495 3590 776 3649 propterea
830 3581 948 3633 dure
997 3595 1240 3649 persona:
1278 3579 1648 3644 crederentur,
1703 3579 1825 3648 quia

228 3670 361 3723 duae
394 3678 598 3722 natura)
625 3678 749 3723 sunt
774 3687 786 3735 ;
816 3678 905 3722 aut
927 3679 1205 3738 pr0pterea
1239 3684 1339 3722 una
1370 3669 1681 3723 crederetur
1705 3682 1825 3723 esse

228 3770 452 3826 natura,
495 3761 617 3828 quia
662 3776 763 3814 una
812 3777 1059 3829 persona.
1091 3761 1325 3831 Contigit
1354 3771 1529 3814 autem
1578 3777 1824 3815 nonnun-

226 3866 399 3919 quam
448 3852 584 3905 inter
612 3850 770 3905 Unius
796 3852 1072 3906 sententia:
1118 3852 1278 3915 viros,
1315 3859 1372 3905 ut
1402 3867 1521 3906 cum
1566 3850 1632 3905 de
1663 3851 1823 3907 rebus

225 3943 373 4012 ipsis
398 3958 515 4010 qua:
546 3942 595 3995 in
626 3942 921 4012 qtncstione
949 3952 1075 3996 sunt
1111 3942 1249 3995 idem
1280 3943 1514 4010 sapiunt,
1559 3941 1624 3995 de
1655 3956 1712 3995 se
1745 3951 1821 3995 ta-

226 4054 364 4095 men
406 4036 631 4092 invicem
664 4037 803 4091 aliud
853 4037 1212 4105 srnpicentur,
1254 4051 1374 4090 cum
1407 4036 1491 4089 vel
1542 4050 1570 4088 a
1611 4036 1822 4090 dicente

228 4130 422 4184 minus
452 4130 690 4198 aperitur
723 4129 897 4182 verbis
945 4128 1084 4197 quod
1138 4129 1299 4183 corde
1348 4136 1666 4196 conceptmn
1717 4134 1817 4192 est,

229 4220 331 4273 vel
362 4220 428 4274 ab
452 4221 793 4274 audientibus
814 4220 990 4273 minus
1018 4220 1295 4288 inspicitur
1324 4220 1548 4274 dicentis
1572 4219 1816 4273 intentio.

226 4311 603 4365 Discernenda
647 4321 731 4366 est
758 4321 936 4365 autem
982 4312 1227 4379 impietas
1271 4325 1373 4380 qua
1404 4310 1473 4365 de
1526 4310 1633 4364 Deo
1682 4310 1822 4365 male

227 4402 499 4467 creditur,
525 4403 591 4457 ab
615 4401 911 4472 ignorantia
935 4418 1034 4472 qua
1056 4392 1291 4471 Quisque
1313 4402 1469 4455 aliter
1495 4401 1560 4455 de
1579 4415 1674 4454 suo
1698 4416 1822 4469 pro-

229 4494 422 4560 ximo,
448 4503 694 4563 tanquam
726 4494 885 4547 homo
921 4494 988 4548 de
1018 4494 1234 4548 homine
1279 4494 1601 4561 suspicatur.
1637 4491 1741 4557 Et,
1775 4492 1818 4545 si

1933 3284 2270 3355 apertissime
2325 3285 2621 3342 fateretur:
2653 3287 2792 3357 quod
2837 3296 2891 3342 et
2922 3288 3244 3343 veneabilis
3300 3289 3417 3342 Illas
3468 3288 3519 3344 in

1930 3376 2118 3433 eadem
2160 3378 2383 3443 epistola
2414 3393 2506 3431 sua
2536 3378 2793 3443 narravit,
2826 3378 2914 3432 uhi
2964 3378 3031 3433 de
3081 3388 3268 3433 sancto
3311 3379 3515 3432 Joanne

1930 3467 2269 3522 Antiocheno
2316 3468 2492 3525 dixit:
2532 3489 2549 3522 t
2591 3471 2878 3538 Postquam
2929 3470 3133 3525 litteras
3181 3471 3517 3540 imperatoris

1929 3559 2157 3627 accepit,
2210 3558 2607 3614 sanctissimum
2651 3570 2705 3614 et
2750 3564 3242 3616 reverentissimum
3295 3563 3512 3616 Paulum

1930 3651 2258 3706 Emesenum
2288 3651 2488 3705 direxit
2515 3651 2851 3720 episcopum,
2888 3655 3133 3709 scribens
3159 3670 3254 3722 per
3274 3672 3394 3707 eum
3430 3671 3516 3711 vc—

1928 3758 2041 3797 ram
2069 3745 2247 3808 Iidem,
2271 3752 2324 3797 et
2352 3742 2672 3812 praecipiens
2697 3744 2769 3807 ei,
2808 3742 2931 3811 quia
2958 3744 3003 3797 si
3035 3745 3157 3798 huic
3182 3744 3302 3799 fidei
3336 3745 3513 3814 Cyril-

1927 3834 2009 3888 Ius
2055 3833 2405 3898 consentiret,
2458 3844 2510 3887 ct
2540 3833 3018 3887 anathematizaret
3048 3850 3142 3888 eos
3189 3837 3277 3904 qui
3336 3836 3515 3890 dicunt

1925 3926 2049 3994 quia
2075 3925 2246 3979 dcitas
2278 3940 2431 3993 passa
2460 3936 2571 3988 est,
2604 3925 2683 3977 vel
2733 3925 2974 3979 dicentes
2999 3926 3119 3994 quia
3168 3942 3271 3979 una
3328 3936 3515 3981 natura

1924 4029 2007 4073 est
2046 4016 2260 4071 deitatis
2287 4026 2340 4070 et
2391 4015 2758 4079 humanitatis,
2790 4026 2845 4069 ut
2890 4018 3313 4071 communicaret
3368 4018 3436 4070 ei.
3480 4038 3499 4069 ι

1924 4112 2066 4168 Sane
2095 4110 2346 4177 quoniam
2374 4112 2558 4165 beatus
2586 4110 2838 4180 Cyrillus,
2870 4110 3221 4165 Orieot-tlium
3252 4111 3514 4182 legatione

1925 4213 2201 4274 suscepta,
2227 4202 2394 4271 magis
2424 4202 2565 4271 quod
2591 4220 2619 4255 a
2651 4202 3127 4257 consaeerdotibus
3150 4201 3260 4255 Suis
3291 4212 3509 4269 expete-

1926 4295 2084 4350 batur
2138 4293 2413 4348 festinavit
2440 4294 2689 4362 implere,
2720 4308 2877 4361 quam
2908 4293 3173 4348 dictorum
3214 4307 3432 4347 suorum
3462 4291 3515 4348 in

1924 4388 2122 4457 quibus
2165 4386 2352 4440 olTensi
2387 4386 2620 4449 fuerant,
2647 4384 2999 4440 sufﬁcientem
3038 4386 3408 4454 purgationem
3437 4385 3516 4439 fa-

1924 4494 2085 4543 cere;
2121 4478 2243 4532 ideo
2276 4486 2492 4545 putatus
2530 4487 2635 4543 est,
2680 4476 2840 4532 veluti
2873 4476 3100 4544 pristino
3155 4492 3341 4530 errore
3369 4477 3517 4529 dam~

229 4587 378 4641 forte
402 4586 607 4640 videtur
641 4584 873 4639 hominis
924 4586 990 4639 de
1020 4585 1235 4639 homine
1265 4584 1524 4652 culpanda
1559 4584 1816 4651 suspicio,

1936 4581 2082 4635 nato,
2111 4569 2467 4622 Orientalium
2492 4568 2857 4621 admonitione
2888 4582 3177 4621 conversus
3215 4584 3227 4621 :
3257 4584 3377 4623 eum
3430 4569 3518 4623 ille

228 4678 580 4748 approbanda
608 4686 782 4730 tamen
824 4688 905 4731 est
934 4677 1157 4731 intentio
1174 4690 1274 4745 qua
1295 4676 1492 4730 veritas
1514 4675 1636 4729 fidei
1658 4690 1818 4745 quam

229 4775 311 4825 de
336 4772 547 4825 Christo
579 4771 836 4824 habemus
868 4770 1146 4823 asseritur.
1182 4769 1327 4823 lianc
1352 4769 1697 4822 intentionem
1730 4784 1820 4820 vo-

231 4866 412 4918 lentes
439 4864 730 4918 obscurare
779 4878 928 4915 uovae
973 4862 1259 4931 diligentia:
1306 4852 1648 4931 repertores",
1680 4876 1818 4931 quo-

233 4956 401 5010 modo
432 4965 596 5009 totum
622 4954 848 5010 fideliter
877 4970 940 5008 ac
980 4954 1293 5023 simpliciter
1336 4964 1519 5023 agunt,
1549 4969 1669 5009 cum
1716 4967 1823 5022 po-

234 5050 473 5103 suissent
499 5064 565 5103 ex
599 5048 687 5101 illa
708 5047 932 5115 epistola
957 5047 1095 5114 quod
1126 5045 1200 5100 ibi
1230 5046 1429 5099 dictum
1462 5055 1544 5101 est
1576 5065 1588 5099 :
1627 5064 1645 5098 ι
1676 5045 1815 5101 Cou-

234 5140 463 5208 scripsit
509 5141 651 5195 enim
701 5150 754 5193 et
782 5140 896 5208 ipse
947 5138 1198 5191 similiter
1244 5137 1343 5203 illi,
1367 5138 1489 5206 quia
1522 5140 1632 5206 ipse
1679 5137 1819 5192 Deus

236 5231 473 5287 Verbum
504 5231 675 5286 factus
701 5240 781 5285 est
814 5231 996 5298 homo,
1036 5248 1055 5282 ι
1088 5229 1455 5284 transilierunt
1479 5231 1616 5299 quod
1642 5231 1821 5299 sequi-

228 5338 347 5386 tur,
376 5340 396 5375 ι
434 5333 685 5392 tanquam
726 5336 828 5375 non
873 5322 948 5376 sit
975 5319 1272 5375 diderentia
1304 5320 1447 5375 inter
1477 5320 1736 5389 templum
1767 5331 1819 5375 et

232 5415 621 5471 inhabitantem
679 5415 729 5466 in
774 5428 857 5466 eo.
899 5431 919 5463 ι
971 5410 1132 5480 Cujus
1181 5413 1256 5465 rei
1307 5426 1466 5465 causa
1526 5412 1817 5479 putamus?

226 5505 481 5574 Nunquid
515 5506 635 5559 ideo
658 5506 776 5573 quia
803 5505 917 5556 istte
941 5502 1269 5571 paucissiznre
1295 5502 1513 5573 syllaba'
1543 5504 1820 5569 prolixita-

236 5610 345 5650 tem
387 5594 663 5649 facerent?
691 5610 758 5646 an
808 5593 928 5649 ideo
980 5594 1155 5661 potius
1182 5593 1305 5662 quia
1339 5593 1615 5649 manifeste
1648 5595 1819 5649 itthlI-

312 5759 325 5789 ¹
354 5753 485 5805 Cod.
512 5754 735 5819 Verum,
765 5755 915 5805 etiam
942 5764 1091 5819 atque
1115 5754 1285 5804 ίιῖίιιη.

309 5830 325 5859 ³
362 5828 501 5881 idem
525 5825 671 5893 (Σαώ,
706 5826 1001 5882 Etttcscttttm
1028 5826 1336 5892 episcopum.

1928 4658 2311 4727 recuperandae
2345 4657 2566 4711 unitatis
2593 4657 2845 4726 cupidus,
2877 4658 2927 4710 in
2979 4657 3297 4712 defensione
3344 4660 3515 4713 dicto-

1927 4765 2046 4803 rum
2076 4763 2295 4802 suorutn
2322 4747 2557 4802 noluerit
2583 4746 2881 4811 immorari,
2916 4764 2984 4802 ne
3010 4765 3132 4801 cum
3166 4749 3392 4815 probate
3414 4749 3504 4802 diu

1926 4840 2199 4897 contendit
2220 4840 2361 4909 quod
2382 4857 2510 4907 non,
2536 4849 2592 4894 ut
2614 4841 2919 4909 putabatur,
2951 4840 3018 4894 ab
3042 4856 3104 4895 en
3125 4840 3319 4892 fuci-int
3346 4839 3508 4903 dicta,

1926 4944 1995 4999 de
2020 4943 2210 5012 quibus
2236 4942 2413 4997 minus
2441 4940 2804 5011 intelligentes
2829 4940 2987 4994 aliter
3016 4938 3341 5001 sentiebant,
3384 4952 3510 4990 con-

1929 5034 2203 5089 troversim
2226 5034 2325 5088 hac
2372 5034 2710 5090 dissensione
2766 5033 2788 5063 ³
2828 5032 3084 5086 terminus
3132 5044 3238 5082 non
3270 5027 3510 5083 daretur.

1927 5126 2077 5193 Quod
2104 5127 2231 5181 item
2274 5126 2381 5180 illis
2411 5126 2589 5180 verbis
2620 5123 3079 5179 reverentissimus
3108 5121 3226 5174 lbas
3255 5120 3510 5186 ostendo,

1928 5218 2118 5288 quibus
2158 5226 2445 5286 sequenter
2481 5214 2726 5269 eumdem
2773 5215 2985 5268 beatum
3021 5211 3279 5283 Cyrillum
3330 5212 3508 5267 retulit

1928 5310 2044 5364 sine
2073 5308 2382 5377 fatigatione
2400 5304 2747 5361 Orientalium
2775 5303 2894 5357 fidei
2917 5301 3272 5366 consensisse,
3301 5312 3353 5355 et
3375 5301 3511 5355 hanc

1926 5399 2253 5466 SUSCt‘piSSl‘,
2304 5406 2463 5465 atque
2491 5410 2679 5449 omnes
2724 5395 2813 5464 qui
2840 5394 3040 5464 absque
3083 5395 3180 5448 hac
3229 5394 3511 5449 crederent

1928 5490 2432 5546 anathematizasse.
2479 5487 2584 5542 Sed
2613 5488 2849 5556 nunquid
2889 5490 3100 5541 beatum
3133 5486 3384 5557 Cyrillum
3415 5503 3509 5554 pu-

1930 5596 2070 5639 tasse
2101 5584 2441 5647 conversum,
2482 5578 2853 5633 Nestorianum
2885 5589 2965 5635 est
3003 5580 3204 5635 crimen
3229 5579 3249 5633 ?
3270 5578 3515 5648 Respon-

1999 5754 2015 5783 ³
2043 5759 2183 5814 idem
2208 5756 2346 5827 cod,
2374 5777 2435 5815 αι·
2467 5757 2785 5813 dissensioni.
