3962 6196
198 290 305 342 675

1092 306 1223 365 PRO
1264 310 1947 378 DEFENSIONE'TRIUM
1978 324 2288 387 CAPITUL.
2336 334 2464 393 [ΛΒ.
2512 338 2598 393 VI.

3371 361 3475 418 674

3373 399 3475 418 Vl‘.

194 399 403 469 angelis
436 400 577 457 sicut
628 405 679 459 in
726 408 740 437 ί
782 424 885 464 uno
941 413 1242 485 eodemque
1289 420 1505 479 homine
1544 426 1788 495 dicimus,
1823 436 1870 495 Α
1899 439 2126 495 concilio
2163 442 2205 508 ι,
2230 448 2368 512 quod
2399 463 2583 504 eorum
2608 457 3034 517 communionem
3065 465 3220 523 simul
3244 475 3477 543 amplexi

194 491 337 543 [IIIOd
370 493 590 543 illmrinr
632 497 796 543 lmntn
834 502 898 543 ml
933 504 1216 543 inlnninnsn
1254 510 1344 543 na:
1378 512 1639 543 amna”..-
1694 530 1781 543 -..ι
1998 540 2007 543 -
2095 533 2137 543 -.
2200 535 2211 543 .
2292 538 2304 543 -
2478 542 2487 543 κ
2514 542 2521 543 ,

190 491 337 557 quod
370 493 590 548 interior
632 497 796 553 homo
834 502 898 555 ad
931 504 1216 576 imaginem
1252 510 1344 565 Dei
1376 512 1660 583 formatus,
1693 530 1786 573 aut

192 582 433 635 exterior
454 587 748 642 secundum
781 592 1103 651 lineamenta
1130 584 1490 659 membrorum
1519 622 1785 680 sexusque

186 673 578 743 diversitatem,
632 696 698 737 ex
731 683 860 740 limo
891 695 1049 743 terrm
1092 701 1325 747 creatus.
1354 694 1458 751 Sed
1507 714 1780 769 nunquam

186 764 290 819 hoc
318 767 505 822 beatus
527 771 757 839 Cyrillus
806 786 1026 845 putasse
1068 794 1395 841 monstratur
1417 831 1433 855 ,
1485 793 1610 860 quia
1638 764 1781 849 idem

186 868 376 912 natura
405 870 489 915 est
512 866 767 932 templum
799 871 942 938 quod
985 888 1051 927 ex
1093 875 1301 947 virgine
1332 879 1494 937 Maria
1547 886 1780 954 sumpsit

191 949 432 1017 initium,
466 964 520 1008 et
552 955 779 1012 Verbum
811 960 974 1028 Deus,
1000 967 1142 1033 quod
1175 970 1225 1022 in
1252 973 1512 1043 principio
1547 949 1781 1032 erat-ca-

189 1059 319 1098 rens
343 1045 516 1101 initio.
555 1049 663 1103 lloc
707 1055 848 1107 enim
902 1056 1280 1125 Apolinaristm
1318 1077 1649 1135 sapuerunt;
1679 1071 1780 1128 hoc

192 1135 261 1188 ab
309 1138 690 1206 Apolinaristis
722 1145 1000 1204 dementes
1034 1152 1348 1223 Eu'yehiani
1390 1168 1415 1195 α
1459 1170 1775 1231 traxerunt;

185 1230 285 1284 hoc
317 1233 362 1284 si
412 1232 574 1288 etiam
605 1236 840 1308 Cyrillus
884 1246 1131 1313 sentiret,
1180 1252 1458 1308 verissime
1504 1254 1773 1312 diceretur

180 1322 303 1387 quia
340 1321 521 1391 lapsus
546 1340 647 1389 est,
673 1339 727 1382 et
757 1332 808 1384 in
839 1332 1030 1403 dogma
1064 1337 1367 1405 Apolinaris
1418 1344 1665 1402 inventus
1695 1360 1778 1404 e~t

180 1413 455 1468 incidisse.
496 1415 649 1472 Nunc
699 1431 876 1475 autem
924 1437 1208 1496 promeres
1271 1448 1454 1488 verum
1505 1451 1626 1491 esse
1669 1456 1773 1495 non

177 1506 475 1575 credimus,
496 1513 617 1579 quia
649 1527 755 1568 non
776 1517 1035 1586 probatur
1060 1521 1158 1576 hoc
1190 1522 1478 1593 aliquando
1509 1530 1769 1586 sensisse.

797 1645 1023 1704 CAPUT
1064 1650 1127 1707 Υ.

177 1771 329 1837 Quod
374 1776 629 1855 synodum
677 1782 950 1855 quominus
984 1786 1249 1855 epistolam
1295 1790 1404 1844 Iba?
1432 1796 1767 1853 orthodoxam

239 1847 631 1939 prlo'uuntiare‘t,’
653 1853 846 1904 morari
877 1847 1196 1939 non-ﬂebat!
1226 1862 1362 1939 falsa
1400 1847 1768 1939 illiusvderCVuV-t

240 1914 365 2005 gito
435 1920 685 2005 suspicio,
744 1938 860 2003 cunt
910 1914 1444 2005 Cyri/tumu'ipsum,
1496 1914 1771 2005 quominus

242 1982 585 2040 Orientalium
641 1982 972 2075 confessioni“
997 1982 1369 2067 subscriberet,
1418 1982 1522 2075 73a?
1563 2010 1770 2064 illorum

240 2059 468 2123 suspicio
497 2075 597 2112 non
626 2065 926 2117 retardarit.

237 2189 349 2244 Sed
384 2191 578 2246 iterum
614 2193 742 2248 dicit
774 2195 963 2267 aliquis
995 2216 1006 2253 :
1041 2201 1319 2268 Quomodo
1369 2224 1495 2278 ergo
1524 2212 1764 2281 synodus

176 2284 463 2352 epistolam
517 2288 885 2354 pronuntiavit
941 2294 1328 2363 orthodoxam,
1388 2317 1507 2369 qua:
1555 2302 1766 2360 beatum

169 2374 458 2444 Cyrillum,
492 2392 649 2447 quem
679 2377 812 2432 dicis
838 2379 967 2434 nihil
995 2383 1098 2436 tale
1120 2386 1463 2454 prmdicasse,
1497 2391 1770 2460 culpavit?

170 2464 517 2535 Respondeo,
567 2469 689 2539 quia
720 2470 879 2525 ﬁdem
911 2473 998 2526 illa
1040 2475 1179 2530 beati
1220 2476 1401 2549 Cyrilli
1441 2484 1766 2550 prtedicavit.

170 2558 299 2612 Nam
354 2560 399 2613 si
450 2569 568 2628 post
616 2563 911 2619 unitiouem
964 2566 1101 2622 inter
1147 2568 1446 2627 Orientales
1496 2584 1549 2629 et
1596 2576 1767 2645 ipsum

171 2652 305 2707 facta
316 2669 368 2707 m
393 2656 655 2725 approbat
676 2657 792 2727 ejus
817 2660 995 2727 (idem,
1018 2677 1115 2717 nos
1130 2673 1309 2719 autem
1335 2668 1604 2724 credimus
1624 2672 1766 2740 quod

166 2761 386 2817 semper
415 2748 600 2803 eadem
635 2748 797 2805 fuerit
822 2752 1008 2823 Cyrilli
1041 2755 1170 2811 ﬁdes
1203 2772 1217 2809 :
1244 2760 1547 2813 necessario
1578 2764 1764 2831 sequi-

164 2844 247 2890 tur
270 2838 418 2907 qnod
449 2850 573 2895 ante
601 2840 891 2896 unitionem
916 2860 1127 2914 quoque
1153 2846 1310 2902 ﬁdem
1340 2849 1455 2917 ejus
1486 2851 1607 2907 lbas
1641 2871 1762 2923 pro-

164 2927 407 2997 baverit,
432 2935 675 3002 quamvis
692 2934 811 3005 ejus
843 2937 1007 2992 luisse
1030 2940 1301 2995 nescierit.
1335 2944 1563 2998 Attende
1604 2960 1764 3014 porro

172 3020 343 3090 ipsam
378 3025 569 3093 synodi
602 3028 955 3094 sententiam,
1000 3039 1054 3085 et
1100 3031 1342 3087 invenies
1394 3035 1536 3104 quod
1582 3037 1635 3091 in
1675 3039 1762 3093 illa

165 3116 419 3183 epistola,
472 3117 817 3175 dissimulans
857 3122 925 3176 ab
957 3122 1204 3178 humanis
1236 3128 1654 3195 suspicionibus,
1697 3147 1757 3186 ea

1890 540 2031 585 sunt.
2095 533 2248 591 Unde
2283 538 2393 607 jam
2440 542 2651 598 videtur
2692 563 2879 618 magna
2922 560 3158 623 synodus
3199 578 3302 620 non
3333 533 3473 637 quod

1889 621 2165 689 epistolam
2205 632 2525 686 venerabilis
2570 636 2674 690 lbae
2703 621 3057 700 orthodoram
3098 651 3326 723 dixerit,
3350 621 3470 714 ἐοά

1887 712 2027 780 quod
2069 728 2175 768 non
2217 726 2271 771 et
2309 719 2421 787 ipsa
2471 722 2686 781 beatum
2732 727 2985 800 Cyrillum
3033 752 3155 791 cum
3202 712 3475 812 Ephesiae

1886 806 2119 860 concilio
2170 811 2611 883 reprehenderit,
2665 825 2926 879 accusari.
2984 825 3267 901 Assignata
3316 835 3473 904 igitur

1885 898 2063 951 omnia
2120 915 2238 969 qua:
2292 906 2652 971 promisimus.
2736 911 3082 986 Recognosce
3131 928 3381 992 quoniam
3427 934 3472 988 si

1884 986 2339 1049 Chalcedonensis
2388 1000 2625 1066 synodus
2672 1006 2954 1072 epistolam
3004 986 3323 1074 venerabilis
3367 1022 3472 1079 lbas

1883 1080 2026 1134 velut
2049 1081 2357 1140 hzereticam
2390 1088 2718 1159 improbaret
2740 1096 2905 1161 ,'hinc
2929 1103 3100 1169 potius
3124 1106 3335 1163 beatum
3366 1112 3470 1183 Cy-

1883 1172 2056 1227 rillum
2080 1178 2373 1234 credidisse
2399 1183 2731 1255 hazreticum,
2753 1198 2805 1244 et
2833 1190 3133 1250 Nestorium
3149 1215 3461 1272 excusasse,

1881 1276 2042 1336 atque
2066 1270 2393 1339 Ephesinum
2422 1281 2839 1346 reprehendisse
2862 1286 3146 1341 concilium
3172 1270 3463 1349 videretur.

1879 1357 2138 1421 Quocirca
2163 1363 2327 1417 etiam
2358 1365 2409 1418 in
2446 1368 2545 1422 hoc
2570 1382 2865 1427 memorata
2896 1378 3135 1446 synodus
3163 1387 3467 1451 exemplum

1880 1446 2044 1516 ipsius
2092 1452 2232 1507 beati
2286 1453 2506 1527 Cyrilli,
2561 1462 2641 1515 vel
2696 1464 2870 1531 potius
2927 1468 3208 1535 Ephesium
3256 1478 3465 1544 synodi,

1877 1548 2059 1593 secuta
2090 1551 2173 1595 cst
2207 1561 2219 1595 :
2254 1552 2311 1597 ut
2340 1546 2478 1600 situt
2511 1548 2595 1601 illa
2627 1553 2865 1606 omnium
2899 1556 3250 1616 Orientalium
3285 1568 3465 1620 rectis-

1876 1628 2062 1683 simam
2111 1631 2177 1685 de
2206 1634 2422 1689 Christo
2452 1628 2644 1705 ﬁdem,
2689 1646 2933 1709 quamvis
2973 1648 3041 1703 de
3077 1666 3137 1706 se
3176 1667 3280 1707 non
3322 1668 3465 1713 recte

1875 1723 2293 1792 suspicandum,
2327 1730 2574 1797 prudenti
2605 1734 2810 1789 ratione
2838 1743 3103 1809 suscepit,
3160 1746 3231 1799 ita
3270 1759 3324 1801 et
3352 1750 3463 1818 ipsa

1803 1819 1846 1878 Β
1875 1811 2036 1866 simili
2064 1817 2269 1871 ratione
2302 1823 2601 1889 susciperet
2633 1829 2880 1896 epistolae
2912 1833 3017 1889 lbte
3046 1844 3462 1908 congruentissi-

1879 1916 2017 1955 mam
2054 1904 2122 1958 de
2163 1907 2379 1964 Christo
2426 1913 2617 1984 ﬁdem,
2662 1925 2908 1990 quamvis
2952 1926 3019 1981 de
3058 1904 3213 1985 beato
3262 1932 3459 2004 Cyrillo

1876 1995 2134 2061 quasdam
2158 2002 2489 2066 suspiciones
2514 2006 2837 2081 incongruas
2860 2020 3179 2075 contineret.
3217 2024 3462 2096 Nunquid

1875 2098 2004 2155 ergo
2042 2089 2154 2143 hmc
2186 2102 2370 2146 sancta
2413 2099 2650 2166 synodus
2682 2103 2904 2172 injurias
2949 2109 3087 2163 beati
3126 2111 3310 2181 Cyrilli
3342 2089 3461 2184 gra-

1877 2171 2052 2231 ta'nter
2066 2184 2339 2250 accepisse
2360 2188 2624 2243 credenda
2645 2202 2747 2261 est,
2773 2210 2929 2264 quem
2957 2200 3211 2267 probatur
3230 2205 3459 2274 imitata,

1874 2272 2014 2339 quod
2048 2273 2403 2334 dissimulavit
2430 2281 2498 2335 ab
2526 2283 2873 2343 alienissimis
2904 2289 2924 2320 "
2962 2293 3374 2364 suSpicionibus,
3406 2310 3457 2355 et

1872 2361 2045 2430 cujus,
2080 2365 2181 2420 nisi
2205 2369 2271 2421 ab
2296 2369 2373 2425 eis
2402 2372 2790 2443 dissimularet,
2823 2361 3136 2449 argueretur
3167 2390 3457 2455 exemplo?

1873 2454 1976 2506 Aut
2008 2460 2247 2528 nttnqnid
2279 2461 2398 2517 ideo
2426 2469 2921 2525 reverentissimum
2957 2476 3098 2530 lbatn
3134 2494 3239 2533 non
3267 2454 3456 2537 debuit

1870 2544 2169 2618 absolvere,
2203 2560 2255 2606 et
2284 2556 2646 2624 episcopatum
2673 2562 2720 2615 ei
2747 2571 2800 2617 et
2830 2565 3120 2623 Ecclesiam
3148 2574 3454 2642 restituere,

1870 2633 1937 2687 de
1957 2651 2059 2705 qua
2088 2655 2183 2707 per
2214 2642 2470 2713 Eutychis
2494 2644 2782 2706 factionem
2815 2653 3009 2724 injuste
3037 2669 3090 2713 et
3113 2661 3310 2718 absens
3338 2633 3456 2721 erat

1869 2727 2144 2795 expulsus,
2195 2734 2318 2800 quia
2361 2732 2530 2791 falsus
2571 2750 2687 2794 erat
2735 2742 2786 2795 in
2818 2759 3047 2812 persona
3078 2749 3214 2806 beati
3245 2754 3454 2826 Cyrilli.

1870 2821 1925 2865 ut
1954 2829 2074 2868 eum
2102 2817 2387 2887 aliquando
2419 2834 2630 2891 putaret
2676 2843 2913 2896 errasse,
2965 2834 3118 2904 Cujus
3150 2817 3307 2895 ﬁdem
3349 2859 3454 2898 non

1868 2903 2038 2958 solum
2064 2908 2242 2964 sciens
2260 2921 2379 2979 post
2402 2915 2697 2972 unitiouem
2715 2935 2835 2976 cum
2859 2903 3216 2985 Orientalibus
3234 2930 3450 3001 factam,

1868 3012 2052 3052 verum
2076 3011 2202 3056 ante
2235 3004 2525 3061 unitiouem
2557 3012 2805 3065 nesciens
2826 3018 3176 3083 approbavit?
3209 3024 3313 3078 Sed
3349 3041 3451 3081 non

1866 3091 2121 3159 oportuit,
2139 3093 2401 3162 inquiunt,
2421 3106 2539 3165 post
2570 3098 2739 3155 hanc3
2758 3103 3046 3161 unitiouem
3069 3109 3136 3164 de
3164 3111 3321 3167 beato
3351 3117 3450 3187 Cy-

163 3177 274 3270 qita:
310 3205 379 3259 ad
406 3177 582 3261 ’ﬁdem
612 3207 812 3263 Christi
846 3214 1143 3280 pertinent,
1163 3177 1166 3178 ν
1789 3189 1834 3251 C
1867 3177 2133 3287 rmﬁmna
2163 3182 2513 3287 ,παρηέξωῖ
2541 3189 2648 3260 Ego
2675 3204 2851 3247 amem
2876 3197 3023 3264 dico’
3053 3204 3178 3270 quia
3210 3218 3307 3258 nec
3328 3219 3451 3262 aute

163 3291 523 3349 nifestandam
552 3304 713 3366 atque
750 3298 1065 3354 ﬁrmandam
1098 3315 1452 3368 convenerat,
1492 3310 1757 3376 approba-

166 3382 234 3435 vit
262 3400 276 3436 :
311 3384 617 3439 orthodoxa
649 3388 792 3442 enim
814 3430 830 3459 ,
864 3405 969 3443 non
1003 3406 1098 3459 pro
1124 3392 1531 3449 honoriﬁcentia
1561 3398 1750 3467 Cyrilli

163 3486 254 3528 nec
286 3489 389 3544 pro
419 3476 707 3546 cujuslibet
741 3481 975 3535 lueretici
1002 3482 1192 3551 injuria
1215 3485 1504 3555 diceretur,
1532 3489 1626 3543 sed
1654 3506 1751 3556 ιιι-ο

160 3578 277 3618 Vera
321 3566 389 3620 de
420 3568 635 3623 Christo
675 3569 780 3625 ﬁde
827 3588 987 3639 quam
1018 3576 1275 3631 continet.
1330 3576 1388 3631 Si
1422 3579 1541 3646 quis
1571 3588 1751 3635 autem

161 3658 652 3715 Cbalcedonemetn
683 3668 944 3732 synodum
974 3666 1152 3733 culpat
1197 3668 1363 3733 quod,
1410 3669 1642 3724 hominis
1685 3673 1752 3728 de

166 3751 380 3805 homine
411 3754 716 3821 suspicione
746 3757 1069 3824 posthabita,
1110 3758 1394 3826 epistolam
1421 3763 1748 3817 venerabilis

158 3840 252 3891 ibat.
287 3844 655 3910 pronuntiavit
685 3845 1074 3910 orthodoxam;
1120 3849 1291 3917 ipsum
1329 3852 1540 3905 beatum
1573 3852 1751 3922 Cyril-

159 3930 263 3984 lum
289 3932 475 4000 culpet
497 3948 721 3988 necesse
743 3944 845 3999 est,
868 3936 1008 4005 quod
1034 3936 1146 4004 ipse
1168 3953 1381 4008 quoque
1403 3949 1752 3995 contemnens

155 4021 399 4075 eamdem
421 4023 782 4090 suspicionem
800 4025 1135 4079 orientalium
1156 4028 1599 4082 consacerdotnm
1620 4044 1748 4085 suo-

157 4119 296 4178 rum,
325 4112 550 4180 quicum
579 4113 697 4166 aliis
720 4113 1048 4168 diversarum
1071 4116 1466 4185 provinciarum
1485 4120 1751 4189 episcOpis

153 4202 463 4271 congregati
492 4203 607 4271 ejus
633 4203 859 4273 capitula
888 4204 1303 4269 damnaverunt,
1346 4206 1744 4263 confessionem

153 4292 273 4347 ﬁdei
294 4308 456 4361 quam
478 4294 527 4348 ei
560 4310 655 4365 per
680 4296 1039 4352 venerabilem
1072 4297 1292 4352 Paulum
1318 4300 1626 4368 episcopum
1652 4305 1752 4356 mi-

151 4394 370 4449 serunt,
400 4386 450 4438 in
483 4401 631 4439 suam
663 4387 942 4453 epistolam
969 4388 1266 4455 transtulit,
1298 4399 1352 4443 et
1387 4391 1465 4443 eis
1493 4405 1734 4446 comma-

147 4476 389 4535 nicavit.
459 4490 624 4546 seque
679 4475 951 4547 professus
1005 4487 1087 4533 cst
1150 4480 1336 4533 eadem
1394 4481 1616 4537 credere
1687 4497 1749 4538 ac

1864 3271 2158 3330 unitiouem
2183 3279 2450 3346 oportuit,
2500 3283 2608 3338 imo
2661 3300 2760 3340 nec
2812 3297 2940 3345 ante
2988 3291 3155 3360 ipsam
3185 3300 3449 3366 synodum

1860 3362 2185 3427 Ephesinam
2220 3384 2234 3421 :
2270 3372 2394 3438 quia
2428 3374 2576 3440 prius
2609 3376 2928 3449 interrogari
2974 3382 3205 3453 Cyrillus
3246 3389 3448 3457 debuit,

1856 3469 1919 3509 ac
1941 3457 2134 3513 deinde
2162 3462 2395 3530 culpari,
2424 3467 2467 3518 si
2496 3483 2599 3522 non
2627 3471 2987 3530 satisfaceret.
3018 3478 3124 3533 Sed
3154 3497 3294 3537 nunc
3317 3485 3447 3539 illud

1857 3550 2169 3619 qumrimus,
2221 3564 2399 3608 utrum
2443 3556 2560 3611 haec
2602 3565 2921 3620 venerabilis
2960 3567 3065 3621 lhte
3108 3573 3261 3640 culpa
3304 3591 3444 3643 qum,

1857 3639 1994 3693 sicut
2018 3642 2128 3710 jam
2161 3646 2524 3714 probavimus,
2579 3664 2607 3702 a
2646 3655 2853 3720 synodo
2884 3672 3096 3725 quoque
3128 3672 3307 3715 notata
3340 3677 3445 3731 cSt,

1858 3735 1985 3788 tanti
2019 3735 2267 3791 debuerit
2296 3740 2581 3804 mSIimztri,
2632 3754 2689 3795 ut
2734 3746 2848 3814 ejus
2878 3750 3101 3816 epistola
3138 3758 3447 3821 pronuntia-

1857 3836 2006 3880 retur
2055 3827 2331 3898 haeretica,
2390 3847 2511 3886 cum
2566 3835 2723 3889 ﬁdem
2760 3838 2928 3905 ipsius
2973 3843 3111 3895 beati
3162 3845 3343 3914 Cyrilli
3394 3848 3446 3903 in

1855 3918 2194 3975 coitfcssione
2218 3938 2374 3991 quam
2409 3925 2456 3978 ei
2490 3941 2581 3994 per
2609 3928 2829 3983 Paulum
2855 3934 3168 4003 episcomtm
3201 3940 3446 3993 Orienta-

1858 4008 1935 4063 les
1954 4013 2398 4067 subscribendatn
2425 4019 2704 4085 miserant,
2739 4025 3081 4092 approbaret,
3114 4028 3235 4083 licet
3262 4032 3312 4085 in
3340 4033 3445 4087 illis

1859 4098 1924 4150 12
1972 4103 2216 4170 capitulis
2262 4104 2611 4162 intentionem
2662 4110 2779 4177 ejus
2826 4113 3052 4169 necdum
3100 4119 3441 4189 intelligeret.

1852 4190 2195 4261 Cognoscens
2211 4211 2400 4263 magna
2420 4201 2655 4268 synodus
2678 4204 2817 4271 quod
2841 4207 2952 4260 sive
2976 4209 3025 4262 in
3052 4210 3155 4264 illis
3169 4214 3436 4282 capitulis,

1853 4289 1969 4343 sive
1999 4288 2049 4341 in
2082 4290 2172 4342 illa
2205 4290 2547 4349 confessione
2577 4297 2666 4350 eui
2694 4297 2880 4352 beatus
2908 4298 3138 4370 Cyrillus
3168 4306 3437 4379 subscrip-

1853 4379 1952 4445 sit,
1986 4380 2171 4435 eadem
2214 4382 2347 4437 ﬁdes
2385 4394 2548 4451 esset,
2578 4387 2707 4441 nihil
2734 4388 3436 4467 diﬁ‘errejudicavitquibus

1853 4474 2033 4529 verbis
2077 4479 2405 4533 enuntiatam
2457 4480 2643 4553 Cyrilli
2694 4484 2853 4539 ﬁdem
2899 4488 3019 4542 Ibas
3064 4495 3435 4565 approbasset,

147 4567 448 4632 praedicare
494 4569 560 4622 de
604 4570 991 4624 incarnationis
1041 4569 1238 4625 Christi
1290 4574 1577 4643 mysterio;
1639 4592 1739 4632 nec

1866 4581 1967 4621 :um
2015 4584 2173 4636 eum,
2232 4572 2374 4641 quod
2426 4576 2788 4631 necessarium
2845 4576 3048 4648 fuerat,
3109 4585 3437 4653 approbasse

146 4660 511 4729 suspicionem
537 4677 694 4730 quam
726 4662 792 4718 de
821 4664 908 4716 illo
937 4662 1259 4729 habuerunt,
1292 4666 1358 4719 ab
1385 4667 1465 4721 eis
1493 4667 1739 4723 damnari

145 4753 416 4818 qt'aesivit,
440 4752 561 4821 quin
589 4768 686 4807 nec
718 4755 738 4783 ²
768 4754 927 4808 etiam
959 4754 1270 4811 satisfacere
1301 4771 1395 4824 pro
1417 4771 1475 4810 ea
1497 4772 1746 4813 necessa-

141 4848 283 4900 rium
337 4847 508 4900 duxit.
561 4846 754 4902 Verum
797 4862 973 4917 neque
1015 4863 1137 4903 cum
1176 4849 1294 4904 solo
1344 4851 1502 4906 beato
1539 4852 1743 4923 Cyrillo

138 4937 388 5007 synodus
418 4937 873 4993 Chalcedonensis
903 4938 1165 5008 culpatur,
1200 4939 1340 5009 quod
1370 4941 1510 4995 hanc
1538 4943 1740 5010 episto-

137 5029 242 5082 lam
266 5030 633 5098 pronuntiavit
652 5029 1035 5097 orthodoxam,
1069 5031 1163 5085 sed
1187 5046 1307 5085 cum
1332 5040 1444 5086 toto
1466 5032 1740 5103 Ephesino

213 5178 240 5205 α
298 5168 553 5239 Entyehis
598 5184 749 5224 error
813 5169 1116 5224 contrarius
1168 5168 1523 5236 Nestoriano,
1582 5187 1738 5226 unam

137 5239 312 5294 Verbi
337 5256 454 5293 eum
505 5240 830 5323 humanitate
860 5240 1211 5320 compositam
1247 5250 1488 5323 naturam
1533 5253 1743 5323 astrue-

131 5311 227 5363 hat
263 5328 279 5362 :
312 5326 433 5363 cum
464 5310 595 5392 ﬁdes
626 5311 910 5374 catholica,
954 5312 1173 5392 utrique
1202 5312 1468 5392 opposita,
1502 5310 1579 5365 sic
1609 5312 1737 5392 nni-

137 5397 256 5436 cum
290 5382 341 5434 in
368 5381 580 5435 Christo
616 5395 915 5450 .personam
967 5389 1173 5435 asserat
1204 5391 1387 5435 coiitra
1415 5381 1737 5448 Nestorium,

201 5510 222 5542 ⁸
258 5508 401 5563 Cod.
434 5509 925 5571 Veron.,.sicnluec
947 5512 997 5562 in
1024 5526 1145 5563 uno.

201 5582 229 5614 ι
274 5582 333 5664 ἔτι
362 5581 550 5664 eodem
575 5582 702 5664 eod.
730 5583 877 5635 deest
906 5584 963 5636 τὸ
994 5596 1103 5664 ηξε;
1177 5650 1188 5661 ,
1564 5651 1620 5664 η.
1704 5648 1716 5659 -

203 5652 226 5682 ³
272 5649 419 5703 Idem
442 5651 584 5715 end.,
617 5655 702 5703 sed
727 5666 839 5703 cum
867 5660 968 5703 toto
1003 5649 1258 5715 Epltesino
1284 5651 1519 5706 concilio.
1558 5649 1741 5721 Siqui-

127 5724 248 5774 dem
286 5738 386 5773 non
414 5723 553 5774 solus
594 5723 762 5774 beatus
792 5722 1032 5791 Cyrillus,
1084 5722 1212 5774 nihil
1241 5722 1535 5791 impendens
1565 5724 1737 5793 ipsum

130 5791 487 5848 Orientalium
503 5793 839 5863 suspicionem
858 5834 873 5857 ,
898 5808 981 5847 eos
998 5795 1247 5863 judicavit
1274 5791 1621 5859 orthodoxos;
1644 5794 1736 5846 sed

1847 4670 2135 4715 constaret.
2188 4661 2339 4718 Unde
2368 4680 2466 4719 nec
2498 4666 2636 4720 aliud
2668 4669 2925 4742 credidit,
2976 4688 3073 4728 nec
3099 4677 3321 4732 credere
3346 4678 3438 4733 de-

1847 4752 1988 4817 buit,
2044 4754 2145 4809 nisi
2191 4756 2314 4825 quia
2369 4756 2553 4811 Patres
2599 4759 2912 4831 orientales,
2967 4762 3108 4819 inter
3151 4781 3284 4835 quos
3331 4768 3432 4823 fuit

1846 4848 2007 4903 etiam
2056 4849 2170 4918 ipse
2221 4851 2337 4906 lbas
2371 4853 2703 4924 aliarumque
2744 4857 3139 4926 provinciarum
3172 4861 3433 4929 episcOpi,

1848 4936 2203 4994 intentionem
2225 4942 2579 5010 capitulorum
2610 4945 2750 5000 beati
2778 4948 2963 5017 Cyrilli
2992 4950 3169 5004 minus
3190 4951 3432 5005 animad-

1849 5040 2149 5101 verterant,
2202 5043 2260 5088 ut
2288 5050 2347 5090 ea
2373 5036 2532 5092 etiam
2561 5053 2589 5090 a
2618 5041 2845 5095 concilio
2882 5043 3151 5111 liphesino
3178 5056 3429 5117 suscepta

1850 5200 1907 5246 ut
1951 5196 2000 5247 in
2032 5194 2220 5249 eodem
2250 5206 2432 5250 contra
2471 5198 2764 5271 Eutychem
2823 5200 2957 5252 duas
2989 5214 3093 5254 non
3153 5202 3427 5271 confusas,

1848 5265 1939 5318 sed
1970 5266 2247 5321 distinctas
2294 5278 2456 5335 atque
2504 5265 2766 5337 perfectas
2799 5281 3015 5324 naturas
3043 5287 3316 5343 agnoscat,
3348 5265 3429 5331 di;

1847 5337 2024 5389 vittam
2053 5348 2107 5391 et
2133 5338 2440 5391 humanam.

1845 5479 1894 5522 et
1919 5473 2086 5525 caeteri
2116 5470 2298 5529 Patres
2327 5475 2413 5543 qui
2443 5490 2555 5526 rum
2583 5474 2677 5527 illo
2704 5477 2913 5547 [uerunt
2937 5478 2990 5533 in
3023 5479 3277 5548 Ep’tesino
3309 5494 3441 5533 con—

1844 5544 1982 5606 cilio,
2013 5552 2059 5594 ct
2088 5564 2260 5600 eorum
2289 5544 2731 5615 communionem,
2764 5560 2865 5604 etc.

1914 5615 1937 5646 δ
1978 5618 2117 5670 Idem
2140 5619 2282 5684 cod.,
2311 5633 2343 5669 a
2373 5617 2654 5670 levissimis.

1916 5686 1936 5717 ⁸
1971 5687 2118 5743 Idem
2145 5690 2289 5756 cod.,
2322 5697 2376 5741 ut
2405 5697 2516 5755 post
2547 5694 2699 5746 hanc.
