3962 6196
165 353 257 412 rt't'7

1046 346 1180 402 PRO
1222 344 1649 403 DEFENSIUNE
1688 341 1903 399 TRIUM
1928 338 2241 396 CAPITUL.
2283 338 2410 396 LIB.
2451 339 2532 395 Vl.

3329 338 3428 391 G79

166 464 493 532 ramus,sola
524 460 689 532 possit
715 456 1035 513 necessitas'
1060 456 1360 510 excusare?
1385 455 1620 517 Fratres,
1650 453 1734 507 in-
1768 462 1814 518 Α
1844 458 2139 504 memorato
2194 448 2534 503 sanctissimo
2595 448 2707 501 viro
2764 447 2970 502 Joanne
3026 447 3230 502 diceret
3288 451 3427 517 quod

168 563 305 631 quit,
337 560 571 613 Joannes
600 550 936 621 persequitur
969 547 1243 601 immundo
1271 547 1459 616 spiritu
1490 561 1596 615 quo
1626 543 1739 599 suf-

168 651 435 707 focabatur
487 643 646 707 Saul;
703 649 757 695 et
812 640 1042 705 iterum,
1115 645 1418 691 sanctorum
1470 636 1743 690 ministros

169 741 390 799 necavit.
441 737 579 792 Dicit
618 734 773 787 illum
814 731 1268 797 contaminatum,
1314 737 1367 784 et
1407 729 1457 783 in
1504 727 1739 782 Ecclesia

168 836 551 908 primitivorum
601 829 860 897 impium,
916 826 1292 895 pestilentem,
1351 838 1638 887 vesanum,
1690 827 1745 875 et

170 924 456 998 tyrannica:
495 919 692 975 mentis
722 918 925 971 insania
954 913 1297 969 furibundum
1316 951 1334 979 ,
1380 924 1540 983 atque
1569 912 1620 965 in
1649 925 1743 966 sua

169 1016 375 1071 vesania
430 1011 783 1081 gloriantem,
848 1005 1083 1081 animam
1135 1020 1285 1059 suam
1340 1002 1744 1059 adulterandam

171 1080 451 1163 tradidisse
480 1102 716 1157 diabolo.
750 1100 875 1153 meo
899 1080 1074 1151 anteiit
1097 1097 1296 1157 omnia,
1323 1096 1461 1151 sicut
1485 1092 1749 1149 habentur

170 1203 215 1255 in
237 1200 407 1266 ipsius
428 1195 709 1262 TheOphili
735 1195 753 1223 ²
778 1195 934 1257 libro,
970 1194 1038 1244 ita
1072 1191 1365 1259 posuimus.
1399 1188 1569 1242 Vocat
1596 1188 1744 1241 illum

170 1292 322 1345 etiam
354 1285 697 1340 humanitatis
728 1282 968 1343 hostem,
1013 1288 1067 1333 et
1097 1282 1183 1348 qui
1212 1280 1416 1333 scelere
1452 1292 1549 1331 suo
1579 1277 1747 1331 latro-

170 1398 288 1436 num
336 1379 556 1433 vicisset
587 1376 893 1442 audaCiam,
944 1372 1329 1442 sacrilegorum
1363 1370 1655 1441 principem
1696 1377 1751 1422 et

170 1470 523 1525 sacerdotium
556 1475 800 1535 agentem
843 1466 1091 1533 impium,
1141 1472 1300 1532 atque
1328 1462 1629 1516 oblationes
1659 1474 1749 1514 sa-

170 1565 395 1632 crilegas
425 1560 733 1615 offerentem
752 1600 764 1621 ,
815 1573 1092 1626 procacem
1123 1567 1179 1611 et
1205 1555 1395 1609 frontis
1423 1555 1751 1609 durissima).

172 1655 276 1708 lloc
303 1667 516 1722 quoque
546 1649 825 1720 adjiciens,
857 1649 996 1718 quod
1029 1663 1132 1701 non
1166 1646 1247 1701 his
1277 1647 1514 1701 Joannes
1543 1645 1749 1715 laqueis

172 1742 409 1797 irretitus
438 1749 645 1794 tenetur
675 1740 760 1807 qui
796 1740 1002 1805 possint
1029 1737 1316 1807 aliquando
1344 1737 1562 1791 dissolvi
1586 1780 1599 1801 ,
1651 1735 1746 1789 sed

1841 540 2018 594 alia'ei
2045 553 2201 608 poena
2252 539 2534 607 quairenda
2586 539 2677 606 sit,
2710 554 2775 592 eo
2804 538 2943 608 quod
2975 540 3214 593 vinceret
3242 555 3298 609 si
3320 542 3430 592 ele-

1842 633 1916 688 ris
1952 632 2260 701 magnitudo
2311 632 2708 684 multitudinem
2762 641 3172 686 tormentorum.
3229 634 3282 688 Si
3315 638 3434 701 quis

1843 734 2020 778 autem
2052 725 2282 792 experiri
2309 725 2533 779 voluerit
2560 726 2699 793 quod
2735 740 2839 779 non
2870 726 3166 779 sententias
3198 734 3432 789 tantum,

1846 832 2028 872 verum
2058 818 2217 872 etiam
2249 819 2361 887 ipsa
2395 818 2551 871 verba
2590 818 2883 887 posuimus,
2912 829 2964 873 et
3016 834 3175 873 nosse
3224 821 3437 887 quoties

1847 909 1963 963 haec
1982 908 2050 962 ab
2094 909 2187 962 illo
2235 910 2485 977 rep'icata
2532 918 2676 976 Sunt,
2721 910 2858 977 legat
2906 911 3184 965 innormen
3223 912 3434 975 librum,

1848 1015 1955 1054 non
1985 1000 2157 1053 solum
2188 1000 2551 1065 contumeliis,
2584 1001 2678 1055 sed
2713 1002 2821 1069 ipsa
2868 1018 3078 1072 quoque
3108 1018 3252 1072 smpe
3288 1018 3431 1072 repe-

1850 1094 1942 1147 tita
1973 1092 2378 1147 maledicmrum
2411 1092 2874 1160 recap‘tulatione.
2912 1096 3068 1147 uirnis
3099 1094 3437 1160 horribilem,

1849 1184 1916 1238 ab
1948 1183 2271 1252 Hieronymo
2313 1183 2624 1254 presbytero
2670 1184 3005 1238 translatum.
3066 1184 3139 1237 De
3163 1200 3269 1253 quo
3302 1189 3440 1240 ide.n

1852 1276 2038 1331 beatus
2069 1276 2400 1345 Theophilus
2441 1278 2775 1345 exSpectavit
2805 1286 2860 1331 ut
2890 1292 2987 1346 per
3008 1277 3121 1345 ejus
3149 1278 3438 1344 eloquium,

1851 1369 2021 1437 qualis
2067 1368 2301 1423 Joannes
2349 1369 2509 1423 fuerit
2553 1369 2724 1423 Latini
2777 1379 3183 1439 cognoscerent.
3218 1371 3321 1424 Nos
3344 1388 3439 1425 au.

1854 1469 1957 1515 tem
1984 1462 2040 1531 in
2077 1460 2167 1513 illo
2221 1461 2378 1537 libro,
2418 1478 2520 1514 non
2552 1463 2722 1528 qualis
2772 1464 3025 1524 Joannes,
3071 1463 3156 1530 qtti
3190 1461 3318 1515 nihil
3353 1463 3442 1514 ho-

1853 1566 1969 1604 rum
2007 1551 2339 1614 tueri-luitur;
2371 1566 2470 1605 nec
2498 1552 2667 1620 qualis
2714 1551 3061 1619 Theophilus,
3097 1552 3249 1620 cujus
3277 1557 3444 1605 virtus

1855 1644 1906 1697 itt
1939 1644 2120 1696 multis
2152 1644 2388 1711 probata,
2448 1659 2551 1697 non
2604 1660 2666 1698 ex
2726 1644 2826 1699 isto
2852 1644 3130 1698 accedenti
3161 1644 3346 1698 morbo
3369 1647 3450 1713 ju-

1858 1734 2081 1787 dicanda
2106 1745 2219 1796 cst;
2252 1734 2343 1787 sed
2368 1735 2542 1801 potius
2570 1735 2744 1804 qualis
2774 1736 2841 1788 sit
2873 1735 3188 1789 miserabilis
3218 1737 3446 1797 humana

171 1834 253 1903 qui
279 1834 491 1886 audiret
511 1846 605 1900 pro
627 1831 815 1883 merito
840 1830 1021 1900 flagitii
1046 1830 1554 1884 suicomminantem
1582 1830 1744 1883 Deum
1788 1846 1826 1903 Β
1857 1826 1962 1879 vita
1991 1828 2385 1894 cognoscimus,
2416 1826 2481 1880 de
2509 1843 2611 1896 qua
2644 1827 2899 1895 scriptum
2934 1839 3045 1883 est:
3080 1828 3214 1893 Quia
3238 1833 3451 1882 latitatio

173 1939 329 1996 atque
374 1924 643 1979 dicentem
691 1924 977 1977 :Judicate
1024 1924 1162 1976 inter
1212 1938 1298 1977 me
1344 1930 1399 1977 et
1442 1924 1748 1977 Joannem:

172 2016 476 2086 exspectavi
511 2023 569 2068 ttt
601 2013 791 2066 laceret
818 2012 1109 2083 judicium,
1141 2012 1265 2067 fecit
1295 2022 1470 2066 autem
1504 2011 1754 2081 iniquita-

175 2118 280 2163 tem
300 2148 315 2171 ,
362 2116 418 2161 et
454 2120 558 2157 non
586 2105 878 2172 justitiam,
931 2103 1025 2158 sed
1053 2105 1365 2158 clamorem.
1400 2103 1535 2158 Dicit
1565 2103 1754 2168 etiam,

173 2200 291 2267 quia
316 2199 457 2252 sicut
479 2196 702 2251 Satanas
734 2195 1128 2264 transtigttravit
1153 2209 1211 2249 se
1241 2195 1293 2247 in
1319 2194 1562 2263 angelum
1595 2194 1753 2257 luc's,

175 2290 238 2343 ita
284 2288 445 2342 etiam
493 2286 723 2340 Joannes
768 2301 871 2337 non
917 2294 1061 2338 esset
1104 2284 1245 2354 quod
1289 2283 1600 2348 videbatur;
1658 2296 1757 2338 nec

173 2390 378 2432 tantum
411 2377 638 2431 similem
678 2377 913 2442 Satarze,
956 2376 1048 2429 sed
1085 2374 1420 2429 immundum
1453 2376 1754 2429 daemonem

173 2484 291 2521 cum
338 2468 606 2535 appellat,
654 2481 803 2519 more
851 2464 1104 2519 torrentis
1135 2465 1437 2519 trahentem
1471 2463 1755 2519 verborum

173 2558 520 2627 spurcitiam,
571 2570 732 2625 quem
773 2555 899 2609 etin
930 2555 1204 2610 Christum
1255 2555 1497 2624 perhibet
1537 2556 1756 2625 impium

173 2646 464 2710 exstitisse,
514 2656 568 2700 et
595 2644 745 2700 Judaz
774 2645 1048 2699 traditoris
1079 2660 1200 2700 csse
1228 2657 1556 2702 consortem.
1598 2647 1762 2701 Addit

172 2738 333 2790 etiam
375 2736 517 2805 quod
547 2747 801 2805 arguatur
831 2736 883 2789 in
918 2737 1085 2791 Deum
1130 2752 1318 2791 manus
1350 2737 1538 2807 impias
1575 2748 1769 2792 enen—

174 2827 341 2893 dissc,
370 2827 584 2896 etquod
608 2826 839 2880 Jacobus
861 2823 1134 2894 apostolus
1157 2826 1223 2881 de
1246 2827 1561 2895 quibusdam
1580 2842 1758 2881 rerum

172 2918 567 2971 mundanarutn
612 2917 820 2986 cupidis
851 2902 984 2970 dixit
1018 2933 1031 2969 :
1066 2915 1252 2971 Petitis
1281 2928 1329 2971 et
1359 2933 1460 2971 non
1505 2918 1758 2989 accipitis,

175 3022 229 3058 eo
256 3006 402 3075 quod
426 3008 554 3059 male
576 3008 755 3076 petatis
782 3005 919 3077 (Jac.
956 3023 1025 3075 tv,
1044 3007 1121 3077 ὖ),
1157 3008 1257 3062 hoc
1282 3008 1466 3062 beatus
1493 3008 1767 3077 Theophi-

177 3098 252 3151 lus
274 3098 496 3152 beatum
522 3097 777 3152 Joannem
806 3100 995 3153 asserit
1026 3098 1228 3153 dixisse
1250 3100 1315 3153 de
1337 3101 1571 3153 Christo.
1605 3117 1624 3151 ι
1654 3100 1765 3153 Αυο

1856 1931 1927 1972 est
1954 1935 2104 1989 super
2136 1928 2321 1972 terram
2369 1918 2498 1989 (Job
2530 1936 2620 1984 vtt,
2650 1919 2722 1990 1).
2761 1921 2890 1973 Nam
2922 1921 2966 1974 si
2991 1919 3111 1975 talia
3140 1920 3332 1974 talibus
3364 1938 3451 1975 ac-

1856 2011 2119 2074 ciderunt,
2153 2012 2275 2079 quid
2303 2012 2455 2063 nobis
2488 2012 2831 2065 metuendum
2884 2029 2989 2066 non
3022 2015 3112 2077 sit,
3168 2014 3449 2083 nostrique

1858 2100 2161 2155 similibus?
2190 2103 2258 2154 At
2279 2116 2377 2168 ego
2406 2101 2490 2154 hic
2514 2102 2830 2170 interrogari
2852 2102 3042 2156 vellem
3068 2102 3277 2171 judices
3311 2118 3456 2157 mor-

1861 2201 2094 2258 tuorum,
2128 2192 2215 2260 qui
2253 2193 2316 2244 ad
2362 2191 2776 2245 destructionem
2811 2192 3003 2263 synodi
3048 2192 3451 2247 Chalcedonen-

1858 2283 1933 2337 sis
1957 2298 2051 2337 nos
2083 2298 2291 2352 quoque
2330 2283 2514 2336 volunt
2563 2282 2630 2336 de
2675 2285 2900 2337 mortuis
2936 2283 3203 2353 judicare,
3235 2299 3338 2352 qua
3363 2298 3456 2338 ra-

1863 2376 2026 2440 tione,
2075 2389 2250 2444 quave
2297 2373 2523 2443 justitia,
2560 2373 2781 2428 lateresis
2830 2375 3081 2429 crimen“
3131 2375 3417 2444 deputetur
3448 2409 3464 2434 ν

1866 2466 2128 2537 Cyrillum
2186 2465 2386 2521 dixisse
2432 2480 2773 2533 conversum,
2803 2476 2857 2520 et
2881 2466 3209 2535 Theophilus
3236 2480 3338 2520 non
3366 2465 3458 2533 ju-

1862 2555 2103 2609 dicatur'
2148 2552 2451 2621 ltmrcticus,
2512 2555 2601 2625 qui
2658 2564 2902 2610 sanctum
2926 2555 3185 2610 Joannem
3218 2553 3452 2609 clarissi-

1863 2659 2008 2698 mum
2058 2643 2335 2699 doctorem
2388 2641 2637 2698 Ecclesiae
2686 2644 2884 2699 dixisse
2925 2644 3257 2707 criminatur,
3311 2645 3451 2713 quod

1860 2734 2107 2789 Christus
2155 2735 2408 2799 oraverit,
2453 2744 2506 2788 et
2536 2749 2640 2788 non
2691 2734 2850 2789 fuerit
2877 2735 3158 2793 cxauditus
3184 2735 3305 2804 quia
3339 2749 3449 2788 non

1863 2823 2000 2878 bene
2039 2824 2304 2886 oraverit;
2347 2832 2399 2878 et
2431 2824 2555 2877 talia
2589 2825 2928 2893 prmdicasse,
2960 2835 3015 2879 ut
3042 2826 3226 2880 Ariani
3256 2836 3309 2880 et
3344 2827 3450 2879 Eu-

1868 2916 2105 2970 nomiani
2135 2925 2318 2969 contra
2350 2914 2618 2970 Christum
2660 2916 2778 2986 ejus
2808 2916 3156 2987 blasphetniis
3186 2918 3454 2973 delecten-

1870 3016 1975 3073 tur,
2009 3006 2102 3061 sed
2133 3004 2301 3060 Judtei
2327 3016 2379 3061 et
2411 3006 2735 3072 idololatrcc;
2771 3018 2825 3061 et
2855 3009 2972 3077 quit
3005 3023 3069 3063 se
3095 3008 3330 3063 Judaiea:
3363 3014 3456 3065 im-

1870 3101 2056 3170 pietati
2090 3100 2391 3155 tradiderit.
2426 3099 2481 3154 Si
2516 3114 2643 3154 vero
2675 3100 2808 3153 nihil
2839 3100 3036 3155 habent
3070 3102 3208 3168 quod
3243 3117 3460 3169 respon-

176 3204 263 3243 sus
310 3196 428 3254 est,
479 3188 684 3256 inquit,
737 3189 917 3244 dicere
950 3190 1000 3243 in
1031 3190 1278 3255 ecclesia,
1332 3191 1474 3260 quod
1520 3191 1765 3246 Christus
1797 3207 1842 3269 ο
1875 3192 2060 3259 deant,
2092 3194 2343 3263 quoniam
2394 3192 2749 3261 Theophilum
2800 3207 2896 3262 pro
2947 3192 3193 3247 humanis
3256 3192 3465 3263 injuriis

179 3279 455 3342 oraverit,
507 3288 559 3332 et
602 3294 705 3332 non
752 3275 914 3331 fuerit
960 3279 1263 3346 exauditus,
1314 3281 1439 3350 quia
1488 3297 1595 3336 non
1637 3283 1774 3338 bene

180 3371 438 3424 oraverit.
478 3387 496 3420 ι
546 3368 675 3434 Quis
708 3370 1082 3424 haereticorum
1114 3370 1351 3425 deterius
1384 3371 1775 3441 blasphemavit

191 3479 350 3530 quam
409 3463 623 3516 beatum
680 3465 939 3518 Joannem
990 3462 1154 3518 refert
1208 3464 1396 3520 beatus
1446 3466 1776 3535 Theophilus

183 3552 615 3621 blasphemasse,
675 3569 831 3623 quem
882 3551 1114 3609 aflirmat
1158 3558 1430 3611 consortio
1473 3556 1494 3587 ³
1542 3556 1777 3612 Judaicae

184 3646 473 3713 impietatis
489 3647 828 3715 semetipsum
861 3646 1166 3713 tradidisse,
1194 3648 1459 3705 etoil‘erre
1477 3651 1778 3706 temeritate

182 3739 340 3792 solita
387 3738 529 3807 quod
568 3739 873 3794 obtulerunt
919 3740 1120 3807 Judaei,
1169 3742 1400 3811 seipsum
1458 3758 1525 3797 ac
1554 3744 1778 3813 papulas

184 3832 539 3899 decipientem
560 3872 574 3895 ,
630 3840 683 3885 et
712 3832 914 3885 Dathan
946 3840 1106 3901 atque
1135 3833 1338 3887 Abiron
1365 3834 1777 3888 attnulatorem‘l

189 3939 207 3970 ι
242 3922 466 3986 Audiat,
500 3922 687 3991 inquit,
716 3939 833 3977 cum
858 3922 1056 3978 Judaeis
1076 3963 1092 3989 ,
1127 3925 1378 3995 iniquitas
1401 3926 1422 3956 ’⁵
1446 3927 1776 3996 tnagnilicata

182 4023 265 4067 est
315 4013 496 4066 nimis.
550 4030 571 4066 ι
621 4012 819 4083 Adjicit
847 4014 1007 4068 etiam
1042 4014 1141 4067 hoc
1177 4032 1189 4068 :
1236 4033 1255 4066 ι
1292 4016 1469 4069 Ariani
1508 4027 1558 4069 ct
1602 4017 1781 4070 Euno-

184 4103 350 4155 miani
398 4112 583 4155 contra
632 4102 904 4157 Christum
945 4103 1165 4157 Joannis
1205 4105 1551 4173 blasphemiis
1595 4105 1777 4159 delec-

186 4193 583 4259 tantur;Jnd:ci
600 4205 649 4248 et
671 4195 965 4250 idololatria
988 4195 1261 4263 iustificati
1291 4208 1414 4250 sont
1444 4208 1529 4251 tua
1561 4214 1777 4267 compa-

183 4289 397 4341 ratione
427 4288 675 4357 gen'tles.
716 4307 733 4338 ι
782 4288 847 4341 Ει
894 4291 1083 4343 iterum
1138 4288 1268 4343 dicit
1310 4304 1324 4343 :
1364 4308 1382 4340 ι
1436 4292 1550 4343 Non
1601 4293 1771 4347 solum

184 4395 293 4432 non
328 4388 412 4432 est
437 4378 771 4434 Christianus
799 4380 1051 4445 Joannes,
1102 4381 1195 4435 sed
1227 4381 1374 4451 pejor
1404 4393 1484 4435 est
1514 4398 1637 4452 rege
1668 4384 1771 4437 Ba-

184 4470 430 4539 bylonio,
462 4471 628 4525 multo
646 4472 957 4526 sceleratior
973 4488 1129 4541 quam
1153 4474 1448 4539 Balthasar,
1477 4475 1769 4531 idololatris

1874 3286 2116 3357 judiiant
2165 3300 2269 3338 non
2300 3298 2421 3339 esse
2473 3284 2755 3338 dicenuum
2814 3284 3147 3351 hatreticum,
3172 3293 3270 3343 hoc
3299 3286 3462 3339 etiam

1880 3378 2140 3449 synodum
2199 3377 2694 3433 CilﬂlCBdOﬂCLSt‘nl
2742 3380 2793 3432 in
2865 3378 3090 3449 epistola
3144 3379 3463 3433 venerabilis

1881 3469 2270 3540 lbmjudicasse
2300 3470 2545 3524 desinant
2570 3471 2863 3526 criminari.
2900 3471 3066 3541 Ilujus
3096 3483 3274 3529 autem
3307 3490 3458 3529 vene-

1880 3563 2064 3617 rahilis
2086 3562 2370 3630 TheOphili
2414 3563 2494 3616 sui
2540 3564 2844 3619 decessoris
2872 3565 3058 3619 beatus
3093 3565 3321 3636 Cyrillus
3344 3582 3456 3620 sen-

1882 3653 2100 3705 tentiam
2152 3666 2404 3720 sequens,
2441 3654 2553 3721 ipse
2585 3654 2744 3707 etiam
2777 3663 2983 3721 postea,
3018 3656 3460 3722 quemadmodum

1880 3758 2070 3811 quare
2104 3742 2239 3796 libro
2268 3742 2569 3808 docuimus,
2603 3753 2789 3797 contra
2846 3743 3104 3811 judicium
3138 3759 3350 3813 quoque
3379 3760 3460 3799 se~

1881 3834 1962 3887 dis
1993 3834 2324 3901 apostolica},
2381 3848 2500 3903 qua:
2531 3848 2624 3901 per
2681 3833 3044 3889 beatissimum
3079 3850 3268 3903 papam
3304 3836 3462 3888 luno-

1879 3926 2108 3978 centium
2158 3924 2392 3993 prrcdicti
2420 3925 2586 3979 sancti
2634 3925 2857 3981 Joannis
2888 3927 2939 3979 in
2962 3927 3155 3981 exsilio
3178 3926 3456 3981 constituti

1880 4015 2277 4071 damnationem
2318 4017 2571 4081 solverat,
2600 4017 2794 4072 nomen
2824 4018 2939 4087 ejus
2964 4026 3084 4087 post
3128 4028 3352 4074 mortem
3383 4021 3463 4074 in-

1882 4118 1963 4161 ter
2009 4108 2098 4161 Dei
2153 4109 2458 4163 sacerdotes
2515 4109 2567 4163 itt
2600 4110 2866 4164 sacrificio
2914 4110 3128 4164 recitari
3161 4110 3463 4178 prohibuit;

1881 4210 1956 4263 et,
2015 4199 2151 4253 sicut
2200 4201 2315 4267 ejus
2369 4200 2623 4255 decessor
2667 4200 2995 4270 Theophilus
3050 4202 3257 4281 dixerat
3327 4205 3464 4271 quod

1879 4289 2062 4344 Ariani
2097 4290 2440 4359 blasphemiis
2491 4289 2608 4360 ejus
2654 4290 3080 4357 delectarentur,
3135 4292 3203 4346 ita
3260 4303 3312 4346 et
3355 4294 3464 4361 ipse
3555 4356 3558 4359 λ

1875 4396 1997 4436 eum
2028 4381 2277 4436 Eudoxio
2330 4383 2533 4437 Ariano
2562 4383 2817 4452 episcopo
2843 4387 3209 4454 comparavit;
3244 4402 3342 4441 nec
3374 4402 3465 4453 pro

1876 4475 1974 4528 hac
1996 4474 2394 4530 existimatione
2425 4476 2506 4529 vel
2539 4475 2904 4545 Theophilum
2935 4477 3213 4548 quisquam
3257 4480 3337 4533 vel
3367 4478 3465 4551 Cy-

182 4571 239 4615 et
266 4562 502 4616 ethnicis
529 4562 843 4618 sceleratior
879 4571 962 4617 est
998 4563 1251 4619 Joannes.
1303 4565 1457 4630 Tibi,
1491 4566 1600 4631 ait,
1635 4583 1768 4635 przn-
1802 4585 1849 4643 υ
1876 4565 2052 4620 rillum
2076 4565 2338 4635 judicavit
2361 4566 2696 4633 hmreticum,
2716 4567 2966 4636 quoniam
2992 4569 3151 4639 longe
3181 4570 3281 4624 alia
3309 4586 3466 4625 causa

181 4667 317 4707 scns
347 4652 655 4722 ignominia,
689 4662 884 4708 reterns
918 4655 969 4708 in
1002 4650 1196 4708 futuris
1222 4656 1429 4710 saeculis
1461 4672 1616 4725 paena
1648 4659 1771 4712 rcd-
1804 4684 1806 4687 τ

180 4743 368 4797 detur.
410 4761 428 4795 ι
467 4742 575 4797 lloe
602 4760 812 4813 quoque
839 4746 1008 4799 visum
1036 4754 1117 4799 est
1148 4755 1201 4799 et
1231 4748 1371 4801 idem
1405 4749 1560 4803 heato
1593 4750 1771 4805 Theo-

179 4836 343 4906 philo
390 4834 566 4890 dicere
608 4852 622 4888 :
669 4837 909 4890 Salvator
955 4838 1203 4891 clamavit
1251 4850 1305 4892 et
1355 4839 1521 4907 dixit,
1577 4842 1772 4898 Tollite

176 4929 493 4990 Joannem,
565 4937 621 4982 et
681 4927 874 4982 mittite
926 4928 977 4981 in
1032 4932 1278 4983 tenebras
1338 4933 1659 4987 exteriores.
1708 4936 1773 4987 Et

178 5020 387 5073 iterum
444 5036 455 5071 ε
526 5018 882 5094 Largissimos
940 5016 1158 5074 fomites
1209 5029 1333 5074 ante
1391 5023 1619 5077 tribunal
1679 5025 1772 5079 Dei

173 5125 290 5163 suo
358 5109 673 5164 ministravit
750 5109 1018 5165 incendio.
1094 5111 1159 5164 Et
1225 5111 1337 5166 haec
1409 5115 1590 5170 omnia
1667 5131 1771 5170 non

176 5201 520 5258 suffecerunt
566 5204 658 5259 ira:
706 5213 865 5275 atque
894 5203 1058 5258 furori
1089 5204 1131 5270 ',
1182 5205 1280 5258 nisi
1334 5204 1492 5259 etiam
1544 5208 1645 5262 hoc
1703 5207 1773 5263 de

177 5375 487 5447 permissus
514 5386 626 5451 est,
645 5392 959 5451 quamcum
990 5378 1397 5449 Chrysostomo,
1431 5381 1551 5448 ejus
1581 5382 1769 5451 imagi-

174 5462 319 5501 nem
367 5449 688 5513 venerando,
738 5449 934 5503 rediret
975 5452 1027 5503 in
1067 5458 1320 5517 gratiam,
1370 5461 1424 5505 ut
1468 5465 1529 5507 ex
1579 5449 1763 5509 Isidori

260 5601 277 5630 ¹
329 5600 465 5673 de.
500 5600 716 5673 Veram,
749 5618 914 5656 causa!
942 5605 1229 5659 necessitas.
1282 5670 1283 5673 η

254 5673 281 5704 ³
334 5670 472 5724 idem
505 5671 648 5737 cod.,
677 5672 809 5726 beati
845 5673 1133 5741 Theophili.

260 5741 286 5770 ³
338 5740 476 5793 Idem
505 5741 624 5796 cod.
643 5782 660 5807 ,
708 5746 858 5795 etiam
888 5740 1159 5797 consortio.

261 5811 289 5841 ⁵
335 5809 474 5864 Idem
498 5814 643 5879 cod.,
673 5813 911 5883 ἱηὶιμιὶιαε
942 5822 1049 5867 tua.

1872 4666 1954 4712 est
1980 4673 2097 4727 qua:
2128 4668 2361 4713 meretur
2393 4660 2491 4713 hoc
2524 4673 2740 4713 nomen.
2766 4659 2918 4727 Quod
2956 4662 3118 4717 etiam
3148 4672 3334 4717 sancta
3374 4678 3464 4735 sy-

1873 4753 2044 4807 nodus
2091 4759 2141 4808 in
2200 4753 2424 4824 epistola
2477 4755 2803 4811 venerabilis
2831 4756 2937 4811 lbm
2965 4758 3339 4819 considerans,
3370 4773 3466 4811 ne-

1873 4846 2058 4915 glcctis
2089 4854 2248 4913 atque
2300 4844 2621 4914 posthabitis
2674 4845 2908 4900 hominis
2951 4848 3019 4902 de
3051 4848 3262 4901 homine
3285 4846 3463 4914 suspi-

1875 4937 2138 5002 cionibus,
2172 4951 2267 5005 pro
2291 4951 2411 4991 vera
2444 4936 2759 4992 Christiana:
2789 4937 2913 4991 fidei
2942 4938 3279 4992 confessione
3303 4953 3462 5006 quant

1876 5028 2137 5092 continet,
2184 5042 2301 5080 eam
2348 5028 2711 5096 pronuntiavit
2758 5029 3135 5082 orthodoxam.
3192 5027 3321 5092 Quae
3365 5026 3465 5081 hoc

1876 5120 2036 5175 etiam
2067 5120 2405 5188 prospexisse
2430 5118 2694 5174 credenda
2726 5128 2827 5183 est,
2856 5117 3122 5187 quoniam
3153 5120 3193 5171 si
3227 5132 3341 5171 eam
3371 5132 3465 5184 pro

1877 5210 2150 5265 levissima
2209 5221 2262 5265 et
2311 5210 2572 5281 praeterita
2623 5209 2930 5278 suspicione
2982 5222 3140 5277 quam
3200 5207 3266 5262 de
3307 5209 3465 5262 beato

1877 5385 2089 5440 diaconi
2117 5387 2549 5456 Chrooographia
2583 5395 2761 5440 narrat
2792 5385 3175 5456 Damascenus,
3218 5387 3294 5444 De
3326 5389 3463 5443 ittta~

1874 5458 2084 5525 ginibus
2115 5460 2206 5513 lib.
2241 5474 2318 5524 ιιι,
2348 5470 2616 5513 extremo.

1950 5614 1971 5688 ξ
2011 5613 2151 5688 idem
2183 5617 2304 5669 cod.
2336 5657 2352 5681 ,
2398 5617 2560 5686 furori
2588 5616 2880 5688 TlteOpltilr'.

1950 5683 1971 5713 ⁶
2012 5686 2150 5737 ltletn
2186 5688 2332 5752 00th,
2363 5683 2582 5739 crimini.

1958 5753 1976 5785 '
2018 5754 2158 5808 idem
2190 5757 2307 5810 cod.
2335 5794 2351 5820 ,
2378 5758 2597 5813 dicatur.
