3962 6196
493 316 592 371 679

1580 293 1879 354 FACUNBI
1923 291 2134 348 EI’ISC.
2179 286 2685 348 llERMlANENSIS

3671 285 3769 342 680

494 430 695 502 Cyrillo
722 441 842 482 cum
889 419 1255 479 Orientalibus
1306 416 1757 484 diversarumque
1792 408 2091 480 provincia-
2122 413 2166 469 Α
2200 420 2266 460 ne
2288 419 2423 475 quos
2476 404 2561 457 hic
2591 399 2771 466 modo,
2806 397 2897 453 ubi
2944 395 3097 452 nobis
3128 394 3307 450 omnia
3341 395 3525 457 licent.
3557 397 3651 451 sed
3679 413 3778 456 non

496 538 615 579 rum
670 516 938 587 episcopis
989 513 1326 580 conscriptor
1365 508 1485 577 ejus
1537 506 1740 570 habuit,
1786 502 2089 557 bmreticam

496 614 782 685 iudicaret,
817 608 984 661 multo
1035 605 1205 672 magis
1259 602 1447 657 eadem
1510 599 1717 653 ratione
1764 593 2091 662 TheOpbilus

496 706 825 776 judicaretur
872 697 1179 761 haereticus,
1228 695 1315 763 qui
1372 693 1506 747 dixit
1549 691 1811 746 Joannem
1855 688 1906 740 in
1931 685 2094 739 Chri-

497 811 638 854 stum
669 795 890 864 impium
920 791 1213 854 exstitisse,
1244 797 1299 842 et
1329 802 1516 840 ausum
1551 784 1715 839 fuisse
1762 784 1814 836 in
1867 778 2095 835 ecclesia

499 891 699 954 dicere,
747 886 891 957 quod
948 884 1197 938 Christus
1243 881 1576 945 oraverit,et
1608 891 1711 933 nou
1746 864 1910 929 fuerit
1940 887 2097 928 exau-

501 982 664 1045 ditus,
693 979 812 1048 quia
847 992 951 1030 non
986 975 1121 1028 bene
1153 972 1418 1035 oraverit;
1451 978 1507 1024 et
1537 970 1662 1038 quia
1691 966 1873 1026 Ariani
1906 972 1962 1021 et
1985 956 2099 1019 Eu-

503 1071 736 1125 nomiani
781 1076 967 1123 contra
1006 1063 1280 1121 Christum
1310 1061 1425 1128 ejus
1456 1057 1810 1127 blasphctniis
1855 1056 2099 1112 delecta-

503 1175 709 1225 rentur,
738 1160 910 1217 .ludazi
962 1171 1174 1225 quoque
1205 1168 1253 1210 et
1290 1152 1609 1207 idololatrae.
1639 1149 1805 1217 Cujus
1837 1162 1936 1203 nec
1966 1149 2100 1203 levis

507 1269 557 1310 et
587 1252 893 1309 transitoria
948 1248 1046 1303 fuit
1092 1248 1192 1301 ista
1215 1243 1466 1313 suspicio,
1515 1241 1607 1295 sed
1651 1254 1807 1310 quam
1834 1253 1932 1293 suo
1963 1254 2099 1308 quo-

508 1361 611 1416 que
640 1341 940 1398 successori
982 1338 1183 1409 Cyrillo
1213 1335 1530 1400 transmisit,
1579 1341 1717 1386 utet
1740 1332 1854 1400 ipse
1884 1346 2007 1386 eum
2034 1330 2103 1385 de

510 1434 886 1492 ecclesiasticis
938 1432 1109 1484 muris
1160 1428 1472 1482 excluderet
1517 1427 1556 1488 ¹,
1614 1434 1666 1479 et
1706 1423 1896 1495 Judam
1946 1432 2106 1490 atque

512 1530 821 1586 Jechoniant
870 1526 1094 1587 diceret,
1146 1537 1208 1575 ac
1243 1519 1547 1589 profanum,
1581 1506 1634 1571 et
1678 1516 1918 1571 Eudoxio
1948 1516 2105 1569 Aria-

515 1637 703 1677 norum
760 1619 1016 1687 episc0po
1061 1614 1308 1670 crederet
1354 1610 1757 1666 conferendum.
1810 1608 1925 1662 Non
1976 1620 2107 1674 ergo

516 1713 655 1781 iuste
704 1710 897 1763 dicitur
921 1714 1105 1760 sancta
1153 1702 1387 1774 synodus
1418 1699 1699 1769 epistolam
1724 1698 1831 1751 lbae
1881 1711 1975 1766 pro
2014 1711 2105 1750 su—

2193 498 2370 550 omnia
2412 492 2728 562 expediunt,
2771 489 3099 559 judicamus,
3131 502 3255 543 cum
3302 486 3547 556 judicare
3587 493 3784 546 venerit

2196 587 2362 642 Filius
2395 585 2627 640 hominis
2656 583 2710 637 in
2742 581 3023 650 majestate
3048 594 3163 646 sua,
3188 589 3246 636 et
3265 594 3451 634 omnes
3467 582 3644 651 angeli
3673 598 3785 639 cum

2194 693 2282 743 eo,
2311 686 2365 733 et
2390 674 2859 747 congregabuntur
2906 682 3033 727 ante
3079 686 3200 727 eum
3224 686 3416 726 omnes
3444 682 3662 742 gentes,
3691 674 3782 741 ipsi

2194 772 2306 825 sint
2332 769 2545 840 judices
2599 767 2791 822 nostri.
2844 764 3051 821 Adesse
3077 772 3257 819 autem
3290 763 3445 819 nobis
3474 763 3642 818 debet
3669 767 3784 820 etin

2199 866 2301 919 hoc
2328 864 2447 921 loco
2496 862 2584 917 illa
2637 861 2777 916 ratio
2806 868 2968 926 atque
2998 857 3311 922 similitudo,
3342 871 3501 926 quam
3543 858 3603 910 in
3645 871 3787 927 supe-

2198 956 2326 1012 riori
2375 956 2515 1010 libro
2563 954 2834 1019 dedimus,
2867 967 2989 1007 cum
3020 950 3090 1007 de
3136 950 3550 1007 interlocutione
3580 965 3788 1006 venera-

2200 1050 2323 1105 bilis
2351 1047 2584 1104 Anatolii
2613 1044 3195 1114 Constantiitopolitani
3215 1044 3471 1099 antistitis
3494 1059 3787 1116 ageremus,

2201 1154 2304 1208 qua
2333 1136 2702 1209 pronuntiavit
2746 1135 3063 1190 Dioscorutn
3098 1150 3203 1188 non
3231 1149 3329 1202 pro
3366 1134 3470 1189 fide
3500 1149 3630 1190 esse
3658 1135 3789 1189 dam-

2203 1242 2414 1287 natum:
2467 1230 2723 1301 quoniam
2773 1229 2913 1284 sicut
2960 1242 3082 1281 eum
3136 1227 3445 1280 ltmreticum
3499 1241 3611 1280 non
3659 1226 3789 1293 fecit,

2203 1324 2342 1393 quod
2374 1323 2543 1391 ipsum
2593 1322 2901 1376 Dioscorum
2929 1334 2959 1371 a
2984 1317 3202 1386 perfidia
3222 1318 3333 1372 fieri
3368 1317 3597 1372 voluerit
3627 1332 3784 1373 excu-

2206 1423 2404 1479 satum,
2453 1427 2517 1468 eo
2544 1412 2685 1479 quod
2736 1411 2877 1465 aliud
2905 1411 2976 1465 sit
3021 1410 3145 1464 ideo
3170 1410 3476 1463 haereticum
3517 1422 3787 1476 excusare,

2207 1507 2349 1578 quod
2381 1505 2677 1561 catholicus
2731 1512 2974 1573 putetur,
3028 1510 3083 1556 et
3129 1500 3271 1555 aliud
3328 1502 3495 1570 ipsam
3554 1501 3787 1556 haeresim

2210 1598 2437 1669 probare
2462 1606 2621 1666 atque
2647 1595 2967 1653 defendere:
3001 1594 3068 1647 ita
3108 1607 3207 1647 nec
3231 1592 3457 1661 epistola
3480 1592 3789 1648 venerabilis

2210 1690 2317 1744 lbae
2349 1688 2517 1757 potuit
2551 1686 2800 1743 haeretica
2828 1685 2971 1755 juste
3001 1684 3192 1749 videri,
3228 1686 3308 1737 vel
3331 1684 3376 1738 si
3410 1698 3514 1738 non
3544 1699 3668 1739 rem
3709 1698 3791 1754 με

516 1775 749 1875 spicione
780 1800 1034 1873 quamde
1059 1799 1212 1853 beato
1239 1796 1438 1866 Cyrillo
1482 1792 1814 1860 conscriptor
1844 1789 1959 1859 ejus
1981 1803 2103 1842 cum
2140 1778 2182 1837 Β
2208 1790 2366 1845 stam,
2398 1790 2552 1847 prout
2583 1779 2633 1832 in
2664 1788 2902 1846 tempore
2934 1776 3106 1831 visum
3130 1784 3231 1842 est,
3264 1788 3533 1840 narrasse,
3565 1776 3665 1830 sed
3682 1775 3791 1831 bea-

517 1898 701 1953 multis
747 1892 1031 1963 aliquando
1090 1889 1295 1954 habuit,
1348 1886 1496 1940 velut
1529 1884 1835 1938 hareticam
1866 1878 2117 1935 debuisse

520 1988 801 2042 damnare:
834 1999 956 2037 cum
1007 1982 1207 2050 potius,
1242 1978 1286 2032 si
1318 1976 1421 2029 hoc
1467 1980 1839 2044 praesumeret,
1874 1970 2003 2024 hinc
2032 1970 2115 2037 ip-

520 2096 639 2135 sum
673 2079 885 2132 beatum
918 2074 1196 2144 Cyrillum,
1248 2069 1388 2140 quod
1433 2069 1539 2136 jam
1591 2080 1735 2135 stepe
1764 2072 2116 2117 monstratum

522 2180 628 2235 est,
662 2170 865 2223 faceret
893 2165 1063 2221 videri
1091 2161 1473 2218 damnabilem.
1507 2159 1637 2225 Quis
1678 2156 1819 2211 enim
1854 2154 1938 2209 vel
1971 2156 2115 2222 ipso-

526 2280 644 2318 rum
692 2257 1133 2315 calumniantium
1164 2262 1322 2322 neget
1351 2251 1492 2321 quod
1522 2250 1763 2319 graviora
1796 2246 2023 2317 Cyrillus
2052 2244 2120 2299 de

527 2361 713 2407 sancto
735 2350 941 2405 JOanne
972 2359 1129 2414 quam
1154 2343 1272 2397 lbas
1301 2342 1367 2395 de
1397 2339 1594 2410 Cyrillo
1617 2335 1968 2405 conscripsit?
1999 2334 2121 2388 llaec

528 2456 707 2499 autem
731 2441 980 2497 scandala
1021 2439 1106 2494 vel
1150 2434 1437 2506 qurelibet'
1469 2432 1662 2486 merito
1710 2443 1809 2486 nos
1850 2426 2123 2483 offendunt

526 2535 579 2589 in
611 2533 877 2596 Patribus,
910 2544 1046 2599 quos
1086 2535 1338 2595 tanquam
1370 2521 1652 2576 luminaria
1677 2520 1817 2574 Deus
1849 2519 1900 2570 in
1932 2516 2119 2589 Eccle-

527 2626 603 2679 sia
632 2639 725 2678 sua
779 2621 1077 2683 constituit,
1128 2626 1192 2671 ut
1240 2629 1425 2671 eorum
1478 2612 1719 2681 desuper,
1757 2608 2122 2663 illuminemur

528 2715 814 2773 excellenti
866 2712 1091 2769 scientia
1125 2720 1285 2779 atque
1318 2708 1582 2772 doctrina,
1620 2707 1697 2760 sic
1724 2702 1967 2758 habenda
1990 2700 2121 2756 mihi

531 2810 799 2875 videntur,
825 2807 962 2860 sicut
994 2806 1233 2872 ipsorum
1267 2815 1482 2871 quoque
1510 2797 1851 2852 luminarium
1882 2795 2002 2849 ςαξὶὶ
2032 2793 2124 2847 de-

531 2903 730 2958 fectus:
787 2914 906 2968 qua!
957 2898 1080 2952 licet
1108 2907 1491 2963 nonnunquam
1525 2888 1826 2960 splendoris
1851 2888 1933 2941 sui
1960 2885 2125 2940 detri-

534 3000 709 3047 menta
759 2989 1078 3054 sustineant,
1131 2999 1237 3039 non
1296 2993 1476 3038 tamen
1540 2982 1794 3033 amittunt
1842 2977 2123 3033 luminaria

535 3097 653 3139 esse
703 3082 843 3151 quod
890 3088 1036 3133 sunt.
1088 3078 1156 3129 Et
1195 3075 1387 3131 crebro
1436 3072 1651 3142 quidem
1700 3070 1893 3123 accidit
1937 3078 1994 3122 ut
2024 3069 2124 3121 ista

2222 1882 2333 1925 tum
2398 1870 2652 1940 Cyrillum
2696 1881 2953 1923 accusare
2995 1866 3015 1896 ³
3067 1868 3337 1920 firmetur:
3385 1880 3451 1921 eo
3482 1864 3629 1935 quod
3671 1865 3791 1920 aliud

2219 1963 2292 2017 sit
2314 1961 2433 2016 ideo
2453 1973 2707 2015 accusare
2734 1958 3079 2026 catholicum,
3099 1955 3240 2026 quod
3270 1955 3555 2010 haereticus
3576 1963 3793 2024 putetur,

2219 2052 2437 2110 etaliud
2486 2053 2656 2120 ipsam
2690 2049 2995 2119 improbare
3043 2062 3107 2103 ac
3151 2046 3551 2116 reprehendere
3581 2047 3792 2101 catholi-

2220 2162 2336 2201 carn
2376 2144 2558 2199 ﬁdem.
2608 2144 2673 2197 Et
2691 2142 2831 2198 sicut
2876 2139 3200 2195 venerabilis
3242 2139 3478 2194 Anatolii
3510 2138 3794 2194 defensioni

2223 2237 2447 2309 profecit
2494 2235 2633 2304 quod
2684 2234 2755 2289 ibi
2776 2233 3030 2298 diximus,
3063 2231 3184 2301 quia
3220 2240 3397 2300 potest
3424 2231 3693 2286 castitatis
3716 2246 3795 2300 ap-

2223 2331 2477 2400 probator
2502 2336 2665 2397 atque
2708 2326 2932 2382 dilector
2980 2340 3086 2379 non
3133 2323 3423 2394 approbata
3457 2323 3798 2379 fornicatione

2225 2420 2629 2485 fornicatorem,
2674 2418 2801 2474 dum
2851 2417 2906 2472 in
2955 2430 3181 2486 persona
3233 2416 3449 2482 fallitur,
3484 2416 3797 2486 approbare:

2225 2516 2296 2568 ita
2326 2513 2486 2569 etiam
2518 2509 2937 2567 reverentissimi
2988 2507 3114 2573 lbte,
3145 2514 3199 2562 et
3227 2496 3546 2561 cancrorum
3571 2507 3800 2563 Orienta-

2205 2604 2374 2669 lium,
2407 2610 2566 2670 atque
2594 2600 2820 2656 aliarum
2864 2599 3261 2669 provinciarum
3303 2597 3609 2652 antistitum
3638 2596 3801 2652 defen-

2226 2694 2367 2750 sioni
2393 2692 2659 2763 proficiat,
2687 2690 2830 2761 quod
2862 2690 3058 2745 ibidem
3087 2698 3478 2759 consequenter
3499 2688 3802 2758 adjecimus,

2226 2787 2351 2857 quia
2382 2794 2557 2853 potest
2578 2784 2841 2840 castitatis
2880 2781 3205 2852 approbatur
3242 2793 3402 2847 atque
3433 2781 3687 2847 dilector,
3708 2795 3802 2833 non

2228 2880 2527 2949 improbata
2558 2877 2825 2945 castitate,
2873 2884 3104 2939 castum,
3128 2875 3254 2929 dum
3280 2874 3333 2927 in
3362 2887 3596 2943 persona
3624 2872 3803 2928 simili-

2230 2984 2311 3030 ter
2334 2973 2557 3041 fallitur,
2613 2970 2939 3041 improbare.
2992 2968 3125 3023 Nam
3154 2968 3199 3022 si
3247 2976 3274 3005 ι
3308 2967 3634 3022 venerabilis
3678 2966 3805 3032 lbas,

2228 3069 2341 3122 sive
2366 3065 2461 3119 alii
2505 3078 2641 3132 quos
2671 3061 3086 3117 memoravimus
3131 3058 3435 3115 Orientales
3486 3058 3807 3128 aliarumque

533 3189 745 3246 quoque
778 3171 1033 3226 Ecclesiae
1061 3167 1364 3229 luminaria,
1396 3166 1647 3235 quoniam
1694 3163 1859 3216 multa
1887 3176 1919 3214 a
1968 3159 2124 3213 nobis
2153 3159 2197 3221 C
2231 3156 2625 3227 provinciarum
2668 3154 2924 3223 episcopi,
2971 3153 3023 3208 in
3070 3166 3300 3222 persona
3342 3151 3522 3220 potius
3544 3150 3683 3207 beati
3712 3151 3809 3221 Cy-

537 3263 854 3322 celsitudine
880 3257 1217 3329 separantur,
1267 3270 1363 3326 pro
1391 3255 1623 3324 quodam
1652 3264 1845 3306 nostrae
1877 3250 2125 3319 ignoran-

538 3359 624 3411 tite
657 3355 864 3417 nubilo,
915 3367 1037 3407 cum
1090 3350 1145 3406 in
1201 3365 1259 3405 se
1305 3345 1639 3417 splendentia
1663 3354 1933 3407 maneant,
1974 3342 2126 3396 nobis

541 3448 820 3502 videantur
866 3446 1113 3498 obscura.
1172 3442 1440 3496 llabeatnr
1487 3439 1665 3505 itaque
1715 3435 1861 3489 velut
1913 3434 2127 3503 eclipsis

540 3538 784 3605 muniam
816 3533 1159 3588 luminarium
1187 3528 1473 3597 Theophili
1521 3538 1575 3581 et
1602 3524 1810 3596 Cyrilli,
1845 3524 1985 3593 quod
2020 3532 2127 3578 tam

542 3626 817 3683 horribilia
850 3624 918 3679 de
943 3638 1135 3693 magno
1164 3620 1414 3675 luminari
1445 3620 1651 3687 Joanne
1670 3618 2125 3685 Const_ant7n0po-

542 3719 707 3773 ιὶιιιιιο
730 3715 888 3770 locuti
922 3722 1065 3769 sunt.
1097 3714 1369 3768 llabeatur
1392 3712 1554 3767 etiam
1584 3710 1750 3764 altera
1774 3710 1987 3779 eclipsis
2015 3708 2124 3763 vel-

544 3818 599 3864 ut
648 3808 989 3863 lutninariutn
1052 3804 1399 3859 Orientalium
1465 3803 1578 3856 sive
1633 3801 1863 3859 aliorum
1914 3800 2128 3854 Patrum

542 3903 629 3971 qui
657 3917 723 3955 cu
748 3919 778 3953 ιι
820 3899 897 3954 cis
926 3914 990 3954 ex
1016 3899 1242 3953 diversis
1269 3895 1559 3966 provinciis
1578 3902 1960 3963 convenerant,
1990 3892 2131 3963 quod

543 3996 907 4065 intelligentiae
932 3992 1141 4048 defectu
1173 3992 1444 4063 paululum
1470 3990 1759 4057 obscurati,
1789 3989 1947 4044 aliter
1970 4002 2131 4057 quam

543 4103 630 4143 res
672 4088 857 4142 habuit
904 4086 970 4139 de
1021 4085 1284 4139 luminare
1313 4082 1522 4154 Cyrillo
1550 4084 1970 4136 aestimaverunt.
2001 4082 2131 4135 Nam

544 4192 680 4248 quos
703 4177 949 4229 Christus
983 4175 1033 4227 in
1068 4174 1322 4228 Ecclesiae
1352 4188 1464 4227 sua:
1500 4171 1679 4230 Stabili
1706 4187 1854 4240 pace,
1883 4180 2133 4241 tauquam

547 4270 599 4323 in
641 4267 763 4322 C(Bll
837 4267 1179 4319 ﬁrmamento
1235 4264 1485 4328 servavit,
1538 4275 1636 4316 nos
1677 4262 1922 4316 venerari
1975 4273 2136 4330 atque

545 4362 824 4428 suscipere
868 4367 1112 4427 oportet;
1148 4372 1248 4412 nec
1270 4357 1338 4411 de
1366 4357 1586 4411 illorum
1615 4356 1996 4410 controversiis
2022 4355 2136 4424 jam

553 4452 721 4506 finitis
743 4452 948 4505 infinita
981 4466 1199 4505 movere
1237 4450 1553 4514 certamina,
1575 4458 1631 4503 et
1654 4458 1856 4503 temere
1882 4448 2134 4503 condem-

2230 3247 2334 3301 rilli
2358 3262 2517 3314 quam
2539 3246 2590 3299 in
2616 3244 2729 3313 ipsa
2753 3244 2875 3299 ﬁdei
2904 3242 3086 3310 regula
3110 3241 3451 3308 fallebantur,
3485 3244 3624 3298 sicut
3650 3244 3803 3297 etiam

2231 3338 2347 3407 ipse
2396 3336 2630 3407 Cyrillus
2680 3350 2802 3390 cum
2851 3334 3152 3404 Theophila
3206 3334 3489 3389 fallebatur
3543 3335 3597 3389 in
3662 3334 3808 3389 beato

2229 3426 2470 3493 Joanne;
2521 3426 2663 3497 quod
2710 3427 2870 3481 etiam
2897 3436 3078 3481 sancta
3109 3427 3345 3496 synodus
3374 3426 3652 3489 intellexit,
3681 3436 3735 3481 ut
3759 3436 3808 3481 et

2232 3521 2374 3576 illius
2429 3520 2711 3590 epistolam
2764 3519 3137 3591 pronuntiaret
3191 3519 3567 3585 orthodoxam,
3624 3529 3677 3574 et
3698 3520 3809 3574 illos

2232 3622 2538 3683 acceptaret
2564 3623 2626 3668 ut
2674 3614 2879 3669 Patres.
2912 3612 3020 3670 Nos
3049 3622 3251 3683 autem,
3302 3628 3400 3683 per
3425 3614 3806 3668 contentionem

2232 3715 2288 3760 et
2312 3706 2522 3763 inanem
2552 3706 2773 3776 gloriam
2817 3721 2976 3776 quam
3032 3706 3228 3775 passim
3268 3707 3430 3762 etiam
3461 3704 3530 3761 de
3561 3721 3803 3775 praesunt-

2237 3798 2418 3866 ptione
2446 3798 2700 3868 gestimus
2731 3796 3027 3867 acquirere,
3062 3797 3410 3867 sapientiores
3437 3813 3536 3852 nos
3569 3806 3704 3852 tanta
3723 3812 3808 3868 sy-

2237 3890 2376 3944 nodo
2401 3889 2727 3958 judicantes,
2758 3889 3086 3944 levissimam
3117 3890 3185 3945 de
3214 3904 3440 3958 persona
3464 3889 3807 3959 suspicionem

2238 3982 2503 4037 traximus
2552 3986 2618 4035 ad
2670 3982 2904 4051 regulam
2940 3981 3083 4047 fidei,
3136 3989 3191 4036 et
3241 3995 3347 4036 non
3374 3982 3525 4051 quasi
3573 3981 3808 4036 festucam

2237 4074 2482 4128 auximus
2514 4074 2564 4127 in
2598 4072 2825 4139 trabem,
2860 4088 2979 4142 qua:
3000 4073 3045 4127 si
3077 4088 3182 4127 non
3216 4071 3455 4142 ejusdem
3488 4070 3805 4142 quantitatis,

2236 4166 2479 4235 ejusdem
2507 4174 2682 4220 tamen
2713 4174 2798 4219 est
2848 4165 3082 4235 generis,
3112 4164 3205 4219 sed
3248 4163 3697 4234 contemptibilem
3722 4163 3808 4215 sti-

2242 4258 2419 4325 pulam
2477 4258 2529 4311 iu
2580 4258 2848 4327 ingentem
2902 4257 3162 4311 vertimus
3208 4257 3454 4321 arietem,
3515 4255 3603 4324 qui
3657 4262 3806 4307 totum

2241 4350 2466 4404 Romani
2498 4352 2680 4405 orbem
2732 4350 2945 4419 imperii
2980 4348 3175 4403 frustra
3205 4358 3447 4418 quateret
3475 4358 3633 4418 atque
3668 4360 3811 4400 vexa-

2243 4452 2345 4496 ret.
2368 4441 2498 4508 Quis
2546 4452 2721 4495 autem
2770 4441 2931 4509 digne
2961 4439 3349 4505 consideraret,
3389 4438 3508 4508 quis
3534 4438 3703 4493 verbis
3725 4451 3811 4489 ex-

550 4559 681 4599 nare
714 4554 973 4611 mortuos,
1029 4543 1198 4613 magis
1236 4552 1413 4597 autem
1443 4543 1683 4613 cogitare
1710 4557 1805 4597 nos
1827 4546 2136 4608 morituros,
2170 4535 2220 4595 D
2248 4535 2449 4603 plicare
2494 4534 2791 4597 sufliceret,
2835 4546 2999 4602 quam
3030 4532 3300 4601 sapienter
3328 4531 3394 4585 ad
3428 4529 3807 4585 instructionem

551 4644 603 4692 et
629 4633 849 4689 credere
880 4633 1087 4703 potius,
1127 4632 1271 4699 quod
1303 4634 1483 4703 pietati
1522 4632 1774 4688 convenit
1796 4630 2139 4698 Christianze,

549 4728 674 4798 quia
726 4741 823 4793 pro
854 4725 965 4781 suis
994 4727 1045 4780 in
1089 4724 1330 4780 Ecclesia
1367 4724 1564 4779 Christi
1591 4723 1885 4788 laboribus,
1912 4734 1961 4778 et
1992 4723 2139 4792 pacis

550 4818 746 4874 merito
796 4832 959 4886 quam
1010 4817 1112 4884 ipsi
1161 4813 1888 4875 servaveruntEcclesize.si
1921 4814 2049 4882 quid
2083 4812 2137 4867 in

549 4910 755 4979 aliquas
787 4907 1029 4977 privatim
1064 4919 1342 4976 personas,
1375 4921 1480 4959 non
1531 4905 1699 4959 livore
1728 4904 2013 4964 diabolico,
2042 4904 2137 4958 sed

552 5002 785 5056 humano
823 5013 1009 5053 errore
1051 5004 1331 5065 peleantcs
1376 4994 1663 5049 emendare
1713 5009 1817 5047 non
1852 5001 2140 5061 potuerunt

551 5100 838 5160 antejuam
868 5091 933 5145 de
964 5090 1060 5144 hac
1091 5090 1195 5141 vita
1244 5086 1559 5150 transirent,
1592 5083 1919 5154 indulgentia
1960 5083 2141 5138 Domi-

553 5184 605 5238 ni
636 5186 962 5247 remittente,
1015 5198 1174 5247 qnem
1211 5182 1415 5248 ιιι-ρελιτί
1454 5194 1559 5233 non
1600 5178 1919 5233 desinebant
1964 5187 2021 5231 ut
2047 5178 2138 5232 de-

555 5274 676 5326 licta
704 5276 1001 5343 juventntis
1020 5288 1205 5327 eorum
1228 5282 1283 5327 et
1307 5273 1623 5341 ignorantia:
1652 5287 1757 5324 nou
1772 5270 2136 5347 meminisset,

554 5362 606 5417 in
655 5363 838 5433 requie
886 5366 993 5418 sint
1022 5364 1159 5433 apud
1211 5380 1353 5428 eam,
1385 5370 1759 5433 exspectantes
1804 5363 1978 5417 securi
2007 5359 2145 5429 judi—

552 5457 694 5512 ciutn
746 5460 1109 5514 retributionis
1148 5469 1382 5515 retentat.
1418 5459 1571 5515 Unde
1598 5466 1840 5515 metuere
1877 5458 2137 5514 debemus

628 5644 655 5673 ι
695 5635 859 5690 Forte
886 5638 978 5689 sic.

630 5755 646 5785 ¹
686 5753 819 5807 Cod.
838 5754 1054 5819 Veron.,
1070 5754 1349 5807 exchtsum.

629 5825 652 5856 ¹
691 5824 836 5879 ltlcm
858 5824 973 5881 Cod.
1000 5832 1014 5890 ,‘
1040 5826 1271 5890 qualibet
1295 5825 1491 5892 aliqua.

2251 4624 2748 4693 praedestinatorum
2800 4623 3030 4676 humana
3079 4638 3292 4693 quoque
3347 4622 3641 4694 ignorantia
3690 4622 3809 4673 Deus

2249 4726 2451 4783 utatur,
2479 4716 2633 4786 cujus
2662 4717 3003 4783 omnipmens
3033 4716 3245 4771 bonitas
3277 4720 3329 4771 in
3361 4732 3603 4787 magnam
3636 4715 3806 4769 utilita-

2250 4820 2379 4873 tem,
2435 4822 2555 4863 cum
2618 4808 2867 4875 voluerit,
2914 4806 3072 4862 noxia
3121 4822 3346 4877 quasque
3398 4807 3693 4862 convertit?
3731 4803 3809 4857 Illa

2248 4918 2479 4969 namque
2506 4902 2574 4957 de
2606 4903 2765 4956 beato
2805 4901 3008 4971 Cyrillo
3048 4900 3495 4955 consacerdotum
3542 4899 3655 4969 ejus
3684 4898 3810 4965 igno-

2250 4992 2443 5057 rantia,
2484 5006 2604 5062 qtae
2653 4991 2769 5061 paci
2820 4989 3185 5045 Ecelesiarum
3232 4990 3523 5060 aliquando
3572 4986 3808 5043 contraria

2253 5083 2446 5151 fuerat,
2503 5082 2548 5138 si
2583 5083 2704 5152 quis
2753 5083 2890 5138 bene
2920 5082 3247 5149 consideret,
3282 5083 3614 5137 instructioni
3647 5079 3805 5135 Eccle-

2248 5178 2345 5234 siae
2373 5193 2515 5234 nunc
2538 5179 2935 5248 assertionique
2964 5178 3193 5247 proficit.
3226 5176 3543 5235 Evidentius
3570 5178 3703 5232 enim
3722 5175 3805 5227 do~

2249 5285 2558 5329 cumentutu
2606 5284 2689 5329 est
2733 5289 2874 5329 verae
2926 5273 3071 5337 fidei.
3127 5275 3180 5329 si
3209 5274 3352 5329 inter
3382 5288 3442 5328 se
3464 5269 3807 5329 dissrdentinm

2251 5383 2409 5437 quam
2441 5368 2486 5422 si
2538 5376 2847 5438 pacatorum
2899 5367 3204 5423 inveniatur
3232 5367 3419 5423 eadem
3469 5368 3535 5423 de
3564 5367 3644 5421 illa
3670 5364 3810 5418 fuisse

2253 5459 2535 5515 sententia.
2586 5456 2718 5513 Nam
2772 5458 2894 5514 licet
2940 5450 3233 5516 orientales
3280 5459 3521 5532 episcopi
3553 5473 3664 5515 cum
3708 5453 3810 5508 aliis

2335 5752 2356 5787 ³
2394 5752 2534 5811 Idem
2560 5752 2681 5811 cod.
2701 5791 2716 5819 ,
2746 5768 3032 5809 accusasse.
