3962 6196
375 309 479 364 683

1449 305 1744 364 FACUNDI
1786 301 1994 359 El'lSC.
2038 299 2542 357 HERMIANENSIS

3539 296 3641 350 εει

1493 457 1832 591 LIBER
1924 504 2531 586 SEPTIMUS.

885 707 1110 765 CAPUT
1151 710 1436 766 PRIMUM.

380 806 529 874 Quod
555 802 677 857 Ibus
724 804 778 856 in
799 801 1022 874 epistola
1048 817 1142 854 sua
1165 818 1321 854 unam
1347 801 1540 856 Christi
1561 802 1816 874 virtutem
1844 814 1960 874 cum

446 877 598 943 dixit,
632 875 762 948 duos
788 874 842 926 in
873 873 1315 954 Christdnaturas
1345 889 1448 926 non
1477 874 1698 942 negauit,
1728 871 1816 925 sed
1841 871 1959 923 uni-

447 963 560 999 cam
601 960 869 1015 personam
900 956 1116 997 αδεενιιιι
1130 983 1145 996 .

449 1061 567 1116 Non
610 1061 798 1128 ignoro
839 1057 982 1128 quod
1019 1058 1281 1126 imperitis
1329 1073 1506 1112 rerum
1550 1054 1963 1112 mstimatoribus

381 1151 828 1210 absolvendarum
868 1151 1223 1218 qua-stionum
1266 1149 1408 1204 lenta
1455 1159 1508 1204 et
1551 1148 1726 1201 minus
1773 1145 1967 1200 efﬁcax

382 1247 627 1300 videatur
656 1244 846 1297 oratio.
881 1242 1091 1296 Etenim
1121 1243 1243 1311 quia
1285 1243 1741 1309 circumspectans
1788 1238 1969 1292 omnia

381 1350 541 1392 cauto
575 1339 749 1404 potius
781 1346 835 1389 ct
864 1334 1142 1403 explorato
1171 1349 1328 1402 quam
1360 1333 1557 1387 festino
1587 1330 1750 1402 gradu
1783 1343 1971 1398 proce-

383 1429 483 1492 dit,
508 1427 632 1481 hinc
663 1427 731 1479 ab
771 1424 850 1480 eis
887 1424 955 1478 de
995 1423 1242 1478 tarditate
1280 1422 1791 1492 culpatur.“Deinde
1833 1433 1970 1487 quo-

383 1518 526 1572 niam
557 1531 652 1585 pro
682 1514 1001 1569 difﬁcultate
1031 1530 1241 1584 quoque
1270 1513 1593 1568 conditionis
1642 1529 1773 1578 suat,
1801 1522 1856 1565 ut
1883 1525 1972 1565 ca-

385 1612 645 1668 lumniam
672 1609 997 1673 insidiantis,
1033 1609 1113 1662 vel
1147 1608 1504 1675 ignorantiam
1555 1605 1732 1659 minus
1775 1601 1974 1656 intelli-

385 1704 584 1774 gentis,
630 1717 752 1772 qua:
799 1702 850 1754 in
895 1704 1180 1770 suprrtieie
1227 1719 1404 1756 rerum
1444 1701 1832 1768 verborumque
1856 1713 1977 1752 ver-

385 1806 591 1855 santur,
623 1794 895 1856 excludat,
949 1809 1166 1847 II9CBS>8
1214 1795 1374 1848 habet
1420 1795 1701 1847 subtiliore
1751 1797 1977 1846 tractatu

387 1887 590 1942 Intimte
621 1885 860 1940 vetitatis
892 1898 1100 1938 secreta
1129 1885 1370 1952 quaedam
1395 1899 1458 1937 ac
1489 1883 1801 1950 penetralia,
1836 1879 1976 1946 quod

389 1991 496 2030 non
525 1977 635 2030 cito
667 1974 931 2042 provenit,
964 1973 1215 2028 omnibus
1235 1972 1446 2042 aperire
1481 1989 1492 2024 :
1529 1973 1630 2026 hoc
1659 1971 1731 2025 illi
1754 1971 1978 2040 quicum

1989 721 2034 768 Α
2064 717 2148 761 cte
2179 707 2230 760 in
2263 705 2408 757 Actis
2431 701 2797 771 apostolorum
2827 701 3098 757 diceretur
3128 719 3141 754 :
3177 700 3529 755 Multitudinis
3560 717 3660 751 au-

2065 808 2167 851 tem
2215 795 2526 849 credentium
2570 803 2676 847 erat
2722 809 2810 847 eor
2856 791 3060 864 [unum]
3090 803 3138 848 et
3167 794 3338 848 anima
3383 811 3487 847 una
3518 795 3661 864 (Act.

2065 905 2142 953 tv,
2176 887 2297 958 5‘2),
2327 885 2595 955 quomodo
2637 896 2782 939 recte
2813 884 2918 938 dici
2970 901 3074 938 non
3118 887 3312 954 potuit,
3362 885 3506 954 quod
3557 898 3663 940 una

2067 979 2237 1034 virtus
2263 979 2330 1032 sit
2359 977 2475 1044 ejus
2505 991 2784 1045 personae,
2827 977 2983 1045 cujus
3022 975 3163 1031 dono
3204 977 3399 1032 factum
3441 985 3560 1039 est,
3610 986 3666 1030 ut

2069 1071 2157 1125 illa
2187 1066 2474 1123 multitudo
2500 1068 2656 1120 unius
2677 1077 2821 1121 esset
2842 1068 3020 1121 cordis
3057 1075 3115 1122 et
3159 1067 3391 1122 animae?
3432 1066 3589 1133 Quod
3621 1068 3668 1121 si

2069 1159 2426 1229 respondetur
2484 1158 2609 1226 quia
2678 1157 2822 1211 illius
2902 1158 3258 1213 multitudinis
3327 1158 3669 1213 credentium

2073 1259 2354 1320 propterea
2385 1248 2537 1302 dici’
2566 1250 2735 1317 potuit
2774 1263 2937 1301 unum
2997 1247 3160 1303 fuisse
3203 1263 3300 1304 cor
3346 1257 3403 1304 et
3430 1250 3671 1304 animam

2074 1357 2254 1404 unam,
2280 1340 2421 1410 quod
2451 1354 2640 1393 omnes
2670 1340 2828 1393 unius
2861 1350 3066 1393 natura:
3109 1339 3329 1404 iuerint,
3367 1341 3420 1394 id
3451 1350 3537 1394 est
3569 1342 3673 1392 hu-

2076 1447 2278 1496 manae;
2317 1431 2521 1486 Domini
2553 1439 2731 1484 autem
2765 1430 2891 1485 Jesu
2933 1429 3132 1484 Christi
3163 1430 3283 1484 dua:
3331 1446 3393 1484 ac
3435 1429 3673 1485 diversa

2079 1531 2284 1579 natura:
2314 1523 2422 1577 sint
2456 1538 2469 1574 :
2504 1520 2806 1588 intelligant
2849 1521 3114 1591 imprimis
3156 1525 3279 1591 quia
3323 1537 3428 1575 non
3469 1521 3681 1576 idcirco

2080 1613 2292 1666 illorum
2334 1610 2669 1666 credentium
2725 1621 2840 1665 erat
2892 1625 2985 1664 cor
3035 1621 3091 1666 et
3127 1610 3305 1666 anima
3353 1626 3480 1676 una,
3529 1612 3673 1680 quod

2083 1703 2242 1756 unius
2264 1709 2468 1754 natura;
2491 1699 2712 1766 fuerint,
2745 1701 2836 1755 sed
2865 1701 3039 1770 potius
3075 1703 3214 1770 quod
3257 1716 3395 1756 unus
3423 1701 3675 1760 Christus

2082 1796 2302 1865 Spiritus
2339 1793 2480 1848 hanc
2528 1792 2635 1847 illis
2670 1794 2982 1861 praestiterit
3027 1795 3313 1851 unitatem.
3367 1793 3484 1848 Non
3531 1793 3677 1852 enim

2085 1897 2274 1940 natura
2317 1899 2415 1938 nos
2451 1885 2765 1948 unanimes,
2796 1884 2891 1938 sed
2918 1885 3218 1938 animorum
3247 1885 3480 1940 societas
3529 1883 3679 1939 facit.

2086 1975 2290 2030 Deinde
2331 1973 2676 2029 considerent
2717 1974 2858 2042 quod
2911 1974 2975 2028 ad
3027 1973 3337 2029 Corinthios
3375 1976 3675 2045 Apostolus

393 2068 700 2135 ineapaces,
732 2078 840 2118 tum
872 2066 1033 2119 etiam
1060 2065 1399 2133 impatientes
1427 2074 1551 2117 sunt
1577 2062 1822 2124 rationis,
1858 2078 1973 2114 mo-
2017 2083 2060 2140 Β
2085 2067 2217 2120 dicit
2255 2082 2267 2118 :
2306 2069 2384 2119 An
2427 2065 2634 2119 nescitis
2691 2064 2934 2133 quoniam
2989 2067 3077 2134 qui
3123 2066 3352 2120 adficeret
3403 2066 3682 2137 meretrici,

391 2159 681 2214 lestissime
711 2158 908 2210 ierunt.
932 2155 1101 2209 Nemo
1128 2156 1269 2209 enim
1311 2170 1361 2206 m
1382 2155 1480 2222 agis
1521 2154 1586 2208 de
1615 2150 1981 2206 ratiocinantis

391 2263 540 2303 mora
573 2256 853 2309 causatur,
887 2261 1046 2314 quam
1099 2245 1189 2298 ille
1235 2244 1390 2314 cujus
1446 2259 1539 2313 per
1583 2260 1703 2298 eam
1745 2240 1982 2296 tarditati

391 2338 708 2394 censulitur.
755 2336 862 2390 Nos
911 2347 1089 2390 autent
1135 2337 1456 2403 sapientium
1503 2336 1674 2406 magis
1722 2333 1983 2402 judicium

394 2445 644 2486 veremur
673 2429 971 2491 offendere,
1004 2442 1034 2480 a
1057 2427 1252 2495 quibus
1285 2428 1407 2482 hinc
1441 2427 1456 2458 ¹
1487 2427 1724 2496 proiecto
1749 2424 1987 2491 culpabi-

395 2537 536 2583 mur,
569 2518 614 2572 si
645 2519 786 2584 quod
829 2533 1003 2571 causa:
1035 2517 1237 2571 utilitas
1265 2517 1495 2571 maxime
1545 2517 1777 2585 postulat
1825 2514 1988 2568 omit-

396 2621 593 2663 tamus.
631 2607 698 2662 Et
737 2606 858 2660 ideo
883 2606 1230 2676 qumrettdum
1276 2615 1360 2661 est
1403 2605 1703 2675 cujusntodi
1733 2606 1838 2659 sint
1884 2605 1988 2658 alia

401 2716 500 2770 pro
531 2699 725 2769 quibus
755 2699 984 2767 epistola
1034 2699 1356 2753 tenerabilis
1386 2699 1489 2752 lbte
1523 2699 1722 2752 dit-itur
1759 2712 1864 2752 non
1894 2695 1991 2750 de-

398 2791 580 2846 buisse
601 2789 901 2844 orthodoxa
927 2787 1178 2856 judicari.
1212 2788 1342 2841 Nam
1375 2788 1498 2858 quia
1545 2787 1686 2842 idem
1739 2803 1994 2844 reveren-

399 2880 640 2935 tissimus
669 2879 787 2933 Ilias
808 2880 968 2934 etiam
1016 2879 1174 2932 ﬁdem
1204 2895 1354 2932 suam
1403 2878 1667 2933 conﬁtens
1691 2879 1762 2932 ait
1795 2896 1810 2932 :
1844 2897 1861 2929 ι
1893 2881 1993 2934 Ec-

401 2973 564 3028 clesia
595 2971 740 3026 enim
772 2972 848 3026 sic
879 2973 1030 3038 dicit,
1065 2972 1201 3026 sicut
1240 2980 1297 3026 et
1323 2982 1414 3027 tua
1455 2973 1712 3026 sanctitas
1744 2973 1910 3037 novit,
1941 2982 1996 3028 et

400 3065 536 3120 sicut
564 3080 590 3117 a
627 3064 887 3134 principio
919 3065 1126 3130 didicit,
1159 3077 1210 3119 et
1238 3065 1552 3121 conﬁrmata
1583 3075 1665 3120 est
1685 3065 1864 3120 divina
1893 3065 1995 3120 do-

405 3156 578 3212 ctrina
611 3171 674 3210 ex
699 3155 851 3211 ltbris
881 3158 1156 3212 beatorum
1189 3157 1424 3223 Patrum,
1458 3157 1576 3210 dua:
1617 3168 1851 3222 naturae,
1894 3171 1996 3210 una

403 3250 600 3312 virtus,
637 3264 738 3302 una
768 3263 1018 3317 persona,
1063 3249 1204 3316 quod
1251 3259 1335 3302 est
1381 3263 1518 3301 unus
1551 3248 1712 3301 Filius
1745 3247 2000 3301 Dominus

403 3337 561 3392 Jesus
591 3337 859 3392 Christus.
900 3358 919 3389 ι
973 3338 1106 3391 Hine
1137 3339 1225 3390 alii
1267 3352 1452 3390 rursus
1487 3354 1610 3390 emn
1659 3354 1691 3393 e
1729 3340 2002 3392 contra'io

2087 2175 2248 2212 unum
2292 2174 2474 2226 corpus
2519 2158 2767 2226 eﬂicitur?
2811 2156 2978 2211 Erunt
3029 2159 3180 2226 enim,
3234 2159 3422 2227 inquit,
3468 2161 3578 2213 duo
3628 2160 3682 2215 in

2086 2266 2239 2303 carne
2265 2265 2368 2303 uua
2423 2249 2526 2314 Qui
2554 2261 2723 2303 autent
2750 2250 2976 2305 adltmret
3010 2251 3139 2318 Deo,
3189 2269 3326 2305 unus
3361 2252 3576 2323 spiritus
3605 2263 3688 2309 est

2089 2339 2142 2412 (I
2173 2341 2298 2396 Cor.
2328 2357 2401 2406 γι,
2434 2342 2550 2412 16).
2583 2340 2639 2397 Si
2664 2352 2840 2397 autem
2873 2358 2978 2396 non
3009 2343 3184 2399 solum
3217 2343 3284 2399 de
3312 2345 3554 2411 naturis,
3586 2359 3684 2397 vt:-

2089 2447 2208 2486 rum
2241 2433 2401 2488 etiam
2440 2433 2508 2487 de
2555 2434 2802 2501 personis
2854 2434 3052 2489 divinis
3077 2433 3098 2465 ’⁸
3128 2444 3274 2490 recte
3314 2435 3518 2489 dictum
3573 2448 3683 2505 est,

2095 2527 2194 2592 Qui
2214 2535 2384 2579 autem
2412 2525 2638 2580 adliceret
2682 2524 2940 2594 Domino,
2981 2543 3114 2580 unus
3155 2529 3365 2598 spiritus
3402 2541 3475 2582 est
3502 2543 3688 2598 :quo-

2093 2617 2253 2672 modo
2282 2627 2430 2672 recte
2457 2617 2659 2672 dictum
2688 2632 2792 2672 non
2822 2627 3000 2687 potest
3022 2618 3278 2688 intelligi,
3308 2617 3448 2687 quod
3481 2619 3535 2672 in
3558 2618 3685 2688 epi-

2094 2707 2229 2763 stola
2283 2707 2606 2763 venerabilis
2656 2708 2759 2764 lbae
2809 2719 2991 2764 sancta
3043 2710 3280 2781 synodus
3326 2710 3687 2779 approbavit,

2097 2802 2220 2870 quia
2245 2815 2348 2854 una
2375 2800 2542 2855 virtus
2567 2811 2650 2855 est
2679 2801 2838 2856 unius
2870 2816 3110 2870 personae
3143 2801 3350 2856 Domini
3371 2801 3500 2857 Jesu
3527 2801 3691 2856 Chri-

2097 2893 2200 2948 sti?
2231 2893 2317 2959 Et,
2347 2893 2390 2946 si
2423 2892 2597 2947 ﬁdelis
2629 2893 2855 2963 quisque
2875 2935 2890 2959 ,
2938 2909 3032 2963 per
3071 2894 3262 2949 bonam
3313 2894 3692 2949 tantummodo

2098 2986 2424 3040 voluntatem
2452 2984 2734 3040 adhmretts
2764 2986 2990 3041 Domino
3022 3003 3159 3042 unus
3179 3002 3297 3043 cum
3334 2989 3423 3044 illa
3463 2989 3692 3058 spiritus

2101 3075 2193 3138 sit,
2225 3075 2470 3142 quamvis
2510 3089 2614 3128 non
2661 3076 2731 3129 sit
2768 3091 2871 3130 una
2906 3091 3153 3143 persona,
3183 3086 3381 3145 quanto
3421 3079 3590 3148 magis
3635 3080 3692 3133 iu

2101 3163 2321 3220 Christo
2346 3173 2490 3218 recte
2517 3164 2622 3218 dici
2647 3165 2822 3234 potuit
2848 3166 2989 3234 quod
3013 3182 3116 3219 una
3143 3167 3209 3221 sit
3235 3168 3429 3234 virtus,
3473 3168 3557 3222 ubi
3589 3183 3695 3222 na-

2105 3265 2343 3310 turarum
2371 3265 2637 3310 conventu
2665 3273 2767 3308 una
2799 3256 2933 3310 facta
2964 3265 3047 3311 est
3078 3258 3168 3312 Dei
3199 3256 3545 3328 hetttinisque
3569 3274 3697 3329 per-

2106 3345 2275 3400 sona?
2305 3345 2546 3412 Amplius
2569 3355 2746 3400 autem
2787 3353 2870 3399 est
2912 3361 2975 3400 ac
3015 3347 3292 3416 superius,
3329 3347 3374 3403 si
3410 3349 3533 3418 quis
3568 3348 3697 3404 dili-

403 3428 829 3495 reprehendtmt,
859 3431 1000 3497 quod
1030 3445 1186 3482 unum
1217 3429 1426 3483 Domini
1459 3431 1584 3484 Jesu
1612 3430 1806 3484 Christi
1840 3431 1999 3485 dixe—
2031 3452 2075 3512 ρ
2107 3446 2294 3506 genter
2318 3439 2577 3501 attendat,
2608 3437 2750 3507 qttod
2785 3438 3073 3503 Apostolus
3115 3438 3227 3492 ait:
3262 3439 3363 3506 Qui
3393 3448 3562 3494 autem
3591 3440 3696 3494 ad-

404 3520 478 3573 rit
503 3533 624 3573 esse
647 3521 920 3574 virtutem.
965 3520 1127 3574 Aiunt
1176 3521 1320 3574 enim
1357 3538 1368 3572 :
1399 3520 1499 3587 Qui
1555 3520 1669 3574 ﬁeri
1720 3532 1894 3588 potest
1939 3529 1997 3576 ut

405 3607 632 3663 duarum
689 3624 718 3662 a
773 3623 832 3663 se
870 3609 1028 3675 longe
1073 3610 1382 3664 distantium
1433 3621 1785 3675 naturarum,
1837 3611 1887 3664 id
1914 3621 2000 3666 est

407 3700 623 3758 deitatis
651 3709 708 3758 et
738 3702 1114 3766 humanitatis,
1164 3718 1264 3757 una
1307 3703 1375 3758 sit
1411 3703 1613 3757 virtus?
1653 3718 1716 3756 ac
1745 3718 1842 3772 per
1875 3703 1997 3769 hoc,

409 3809 530 3849 cum
563 3808 666 3848 una
706 3793 904 3848 dicitur
949 3793 1154 3858 \irtus,
1201 3805 1511 3848 naturarum
1544 3796 1829 3850 diversitas
1860 3795 2002 3849 tolli-

411 3898 517 3951 tur,
552 3896 609 3940 ut
655 3886 946 3943 secundum
976 3886 1231 3956 Eutycltis
1283 3887 1609 3941 dementiam
1641 3896 1666 3923 ι
1696 3902 1799 3942 una
1842 3888 2000 3941 etiam

410 3978 656 4033 videatur
685 3992 806 4032 esse
837 3987 1044 4032 natura.
1078 3977 1247 4032 Porro
1279 3976 1392 4032 haec
1418 3977 1682 4042 dicentes,
1721 3977 1998 4031 nobiseum

415 4069 656 4137 proiecto
687 4079 1036 4123 memoratam
1062 4069 1343 4137 epistolam
1372 4067 1743 4122 Nestorianam
1781 4083 1884 4121 non
1912 4083 2004 4122 es-

413 4163 838 4227 seconlirmant,
878 4162 968 4230 qui
1019 4162 1176 4214 unius
1225 4160 1345 4214 Filii
1391 4161 1602 4214 Domini
1640 4159 1768 4214 Jesu
1807 4159 2005 4214 Christi

415 4269 576 4314 unam
599 4253 780 4308 dicere
803 4253 1075 4316 virtutem,
1100 4252 1437 4317 Eutychiano
1455 4296 1467 4318 ,
1500 4252 1550 4304 id
1577 4260 1658 4304 est
1675 4250 2009 4305 Nestorianis

416 4345 714 4408 contrario,
742 4353 928 4412 putant
957 4345 1129 4399 errori
1159 4359 1476 4412 congruere.
1515 4343 1664 4398 Unde
1703 4344 1865 4398 etiam
1891 4358 2010 4399 cre-

419 4438 584 4499 ditur,
629 4451 736 4489 non
775 4451 895 4490 esse
927 4435 1315 4503 reprehensum
1363 4435 1431 4490 ab
1479 4435 1595 4488 istis
1648 4433 2010 4502 Eutychiano-

421 4543 542 4584 tum
574 4527 890 4579 fautoribus.
923 4525 1030 4579 Cur
1055 4537 1231 4581 autem
1263 4535 1481 4595 propter
1511 4527 1610 4579 hoc
1633 4526 1851 4580 verbum
1872 4565 1888 4592 ,
1926 4525 2011 4580 Vel

419 4616 890 4674 reverentissimus
942 4617 1058 4670 Ihas
1083 4661 1096 4685 ,
1132 4619 1216 4670 vel
1247 4617 1485 4687 synodus
1524 4631 1644 4685 qua:
1686 4617 1853 4686 ipsam
1897 4615 2014 4685 ejus

421 4709 706 4780 epistolam
740 4709 1495 4776 pronuntiavitorthodoxam,
1529 4711 1774 4776 culpetur
1805 4710 2012 4777 ignoro.

2102 3526 2259 3580 lueret
2288 3526 2524 3591 Domino,
2549 3543 2680 3580 unus
2709 3529 2916 3597 spiritus
2948 3539 3048 3592 est,
3077 3543 3233 3599 quam
3263 3530 3308 3584 si
3337 3530 3568 3598 diceret,
3590 3547 3698 3586 una

2104 3623 2274 3673 virtus
2295 3628 2377 3673 est
2407 3635 2421 3671 :
2452 3619 2702 3687 quoniam
2733 3634 2950 3673 causam
2975 3620 3184 3674 virtutis
3210 3619 3299 3675 ille
3334 3621 3555 3689 spiritus
3575 3635 3700 3677 esse

2107 3712 2447 3780 enginescitur
2475 3725 2505 3764 a
2536 3726 2642 3779 quo
2674 3712 2948 3780 procedit,
2991 3728 3095 3765 nou
3124 3719 3302 3766 autem
3329 3713 3498 3768 virtus
3535 3727 3698 3767 causa

2106 3809 2190 3855 est
2217 3803 2334 3868 ejus
2362 3802 2582 3869 Spiritus
2632 3817 2660 3853 a
2711 3817 2817 3871 quo
2867 3801 3123 3871 procedit.
3179 3801 3540 3868 Quamobrem
3585 3806 3700 3858 non

2107 3901 2334 3961 possunt
2383 3893 2436 3945 itt
2481 3891 2705 3960 epistola
2754 3892 3073 3946 venerabilis
3115 3891 3252 3957 ibe,
3295 3893 3378 3946 vel
3409 3893 3461 3946 in
3505 3893 3699 3963 synodi

2108 3985 2376 4038 Sententia
2408 3999 2527 4053 quae
2557 3984 2701 4037 illam
2732 3984 3084 4037 orthodoxam
3112 3984 3388 4052 judicavit,
3418 3983 3566 4050 juste
3585 3985 3702 4039 eul-

2111 4092 2235 4146 pare
2264 4077 2404 4146 quod
2458 4078 2633 4131 minus
2681 4086 2784 4141 est,
2816 4086 2870 4131 et
2920 4077 2988 4131 de
3045 4093 3145 4130 una
3193 4091 3418 4145 persona
3455 4078 3700 4141 dictum;

2110 4169 2323 4236 quando
2373 4168 2498 4221 iliu‘d
2528 4167 2667 4236 qttod
2711 4176 2792 4221 est
2833 4167 3032 4236 majus,
3081 4176 3136 4222 et
3165 4167 3231 4220 de
3261 4168 3469 4222 duabus
3499 4166 3700 4221 dictum

2113 4259 2379 4325 personis,
2441 4259 2490 4310 in
2541 4257 2851 4326 apostolicis
2905 4258 3118 4322 scriptis
3173 4257 3388 4325 eulpare
3443 4271 3551 4309 non
3602 4272 3702 4309 au-

2115 4349 2301 4405 deant.
2331 4349 2595 4405 Voluntas
2627 4351 2786 4419 igitur
2814 4350 3037 4404 dicentis
3068 4351 3118 4404 in
3149 4350 3401 4403 omnibus
3427 4349 3587 4404 debet
3623 4359 3703 4402 at.

2119 4444 2263 4497 tendi
2295 4462 2307 4496 :
2343 4459 2499 4514 quam
2532 4445 2597 4498 de
2629 4453 2890 4511 praesente
2932 4442 3018 4495 Iba
3050 4441 3390 4510 diligentius,
3424 4441 3589 4496 etiam
3625 4441 3696 4493 ci-

2115 4546 2192 4589 ιω
2222 4547 2405 4606 gesta,
2439 4545 2683 4605 spectare
2725 4549 2911 4602 magna
2956 4535 3193 4605 synodus
3235 4533 3429 4603 potuit,
3485 4542 3542 4585 tit
3588 4532 3697 4599 eius

2115 4626 2392 4697 epistotant
2425 4625 2784 4681 orthodoxam
2828 4623 3093 4694 judicaret
3119 4641 3133 4678 :
3158 4632 3316 4693 atque
3365 4626 3467 4676 hoc
3507 4623 3562 4677 in
3591 4637 3696 4676 om-

2119 4723 2274 4776 nibus
2306 4738 2531 4792 quorum
2566 4722 2702 4774 ratio
2731 4721 2904 4775 minus
2938 4728 3105 4786 patet,
3159 4733 3262 4771 non
3300 4717 3477 4772 dicunt
3517 4718 3697 4784 pietas,

419 4802 537 4858 Non
577 4802 720 4856 enim
766 4801 856 4855 ille
901 4811 1090 4854 contra
1139 4815 1454 4854 naturarum
1515 4799 1894 4854 discretionem
1943 4799 2011 4854 de
2042 4823 2094 4882 ι)
2123 4813 2217 4867 δρα
2250 4817 2359 4883 ipsa
2392 4814 2736 4866 considerare
2766 4811 2929 4866 debet
2959 4811 3063 4863 In...
3087 4811 3278 4863 δηίωε,

419 4909 527 4966 qua
556 4894 801 4963 superius
834 4902 981 4948 recte
1025 4896 1234 4947 locutus
1273 4904 1387 4957 est,
1422 4892 1561 4947 idem
1595 4893 1613 4922 ²
1637 4891 1861 4960 adjecit,
1894 4900 2008 4945 tan—

422 5003 580 5060 quam
612 5001 796 5053 unam,
831 4989 932 5041 hoc
966 4997 1045 5040 εει
1077 5001 1257 5056 parem
1287 4986 1560 5039 creatricis
1587 4997 1639 5040 et
1663 4994 1863 5039 creatte
1885 4986 2012 5039 sub-

422 5079 635 5135 stantia:
667 5081 929 5150 putaverit
953 5093 1075 5134 esse
1102 5079 1384 5142 virtutem;
1431 5078 1524 5132 sed
1568 5079 1742 5146 potius
1771 5076 1899 5130 illud
1932 5086 2011 5130 at-

425 5171 617 5238 tendit,
646 5171 785 5242 quod
816 5171 972 5226 unius
998 5184 1246 5240 persona:
1279 5172 1347 5224 sit
1374 5168 1560 5222 eadem
1593 5170 1781 5222 virtus.
1812 5166 1940 5221 Nam
1969 5167 2014 5220 si

424 5275 632 5320 tantum
657 5267 892 5322 Charitas
921 5266 1085 5321 valuit
1117 5267 1167 5320 in
1207 5263 1392 5319 multis
1439 5264 1682 5332 personis
1725 5277 1820 5332 per
1855 5260 2013 5330 spiri-

425 5366 540 5413 tum
571 5357 736 5454 ipsius
761 5359 970 5414 Domini
1001 5360 1168 5414 nostri
1197 5359 1324 5415 Jesu
1347 5356 1540 5412 Christi
1572 5353 1797 5422 diffusa,
1834 5362 1891 5408 ut
1925 5367 2010 5408 re-

501 5500 527 5526 ι
552 5491 618 5542 At
649 5499 830 5543 contra
856 5489 1188 5545 Jttstinianus
1218 5491 1270 5546 in
1293 5487 1500 5551 edicto,
1538 5496 1586 5540 et
1620 5488 1802 5556 quinta
1845 5498 2006 5556 syno.

428 5559 549 5625 dus,
581 5577 642 5613 es
676 5560 758 5612 Itis
794 5563 964 5613 verbis
997 5561 1295 5614 Ναξιοτίιηί
1339 5561 1600 5625 dogmatis
1643 5559 2002 5625 suspicionem

436 5630 659 5685 ducunt.
693 5630 831 5682 Duas
861 5631 1004 5683 enim
1048 5641 1265 5685 naturas
1313 5631 1378 5685 ab
1424 5633 1531 5696 Iba,
1579 5628 1808 5684 Nestorii
1855 5642 2004 5682 more

504 5722 520 5752 ⁸
551 5721 682 5774 Cod.
713 5719 931 5786 Veron.,
958 5730 1098 5775 tunc.

503 5792 523 5822 ⁸
557 5791 697 5846 ldem
727 5792 868 5851 cod.,
897 5789 971 5844 id.

2749 4923 2974 4980 CAPUT
3015 4923 3075 4977 ll.

2125 5020 2273 5087 Quod
2297 5019 2415 5072 Ilias
2456 5020 2629 5072 dicens
2675 5017 2971 5071 Nestorium
3021 5017 3131 5069 sine
3169 5015 3373 5087 judicio
3412 5015 3705 5087 etinquisi~

2192 5094 2324 5142 tione
2353 5091 2671 5153 damnatum,
2706 5105 2806 5140 non
2831 5084 3210 5140 damnationem
3245 5089 3352 5154 ejus
3380 5084 3703 5154 improbarit,

2194 5163 2282 5212 sed
2314 5161 2409 5214 hoc
2438 5169 2637 5213 tantum
2679 5158 2816 5228 quod
2847 5160 3121 5228 exspectati
3155 5152 3276 5211 nou
3302 5152 3496 5226 fuerint
3529 5152 3703 5210 Orien-

2197 5236 2298 5284 tale
2331 5272 2344 5284 .

2195 5329 2356 5398 Igitur
2387 5325 2453 5380 ad
2503 5325 2594 5380 illa
2640 5323 2922 5382 redeamus
2961 5337 3079 5392 qua:
3134 5322 3188 5377 itt
3241 5319 3428 5375 eadem
3484 5319 3705 5389 epistola

2113 5463 2332 5531 intelligi
2367 5459 2552 5514 volunt
2576 5458 2708 5512 duas
2737 5471 3206 5531 personagunam
3232 5465 3415 5531 autem
3449 5453 3696 5531 virtu'ent

2112 5545 2271 5602 atque
2287 5524 2456 5584 imam
2482 5524 2762 5596 personam
2786 5529 2853 5581 ab
2881 5543 2946 5582 eo
2975 5528 3076 5602 diui
3096 5569 3110 5594 ,
3158 5527 3216 5580 οὐ
3247 5526 3367 5602 καθ’
3393 5524 3698 5587 ὑπόστασιν.

2112 5599 2206 5663 sed
2237 5605 2363 5660 κατὰ
2383 5604 2498 5673 μίαν
2523 5602 2684 5664 ἀξίαν,
2715 5603 2800 5654 καὶ
2825 5605 2914 5658 τήν
2945 5599 3102 5656 αὐτὴν
3135 5601 3306 5668 τιμήν.

2188 5720 2207 5750 ⁸
2233 5720 2374 5772 Idem
2398 5716 2542 5776 c0t|.,
2576 5723 2712 5768 recte
2739 5714 2862 5770 dici.

2191 5789 2210 5820 ⁵
2238 5790 2376 5842 ltlcnt
2413 5788 2555 5854 Cod.,
2581 5788 2811 5842 dit'crst's.
