3962 6196
308 322 410 377 633

1194 311 1325 367 ἰδΠο
1366 304 1795 365 DEFENSIONE
1832 300 2051 359 τκιιιιι
2086 302 2395 360 CAPITUL.
2443 302 2571 359 LIB.
2598 303 2708 358 γςι.

3478 298 3583 353 (-86

308 436 543 488 fatiltil'es
591 428 966 485 limieticorum
1024 424 1226 488 scripto
1282 419 1741 491 reprehenderunt
1769 455 1782 477 ,
1835 423 1890 467 ut
1921 414 1969 472 A
1996 412 2171 467 sinam
2193 414 2507 484 congregari
2536 414 2832 475 civitatem,
2865 420 2923 464 ut
2962 424 3145 467 coram
3178 406 3430 465 omnibus
3472 426 3578 463 non

310 546 424 584 eam
457 527 605 598 quasi
635 524 908 588 profanant
931 532 985 576 et
1014 520 1234 590 impiam
1274 517 1587 570 rcfttlat‘enl.
1625 511 1751 566 Hanc
1794 524 1891 562 att-

309 630 414 678 leui
447 627 572 674 sunt
602 631 721 687 qua:
757 618 1089 680 sequuntur:
1126 629 1142 661 ι
1176 609 1408 680 Cyrillus
1448 620 1607 661 aures
1648 604 1888 658 omnium

309 713 583 784 pigmento
613 706 751 776 quod
783 710 1015 759 excaecat
1039 703 1221 757 oculos
1248 699 1588 768 sapientium,
1620 710 1892 766 prmoecu-

308 804 475 873 paj-it,
506 820 525 851 ι
560 808 613 854 et
639 807 866 857 cetera;
897 805 952 849 et
978 795 1166 847 iterum
1203 809 1216 847 :
1248 810 1265 842 ι
1299 791 1434 858 Quia
1465 790 1519 843 in
1548 788 1891 843 damnatione

308 895 541 948 Nestorii
592 903 712 959 quae
756 887 894 941 facta
925 896 1005 938 est
1051 883 1117 937 ab
1160 882 1269 946 eis,
1312 881 1378 936 l2
1423 880 1656 948 capitula
1698 893 1817 948 qum
1859 893 1889 930 a

308 982 510 1053 Cyrillo
570 977 869 1045 conscripta
913 984 1068 1039 sunt,
1122 974 1389 1027 contraria
1428 972 1709 1026 existentia
1751 986 1890 1024 verte

307 1075 430 1129 lidei
474 1079 800 1143 posuerunt,
839 1088 859 1121 ι
892 1079 946 1121 et
995 1078 1209 1121 caetera.
1241 1065 1371 1130 Qua:
1400 1064 1507 1118 duo
1534 1063 1633 1118 sub
1664 1075 1769 1116 uno
1796 1077 1889 1117 ca-

309 1165 475 1236 pitulo
504 1163 877 1227 continentur,
925 1160 1066 1215 sicut
1093 1169 1146 1214 et
1179 1158 1266 1212 illa
1295 1157 1399 1212 duo
1428 1158 1639 1226 priora;
1677 1156 1773 1211 sed
1822 1155 1891 1211 ab

309 1262 425 1314 istis
452 1265 706 1312 conSnete
736 1255 958 1309 discissa
1005 1260 1061 1308 et
1108 1251 1377 1306 deminuta
1426 1260 1571 1316 sunt,
1618 1263 1684 1304 ne
1729 1250 1779 1303 in
1811 1252 1891 1304 eis

309 1359 593 1421 appareiet
621 1348 930 1402 intentionis
968 1345 1267 1416 integritas.
1298 1343 1469 1413 ipsius
1514 1351 1692 1397 autem
1744 1344 1889 1411 capi-

310 1444 428 1511 tnli,
461 1442 599 1496 male
618 1439 685 1493 ab
718 1439 847 1509 ipsis
875 1437 1141 1505 dissipati,
1173 1434 1274 1489 hoc
1306 1444 1387 1489 est
1408 1434 1753 1502 principium,
1785 1433 1892 1487 sic-

312 1544 373 1588 ut
417 1535 470 1586 in
500 1533 585 1586 illa
617 1531 839 1599 epistola
883 1528 1191 1583 continetur
1218 1544 1232 1580 :
1271 1543 1290 1578 ι
1320 1526 1400 1581 0b
1431 1527 1567 1580 hanc
1593 1526 1892 1580 contentio-

309 1645 460 1693 nem,
490 1626 720 1679 victores
747 1633 799 1678 et
841 1622 909 1692 pii
954 1620 1305 1690 imperatores
1329 1620 1605 1689 jusserunt
1638 1618 1891 1686 primates

306 1720 687 1790 episcoporum
713 1718 764 1771 in
792 1715 1117 1783 Epliesinam
1141 1713 1451 1783 congregari
1483 1712 1755 1767 civitatem
1784 1754 1798 1776 ,
1836 1718 1890 1767 et

543 1772 790 1866 omnibus
834 1772 1001 1862 libros
1051 1772 1284 1862 Nestorii
1323 1772 1376 1860 evt
1413 1802 1597 1874 Cyrilli
1638 1772 1885 1873 judicari.
1917 1792 1966 1851 B
1994 1772 2394 1874 fac‘a_nniiumi

308 1903 415 1960 Sed
452 1914 737 1972 antequam
776 1916 963 1954 omnes
997 1901 1145 1969 episc
1170 1900 1232 1967 ιιιί
1270 1898 1361 1968 qui
1400 1897 1708 1967 congregari
1751 1896 1885 1966 juSs-i

304 1998 543 2062 fuerant,
576 1998 628 2050 in
662 1994 933 2064 Ephesum
975 1993 1355 2063 pervenirent,
1404 1991 1702 2058 anticipans
1746 1989 1887 2043 idem

303 2087 542 2159 Cyrillus
568 2101 722 2141 aures
748 2084 985 2139 omnium
1018 2085 1289 2155 pigmento
1318 2084 1456 2153 quod
1498 2091 1731 2137 excwcat
1762 2094 1890 2136 ocu-

303 2180 393 2235 los
422 2180 744 2247 sapientum,
780 2176 1190 2247 prmoccupavit.
1224 2173 1429 2230 invenit
1472 2186 1651 2229 autem
1673 2187 1887 2228 causam

302 2284 376 2325 ex
398 2268 523 2323 odio
542 2267 682 2339 quod
717 2267 731 2298 '
758 2277 871 2321 erat
892 2265 1148 2320 adversus
1178 2263 1501 2332 Nestorium,
1530 2273 1583 2318 et
1606 2273 1888 2334 antequam

302 2360 516 2430 synodo
544 2358 757 2414 adesset
789 2356 1159 2438 sanctissimus
1188 2365 1243 2411 et
1284 2357 1753 2411 reverentissimus
1796 2372 1888 2412 ar-

302 2448 682 2521 chiepiscopus
723 2447 958 2503 Joannes
983 2488 998 2513 ,
1029 2447 1096 2503 de
1125 2449 1433 2516 episcotiatu
1465 2447 1768 2503 Nestorium
1797 2448 1890 2504 de-

304 2542 625 2612 posuerunt,
665 2538 864 2610 judicio
915 2548 970 2594 et
1020 2538 1360 2609 inquisitione
1396 2554 1499 2593 non
1554 2538 1709 2593 facta.
1766 2538 1893 2596 Post

304 2636 446 2692 duos
467 2646 644 2692 autem
676 2620 791 2691 dies
820 2634 1174 2690 damnationis
1202 2634 1317 2704 ejus
1353 2634 1595 2687 venimus
1637 2633 1688 2687 in
1717 2633 1892 2704 Ephe-

302 2741 464 2793 sum;
507 2735 561 2782 et
608 2724 1051 2796 cognoscentibus
1090 2722 1265 2790 nobis,
1307 2723 1427 2793 quia
1460 2725 1511 2776 in
1550 2723 1892 2779 damnatione

303 2814 537 2872 Nestorii
589 2832 707 2887 qua:
749 2815 886 2869 facta
929 2822 1011 2869 est
1036 2812 1103 2869 ab
1127 2814 1373 2881 eisdem,
1416 2811 1481 2868 12
1525 2813 1752 2882 Capitula
1774 2827 1892 2882 qua

302 2924 340 2964 ε
395 2909 593 2980 Cyrillo
630 2909 929 2977 conscripta
960 2916 1082 2961 sunt
1129 2907 1392 2961 contraria
1432 2906 1712 2961 existentia
1748 2921 1892 2959 verat

304 2999 473 3067 fidei,
523 3008 831 3068 posuerunt,
885 3007 937 3053 et
984 2998 1351 3059 firmaverunt,
1392 3006 1449 3051 et
1505 3003 1894 3051 consenserunt

300 3087 393 3143 eis
423 3097 670 3157 tanquam
708 3102 847 3142 verte
878 3087 999 3142 fidei
1025 3084 1471 3151 consonantibus;
1503 3098 1690 3139 omnes
1716 3085 1893 3139 orien-

306 3177 445 3233 tales
494 3145 729 3248 episcopi
777 3177 1025 3232 eumdem
1079 3176 1333 3248 Cyrillum
1372 3145 1794 3244 damnaverunt,
1837 3149 1965 3233 etc
1994 3145 2072 3214 δὴ

300 3266 563 3322 adversus
621 3269 754 3323 alios
821 3269 1100 3337 episcopos
1164 3269 1253 3339 qui
1324 3280 1714 3324 consenserunt
1770 3268 1889 3339 ejus

298 3361 579 3432 capitulis,
605 3363 1216 3419 excommunicationem
1243 3362 1617 3418 decreverunt.
1672 3381 1692 3416 ι
1725 3362 1889 3418 Vide-

298 3461 394 3506 tur
427 3452 480 3506 in
510 3452 592 3507 his
621 3454 826 3510 acerbis
856 3463 910 3510 et
942 3455 1266 3509 tumentibus
1306 3454 1485 3509 verbis
1514 3454 1889 3510 reverentissi-

295 3557 426 3597 mus
461 3544 578 3599 lbas
620 3544 934 3615 indigestam
975 3546 1149 3601 adhuc
1190 3546 1444 3601 exhalare
1490 3545 1886 3616 quodammodo

295 3634 613 3690 offensionis
642 3637 927 3703 μιιιειθιίιω
954 3637 1296 3703 cruditatem,
1341 3636 1484 3706 quod
1525 3652 1646 3692 cum
1688 3638 1755 3693 ab
1782 3637 1888 3694 im-

296 3724 641 3793 peratoribus
686 3726 758 3781 ita
791 3739 1116 3797 pra-ceptum
1154 3728 1338 3793 fuerit,
1382 3737 1439 3782 ut
1479 3728 1535 3783 in
1578 3741 1738 3783 causa
1776 3728 1885 3786 Ne-

290 3816 456 3871 storii
506 3827 721 3873 sanctus
776 3834 990 3889 quoque
1045 3819 1278 3876 Joannes
1342 3820 1710 3876 Antiochenus
1759 3835 1881 3876 cum

289 3906 644 3965 orientalibus
671 3910 962 3979 episcOpis,
996 3920 1052 3967 et
1093 3911 1181 3967 alii
1221 3912 1476 3981 primates
1506 3913 1879 3981 episcoporum

288 4011 420 4052 cum
445 3999 576 4065 suis,
605 3998 812 4068 judices
836 4001 1201 4067 considerent,
1224 4001 1332 4059 illis
1357 4001 1583 4058 necdum
1624 4002 1675 4056 in
1703 4002 1881 4072 Ephe-

286 4104 416 4143 sum
450 4091 876 4158 pervenientihus
916 4094 1300 4151 condemnatus
1344 4105 1448 4153 est.
1494 4097 1629 4153 Hinc
1675 4099 1880 4156 exstitit

288 4180 461 4234 totius
487 4196 648 4237 causa
688 4184 895 4241 discidii
923 4203 937 4240 :
967 4185 1092 4243 hinc
1127 4192 1303 4244 omnis
1342 4191 1598 4246 tumultus
1647 4194 1879 4262 sumpsit

286 4271 586 4340 originem;
621 4272 744 4329 hinc
765 4274 1062 4331 Orientales
1083 4277 1283 4349 aliique
1312 4280 1499 4335 Patres
1525 4282 1758 4349 offensi,
1781 4285 1877 4339 ad-

285 4375 450 4415 versa
466 4362 577 4430 jam
608 4378 788 4420 mente
814 4366 1158 4422 crediderunt
1183 4410 1198 4434 ,
1228 4370 1369 4439 quod
1410 4372 1595 4425 beatus
1621 4372 1869 4443 Cyrillus,

283 4452 436 4505 male
459 4452 557 4505 sibi
586 4455 851 4518 conscius,
877 4455 1134 4525 judicium
1164 4468 1218 4513 et
1261 4460 1656 4530 inquisitionem
1695 4464 1869 4519 dicto-

283 4556 407 4597 rum
445 4543 656 4599 Patrum
685 4548 704 4577 ³
734 4547 1013 4617 είῐιιειτὶι,
1061 4561 1117 4604 ιιι
1153 4565 1338 4607 eorum
1386 4569 1492 4607 non
1533 4565 1871 4625 exspectaret

280 4635 593 4691 adventum.
618 4638 1025 4697 Arbitrabantur
1051 4646 1194 4699 enim
1235 4648 1376 4715 quod
1417 4650 1461 4703 si
1486 4651 1647 4705 etiam
1682 4653 1750 4708 de
1778 4668 1871 4709 ca-

202 4776 215 4785 ,
280 4727 474 4796 pitulis
501 4729 621 4797 ejus
643 4746 763 4800 qua:
806 4745 988 4801 postea
1036 4741 1366 4805 retractavit,
1409 4742 1666 4810 judicium
1704 4757 1756 4801 et
1788 4747 1873 4801 in-

278 4816 505 4885 quisitio
531 4819 668 4875 facta
688 4836 853 4889 esset,
888 4842 991 4880 non
1024 4828 1170 4883 solus
1215 4843 1397 4900 pesset
1432 4834 1707 4892 Nestorius
1751 4839 1870 4894 cul-

278 4907 478 4974 pahilis
538 4910 786 4968 inveniri.
841 4916 921 4970 οι»
976 4917 1077 4973 hoc
1131 4919 1314 4991 itaque
1368 4927 1692 4984 venerabilis
1748 4930 1869 4987 ibas

277 4999 441 5063 dixit,
462 4997 670 5069 judicio
698 5015 751 5058 et
782 5006 1126 5074 inquisitione
1149 5027 1256 5067 non
1288 5016 1427 5070 facta
1448 5020 1862 5078 condemnatum

276 5102 403 5143 esse
448 5090 754 5149 Nosterium
783 5112 799 5153 :
832 5106 1083 5170 tanquam
1133 5104 1201 5160 de
1254 5109 1395 5163 beati
1443 5110 1629 5182 Cyrilli
1685 5117 1862 5183 dictis,

276 5194 514 5247 quoxum
542 5186 891 5244 intentionem
924 5194 1102 5249 minus
1143 5197 1525 5269 intelligebant,
1558 5221 1662 5259 non
1703 5208 1864 5265 fuerit

273 5270 421 5326 facta
472 5275 766 5371 discessio;
830 5298 952 5339 cum
1001 5287 1393 5360 imperatores,
1452 5297 1590 5353 sicut
1654 5304 1858 5371 retulit,

274 5373 564 5437 propterea
590 5369 858 5437 jusserant
884 5379 1140 5447 primates
1169 5384 1543 5457 episcoporum
1588 5392 1642 5448 itt
1682 5369 1859 5465 Ephe-

372 5574 386 5602 ¹
580 5589 795 5663 Veron”
828 5616 946 5666 quo.

354 5662 373 5693 ²
403 5657 544 5710 ldctu
576 5666 720 5732 eod.,
752 5657 976 5727 stto'runt.

1894 4513 1947 4575 D

1995 511 2201 557 tantum
2226 503 2459 559 Nestorii
2486 504 2641 569 libri,
2670 502 2763 557 sed
2806 503 2967 556 etiam
3016 499 3225 572 Cyrilli,
3268 498 3577 570 judicarvn.

1996 602 2100 648 tur.
2127 594 2241 649 Non
2274 610 2402 665 ergo
2424 610 2646 651 necesse
2685 604 2767 649 est
2807 593 2875 649 de
2902 593 3148 649 Nestorio
3194 593 3395 648 dictum
3432 594 3572 655 acri:

1992 699 2141 754 pere,
2172 686 2313 755 quod
2344 687 2437 752 ait,
2465 686 2668 754 judicio
2691 696 2741 739 et
2766 686 3109 752 inquisitione
3140 700 3245 739 non
3277 684 3438 751 facta,
3466 686 3578 741 vel-

1994 785 2052 832 ut
2086 777 2360 833 Nestorius
2387 778 2503 833 sine
2525 777 2730 846 judicio
2771 784 2826 831 et
2861 776 3205 845 inquisitione
3237 774 3397 832 fuerit
3441 790 3571 832 eon-

1993 866 2307 932 deinuatus;
2354 883 2477 922 cum
2531 868 2698 937 possit
2751 866 2975 935 intelligi
3031 876 3312 935 propterea
3347 865 3573 929 dictum,

1991 957 2131 1025 quod
2176 957 2407 1022 capitula
2461 958 2600 1011 beati
2631 955 2818 1027 Cyrilli
2862 955 2929 1008 de
2959 955 3153 1024 quibus
3178 954 3286 1023 jam
3317 951 3575 1008 satisfeci.

1993 1062 2132 1112 ntus,
2169 1048 2222 1100 in
2253 1048 2345 1101 illo
2382 1046 2586 1115 judzcio
2640 1046 2886 1115 inquisita
2935 1062 3038 1100 non
3088 1044 3301 1101 fuerint.
3347 1043 3500 1110 Quod
3532 1044 3577 1098 si

1991 1136 2151 1191 etiam
2212 1137 2593 1203 concedamus,
2635 1138 2754 1206 quia
2820 1136 2886 1190 de
2933 1136 3179 1191 Nestorio
3226 1136 3428 1190 dictum
3464 1144 3569 1198 est,

1986 1225 2188 1295 judicio
2210 1238 2263 1281 et
2288 1227 2687 1296 inquisitione“,
2712 1226 2946 1295 nunquid
2977 1226 3136 1280 etiam
3169 1209 3569 1289 hoc'concesso,

1992 1332 2214 1373 necesse
2242 1319 2400 1375 nobis
2440 1329 2525 1374 est
2552 1319 2851 1389 intelligere
2886 1317 3027 1388 quod
3061 1318 3113 1371 in
3146 1318 3227 1370 his
3259 1318 3434 1372 verbis
3467 1318 3570 1371 Ne-

1989 1410 2190 1465 storius
2220 1408 2396 1466 fuerat
2425 1412 2754 1465 excusatus?
2798 1410 2902 1471 Cur
2949 1409 3090 1463 enim
3138 1422 3241 1461 non
3295 1407 3575 1461 credamus

1989 1501 2479 1557 reverentissimum
2530 1500 2673 1555 ibam
2719 1515 2822 1554 non
2874 1507 3240 1563 excusantem,
3292 1496 3384 1553 sed
3439 1498 3574 1551 iud:-

1989 1599 2238 1658 guantem
2286 1591 2428 1659 quod
2480 1589 2778 1644 Orientales
2833 1586 3129 1655 exspectati
3194 1601 3299 1641 non
3356 1585 3573 1649 fuerint,

1989 1684 2189 1741 dixisse
2236 1684 2291 1740 in
2343 1687 2435 1740 illo
2466 1686 2717 1752 concilio,
2748 1684 2952 1753 judicio
2977 1695 3033 1740 et
3074 1684 3422 1755 inquisitione
3469 1701 3573 1741 non

2427 1776 2568 1844 quod
2594 1776 2713 1830 sine
2745 1775 2875 1844 ipsis
2905 1774 2975 1829 ibi
2998 1774 3295 1845 judicatutn
3327 1776 3500 1831 fuerat
3523 1790 3572 1831 et

1989 1870 2271 1938 qua-situm
2306 1886 2319 1922 :
2360 1878 2610 1940 tauquam
2655 1868 2907 1938 judicium
2955 1884 3057 1923 non
3086 1877 3231 1923 esset
3259 1870 3572 1937 legitimum,

1988 1975 2162 2029 neque
2193 1960 2423 2029 legitima
2464 1958 2769 2029 inquisitio,
2798 1961 2887 2016 ubi
2920 1962 3021 2029 ipsi
3062 1977 3169 2016 non
3210 1962 3454 2029 aderant,
3482 1964 3573 2032 qui

1988 2052 2190 2120 pariter
2221 2052 2563 2122 inquisitores
2605 2053 2797 2108 delecti
2845 2063 2996 2108 erant
3026 2064 3077 2108 et
3102 2053 3348 2123 judices?
3374 2055 3571 2111 Verum

1988 2142 2259 2208 existimo,
2284 2152 2339 2197 et
2357 2144 2578 2197 credere
2606 2157 2703 2197 nos
2744 2152 2975 2210 Oportet,
3027 2146 3167 2213 quod
3211 2145 3573 2199 Orientalibus

1988 2242 2045 2289 et
2074 2234 2301 2291 aliarum
2328 2236 2723 2304 provinciarum
2756 2235 3001 2291 Patribus
3045 2237 3236 2305 aliqum
3268 2249 3444 2291 causae
3492 2236 3573 2292 iii-

1990 2325 2269 2381 evitahiles
2294 2326 2537 2383 accidere
2564 2336 2854 2396 petuerunt
2877 2337 2932 2382 ut
2962 2328 3145 2383 venire
3170 2328 3474 2397 tardarent;
3504 2345 3569 2385 ex

1990 2415 2159 2471 altera
2190 2427 2340 2486 parte
2378 2417 2536 2473 beato
2575 2419 2777 2490 Cyrillo
2802 2428 2853 2473 et
2882 2419 3001 2473 aliis
3044 2420 3132 2489 qui
3180 2432 3570 2488 prteveuerant,

1991 2507 2238 2562 similiter
2262 2522 2593 2577 quaecunque
2624 2508 2918 2563 necessitas
2955 2517 3014 2562 ut
3040 2524 3132 2564 eos
3156 2508 3357 2565 diutius
3380 2524 3572 2579 exspe-

1991 2611 2138 2654 ctare
2166 2614 2271 2654 non
2304 2609 2541 2669 possent.
2578 2600 2679 2656 Ubi
2717 2615 2816 2656 nos
2857 2601 2985 2670 quid
3025 2602 3284 2667 dicamus,
3316 2602 3414 2657 nisi
3443 2601 3572 2658 illud

1992 2689 2133 2758 quod
2158 2688 2268 2758 jam
2294 2688 2549 2756 diximus,
2591 2705 2713 2744 cum
2748 2691 2815 2745 de
2846 2690 3151 2747 maledictis
3193 2692 3359 2764 ipsius
3387 2693 3570 2765 Cyrilli

1992 2794 2112 2847 qua:
2142 2789 2329 2834 contra
2373 2792 2616 2835 sanctum
2663 2780 2923 2837 Joannem
2976 2782 3218 2851 protulit,
3267 2799 3573 2855 ageremus.

2004 2868 2092 2925 γω
2135 2871 2324 2924 mundo
2356 2888 2389 2925 α
2415 2871 2670 2925 scandulis
2715 2871 2929 2941 (Matth.
2969 2888 3133 2939 xvtu,
3163 2873 3254 2944 7)?
3299 2874 3572 2946 Siquidem

1995 2974 2102 3013 non
2153 2960 2326 3015 solum
2377 2961 2694 3016 voluntariis
2745 2963 3047 3017 animorum
3098 2964 3355 3030 motibus,
3388 2982 3572 3022 verunt

1995 3057 2154 3109 etiam
2182 3064 2374 3124 praeter
2397 3058 2721 3113 voluntatem
2759 3068 3057 3129 praeterque
3100 3060 3401 3126 scientiam,
3448 3078 3571 3115 exa-

2074 3145 2227 3200 andis
2255 3146 2568 3202 mortalibus
2593 3149 2857 3203 oriuntur.

2598 3277 2827 3334 CAPUT
2867 3278 2955 3334 Ill.

1993 3406 2142 3474 Quod
2172 3406 2289 3462 lbas
2318 3408 2507 3480 judicio
2529 3408 2643 3479 falli
2674 3412 2890 3477 potuerit
2911 3412 2960 3464 in
2990 3410 3251 3480 Nestorio,
3280 3413 3406 3466 sicut
3435 3416 3569 3466 Aua-

2062 3480 2219 3552 tolius
2257 3478 2627 3552 ἱ-ηιὶὶοεεοιοὲ
2648 3480 2960 3552 ΑιΙιαηηεὶηι
3000 3483 3054 3535 in
3094 3478 3378 3548 Timotheo,
3412 3501 3569 3552 rgno-

2058 3547 2462 3671 ?utfalmtina
2511 3562 2559 3603 et
2585 3548 2819 3605 lauimus
2865 3569 3002 3620 pupa
3035 3553 3089 3606 in
3137 3547 3570 3626 Pelagio’cl’Cus-

2081 3634 2129 3671 es
2156 3634 2227 3671 to.

2111 3640 2227 3672 “IU-

2056 3728 2124 3783 At
2165 3729 2281 3784 haec
2325 3729 2535 3797 omnia,
2591 3732 2781 3800 quibus
2828 3747 3089 3801 apparere
3140 3736 3308 3801 possit
3351 3750 3414 3790 ex
3463 3752 3566 3805 qua

1983 3837 2144 3877 causa
2183 3837 2305 3876 cum
2344 3822 2494 3889 aliis,
2521 3833 2573 3875 et
2619 3824 2849 3877 maxime
2898 3824 3245 3880 orientalibus
3268 3826 3560 3894 episcopi~,

1982 3918 2219 3974 oll‘ensus
2250 3919 2711 3973 reverentissimus
2740 3919 2857 3972 ibas
2885 3919 2955 3973 ita
2982 3920 3050 3973 de
3076 3920 3230 3974 beato
3258 3920 3457 3990 Cyrilln
3481 3922 3556 3973 Io-

1980 4021 2135 4065 cutus
2164 4017 2265 4075 est,
2295 4009 2544 4063 doctores
2570 4010 2653 4063 isti
2688 4009 2903 4064 novitite
2929 4009 3170 4064 veritatis
3208 4012 3279 4075 in,
3300 4026 3401 4066 suo
3426 4012 3562 4065 libro

1980 4114 2182 4170 ponere
2225 4100 2545 4161 vitaverunt,
2578 4115 2684 4167 quo
2731 4100 2816 4154 illa
2862 4101 3086 4170 epistola
3127 4116 3286 4171 quam
3323 4105 3563 4174 synodus

1979 4192 2343 4263 pronuntiavit
2386 4190 2760 4258 orthodoxam,
2804 4206 3095 4249 excusasse
3142 4194 3446 4250 Nestorium
3476 4198 3558 4249 vi.

1977 4287 2210 4340 dcretur.
2235 4283 2389 4352 Quod
2435 4284 2649 4354 quidem
2688 4284 2732 4338 si
2765 4283 2967 4341 faceret
3006 4287 3147 4352 quod
3196 4290 3560 4357 respondeba-

1975 4392 2096 4432 mus
2122 4376 2454 4432 Nestorianis
2482 4392 2577 4445 pro
2600 4376 2757 4430 beato
2782 4377 3031 4431 Anatolio
3066 4391 3097 4432 a
3124 4394 3233 4448 quo
3276 4380 3567 4435 damnatus

1975 4476 2058 4523 est
2087 4469 2390 4533 Dioscorus,
2420 4483 2578 4537 quem
2607 4482 2865 4521 excusare
2896 4469 3084 4523 volens
3105 4468 3262 4535 dixit,
3295 4486 3417 4525 eum
3449 4485 3554 4525 non

1981 4573 2075 4627 pro
2102 4556 2207 4612 iide
2232 4571 2351 4612 esse
2379 4556 2720 4621 damnatum;
2747 4556 2848 4611 hoc
2879 4557 3039 4611 etiam
3075 4556 3422 4627 Eutychiauis
3460 4575 3557 4630 pro

1979 4646 2412 4701 reverentissimo
2468 4646 2557 4700 lba
2607 4660 2711 4698 non
2753 4646 3022 4700 immerito
3065 4648 3393 4716 respondi-re
3440 4662 3560 4716 pos-

1976 4752 2174 4792 semus.
2221 4736 2481 4801 Quoniam
2545 4733 2683 4788 aliud
2754 4744 2879 4800 est,
2929 4734 2976 4789 si
3018 4736 3242 4806 quisque
3303 4736 3558 4804 simplici-

1977 4834 2057 4878 ter
2108 4824 2164 4879 in
2215 4824 2465 4879 liaaretico
2514 4823 2666 4878 dolos
2713 4839 2838 4879 suos
2880 4824 3157 4880 occulente
3208 4818 3444 4889 fallatur,
3500 4835 3551 4878 ut

1975 4932 2096 4971 eum
2128 4925 2275 4985 putet
2304 4915 2693 4980 orthodoxam;
2742 4924 2796 4970 et
2841 4915 3008 4981 aliud,
3052 4916 3097 4970 si
3129 4918 3409 4982 ipsammet
3436 4915 3555 4984 ejus

1976 5008 2221 5063 haeresim
2264 5009 2495 5077 agnitant
2550 5018 2784 5063 sectetur
2836 5018 2995 5078 atque
3045 5008 3311 5063 defendat.
3372 5008 3555 5075 Quan-

1971 5116 2128 5170 quam
2178 5101 2219 5155 si
2266 5103 2383 5170 quis
2403 5103 2560 5156 etiam
2583 5101 2660 5154 sic
2690 5112 3035 5170 utrorumque
3067 5114 3279 5153 causam
3321 5098 3549 5171 diligen-

1970 5199 2052 5244 ter
2080 5189 2397 5256 attenderet,
2429 5190 2641 5259 gravior
2668 5188 2902 5257 episcopi
2942 5189 3171 5257 Anatolii
3201 5189 3551 5260 probaretur;
3610 5258 3613 5261 _

1969 5282 2218 5350 quoniam
2259 5280 2411 5347 ipse,
2462 5279 2905 5348 quemadmodum
2953 5277 3153 5333 dictum
3202 5290 3332 5347 est,
3386 5282 3438 5337 in
3485 5298 3550 5338 ea

1967 5374 2171 5443 synodo
2226 5373 2390 5426 voluit
2430 5373 2497 5426 ab
2526 5371 2744 5426 haeresis
2794 5372 3018 5426 crimine
3073 5372 3326 5444 Eutycltis
3385 5384 3548 5446 atque

2035 5635 2054 5665 ‘
2087 5635 2224 5687 Idem
2249 5636 2369 5689 cod.
2391 5678 2403 5695 ,
2438 5644 2484 5688 et
2522 5634 2854 5706 inquisitione
2888 5651 2989 5706 non
3034 5639 3193 5706 facta.
3240 5640 3546 5701 Lcclionent

1963 5707 2273 5758 continuant
2297 5721 2415 5772 quc
2446 5721 2604 5770 supra
2637 5719 2686 5759 et
2713 5704 2850 5758 infra
2881 5704 3152 5762 dicuntur.
