3962 6196
298 339 392 395 £89
1177 343 1307 398 rno
1348 340 1775 397 DtLFENSIONE
1816 335 2024 392 TRIUM
2064 326 2376 396 CAPl’fUL.
2421 341 2546 393 LIB.
2596 340 2697 394 ru.

3456 346 3561 402 σενα

292 462 669 532 episcoporum
685 459 920 515 Orientis
944 461 1278 529 aliorumque
1301 460 1488 529 injuria
1513 461 1590 514 sic
1620 460 1874 512 locutum.
1907 454 1955 512 Α
1986 465 2066 510 est
2097 473 2278 512 rursus
2309 461 2374 512 ab
2397 461 2490 515 Iba
2511 461 2784 516 Nestorius
2804 471 3085 516 excusatus
3111 480 3122 515 τ
3154 463 3276 534 quia
3300 478 3404 518 non
3435 478 3564 519 eum

290 554 419 609 Nam
464 554 700 608 conferte
727 571 842 622 quae
873 553 950 607 illi
995 553 1134 608 male
1173 555 1422 623 decerpta
1469 565 1788 624 posuerunt,
1821 559 1876 605 et

288 661 409 716 quae
436 660 535 698 nos
558 643 848 698 secundum
872 643 1037 709 ipsius
1058 645 1296 712 epistola:
1321 653 1559 699 tenorem
1579 643 1874 713 posuimus,

289 748 342 792 et
366 752 470 791 non
501 736 675 790 solum
701 751 818 803 qu:e
841 736 993 789 furati
1022 745 1172 802 sunt,
1203 751 1390 790 verum
1421 736 1580 791 etiam
1611 733 1874 788 furtorum

287 843 478 882 causas
502 827 768 881 videbitis.
793 825 898 880 Cur
922 829 1061 880 enim
1084 825 1347 896 imprimis
1371 826 1692 881 narrationis
1711 824 1877 893 ipsius

286 921 528 990 epistola:
573 919 811 987 fugerent
843 918 1074 980 initium,
1105 933 1237 985 quos
1270 916 1396 972 inde
1425 917 1708 985 Oportebat
1738 915 1872 968 inci-

287 1026 436 1079 pere,
471 1007 572 1064 nisi
603 1009 723 1078 quia
755 1009 1115 1062 nescientibus
1146 1009 1269 1075 qttid
1303 1007 1526 1076 epistola
1558 1007 1671 1073 ipsa
1699 1005 1873 1060 conti-

285 1110 430 1166 neat,
461 1101 548 1155 vel
581 1101 754 1153 minus
779 1099 1217 1168 intelligentibus,
1243 1098 1528 1163 subripere.
1551 1094 1876 1150 voluerunt?

287 1213 307 1246 ‹
363 1194 522 1248 Facio
549 1202 749 1257 autem,
780 1191 974 1260 inquit,
1005 1189 1214 1243 initium
1245 1188 1566 1243 narrationis
1599 1187 1666 1242 dc
1696 1185 1876 1240 verbis

279 1303 404 1354 qum
432 1296 484 1339 et
518 1285 630 1352 ipse
660 1284 820 1337 nosti.
851 1281 1133 1336 Contentio
1161 1280 1296 1334 facta
1327 1291 1430 1342 est,
1468 1283 1590 1332 dum
1621 1295 1876 1332 reveren-

282 1380 361 1430 tia
391 1386 476 1430 tua
508 1375 594 1429 hic
623 1385 784 1438 esset,
842 1374 924 1427 his
956 1373 1163 1426 duobus
1196 1371 1503 1426 hominibus
1535 1371 1783 1424 Nestor-io
1821 1378 1875 1424 et

279 1467 520 1534 Cyrillo;
555 1477 602 1518 ct
629 1462 1068 1530 conscripserunt
1096 1462 1352 1515 adversus
1383 1474 1442 1514 se
1467 1461 1653 1513 noxios
1685 1461 1872 1523 libros,

278 1561 377 1628 qui
410 1559 715 1612 scandalum
769 1556 984 1610 fuerunt
1014 1554 1370 1608 audientibus.
1405 1552 1684 1607 Nestorius
1729 1553 1871 1605 enin:

277 1652 468 1705 docuit
512 1651 563 1702 in
595 1651 707 1702 suis
739 1648 910 1713 libris,
952 1647 1089 1700 sicut
1137 1657 1189 1700 et
1221 1647 1518 1700 reverentia
1553 1655 1638 1698 tua
1685 1647 1828 1698 novit
1856 1686 1870 1711 ,

278 1743 408 1811 quia
463 1740 613 1794 beata
648 1738 809 1794 Maria
846 1736 939 1790 Dr-i
971 1737 1193 1807 genitris
1228 1750 1331 1788 non
1362 1745 1464 1796 est,
1501 1734 1571 1787 ita
1617 1743 1671 1787 ut
1721 1734 1870 1786 multi

1979 548 2111 602 dixit
2141 559 2196 602 ut
2225 551 2534 606 hreretieum
2562 555 2614 608 in
2636 567 2784 608 suam
2809 556 3080 609 civitatem
3110 556 3306 610 reverti
3337 572 3442 610 non
3467 571 3563 625 po-

1981 639 2182 705 tuisse,
2209 642 2302 695 scd
2334 644 2585 711 quoniam
2620 645 2666 698 ei
2699 646 2824 698 odio
2869 655 2985 699 erat
3023 654 3080 700 et
3107 647 3376 714 quierant
3407 647 3456 699 in
3496 661 3562 699 ea

1977 733 2472 789 excellentior-ibus.
2505 735 2670 802 Quasi
2720 738 2948 805 probare
2988 739 3194 798 possint
3227 738 3366 806 quod
3412 753 3562 794 reve-

1980 826 2313 880 rentissimus
2343 827 2458 880 lbas
2481 829 2786 882 Nestorium
2816 829 3042 896 dixerit,
3071 844 3178 884 non
3206 838 3424 897 propter
3453 828 3563 883 lue-

1979 932 2183 980 rescm,
2213 918 2305 972 sed
2352 933 2569 987 propter
2610 921 2742 972 alias
2781 935 3128 990 quascunque
3169 935 3378 984 causas,
3437 920 3566 974 odio

1981 1009 2142 1064 fuisse
2172 1010 2370 1062 civitati
2394 1026 2504 1063 suat
2528 1019 2581 1064 et
2610 1011 2695 1077 qui
2723 1021 2875 1065 erant
2900 1013 2951 1064 in
2975 1026 3038 1067 ea
3066 1010 3561 1076 excellentioriltus,

1980 1111 2036 1152 tit
2063 1102 2112 1154 in
2141 1115 2257 1154 eam
2284 1100 2480 1154 reverti
2507 1117 2614 1155 non
2648 1111 2862 1171 posset;
2889 1106 2976 1172 qui
3011 1103 3254 1171 superius
3282 1105 3391 1170 jam
3420 1101 3562 1156 dixe-

1980 1200 2062 1244 rat
2100 1191 2239 1257 quod
2289 1192 2481 1246 noxios
2529 1195 2912 1263 conscripserit
2961 1196 3123 1246 libros
3181 1195 3270 1264 qui
3309 1195 3564 1249 seandalo

1979 1283 2175 1336 fuerint
2223 1284 2597 1349 audientibus,
2631 1285 2753 1354 quia
2809 1286 3016 1340 beatam
3062 1287 3280 1340 Mariam
3337 1296 3561 1340 matrem

1983 1374 2074 1427 Dei
2111 1373 2398 1440 negabant.
2434 1374 2839 1443 Respondemus
2871 1379 3028 1445 igitur
3054 1377 3132 1430 eis
3162 1378 3264 1430 hoc
3294 1376 3473 1440 modo,
3506 1383 3563 1431 ut

1981 1465 2291 1519 omittamus
2339 1465 2439 1519 alia
2481 1467 2677 1536 quibus
2722 1468 3110 1536 refragantibus
3155 1467 3269 1521 hare
3296 1467 3563 1520 calumnia

1978 1559 2344 1626 multipliciter
2369 1573 2429 1612 ac
2449 1560 2696 1615 facillime
2718 1561 3024 1616 confutatur
3049 1577 3063 1614 :
3088 1559 3333 1628 Nunquid
3363 1555 3564 1612 alicubi

1978 1650 2442 1705 reverentissimus
2470 1652 2588 1706 lbas
2613 1654 2685 1705 ait
2711 1653 2850 1722 quod
2880 1651 3156 1706 Nestorins
3197 1650 3410 1719 quidem
3434 1647 3562 1702 odio

1977 1750 2093 1794 erat
2121 1753 2232 1794 suae
2260 1739 2463 1794 civitati
2489 1755 2539 1795 et
2569 1743 2655 1811 qui
2687 1751 2838 1795 erant
2869 1743 2920 1794 itt
2953 1760 3011 1794 ea
3053 1738 3562 1804 excellctttioritius,

281 1840 540 1902 putarent
568 1832 636 1885 de
666 1831 870 1883 haerese
909 1829 1053 1882 Pauli
1083 1829 1419 1883 Samosateni
1455 1827 1594 1880 hunc
1638 1842 1757 1882 es>e
1781 1825 1867 1893 qui
1907 1832 1945 1889 Β
1973 1830 2064 1885 sed
2097 1845 2203 1886 non
2249 1838 2499 1900 tanquam
2550 1832 2853 1898 htcreticus,
2883 1841 2942 1886 ut
2974 1832 3028 1886 in
3067 1846 3185 1886 eam
3227 1831 3421 1886 reverti
3453 1847 3568 1887 non

275 1926 416 1981 dixit
450 1923 721 1981 hominem
773 1935 961 1991 purum
1007 1934 1126 1974 esse
1175 1920 1490 1983 Christum;
1529 1939 1544 1971 ι
1582 1928 1635 1972 et
1681 1928 1865 1987 postea

273 2018 544 2088 sequitur,
574 2017 715 2068 unde
747 2013 833 2068 isti
863 2021 1142 2081 cmpcrunt
1169 2029 1181 2066 :
1231 2031 1247 2062 ‹
1298 2013 1522 2082 Cyrillus
1562 2023 1740 2065 autem
1775 2027 1868 2065 vo-

275 2110 399 2163 lens
433 2107 660 2162 Nestorii
692 2105 857 2160 libros
883 2104 1180 2167 destruere,
1217 2102 1397 2171 lapsus
1435 2112 1536 2167 est,
1569 2111 1622 2154 et
1654 2103 1703 2155 in
1735 2103 1868 2170 dog-

274 2217 367 2253 ma
398 2198 718 2267 Apollinaris
784 2197 1032 2250 inventus
1077 2204 1160 2248 est
1213 2194 1486 2248 incidisse.
1537 2193 1869 2261 Conscripsit

271 2290 445 2344 etiam
476 2299 527 2343 et
583 2289 694 2358 ipse
725 2287 973 2340 similiter
1023 2285 1120 2348 illi,
1153 2287 1270 2352 quia
1304 2286 1419 2353 ipse
1451 2285 1588 2337 Deus
1637 2284 1866 2338 Verbum

272 2379 454 2434 [εοεαε
485 2389 566 2434 est
597 2378 778 2432 homo.
826 2395 844 2428 ι
895 2377 959 2431 Et
988 2377 1179 2430 deinde
1219 2377 1460 2445 sequitur
1512 2375 1672 2436 illud,
1725 2375 1864 2444 quod

271 2471 474 2523 ili-rum
504 2471 918 2522 subtraxerurtt:
959 2483 976 2518 ι
1015 2467 1290 2535 Tanquam
1321 2481 1425 2520 non
1457 2466 1527 2520 sit
1571 2465 1864 2521 differentia

273 2563 422 2615 inter
458 2561 713 2628 templum
745 2569 794 2612 et
827 2556 1212 2611 inhabitantem
1251 2557 1300 2608 in
1328 2571 1414 2610 eo.
1456 2574 1473 2607 t
1509 2555 1617 2609 Cur
1647 2557 1824 2624 itaque
1850 2597 1865 2620 ,

272 2653 418 2706 sicut
450 2651 580 2716 dixi,
617 2651 936 2705 narrationis
967 2649 1133 2719 ipsius
1166 2649 1420 2718 principia
1445 2649 1757 2716 contingere
1786 2649 1870 2700 vi-

271 2753 554 2806 taverunt,
605 2740 744 2795 unde
775 2742 952 2811 potius
1002 2741 1138 2794 ratio
1168 2739 1426 2793 docendae
1466 2738 1706 2792 veritatis
1748 2753 1871 2791 sua-

269 2836 442 2889 debat
470 2834 724 2901 incipere,
751 2833 850 2884 nisi
874 2831 995 2901 quia
1019 2830 1234 2884 falsitati
1263 2830 1593 2885 contrarium
1624 2838 1704 2882 est
1729 2829 1868 2898 quod

269 2938 350 2981 est
375 2927 705 2981 conveniens
728 2927 974 2981 veritati?
995 2927 1122 2982 Nam
1148 2929 1460 2982 calumniari
1481 2928 1723 2983 volentes
1748 2926 1870 2980 huic

270 3017 537 3087 epistolre,
573 3017 714 3088 quod
757 3019 907 3088 quasi
939 3019 1245 3074 Nestorium
1289 3021 1656 3084 excusaverit,
1689 3018 1867 3072 occul-

273 3121 393 3164 tare
426 3109 712 3164 voluerunt
738 3111 876 3180 quod
910 3110 980 3166 ibi
1013 3112 1211 3166 dictum
1243 3121 1326 3166 est
1366 3111 1432 3166 de
1477 3113 1594 3180 ipso
1624 3109 1868 3164 Nestorio

1975 1925 2203 1991 posset?
2233 1922 2378 1986 Non,
2412 1924 2674 1993 inquiunt.
2718 1923 2963 1991 Nunquid
3021 1924 3120 1978 hoc
3159 1925 3349 1978 saltem
3384 1923 3517 1977 dixit
3541 1963 3578 1989 ,-

1972 2012 2095 2063 odio
2125 2022 2241 2066 erat
2263 2027 2374 2066 suae
2398 2015 2599 2066 civitati
2630 2022 2686 2068 et
2712 2014 2802 2081 qui
2846 2015 2898 2067 in
2930 2029 2990 2068 ea
3026 2023 3178 2068 erant
3205 2013 3569 2070 excellentioc

1973 2101 2143 2166 ribus,
2171 2102 2241 2156 ob
2269 2103 2402 2157 alias
2434 2104 2664 2168 privatas
2689 2118 2900 2168 causas,
2923 2116 2977 2157 ut
3014 2103 3064 2156 in
3089 2118 3205 2156 eam
3231 2104 3427 2158 reverti
3455 2118 3576 2158 ιιοη·

1974 2193 2198 2260 posset?
2227 2195 2410 2260 Neque
2441 2194 2564 2259 hoc,
2592 2196 2855 2264 inquiunt.
2884 2194 2941 2249 Si
2970 2194 3128 2265 igitur
3159 2210 3258 2249 nec
3282 2194 3384 2250 hoc
3409 2211 3564 2251 reve~

1972 2285 2308 2338 rentissintus
2340 2285 2456 2338 lbas
2481 2284 2638 2349 dixit,
2686 2287 2824 2352 quod
2859 2287 3073 2355 quidem
3106 2287 3150 2340 si
3196 2286 3421 2353 diceret,
3452 2302 3564 2344 non

1973 2384 2091 2430 erat
2118 2391 2455 2443 consequens
2497 2387 2554 2430 ut
2582 2376 2669 2444 qui
2702 2392 2800 2445 pro
2831 2376 2952 2429 aliis
2984 2377 3201 2444 privatis
3240 2377 3416 2431 causis
3447 2378 3562 2432 odio

1973 2468 2094 2521 bilis
2125 2469 2416 2534 diceretur,
2449 2469 2612 2522 etiam
2645 2483 2742 2537 pro
2771 2483 2865 2522 sua
2900 2467 3095 2523 batresi
3140 2470 3321 2538 negari
3355 2469 3560 2524 videre.

1976 2571 2060 2614 tur
2108 2560 2354 2624 odibilis;
2390 2572 2566 2614 tamen
2606 2576 2728 2614 eum
2780 2575 2954 2628 neque
3005 2561 3106 2615 hoc
3150 2561 3386 2615 dixerit:
3421 2562 3562 2617 unde

1972 2648 2202 2715 potestis
2245 2649 2528 2702 ostendere
2575 2649 2714 2717 quod
2750 2649 2832 2701 his
2879 2648 3054 2702 verbis
3105 2649 3426 2702 venerabilis
3458 2650 3560 2704 Iba)

1973 2740 2134 2794 fuerit
2162 2742 2440 2796 Nestorius
2469 2742 2794 2796 excusatus?
2828 2745 2906 2794 Att
2937 2743 3072 2796 forte
3103 2743 3370 2797 videretur
3408 2743 3559 2798 vobis

1973 2831 2039 2885 ad
2066 2831 2362 2885 sacerdotis
2391 2830 2676 2884 orthodoxi
2709 2832 3076 2885 testimonium
3098 2833 3388 2901 pertinere,
3413 2833 3457 2886 si
3479 2833 3559 2886 di-
3650 2866 3658 2875 -

1972 2935 2124 2978 catur
2149 2923 2275 2976 odio
2305 2935 2425 2976 esse
2473 2921 2674 2975 civitati
2717 2936 2826 2976 sua:
2853 2930 2907 2976 et
2931 2923 3018 2991 qui
3052 2925 3102 2976 in
3133 2937 3195 2976 ea
3229 2933 3350 2976 sunt
3377 2924 3568 2980 excelv-

1976 3016 2333 3072 lentioribus?
2374 3014 2491 3070 Non
2549 3016 2838 3080 videretur,
2879 3016 3156 3084 inquiunt;
3190 3027 3558 3074 verumtamen

1974 3110 2032 3165 in
2056 3109 2237 3164 verbis
2267 3107 2425 3178 hujus
2455 3107 2696 3174 epistola:
2726 3107 3041 3160 subauditur
3073 3107 3194 3176 hoc,
3221 3108 3343 3177 quia
3370 3109 3558 3163 Ναξιο-

273 3207 356 3258 vel
421 3207 580 3259 beato
627 3207 825 3274 Ciri'lo
861 3223 874 3260 :
924 3226 941 3259 t
989 3207 1440 3276 Conseripserunt
1479 3208 1762 3262 adtcrsum
1811 3223 1867 3261 se
1899 3202 1944 3264 C
1978 3205 2087 3258 rius
2117 3217 2225 3258 non
2254 3201 2558 3266 haereticus,
2606 3201 2700 3255 sed
2744 3209 2799 3254 ut
2833 3201 2904 3255 ob
2934 3200 3063 3254 alias
3106 3202 3336 3270 privatas
3369 3216 3557 3257 causas

270 3296 470 3349 tt:.xios
515 3297 683 3351 libros
732 3300 821 3367 qui
868 3299 1122 3353 seandalo
1165 3299 1378 3354 fuerttnt
1428 3300 1790 3355 audientibus.
1841 3319 1859 3351 ι

270 3389 556 3452 Quomodo
586 3390 727 3442 enim
762 3390 1034 3444 videretur
1062 3394 1532 3446 reveretttissitnus
1563 3393 1680 3447 lbas
1705 3407 1868 3446 excu-

271 3495 430 3534 sasse
476 3479 805 3548 Nestorium,
839 3484 882 3535 si
916 3483 1144 3536 sciretur
1175 3483 1376 3538 dixisse
1404 3484 1542 3552 quod
1575 3485 1765 3538 noxios
1799 3485 1863 3536 li-

270 3574 405 3628 bros
454 3575 543 3643 qui
597 3576 850 3629 seandalo
892 3587 1074 3632 essent
1102 3577 1442 3632 audientibus
1466 3620 1479 3642 ,
1514 3578 1626 3647 ipse
1655 3594 1866 3649 quoque

269 3667 703 3733 conscripserit?
731 3666 845 3722 Non
883 3669 1040 3737 igitur
1079 3671 1381 3723 excusando
1412 3670 1736 3736 Nestorium,
1771 3669 1866 3725 sed

269 3757 582 3810 accusando
602 3757 760 3813 simul
785 3761 995 3812 beatum
1019 3759 1300 3831 Cyrillum,
1327 3761 1597 3817 videretur
1618 3777 1862 3828 errasse;

271 3848 448 3919 quod,
483 3851 619 3903 sicut
642 3851 693 3904 in
729 3851 817 3905 illo
848 3854 1061 3907 noxium
1087 3853 1349 3923 judicavit
1377 3857 1499 3923 quia
1531 3856 1738 3910 beatam
1763 3855 1870 3910 Ma-

271 3945 411 3995 riam
447 3941 542 3996 Dei
575 3943 887 4011 genitricem
924 3946 1170 4014 negabat,
1196 3948 1263 3999 ita
1295 3955 1347 4000 et
1377 3947 1429 4000 in
1457 3955 1645 4000 sancto
1669 3947 1869 4016 Cyrillo

272 4032 500 4085 noxium
553 4033 779 4087 credidit
825 4035 965 4104 quod
1019 4052 1139 4090 eum
1194 4046 1472 4106 potaverat
1518 4039 1767 4093 similiter
1815 4052 1872 4095 ut

256 4122 625 4187 Apollinarem
677 4127 1099 4194 conscripsisse,
1154 4130 1276 4198 quia
1307 4131 1420 4198 ipse
1469 4130 1608 4184 Deus
1636 4129 1870 4186 Verbum

269 4229 347 4264 st:
402 4215 576 4268 lactus
622 4222 704 4269 est
748 4214 928 4280 homo,
956 4226 1023 4271 -ut
1073 4234 1176 4273 non
1211 4232 1351 4274 esset
1399 4221 1696 4276 differentia
1735 4222 1873 4277 inter

271 4304 542 4371 templum
573 4316 625 4359 et
655 4305 1042 4362 iubahitantem
1089 4311 1140 4364 in
1169 4325 1254 4364 eo.
1292 4311 1358 4364 Et
1388 4313 1586 4367 idcirco
1617 4329 1712 4368 nec
1743 4314 1870 4369 illud

267 4397 610 4452 credendum
636 4410 716 4453 est
738 4401 803 4454 ad
823 4403 1224 4458 excusationem
1251 4403 1449 4459 dictum
1473 4421 1594 4461 esse
1617 4407 1868 4474 Nestorii,

266 4492 419 4557 quod
451 4491 538 4543 isti
567 4493 1001 4559 quidem,nescio
1029 4502 1206 4548 utrum
1234 4498 1564 4552 conscientia
1592 4509 1869 4566 renuente,

1974 3297 2210 3360 odibilis,
2241 3296 2294 3350 in
2318 3309 2470 3350 suam
2498 3295 2768 3348 civitatem
2795 3295 2990 3348 reverti
3015 3309 3118 3347 non
3145 3297 3334 3362 potuit.
3371 3298 3438 3350 At
3459 3311 3559 3364 ego

1976 3390 2027 3443 in
2061 3390 2166 3443 illis
2195 3388 2375 3444 verbis
2407 3387 2510 3442 hoc
2536 3388 2714 3457 potius
2739 3387 3096 3458 significatum
3126 3388 3406 3456 subaudio,
3436 3391 3559 3458 quia

1975 3481 2256 3536 Nestorius
2289 3491 2538 3549 tanquam
2570 3480 2857 3534 haereticus
2884 3480 3008 3535 odio
3049 3489 3166 3536 erat
3193 3497 3306 3536 sua:
3329 3481 3558 3552 civitati,

1976 3573 2111 3628 utin
2141 3587 2257 3626 eam
2303 3571 2501 3626 reverti
2552 3585 2657 3624 non
2707 3579 2904 3638 posset.
2944 3571 3202 3638 Quarnam
3250 3572 3557 3627 subauditio

1973 3665 2315 3734 acceptabilis
2345 3679 2466 3720 esse
2491 3662 2799 3718 videbitur!
2839 3664 3085 3718 Arbitror
3111 3664 3252 3733 quod
3289 3679 3350 3719 ea
3382 3667 3559 3733 potius

1973 3774 2093 3829 qua:
2141 3759 2318 3814 verbis
2364 3758 2729 3826 superioribus
2767 3759 3051 3826 congruit,
3108 3758 3301 3828 quibus
3351 3758 3555 3814 dictum

1975 3862 2057 3907 est
2083 3851 2228 3921 quod
2259 3851 2398 3904 idem
2428 3850 2708 3905 Nestorius
2735 3852 2928 3904 noxios
2959 3851 3236 3921 scripserit
3266 3850 3431 3905 libros
3469 3852 3560 3919 qui

1967 3942 2228 3998 seandalo
2275 3941 2469 3996 fuerint
2517 3940 2889 4006 audientibus,
2923 3942 3048 4012 quia
3096 3943 3305 3997 beatam
3337 3942 3558 3998 Mariam

1975 4044 2200 4089 matrem
2235 4033 2329 4088 Dei
2357 4032 2583 4102 negabat
2609 4050 2620 4089 :
2647 4047 2807 4102 quam
2835 4032 2922 4087 illa
2951 4050 3072 4104 quae
3097 4034 3307 4090 videtur
3330 4036 3414 4090 bis
3443 4050 3560 4090 out—

1977 4126 2133 4180 nibus
2160 4140 2476 4195 repugnare,
2511 4125 2527 4156 ⁸
2561 4125 2686 4195 quia
2720 4123 2995 4180 Nestorius
3027 4141 3124 4195 pro
3149 4127 3262 4182 suis
3293 4127 3468 4183 noxiis
3498 4126 3561 4182 li-

1977 4219 2111 4283 bris,
2138 4219 2330 4288 quibus
2363 4232 2565 4288 negans
2596 4229 2822 4272 matrem
2859 4219 2948 4274 Dei
2989 4219 3204 4274 Mariam
3230 4221 3566 4276 scandaliza-

1975 4321 2127 4366 verat
2154 4311 2452 4375 audientes,
2486 4310 2704 4364 odibilis
2730 4319 2848 4365 erat
2894 4327 3006 4365 sua:
3035 4313 3236 4366 civitati
3269 4322 3326 4366 ut
3356 4313 3408 4367 in
3439 4328 3560 4367 eam

1976 4407 2170 4459 reverti
2199 4419 2304 4457 non
2355 4412 2559 4472 posset.
2591 4403 2793 4457 Tamen
2825 4420 2886 4457 ex
2934 4404 3226 4460 abundanti
3267 4408 3560 4460 constitua-

1977 4510 2096 4550 mus
2123 4495 2616 4550 reverentissimum
2647 4493 2786 4547 lbatn
2815 4509 2919 4548 non
2944 4495 3369 4551 subaudiendum
3390 4497 3561 4566 signi-

266 4598 336 4635 an
384 4583 511 4651 quia
543 4585 799 4650 praeteriit
829 4586 949 4639 illos
981 4586 1032 4640 in
1065 4587 1197 4640 alias
1221 4587 1434 4644 fraudes
1465 4590 1717 4654 intentos,
1762 4607 1867 4645 non
1895 4593 1949 4654 D
1977 4587 2186 4652 ficasse,
2217 4585 2311 4641 sed
2337 4595 2522 4653 aperte
2551 4585 2776 4650 dixisse,
2807 4586 2948 4654 quod
2987 4586 3261 4642 Nestorius
3291 4589 3418 4643 odio
3447 4599 3565 4644 erat

267 4682 578 4742 posuerunt
599 4672 648 4726 itt
673 4675 862 4729 eodem
881 4677 1268 4732 calumniarum
1293 4690 1454 4749 atque
1473 4683 1868 4738 mendaciorum

265 4781 504 4820 suorum
540 4767 706 4832 libro;
742 4777 919 4823 tamen
963 4770 1101 4839 quod
1136 4771 1377 4824 videmus
1405 4773 1472 4824 ab
1495 4787 1677 4826 eorum
1709 4773 1871 4830 sociis

265 4876 296 4912 v
338 4858 704 4915 [satellitibus
727 4860 1001 4928 obiectari,
1027 4876 1130 4914 non
1156 4864 1451 4916 omittimus
1476 4865 1635 4918 simili
1658 4868 1870 4924 ratione

265 4953 555 5008 refellere.
584 4951 714 5005 Nam
745 4969 868 5007 cum
903 4964 1228 5011 memoratus
1256 4959 1574 5013 venerabilis
1607 4960 1722 5016 lbas
1750 4977 1872 5016 nar-

266 5059 326 5095 ra
339 5050 427 5095 ret
455 5055 518 5095 ac
549 5041 753 5098 diceret
776 5060 788 5096 :
814 5044 1016 5099 Omnes
1041 5045 1328 5100 orientales
1355 5048 1592 5117 epicopi
1623 5052 1868 5106 eumdem

266 5134 369 5202 Cyr
389 5134 541 5187 illum
573 5133 996 5206 damnaverunt,
1027 5147 1082 5192 et
1109 5137 1367 5192 advt'rsus
1404 5142 1537 5194 alios
1568 5143 1870 5212 CpiSt'OPOS,

266 5227 362 5290 qui
398 5239 791 5281 consenserunt
815 5227 934 5295 ejus
959 5229 1224 5297 capitulis,
1259 5235 1872 5291 exeommunicationem

265 5319 664 5384 decreverunt,
689 5320 768 5374 ibi
787 5333 1002 5374 secutus
1035 5322 1226 5390 adjecit
1258 5340 1272 5376 :
1308 5344 1324 5374 ς
1365 5325 1427 5378 Ει
1458 5335 1576 5392 post
1602 5327 1736 5378 hanc
1762 5338 1872 5380 tur-

268 5412 553 5463 bauonem
608 5412 971 5480 unusquisque
1018 5417 1067 5466 in
1102 5429 1248 5467 suam
1300 5415 1568 5469 civitatem
1616 5432 1870 5472 reversus

264 5514 381 5556 est.
421 5503 697 5558 Nestorius
715 5515 916 5569 autem,
940 5507 1192 5576 quoniam
1223 5522 1334 5562 sua:
1364 5508 1562 5562 civitati
1588 5510 1708 5562 odio
1731 5519 1864 5578 erat,

263 5604 326 5650 et
359 5595 456 5662 qui
497 5606 647 5652 erant
679 5597 732 5652 in
779 5614 840 5654 ea
873 5599 1364 5666 esculentioribus,
1399 5602 1491 5656 illo
1525 5606 1722 5658 reverti
1765 5623 1868 5660 non

263 5686 476 5754 potuit.
525 5705 542 5738 ι
588 5688 855 5759 Objiciunt
885 5706 1012 5762 ergo
1053 5691 1206 5746 nobis
1243 5704 1296 5748 et
1331 5693 1514 5747 dicunt
1545 5711 1557 5746 :
1594 5694 1734 5750 Ecce
1782 5696 1871 5751 ubi

1977 4679 2192 4748 quidem
2224 4677 2422 4733 civitati
2462 4691 2574 4730 sua:
2601 4686 2656 4731 et
2698 4678 2787 4745 qui
2819 4688 2974 4733 erant
2999 4681 3051 4732 in
3085 4695 3144 4731 ea
3174 4681 3564 4735 excellentiori-

1978 4771 2098 4834 bus,
2126 4771 2217 4825 sed
2249 4785 2352 4824 non
2384 4777 2633 4838 tanquam
2681 4768 2986 4834 haereticus,
3023 4771 3189 4838 magis
3239 4779 3412 4825 autem
3447 4784 3562 4837 pro-

1978 4873 2095 4933 pter
2139 4863 2269 4916 alias
2300 4875 2508 4925 causas,
2553 4871 2608 4914 ut
2640 4861 2690 4915 in
2740 4875 2858 4915 eam
2893 4863 3094 4916 reverti
3129 4877 3235 4915 non
3283 4869 3572 4929 possead

1977 4954 2208 5011 defuisse
2237 4954 2392 5009 nobis
2419 4954 2546 5020 alia,
2589 4969 2710 5022 qua:
2734 4952 2846 5023 jam
2871 4953 3133 5020 diximus,
3161 4961 3218 5007 et
3247 4965 3370 5021 qua:
3399 4951 3575 5007 multo

1979 5048 2128 5116 plura
2159 5046 2423 5111 dicemus,
2455 5045 2650 5116 quibus
2671 5045 3114 5099 convincentibus
3151 5046 3281 5098 satis
3312 5043 3567 5098 ostende-

1981 5150 2127 5197 retur
2175 5138 2315 5208 quod
2366 5139 2525 5192 etiam
2573 5141 2686 5191 haec
2736 5153 2842 5192 non
2875 5137 2940 5190 ad
2973 5136 3339 5192 excusandum
3377 5136 3564 5192 Nestoa

1980 5231 2116 5285 rium
2161 5229 2301 5285 dicta
2332 5239 2511 5283 essent
2543 5247 2558 5283 :
2585 5227 2820 5296 nunquid
2854 5242 3077 5282 necesse
3104 5237 3220 5283 erat
3247 5229 3435 5284 eadem
3467 5244 3568 5300 per

1982 5339 2040 5377 se
2070 5325 2406 5378 con~iderata
2439 5339 2557 5390 quae
2588 5321 2839 5375 finitimus
2863 5323 3026 5376 verba
3047 5324 3125 5377 sic
3152 5323 3471 5392 intelligere,
3491 5334 3562 5380 .ut

1984 5429 2271 5473 excusatus
2300 5419 2349 5469 in
2383 5418 2461 5471 eis
2492 5416 2771 5470 Nestorius
2801 5415 3120 5470 videretur?
3148 5417 3386 5473 Passent-
3417 5417 3560 5472 euitu

1977 5521 2031 5567 et
2061 5514 2218 5566 aliter
2245 5514 2357 5567 inte
2386 5513 2496 5581 Iigi,
2532 5510 2582 5563 id
2612 5523 2714 5574 est,
2761 5511 2881 5580 quia
2907 5510 3038 5566 iicet
3062 5513 3346 5566 haereticus
3375 5511 3563 5568 Nesto-

1979 5605 2088 5658 rius
2112 5613 2275 5666 esset,
2303 5619 2397 5656 sua
2425 5612 2600 5656 tamen
2630 5603 2821 5657 civitas
2849 5602 2949 5658 hoc
2970 5602 3038 5658 de
3065 5603 3156 5657 illo
3180 5619 3286 5657 non
3309 5601 3558 5670 credidit,

1980 5710 2079 5750 nec
2112 5705 2360 5764 tauquam
2390 5695 2694 5760 htereticus,
2726 5694 2819 5750 sed
2850 5705 3068 5766 propter
3093 5694 3235 5766 quod
3259 5695 3308 5752 ei
3335 5694 3405 5752 ob
3428 5694 3586 5750 alias-

346 5820 366 5853 ·
398 5819 530 5879 Cod.
570 5823 790 5896 Verum,
841 5841 1143 5899 repugnare.
1183 5824 1424 5895 Quamvis
1470 5827 1639 5896 itaque
1686 5829 2059 5888 conveniendus
2091 5831 2444 5897 saltandique,
2474 5831 2592 5898 quia
2626 5830 2915 5894 Nestorius.
2944 5839 3045 5887 ste.
