3878 6194
244 286 345 345 895

1129 290 1261 348 PRO
1300 288 1731 348 DEFENSIONE
1772 288 1984 344 TRIUM
2022 288 2334 346 CAl’iTl'L.
2380 290 2502 346 Llli.
2552 296 2655 349 χλι.

3412 306 3516 366 694

246 406 495 475 Nestorii,
528 407 624 462 sud
662 422 759 477 pro
798 406 991 479 injuria
1034 406 1390 466 Orientalium
1420 419 1475 465 et
1507 418 1827 465 caterumm
1857 407 1905 466 Α
1936 414 2024 462 tur
2046 408 2293 478 epistola,
2320 411 2420 467 hoc
2449 419 2652 469 tantum
2685 413 2735 469 in
2768 415 2856 469 illa
2890 413 3111 482 notavit,
3136 418 3277 488 quod
3298 416 3513 473 beatum

242 500 330 566 qui
356 512 483 552 cum
511 500 593 554 eis
617 501 913 565 exspectati
940 516 1045 557 non
1074 500 1307 567 fuerant,
1338 502 1560 569 dixisse,
1592 516 1712 558 eum
1749 505 1834 571 ju-

237 588 576 656 dicavemnt,
601 606 719 660 quae
755 591 971 661 quidam
1013 593 1066 648 in
1110 594 1196 648 illa
1239 595 1465 663 cpistola
1497 595 1638 648 male
1668 595 1835 647 inter-

237 688 536 747 pretantur.
566 683 777 752 Alioqui
812 699 919 739 non
950 684 1191 741 dicerent
1213 700 1278 741 ex
1308 686 1602 741 abundanti
1630 686 1831 753 promi-

238 770 379 827 pisse
397 786 675 827 reversum
700 773 717 807 ³
747 774 910 840 Ibam,
938 785 995 831 ut
1019 778 1501 832 anathematizaret
1524 778 1575 831 in
1602 776 1831 831 ecclesia

234 860 475 917 civitatis
516 878 631 919 sua;
660 864 994 935 Nestorium,
1027 867 1123 922 sed
1162 868 1483 937 semetipsos
1523 870 1699 938 potius
1740 883 1835 921 nc-

236 956 481 1011 cessarie
518 956 622 1012 hoc
644 957 713 1013 ab
743 958 838 1013 illo
864 958 1105 1015 dicerent
1143 960 1431 1030 flagitasse.
1463 960 1594 1016 Illud
1623 976 1834 1030 quoque

235 1049 431 1114 procul
458 1049 626 1104 dubio
653 1051 813 1105 simul
853 1059 1097 1121 apparet,
1127 1053 1376 1120 quoniam
1413 1053 1570 1107 solita
1598 1054 1619 1084 ¹
1650 1054 1835 1108 fraude

236 1141 631 1195 tulitraxerunt
658 1142 799 1211 quod
844 1156 944 1196 nos
985 1157 1052 1199 ex
1101 1143 1289 1199 iisdem
1331 1144 1499 1212 gestis
1540 1147 1833 1210 posuimus,

235 1230 377 1296 quia
394 1230 675 1286 confessus
698 1242 782 1288 est
807 1233 878 1289 ita
901 1249 961 1289 se
982 1235 1205 1290 credere
1234 1236 1349 1290 lbas
1371 1235 1676 1303 t-piscotlus,
1697 1236 1838 1289 sicut

235 1320 529 1378 continent
553 1323 749 1379 litterae
778 1340 897 1393 qua:
921 1326 1348 1394 intervenerunt,
1382 1327 1650 1382 mediante
1675 1326 1837 1381 Paulo

242 1413 532 1469 Emesena
578 1413 815 1471 civitatis
860 1417 1136 1485 episcopo,
1171 1417 1311 1471 inter
1348 1418 1520 1473 beata:
1566 1418 1838 1472 memoria:

236 1504 510 1560 Joannem
556 1506 957 1562 Antiochenam
1007 1519 1064 1563 et
1114 1509 1368 1579 Cyrillum
1418 1508 1836 1563 Alexandrinum

232 1592 568 1667 episcopos:
592 1613 660 1654 ne
680 1614 748 1653 ex
774 1598 873 1653 hac
894 1600 1270 1655 testiﬁcatione
1293 1600 1384 1655 Pb
1413 1600 1469 1653 tii
1492 1609 1544 1655 et
1569 1598 1836 1654 Eustachii

238 1688 647 1758 episcoporum,
671 1705 829 1759 quam
850 1690 917 1745 ad
941 1691 1366 1747 destructionem
1389 1701 1444 1746 et
1463 1691 1834 1746 exclusioncm

1935 499 2193 570 Cyrillum
2218 502 2395 558 minus
2417 505 2682 561 intellecta
2703 508 3055 573 capitulorum
3081 508 3198 579 ejus
3223 509 3519 568 intentione

1935 589 2247 659 culpaverit,
2284 607 2389 647 non
2432 595 2569 665 quod
2609 596 2906 653 Nestorium
2950 600 3137 653 fecerit
3178 610 3514 657 excusatum.

1936 680 2289 755 Talem‘enim
2322 686 2469 741 dedit
2504 690 2845 754 sententiam,
2878 692 3017 746 sicut
3048 692 3237 761 quinto
3264 694 3399 749 libro
3426 697 3520 749 do-

1933 770 2145 827 cuimus
2181 789 2195 829 :
2231 793 2249 826 t
2289 776 2493 832 Dudum
2530 781 2739 849 quidem
2779 798 2849 836 ex.
2893 782 3106 839 reiectis
3148 786 3395 840 innoxius
3428 786 3521 841 de-

1937 872 2264 919 monstratus
2284 877 2364 921 cst
2389 871 2849 926 reverentissimus
2869 873 2924 927 Ib
2941 892 2981 925 ις
2999 890 3012 928 :
3034 876 3299 945 inquibus
3320 884 3518 932 elctt‘ttt

1938 951 2085 1009 visus
2106 964 2189 1010 est
2207 957 2421 1026 culpare
2449 960 2585 1014 male
2608 961 2830 1027 loquens
2855 965 3215 1020 beatissimum
3239 965 3518 1036 Cyrillum,

1940 1045 1991 1099 in
2043 1049 2428 1113 pos:crioribus
2471 1063 2613 1107 recte
2642 1055 2917 1109 confesms
2966 1059 3167 1128 respuit
3206 1059 3291 1114 illa
3327 1062 3521 1129 quibus

1939 1136 2248 1205 culpaverat
2275 1157 2288 1192 :
2315 1142 2436 1209 quia
2471 1158 2596 1197 vero
2641 1143 2942 1199 Nestorium
2975 1153 3268 1215 excusavit,
3304 1166 3404 1205 non
3436 1153 3520 1206 in-

1937 1228 2151 1281 venitur
2189 1244 2218 1282 a
2258 1232 2467 1301 synodo
2515 1235 2896 1301 reprehensum
2931 1254 2941 1288 :
2973 1240 3112 1307 quod
3149 1241 3326 1307 procul
3356 1241 3519 1296 dubio

1940 1321 2378 1389 reprehenderet,
2408 1326 2450 1379 si
2486 1326 2575 1381 ille
2607 1327 2905 1382 Nestorium
2939 1345 3094 1398 quem
3143 1332 3253 1399 ipsa
3297 1332 3517 1387 damna-

1926 1420 2109 1475 verat,
2144 1424 2424 1469 excusorct
2456 1431 2469 1469 :
2510 1434 2528 1467 ι
2566 1418 2731 1473 multo
2756 1418 2947 1487 magis,
2979 1420 3022 1473 si
3062 1421 3223 1475 etiam
3257 1422 3517 1486 laudibus,

1940 1502 2077 1557 sicut
2118 1503 2425 1574 loquuntur,
2473 1508 2729 1565 afﬁceret.
2776 1509 3052 1567 Sententia
3089 1512 3247 1582 igitur
3280 1514 3518 1583 ejusdem

1942 1597 2153 1668 synodi,
2178 1599 2224 1653 si
2255 1600 2376 1668 quid
2401 1603 2449 1655 ei
2472 1604 2731 1665 creditur,
2758 1605 2951 1669 probat
2976 1621 3073 1661 nec
3100 1606 3391 1676 laudatum,
3421 1623 3524 1664 nec

1942 1698 2252 1742 excusatum
2302 1690 2464 1745 fni~se
2496 1694 2546 1745 iu
2586 1693 2808 1753 epistola
2841 1696 2941 1749 lhte
2979 1696 3282 1753 Nestorium
3318 1697 3359 1755 ⁸.
3392 1701 3520 1767 Qum

240 1777 492 1846 epistolae
530 1779 858 1837 venerabilis
903 1782 1008 1837 Iba:
1057 1784 1249 1839 tactam
1297 1798 1419 1838 esse
1451 1782 1659 1837 mentiti
1691 1792 1833 1847 sunt,
1868 1778 1915 1839 Β
1944 1794 2047 1831 nou
2089 1780 2260 1834 solum
2311 1781 2611 1837 Nestorium
2653 1784 2775 1839 fecit
2805 1796 2862 1841 ut
2902 1787 3397 1855 anathematizaret,
3427 1806 3521 1847 ve~

230 1872 362 1943 ejus
403 1874 584 1942 potius
621 1875 823 1929 veritas
865 1876 1263 1933 ostenderetur.
1294 1877 1556 1944 Quoniam
1587 1886 1641 1933 et
1671 1878 1786 1932 hac
1816 1876 1837 1908 ³

239 1965 361 2034 ips:
394 1960 505 2020 non
539 1966 721 2021 tacuit.
749 1966 905 2034 Quod
931 1969 975 2023 si
1008 1967 1096 2023 cui
1136 1984 1258 2038 qua:
1300 1968 1529 2023 dicimus
1558 1968 1735 2023 adhuc
1766 1967 1839 2021 vi-

234 2058 445 2113 dentur
480 2059 729 2127 obscura,
772 2066 830 2115 et
871 2060 1082 2129 plenius
1116 2075 1335 2115 causam
1380 2062 1522 2116 scire
1545 2060 1836 2126 desiderat,

232 2149 620 2205 admonendus
646 2159 732 2205 est
771 2161 830 2205 ut
876 2151 1019 2220 legat
1064 2160 1269 2206 tantum
1301 2151 1488 2207 eadem
1529 2160 1700 2220 gesta,
1735 2166 1838 2204 non

234 2251 299 2297 ut
325 2243 598 2313 intelligat
626 2242 981 2314 adjuvandus.
1013 2245 1168 2312 Quod
1201 2246 1341 2300 enim
1380 2246 1466 2300 hic
1506 2243 1715 2299 videtur
1743 2245 1843 2298 oh-

230 2346 488 2399 settrum,
513 2333 583 2388 ibi
609 2333 727 2390 luce
746 2335 950 2390 clarius
973 2335 1261 2390 invenitur.
1284 2334 1389 2391 Sed
1418 2345 1471 2390 et
1495 2334 1621 2389 illud
1649 2334 1839 2389 falsum

232 2426 471 2480 omnino
510 2435 618 2491 est,
658 2426 801 2495 quod
851 2427 904 2483 iu
946 2426 1138 2482 eodem
1181 2426 1580 2482 mendaciorum
1618 2442 1841 2482 suorum

238 2518 385 2575 libro
417 2517 492 2574 ita
526 2509 817 2576 dixerunt:
855 2539 872 2572 ι
909 2519 1107 2576 Sancta
1133 2521 1372 2592 synodus
1396 2529 1423 2559 ει
1452 2536 1558 2577 neu
1590 2528 1857 2577 contenta

236 2624 421 2680 neque
469 2608 609 2666 facta
648 2610 717 2665 ab
762 2610 851 2666 lha
890 2611 1250 2683 denegatione
1278 2624 1501 2684 propter
1543 2612 1610 2667 ad
1653 2612 1840 2668 Marini

234 2704 558 2776 epistolam,
603 2720 775 2776 neque
819 2707 980 2761 etiam
1028 2720 1125 2773 pro
1171 2720 1238 2763 eo
1284 2705 1423 2761 iacta
1468 2706 1841 2763 te<tilicatione

231 2800 569 2855 clericorum
602 2798 1020 2865 Edessenorum,
1057 2799 1152 2855 sed
1188 2801 1517 2853 conﬁrmans
1541 2798 1838 2868 judicatum

237 2887 418 2945 Photii
462 2898 520 2943 et
566 2888 861 2957 Eustachii,
887 2889 1074 2958 petivit
1111 2889 1281 2957 Ibam,
1310 2889 1376 2943 ad
1418 2889 1841 2945 destructionem

232 2990 289 3037 et
315 2982 700 3038 exclusionem
728 2983 797 3036 ad
828 2982 1015 3037 Marim
1037 2980 1217 3052 impia:
1239 2982 1502 3052 epistolae,
1526 2985 1839 3037 anathema-

235 3074 410 3129 ἥκετε
430 3074 739 3129 Nestorium
771 3083 827 3128 et
849 3075 968 3143 ejus
991 3074 1236 3144 dogmata
1263 3089 1383 3142 quae
1403 3075 1590 3129 eadem
1614 3072 1839 3143 epistola
1855 3109 1868 3129 -.

1944 1884 2062 1923 rum
2091 1871 2251 1924 etiam
2283 1879 2337 1925 et
2371 1873 2686 1943 Eutycbem,
2711 1875 2851 1943 quod
2881 1877 2965 1932 isti
2993 1878 3172 1934 dicere
3196 1881 3479 1936 noluerunt
3504 1897 3531 1937 τ.

1943 1973 2061 2014 cum
2090 1959 2209 2015 lbas
2240 1964 2520 2031 episcopus
2547 1965 2612 2018 tle
2647 1967 2977 2036 Eutychiano
3003 1968 3250 2039 dogmate
3280 1987 3385 2027 non
3411 1974 3528 2028 fue-

1942 2048 2011 2103 rit
2029 2061 2330 2117 accusatus,
2354 2055 2480 2122 quin
2507 2052 2680 2131 potius
2702 2057 3024 2126 querebatur
3044 2059 3354 2124 injusdtiant
3377 2077 3436 2118 se
3458 2062 3527 2120 alJ

1942 2142 2059 2208 ipso
2102 2141 2345 2213 Eutyche
2383 2152 2439 2197 et
2477 2146 2699 2199 crimina
2732 2146 2859 2202 falsa
2904 2164 3235 2219 perpessum.
3267 2151 3372 2208 Sed
3399 2155 3526 2224 quia

1941 2238 2123 2285 sancta
2152 2232 2240 2287 illa
2267 2235 2525 2305 synodus,
2555 2250 2674 2305 qua:
2697 2252 2803 2292 non
2827 2248 3035 2294 tantum
3062 2240 3353 2307 Eutychem
3376 2245 3498 2299 dam

1942 2336 2105 2389 nare,
2142 2337 2330 2378 verum
2377 2326 2537 2379 etiam
2590 2326 2815 2383 Nestorii
2864 2331 3260 2388 damnationem
3308 2335 3523 2391 ﬁrmare

1942 2422 2289 2481 convenerat,
2320 2415 2599 2482 epistolam
2643 2418 2810 2487 ipsius
2858 2418 2965 2475 Ibat
3005 2422 3359 2480 orthodoxam
3403 2440 3524 2482 esse

1940 2506 2225 2577 cognovit,
2271 2516 2328 2561 et
2371 2506 2617 2564 Nestorio
2654 2511 2885 2567 maxime
2931 2513 3263 2585 Eutycbique
3307 2527 3527 2574 contra-

1943 2597 2098 2665 riam,
2123 2596 2341 2669 dignum
2364 2598 2627 2670 judicavit
2653 2603 2857 2659 socium
2885 2604 2986 2659 sibi
3018 2622 3139 2660 eum
3181 2606 3234 2662 in
3270 2609 3526 2663 condom-

1944 2687 2212 2744 nationem
2234 2690 2606 2747 haereticorum
2630 2708 2765 2763 quos
2780 2697 3343 2757 re’utahatasciscere.
3368 2700 3520 2768 Quod

1940 2778 1987 2835 si
2014 2779 2331 2851 Eutychiani
2366 2788 2551 2850 putant
2582 2786 2695 2840 ﬁeri
2746 2786 2995 2843 debuisse
3018 2801 3076 2844 ut
3100 2790 3218 2860 ejus
3243 2793 3525 2861 epistolam

1939 2869 2289 2926 conﬁtentem
2316 2872 2451 2927 duas
2476 2873 2676 2930 Christi
2707 2890 2923 2934 na'uras
2951 2880 3003 2934 in
3032 2882 3233 2936 unitate
3263 2898 3529 2953 permitte,

1938 2963 2094 3033 quasi
2115 2963 2486 3021 Nestorianam
2518 2967 2680 3024 vellet
2724 2970 2962 3039 synodus
3005 2975 3310 3041 aspernari;
3339 2975 3533 3031 Nesto-

1941 3053 2080 3107 rium
2132 3056 2371 3124 profeeto
2416 3067 2674 3126 quantum
2717 3059 2783 3115 ad
2822 3075 2881 3115 se
2920 3073 3223 3129 excusaret,
3266 3075 3423 3136 atque
3462 3066 3531 3120 ab

234 3166 493 3220 laudibus
526 3165 814 3221 afﬁciebat.
856 3185 874 3218 ι
917 3165 1015 3221 [ibi
1047 3166 1190 3221 enim
1232 3166 1315 3220 vel
1364 3166 1839 3221 reverentissimus

1946 3145 2166 3201 hzeresis
2196 3146 2420 3202 crimine
2452 3147 2652 3203 faceret
2680 3152 2937 3206 alienum.
2972 3153 3129 3218 Quod
3169 3156 3327 3210 etiam
3369 3173 3532 3226 supe-

228 3259 354 3317 ιω
385 3273 550 3314 suam
574 3273 698 3314 es~e
730 3260 942 3330 negavit
972 3259 1113 3315 illam
1143 3260 1449 3328 epistolam,
1484 3260 1566 3315 vel
1610 3261 1697 3314 illa
1728 3261 1840 3330 epi—

234 3349 374 3405 stola
415 3348 725 3405 Nestorium
757 3358 814 3403 et
854 3350 972 3417 ejus
1003 3348 1252 3420 dogmata
1302 3350 1550 3405 laudibus
1588 3350 1729 3405 sicut
1759 3352 1839 3405 lo-

236 3451 481 3509 quuntur
509 3437 716 3506 aﬂecit,
740 3439 807 3495 de
833 3453 943 3509 quo
967 3439 1102 3494 dixit
1129 3442 1270 3510 quod
1297 3442 1486 3496 noxios
1511 3442 1841 3510 conscripse-

234 3531 301 3586 rit
346 3532 569 3593 libros,
612 3529 705 3597 qui
748 3530 1001 3587 seandalo
1048 3531 1247 3586 fuerint
1294 3531 1672 3596 audientibus,
1716 3532 1838 3599 quia

234 3620 455 3678 beatam
505 3622 588 3675 Ma
622 3620 724 3677 iam
772 3621 993 3677 Matrem
1038 3621 1134 3677 Dei
1171 3622 1438 3693 negabat!
1480 3622 1587 3679 Sed
1618 3624 1843 3677 recitent

232 3731 295 3769 ex
326 3730 399 3769 ea
434 3714 624 3770 laudes
656 3712 799 3783 ipsas
827 3728 961 3784 quas
986 3715 1174 3770 dicunt
1202 3713 1433 3770 Nestorii
1458 3724 1511 3769 et
1532 3715 1839 3784 dogtuatutn

232 3811 375 3875 ejus.
408 3807 471 3864 Si
502 3814 682 3861 autem
711 3823 818 3865 nou
843 3818 929 3864 est
947 3808 1090 3877 quod
1118 3809 1368 3873 recitent,
1392 3809 1709 3864 erubescere
1747 3811 1839 3863 de-

234 3901 477 3956 buerunt
524 3899 685 3953 tuties
726 3910 1019 3970 aperteque
1064 3902 1304 3957 mentiri.
1350 3902 1498 3971 Piget
1547 3901 1688 3956 enim
1732 3917 1837 3965 me,

232 3992 441 4053 fateor,
486 4003 557 4045 ac
603 3990 767 4059 pudet
810 3993 1031 4048 omnino
1072 4000 1153 4047 tot
1190 4008 1417 4064 arguere
1461 3993 1757 4059 mendacia,
1788 4006 1843 4049 et

233 4084 407 4141 multa
460 4085 778 4151 prateriens
818 4083 885 4139 ad
924 4084 1084 4152 aliqu:
1108 4100 1224 4139 rum
1274 4087 1707 4156 redargutioncm
1747 4101 1841 4139 ne-

232 4177 506 4233 cessitate
547 4174 862 4242 compellor.
908 4176 1171 4243 Quamvis
1216 4186 1394 4231 autem
1436 4177 1569 4245 ipsis
1616 4178 1841 4246 probare

230 4268 528 4325 immineat
577 4268 723 4336 quod
768 4266 1039 4334 dixerunt,
1089 4283 1187 4323 nos
1237 4284 1413 4324 tamen
1468 4270 1596 4334 illis,
1650 4278 1842 4338 ιιι-ωει-

230 4360 417 4429 ipsius
441 4358 691 4429 epistola:
710 4359 1114 4423 documentum,
1136 4358 1276 4429 quod
1301 4359 1430 4415 nihil
1456 4362 1558 4414 tale
1578 4361 1837 4424 continet,

226 4455 405 4509 etiam
436 4466 505 4507 ex
534 4450 815 4506 memorati
835 4451 1045 4507 concilii
1078 4450 1531 4508 Chalcedonensis
1553 4453 1836 4518 sententia,

1945 3236 2088 3291 riore
2128 3237 2460 3305 libro,.sicut
2498 3242 2936 3309 promiseramus,
2983 3245 3332 3301 ostendimus.
3378 3248 3533 3305 Unde

1943 3329 2160 3385 videant
2188 3333 2280 3401 qui
2312 3331 2450 3387 hanc
2488 3334 2767 3403 epistulam
2816 3335 3185 3396 Nestorianam
3224 3355 3343 3396 esse
3370 3342 3524 3397 dixe-

1944 3432 2088 3486 runt,
2132 3437 2197 3475 ne
2242 3424 2338 3492 ipsi
2383 3426 2561 3493 potius
2592 3426 2877 3482 videantur
2914 3444 3175 3487 excusare
3204 3430 3525 3500 Nestorium,

1941 3508 2268 3566 aflirmantes
2297 3513 2439 3581 quod
2470 3516 2765 3571 secundum
2797 3519 2915 3587 ejus
2944 3519 3241 3576 doctrinam
3272 3524 3527 3585 conﬁtea-

1942 3610 2029 3656 tur
2051 3602 2193 3672 quod
2225 3603 2450 3659 duarum
2491 3616 2802 3663 naturarum
2843 3626 2944 3664 una
2990 3628 3216 3681 persotia
3256 3619 3346 3683 sit,
3388 3617 3528 3685 quod

1941 3704 2021 3749 est
2058 3711 2198 3750 unus
2233 3695 2399 3751 Filius
2430 3698 2692 3755 Dominus
2721 3712 2904 3756 noster
2932 3703 3088 3758 Jc~us
3111 3706 3372 3762 Christus.
3400 3709 3526 3764 Nam

1942 3786 2058 3844 htec
2097 3790 2325 3858 epistola
2364 3800 2509 3845 recte
2537 3793 2641 3847 dici
2675 3810 2779 3848 non
2810 3804 2979 3863 potest
3009 3796 3310 3853 Nestorium
3341 3801 3525 3855 defen-

1941 3878 2107 3943 disse,
2151 3881 2306 3950 cujus
2352 3883 2623 3938 confessio
2669 3887 2877 3941 videtur
2920 3888 3159 3958 dogmati
3212 3893 3528 3948 Nestorium:

1939 3974 2208 4028 contraria
2239 3991 2254 4029 :
2279 3974 2421 4044 quod
2449 3987 2634 4031 saneta
2663 3979 2897 4048 synodus-
2928 3981 3138 4046 videns,
3171 3983 3527 4042 orthodoxam

1941 4079 2061 4119 eam
2085 4080 2190 4120 non
2214 4064 2481 4121 itnmerLto
2498 4066 2774 4137 judicavit.
2802 4069 2998 4126 Verum
3021 4074 3156 4128 mihi
3183 4076 3359 4131 minus
3383 4079 3523 4135 vide-

1944 4168 2029 4211 tur
2048 4172 2308 4227 apparere
2335 4175 2495 4228 quam
2529 4160 2635 4216 sint
2658 4162 2999 4240 impudentes
3021 4169 3526 4233 tltli-t‘ﬁlllfﬂlllallllﬂ

1943 4249 1998 4303 in
2028 4250 2249 4319 epistula
2291 4251 2619 4307 venerabilis
2658 4253 2762 4308 [hac
2790 4266 3102 4312 excusatum
3145 4260 3309 4316 fuisse
3339 4262 3527 4318 Nesto-

1943 4341 2114 4408 rium,
2156 4345 2198 4395 si
2244 4344 2550 4397 testitnouio
2598 4354 2804 4400 tantum
2845 4348 3219 4418 episcoporum
3265 4352 3436 4409 l’hnlii
3477 4364 3528 4412 et

1948 4431 2222 4486 Eustachii
2246 4441 2424 4501 atque
2473 4433 2693 4502 tiranii,
2742 4438 3031 4517 veletiam
3081 4443 3534 4503 Chalcedonensis

226 4545 299 4601 de
350 4557 467 4614 qua
524 4541 628 4611 ipsi
683 4542 1051 4596 testimonium
1102 4542 1506 4609 οοηηηςρηηι.
1559 4542 1840 4610 probemus
1868 4521 2155 4593 Dsynodi,
2188 4523 2256 4578 de
2299 4539 2397 4579 suo
2439 4526 2723 4582 mendacio
2772 4528 3111 4600 refellantur,
3152 4536 3251 4589 nisi
3292 4538 3530 4606 ipsorum

226 4633 380 4703 quod
434 4632 910 4689 reverentissimus
955 4633 1072 4688 lbas
1114 4650 1218 4689 non
1250 4633 1423 4690 solum
1457 4635 1756 4689 Nestorium
1786 4644 1842 4690 et

224 4727 355 4794 rjus
397 4724 658 4793 dogmata
709 4724 762 4778 in
809 4738 906 4779 sua
950 4725 1178 4794 epistola
1224 4739 1327 4781 neu
1378 4725 1626 4790 laudarit,
1656 4741 1837 4782 verum

223 4818 434 4883 etiam,
466 4816 611 4885 quod
648 4818 757 4885 jam
795 4816 994 4872 dudum
1039 4820 1413 4887 pr0posuimus
1447 4820 1835 4885 demonstrare,

223 4911 449 4967 mulam
496 4908 723 4965 Nestorii
771 4908 958 4965 fecerit
994 4910 1423 4966 excusationem.
1456 4912 1692 4979 Namque
1717 4929 1837 4971 cum

221 5000 383 5070 apud
412 4999 682 5070 synodum
712 4998 1230 5070 Chalcedonensem,
1268 5017 1333 5058 ex
1369 5003 1537 5072 gestis
1576 5004 1748 5059 Photii
1787 5015 1841 5061 et

226 5094 530 5152 Eustachii
559 5106 721 5165 atque
748 5094 930 5151 Uraoii
961 5096 1336 5168 episcoporum
1358 5099 1545 5155 eadem
1572 5098 1839 5169 relegere-

305 5265 335 5293 ⁸
373 5256 447 5310 Et
474 5254 578 5310 hoc
598 5254 759 5311 etiam
784 5254 1046 5327 objiciunt
1066 5266 1176 5313 tum
1190 5258 1525 5315 Iustinianus
1547 5260 1597 5313 in
1624 5258 1836 5326 Edicto,

218 5332 352 5382 tum
398 5329 642 5396 synodus
668 5341 721 5391 ν,
751 5340 869 5396 qua:
914 5330 1015 5381 hoc
1059 5327 1174 5395 ipso
1212 5329 1516 5384 damnatam
1548 5346 1576 5382 a
1610 5330 1838 5383 concilio

218 5397 675 5454 Chalcedonensi
724 5397 1005 5467 epistolam
1054 5396 1157 5453 Ibat
1195 5398 1374 5467 docet,
1406 5401 1547 5470 quod
1582 5399 1838 5455 Pbotiiet

308 5533 328 5565 ⁸
379 5528 523 5584 Cod.
558 5529 781 5597 Verum,
814 5534 1293 5589 reuerentissimum.

302 5604 329 5635 ³
382 5601 532 5654 Idem
558 5601 707 5667 cod.,
736 5602 853 5657 ideo
873 5605 1045 5659 solita.

303 5673 331 5705 ³
384 5669 529 5724 ‘dem
556 5671 702 5736 cod.,
726 5672 839 5725 hoc.

300 5744 333 5773 ι
376 5742 529 5796 Idem
559 5741 710 5807 cod..
741 5740 1035 5800 Nestorium
1070 5760 1090 5801 :
1137 5758 1182 5802 et
1210 5747 1325 5803 ideo
1357 5762 1455 5800 non
1480 5756 1692 5811 putetur
1742 5764 1831 5803 ns-

1945 4629 2157 4685 quoque
2210 4627 2582 4673 accusatorum
2643 4620 2746 4675 [hac
2802 4624 3201 4682 eottfundantur
3246 4631 3529 4699 exemplo,

1944 4705 2134 4776 quibus
2164 4721 2257 4763 eos
2285 4710 2730 4768 caluntniosiores
2759 4722 2812 4768 et
2844 4716 3268 4783 itupudentiores
3293 4720 3530 4775 ostendi-

1944 4813 2085 4854 mus.
2113 4800 2248 4861 Nam
2288 4814 2340 4855 et
2387 4802 2462 4855 illi
2510 4804 2577 4857 ad
2618 4804 2727 4860 hoc
2755 4815 2961 4862 tantum
2999 4808 3164 4877 ipsum
3195 4813 3530 4878 protuterunt

1942 4889 2250 4958 epistolam,
2279 4892 2422 4947 sicut
2452 4909 2515 4949 ea
2558 4896 2609 4947 in
2652 4895 2849 4965 quibus
2890 4899 3193 4952 continetur
3236 4906 3384 4966 gesta
3428 4899 3529 4955 de-

1948 4991 2262 5045 monstrant.
2318 4994 2374 5038 ut
2404 5000 2469 5038 ex
2500 4984 2591 5039 illa
2633 4986 2925 5053 probarent
2953 4987 3093 5056 quod
3136 4987 3293 5041 beato
3325 4988 3527 5059 Cyrillo

1942 5073 2261 5143 detraxerit,
2301 5091 2405 5131 non
2435 5076 2580 5147 quod
2622 5076 2927 5132 Nestorium
2970 5076 3202 5132 voluerit
3225 5093 3526 5137 excusare:

1943 5252 2233 5333 I-_3_ustatbii,
2257 5255 2342 5325 qui
2371 5255 2680 5333 eant_velut-
2712 5255 3410 5329 impiam.condemnarunt,
3438 5261 3523 5333 ju-

1940 5325 2135 5379 dicium
2177 5326 2557 5394 cnlnproliarii.

1940 5565 2038 5617 que
2071 5550 2314 5620 ﬁngatur,
2347 5550 2485 5619 quod
2513 5554 2735 5619 synodus
2765 5550 2833 5601 od
2862 5552 3251 5609 destructionem
3278 5565 3323 5609 et
3348 5556 3523 5609 exclu-

1938 5621 2226 5695 s_i_onem_ad
2246 5620 2435 5675 Marim
2457 5621 2706 5695 epistolae,
2734 5620 2878 5674 Ibam
2906 5624 3077 5695 fecerit
3098 5626 3547 5681 attatltemntimre‘

1941 5689 2272 5767 Nestorium;
2299 5706 2412 5763 qua!
2431 5689 2533 5747 non
2556 5690 2749 5760 solum,
2770 5701 2874 5749 etc.
