3998 6194
471 281 576 338 695

1576 288 1862 348 FACUNDI
1905 292 2116 349 EPISC.
2159 295 2658 355 [IERMIANENSIS

3581 319 3660 374 illiti

477 411 704 468 eumque
743 399 1112 458 Nestorianum
1165 405 1362 460 vellent
1405 410 1652 464 eumdem
1687 409 1829 464 lbam
1859 412 2048 472 videri,
2083 410 2127 470 Α
2157 410 2295 478 quod
2327 411 2442 465 lbzis
2474 413 2608 482 apud
2642 412 2819 483 plures
2847 418 3188 473 excusaverit
3216 421 3470 492 aliquando
3505 432 3657 490 Νοςιο.

478 493 644 561 magis
681 493 777 546 hoc
806 511 869 547 ex
902 494 1039 548 beati
1063 497 1246 565 Cyrilli
1287 498 1620 557 detractione
1659 519 1817 571 quam
1852 520 1914 559 ex
1948 505 2052 559 Ne-

476 583 629 637 storii
671 585 1014 640 excusatione
1043 589 1122 641 vel
1155 587 1334 657 laude,
1379 591 1519 646 sicut
1556 595 1785 662 amplius
1819 597 2053 664 tingitur,

478 678 705 744 probare
751 679 925 732 conati
973 692 1122 736 sunt.
1175 682 1432 739 Dixerunt
1480 687 1619 740 enim
1669 689 1736 742 de
1786 690 1898 758 illo,
1931 691 2056 760 quia

476 768 821 824 Nestorianus
849 781 952 834 est,
983 783 1034 826 et
1063 773 1276 828 beatum
1311 775 1566 846 Cyrillum
1598 780 1906 846 episcopum
1949 782 2059 834 ha!-

476 861 700 913 retieurn
730 860 980 926 appellat.
1014 861 1079 914 Et
1107 863 1234 931 quid
1265 879 1400 931 opus
1430 874 1544 919 erat
1588 868 1690 921 isto
1719 870 1963 929 circuitu.
1999 881 2057 926 ut

475 952 562 1020 qui
591 950 748 1005 beato
771 950 967 1021 Cyrillo
998 951 1230 1007 Nestorii
1254 955 1552 1010 damnaturi
1575 956 1904 1026 detraxerat,
1933 962 2058 1015 hinc

475 1059 596 1096 eum
637 1041 1009 1096 Nestorianum
1052 1044 1254 1097 vellent
1287 1046 1597 1112 ostendere,
1624 1063 1745 1102 cum
1787 1049 1886 1104 hoc
1913 1065 2059 1104 corn-

475 1133 731 1200 pemliose
777 1144 956 1202 possit
996 1149 1058 1187 ex
1106 1136 1272 1202 ipsius
1312 1136 1541 1190 Nestorii
1588 1142 1933 1196 excusatione
1974 1143 2057 1196 vel

474 1225 781 1292 dearmatum
815 1225 934 1294 ejus
979 1226 1133 1279 laude
1169 1228 1476 1292 monstrari,
1519 1229 1563 1284 si
1607 1231 2056 1297 quemadmodum

475 1315 560 1369 isti
587 1314 863 1380 dixerunt,
895 1315 982 1369 illa
1023 1317 1247 1384 epistola
1281 1330 1593 1373 excusasset
1621 1321 1672 1373 1‘L'
1703 1321 1853 1387 Quod
1885 1324 1928 1376 si
1959 1339 2060 1378 nec

475 1407 544 1460 ab
577 1407 705 1474 ipsis
748 1407 1225 1462 calumniatoribus
1257 1424 1320 1464 ex
1351 1409 1539 1464 eadem
1570 1411 1795 1478 epismla
1827 1415 1933 1466 tale
1963 1413 2060 1466 ali-

475 1497 602 1566 quid
632 1498 902 1553 invenitur
932 1498 1226 1568 objectum,
1256 1511 1513 1571 quantum
1546 1502 1794 1557 videntur
1825 1503 1876 1556 hi
1908 1504 2062 1560 mali-

477 1594 600 1645 tiam
631 1606 817 1646 eorum
844 1602 898 1647 et
924 1592 1309 1662 impudentiam
1340 1599 1698 1665 supergressi,
1724 1605 1780 1648 ut
1809 1597 1951 1666 quod
1986 1597 2059 1653 illi

477 1698 574 1737 nec
612 1683 662 1737 in
701 1685 937 1755 querelis
978 1685 1120 1755 apud
1164 1686 1517 1756 imperatores
1557 1687 1836 1755 depositis,
1870 1704 1970 1743 nec
2008 1691 2058 1744 in

2160 502 2316 556 rium.
2360 503 2490 557 Nam
2535 520 2655 559 cum
2702 515 2821 573 post
2858 507 3248 565 damnationem
3277 515 3426 584 ipsius
3450 519 3657 589 Nestorii.

2158 594 2444 649 orientales
2498 596 2735 666 episcopi
2767 607 2924 668 atque
2965 599 3077 669 ipse
3109 609 3530 665 reverentissimo:
3553 615 3663 683 lbas,

2157 699 2278 740 cum
2296 695 2482 742 sancto
2505 686 2708 743 Joanne
2728 690 3064 745 Antiocheno
3078 692 3334 760 Ephesum
3357 703 3662 774 pervenirent,

2158 776 2224 830 de
2253 779 2499 845 capitulis
2527 789 2729 834 tantum
2763 780 2900 836 beati
2933 781 3139 852 Cyrilli,
3166 785 3301 854 quod
3325 787 3386 842 ibi
3406 788 3667 865 fuerintap-

2160 869 2400 937 probata,
2416 872 2692 940 conquesti
2709 883 2852 940 sunt,
2871 874 3010 928 sicut
3024 889 3205 928 eorum
3226 881 3402 946 scripta
3419 881 3666 952 declarant;

2158 959 2289 1013 nihil
2331 971 2508 1015 autem
2555 973 2676 1017 sunt
2717 963 2786 1018 de
2827 965 3054 1021 Nestorii
3094 967 3420 1025 damnatione
3460 980 3668 1032 causali:

2159 1053 2300 1118 quod
2345 1055 2504 1108 etiam
2552 1057 2873 1112 vcnerabilis
2902 1059 3017 1113 lbas
3043 1060 3096 1114 in
3127 1061 3222 1116 hac
3250 1065 3456 1128 epistola
3483 1070 3550 1122 sie
3575 1088 3672 1125 nar-

2160 1144 2297 1197 ravit
2325 1162 2339 1198 :
2370 1163 2389 1196 ‹
2425 1145 2550 1201 Post
2576 1148 2710 1203 duos
2740 1160 2916 1204 autem
2941 1151 3055 1205 dies
3077 1151 3407 1220 depositionis
3434 1159 3534 1227 ejus
3552 1166 3673 1216 veni-

2160 1249 2280 1289 mus
2321 1235 2371 1289 in
2417 1237 2718 1305 Ephesum;
2752 1249 2807 1295 et
2845 1246 3288 1313 cognoscentibus
3333 1249 3472 1302 nobis
3508 1255 3609 1320 quia
3635 1257 3673 1310 in

2161 1325 2506 1383 damnatione
2532 1330 2763 1386 Nestorii
2786 1350 2906 1402 qua:
2934 1334 3069 1388 facta
3097 1347 3179 1390 est
3204 1337 3270 1390 ab
3291 1338 3382 1404 eis,
3410 1342 3470 1393 12
3490 1347 3676 1412 capitula

2160 1437 2281 1491 qum
2310 1439 2338 1478 a
2369 1423 2568 1495 Cyrillo
2605 1430 2906 1497 conscripta
2948 1439 3093 1496 sunt,
3147 1435 3401 1486 contr-aria
3446 1439 3676 1495 existentia

2162 1528 2304 1568 verm
2327 1515 2469 1580 tidei,
2487 1529 2800 1585 posuerunt,
2817 1530 2868 1574 et
2890 1520 3257 1585 ﬁrmaverunt,
3280 1533 3331 1577 et
3348 1539 3677 1585 consenserunt

2162 1608 2260 1670 eis,
2296 1617 2545 1676 tanquam
2575 1626 2716 1666 vera:
2744 1613 2862 1666 lidci
2890 1614 3328 1679 consonantibus,
3351 1632 3522 1674 omnes
3541 1624 3679 1675 orien-

2165 1703 2298 1756 tales
2321 1704 2555 1772 episcopi
2584 1707 2830 1761 eumdem
2858 1706 3113 1774 Cyrillum
3145 1709 3526 1778 damnaverunt,
3547 1717 3680 1769 etari-

476 1773 690 1845 ῖιιίίίοίίε
725 1777 1120 1846 episcopalibus
1157 1787 1282 1833 ante
1314 1777 1750 1834 Chalcedonense
1775 1781 2056 1836 concilium
2092 1784 2136 1844 Β
2167 1809 2350 1848 versus
2371 1796 2504 1850 alios
2526 1797 2805 1867 episcopos
2826 1773 2916 1868 qui
2940 1809 3330 1855 consenserunt
3353 1801 3461 1870 ejus
3486 1806 3683 1873 capitulis

474 1881 579 1918 non
612 1868 776 1920 semel
805 1871 1064 1937 expertis,
1103 1884 1203 1924 nec
1233 1871 1282 1921 in
1317 1871 1432 1937 ipsi:
1464 1885 1657 1939 magno
1685 1879 1739 1926 et
1766 1873 2058 1929 universali

475 1959 704 2014 concilio
736 1969 1079 2015 tentaverunt
1108 1961 1367 2029 objicere,
1393 1961 1491 2031 ipsi
1521 1969 1644 2032 post
1666 1964 1905 2034 ejusdem
1935 1981 2061 2020 con-

475 2052 582 2104 cilii
623 2053 942 2106 sententiam
985 2054 1371 2108 criminentur!
1423 2052 1520 2118 Illi,
1551 2055 1794 2123 quamvis
1824 2056 2063 2111 obstina-

476 2142 669 2196 tissirni
707 2152 760 2197 et
807 2142 919 2211 ipsa
962 2142 1323 2198 obstinatione
1361 2158 1457 2197 sua
1497 2144 1703 2213 caecati,
1736 2145 1980 2200 viderunt
2007 2155 2062 2200 et

473 2237 575 2290 sibi
610 2245 767 2306 turpe
797 2236 912 2291 fore
943 2246 998 2291 et
1025 2237 1144 2292 aliis
1173 2238 1504 2302 incredibile,
1535 2240 1577 2292 si
1614 2241 1854 2296 dicerent
1883 2243 1935 2295 in
1973 2243 2060 2298 illa

473 2330 697 2400 epistola
745 2330 1051 2385 Nestorium
1111 2331 1275 2385 fuisse
1331 2333 1643 2400 defensum;
1693 2344 1746 2388 et
1793 2339 2062 2403 sapientes

475 2423 642 2477 nostri
667 2437 772 2477 non
805 2424 978 2476 solum
1011 2423 1227 2478 dicibile
1254 2424 1352 2478 sibi
1387 2423 1488 2478 hoc
1516 2439 1655 2488 esse,
1689 2441 1873 2480 verum
1900 2428 2061 2482 ctiam

475 2513 626 2567 nobis
665 2513 922 2568 credibile
964 2524 1307 2582 putaverunt.
1359 2515 1604 2571 Viderint
1655 2527 1834 2574 autem
1880 2528 2058 2574 utrum

473 2605 592 2660 illos
622 2605 695 2658 ita
724 2607 938 2660 mentiri
970 2607 1180 2675 deceat,
1219 2608 1372 2661 nobis
1413 2617 1589 2663 tamen
1617 2611 1759 2679 quod
1790 2614 2060 2667 mentiun-

471 2711 557 2753 tur
585 2698 897 2754 incredibile
923 2713 1044 2754 esse
1071 2710 1418 2768 cognoscant.
1452 2701 1701 2757 Advertis
1725 2703 1923 2773 itaque,
1954 2707 2061 2759 cle-

471 2792 802 2847 mentissime
833 2794 1142 2862 imperator,
1175 2796 1314 2861 quod
1346 2796 1570 2864 epistola
1600 2798 1923 2853 venerabilis
1953 2799 2061 2855 Iba:

471 2901 498 2937 a
528 2885 660 2939 falso
688 2885 915 2940 crimine
945 2887 1182 2941 excusati
1219 2889 1448 2943 Nestorii
1484 2889 1644 2944 etiam
1686 2903 2059 2948 accusatorum

469 2954 1108 3036 suorumﬁestiiicatione
1155 2991 1431 3052 purgetur,
1475 2999 1572 3039 nec
1610 2985 1838 3057 alicujus
1877 2988 1927 3042 in
1962 2989 2062 3044 hoc

471 3073 780 3128 assertionis
821 3073 1074 3143 indigeat,
1108 3075 1159 3128 in
1191 3091 1297 3144 quo
1330 3090 1449 3130 eam
1484 3077 1565 3130 sui
1595 3093 1810 3148 quoque
1840 3095 2061 3134 accusa-

471 3175 613 3218 tores
661 3165 988 3220 sufﬁcienter
1035 3177 1315 3220 excusant.
1371 3167 1476 3222 Sed
1527 3168 1653 3234 quid
1701 3170 1944 3224 dicemus
1990 3173 2058 3227 de

469 3256 752 3311 calumniis
775 3265 1078 3324 temporum
1110 3265 1441 3324 nostrarum,
1466 3267 1523 3310 ut
1552 3259 1693 3327 quod
1724 3269 1848 3313 tunc
1873 3261 2057 3330 puduit

469 3349 963 3418 irnpudentissimos
1006 3360 1371 3416 accusatores,
1403 3351 1566 3405 modo
1605 3367 1710 3406 non
1745 3353 1941 3419 pudeat
1967 3354 2058 3424 ju-

467 3440 636 3504 dices,
676 3448 733 3494 et
773 3440 959 3510 quales
1002 3439 1247 3509 judices‘!
1288 3457 1394 3494 non
1437 3441 1705 3506 humana,
1738 3446 1833 3499 sed
1864 3446 2059 3500 divinae

467 3531 823 3596 auctoritatis,
857 3531 996 3586 sicut
1015 3532 1347 3587 existimant.
1375 3533 1506 3588 Nam
1529 3534 1745 3603 judices
1775 3547 1897 3589 sunt
1915 3537 2060 3604 judi-

465 3639 586 3676 curn
626 3634 679 3680 et
715 3624 924 3692 judices
964 3633 1323 3680 mortuorum.
1362 3627 1426 3680 Et
1467 3641 1531 3680 ex
1578 3626 1660 3681 his
1690 3627 1905 3696 quidem
1937 3644 2058 3698 qua:

463 3716 606 3769 circa
651 3715 1019 3771 venerabilem
1067 3714 1208 3770 Ibam
1241 3727 1389 3786 gesta
1427 3726 1574 3785 sunt,
1619 3719 1749 3772 satis
1787 3735 2057 3788 superque

467 3807 808 3874 probavimus
847 3807 1094 3862 malivola
1147 3809 1595 3878 interpretatione
1639 3810 1865 3878 jactari,
1909 3811 2054 3881 quod

465 3898 742 3953 Nestorius
787 3900 840 3953 in
879 3897 998 3968 ejus
1038 3901 1264 3969 epistola
1310 3899 1471 3954 tuerit
1502 3913 1813 3955 excusatus.
1847 3902 1902 3956 Si
1935 3903 2055 3970 quis

462 4002 638 4048 autem
668 4002 719 4048 et
752 3993 851 4048 hoc
879 3993 1208 4058 consideret,
1241 3995 1384 4063 quod
1417 3994 1559 4049 idem
1589 3995 1914 4050 venerabilis
1937 3993 2054 4049 lhas

463 4085 645 4140 venire
694 4101 798 4140 non
851 4094 1035 4154 posset
1082 4096 1267 4140 contra
1309 4086 1568 4154 judicium
1621 4086 1791 4140 sancti
1834 4087 2053 4141 Joannis

461 4180 805 4249 Antiocheni,
833 4181 919 4235 cui
952 4190 1149 4236 tantam
1175 4181 1336 4236 tribui
1389 4182 1783 4247 auctoritatem,
1809 4190 1864 4236 et
1893 4193 2053 4235 caue-

462 4289 640 4328 rorum
683 4274 1036 4328 Orientalium
1080 4284 1244 4343 atque
1283 4274 1509 4328 aliorum
1532 4289 1653 4328 cum
1687 4275 1765 4328 eis
1794 4275 1846 4328 in
1878 4273 2051 4341 Ephe-

458 4384 576 4422 sum
623 4383 688 4423 ex
733 4368 964 4422 diversis
1009 4369 1300 4437 provinciis
1337 4367 1798 4430 convenientium,
1832 4370 1917 4435 qui
1949 4365 2048 4420 Ne-

458 4460 709 4525 storium,
742 4459 868 4513 licet
899 4459 1020 4513 sine
1062 4459 1261 4528 judicio
1293 4473 1390 4514 suo
1415 4457 1500 4514 cui
1528 4458 1815 4527 deputatus
1855 4456 2045 4518 fuerat,

456 4548 908 4614 condemnatum,
951 4549 1338 4604 absolvendum
1386 4558 1564 4604 tamen
1617 4565 1722 4603 non
1766 4548 2046 4618 judicave-

456 4651 602 4708 runt,
657 4640 825 4695 multo
880 4641 1212 4696 manifestius
1267 4643 1561 4712 cognoscit,
1614 4642 1864 4711 quoniam
1918 4657 2040 4696 eum

456 4737 759 4791 nullatenus
803 4737 1100 4792 excusavit.
1133 4735 1285 4803 Quod
1330 4735 1701 4790 considerasse
1733 4735 1894 4789 etiam
1927 4734 2044 4803 ejus

454 4837 798 4884 accusatores
839 4829 1107 4892 existimo,
1141 4837 1201 4882 ut
1221 4843 1341 4881 cum
1372 4826 1621 4880 diuturna
1651 4825 2042 4894 excogiaatione

453 4919 708 4974 adversus
737 4929 1090 4975 memoratum
1134 4919 1630 4972 reverentissimum
1659 4917 1802 4971 Ibam
1845 4925 1920 4970 tot
1950 4932 2040 4971 ca-

452 5011 681 5065 lumnias
731 5020 1110 5081 prmstruercnt
1149 5010 1435 5075 inauditas,
1469 5018 1645 5064 tamen
1689 5009 2038 5077 impudentis-

451 5104 642 5157 sitnum
665 5104 966 5170 judicarent
989 5112 1169 5174 contra
1193 5101 1428 5155 omnium
1447 5101 1829 5155 conscientiam
1857 5099 2037 5152 dicere

2084 3153 2129 3216 C

2163 1889 2770 1945 excommunicationem
2792 1892 3167 1948 decreverunt.
3195 1910 3212 1944 ι
3232 1892 3332 1948 Pro
3347 1897 3568 1961 capitulis
3586 1912 3684 1965 ergo

2161 1988 2366 2034 tantum
2390 1981 2529 2036 beati
2560 1981 2744 2049 Cyrilli
2770 1999 2994 2052 quorum
3023 1984 3342 2054 ignorabant
3370 1987 3686 2054 intentionem,

2168 2087 2273 2125 non
2302 2073 2465 2126 etiam
2500 2089 2595 2142 pro
2625 2076 3071 2130 condemnatione
3101 2077 3335 2131 Nestorii
3376 2081 3684 2132 reverentissi-

2167 2181 2285 2220 mus
2326 2165 2442 2220 lbas
2480 2165 2770 2220 orientales
2814 2168 3097 2236 episcOpos
3140 2168 3287 2222 dixit
3322 2169 3553 2223 oﬂensrts.
3583 2170 3689 2234 Quo.

2163 2259 2323 2314 modo
2360 2274 2488 2327 ergo
2527 2260 2607 2313 vel
2650 2260 2762 2326 ipse
2790 2269 2974 2314 centra
3009 2261 3148 2315 beati
3202 2261 3414 2316 Joannis
3449 2261 3688 2315 Antioche-

2162 2350 2217 2405 ni
2255 2351 2343 2421 qui
2393 2350 2443 2403 in
2493 2365 2558 2404 eo
2601 2352 2886 2419 primatum
2945 2351 3158 2418 habuit,
3219 2353 3476 2422 tutiusque
3519 2352 3692 2407 concilii

2161 2441 2464 2506 orientalis,
2507 2458 2571 2497 ac
2611 2457 2766 2496 suum
2811 2444 3100 2512 judicium,
3148 2444 3454 2500 Nestorium
3497 2448 3692 2500 censi-ri-

2163 2535 2378 2590 bentem
2411 2536 2576 2590 libros
2608 2537 2798 2591 noxios
2828 2546 3144 2604 excusaret,
3195 2539 3279 2594 vel
3321 2539 3416 2608 ipsi
3444 2538 3549 2606 ejus
3573 2551 3693 2592 accu-

2163 2637 2372 2682 satores
2391 2628 2719 2682 crediturum
2748 2628 2849 2683 sibi
2873 2645 3201 2699 quemquam
3224 2638 3520 2697 Sperarent,
3546 2630 3584 2683 si
3605 2629 3708 2685 hinc

2162 2733 2285 2772 eum
2329 2728 2515 2772 contra
2561 2720 2825 2787 publicam
2871 2722 3114 2776 notitiam
3178 2723 3610 2778 criminarentur?
3653 2722 3706 2778 Et

2165 2808 2286 2864 ideo
2303 2851 2316 2874 ,
2342 2809 2459 2864 sive
2488 2810 2575 2864 illa
2602 2811 2828 2879 epistola
2858 2813 2962 2866 Iba:
2988 2828 3110 2868 esse
3133 2814 3376 2880 dicatur,
3408 2814 3511 2868 sive
3537 2815 3595 2867 ab
3613 2812 3710 2881 ejus

2163 2906 2568 2961 accusatoribus
2627 2907 2967 2976 perhibeatur
3016 2922 3137 2962 esse
3209 2910 3464 2973 conﬁcta,
3505 2922 3597 2961 non
3643 2914 3712 2960 est

2163 2998 2534 3053 arbitrandum
2565 2999 2707 3068 quod
2738 2993 3051 3055 omitterent
3083 3001 3132 3054 hi
3157 3018 3223 3057 nc
3252 3017 3374 3056 eum
3403 3015 3652 3061 accusare,
3678 2997 3713 3051 si

2165 3093 2402 3146 viderent
2430 3092 2530 3145 hoc
2552 3107 2674 3147 esse
2695 3092 2972 3146 credibile.
2997 3095 3256 3162 Arnp1ius
3279 3106 3448 3148 tamen
3466 3092 3711 3147 absurdum

2163 3192 2244 3237 est
2284 3182 2492 3250 opinari
2539 3183 2680 3252 quod
2758 3194 3096 3240 accusatores
3170 3186 3318 3240 illam
3365 3188 3619 3256 epistolam
3660 3199 3716 3236 ex

2165 3277 2382 3331 nomine
2425 3275 2744 3332 venerabilis
2795 3277 2909 3331 lbc-
2940 3276 3251 3346 tingentes,
3299 3291 3357 3334 ut
3407 3280 3710 3333 Nrstoriauus

2163 3367 2456 3431 videretur,
2489 3366 2623 3421 nihil
2651 3370 2698 3421 ei
2729 3368 2812 3423 vel
2845 3368 2896 3421 in
2925 3371 3088 3422 tantis
3118 3371 3511 3441 episcopalibus
3532 3369 3714 3438 judiciis

2159 3470 2283 3515 ante
2311 3459 2751 3517 Chalcedonense
2780 3463 3065 3516 concilium
3093 3502 3108 3528 ,
3145 3463 3234 3518 vel
3269 3466 3318 3516 in
3353 3466 3463 3534 ipso
3489 3463 3705 3518 concilio.

2159 3553 2226 3608 de
2254 3553 2486 3608 Nestorii
2511 3553 2822 3609 defensione
2846 3562 3116 3608 tentarent
3141 3557 3407 3624 objicere.
3432 3558 3551 3609 Nam
3581 3556 3619 3608 si
3648 3554 3716 3605 illa

2159 3645 2317 3700 verba
2347 3646 2540 3712 quibus
2568 3646 2769 3701 dictum
2802 3655 2886 3699 est
2931 3663 2943 3697 :
2978 3645 3053 3700 De
3091 3648 3408 3717 episcopatu
3448 3645 3711 3700 Nestorium

2158 3736 2523 3804 deposuerunt
2563 3736 2764 3806 judicio
2807 3748 2862 3791 et
2910 3737 3264 3807 inquisitione
3318 3753 3424 3792 non
3479 3738 3635 3798 facta;
3676 3742 3721 3786 et

2158 3828 2349 3882 iterum
2387 3846 2399 3880 :
2433 3827 2710 3883 Nestorius
2737 3837 2939 3896 autem,
2973 3829 3236 3898 quoniam
3260 3843 3374 3884 suae
3403 3827 3591 3882 civitati
3616 3825 3722 3878 odio

2157 3929 2275 3974 erat
2301 3929 2353 3974 et
2385 3921 2474 3990 qui
2509 3931 2665 3974 erant
2692 3921 2743 3974 in
2775 3936 2834 3974 ea
2866 3921 3386 3985 excellentioribus,
3418 3921 3507 3975 illo
3554 3916 3722 3970 reverti

2158 4026 2264 4065 non
2295 4011 2459 4079 potuit
2490 4029 2502 4064 :
2529 4011 2833 4066 Nestorium
2861 4011 3173 4082 signiﬁcant
3199 4021 3536 4074 excusatum,
3564 4022 3647 4061 cur
3669 4019 3724 4058 ea

2158 4102 2377 4157 tinxisse
2405 4103 2692 4157 credantur
2719 4103 2978 4159 adversus
3005 4105 3331 4174 episcopum
3349 4145 3364 4169 ,
3397 4101 3599 4172 quando
3623 4110 3724 4152 eum
3801 4090 3805 4096 ’

2156 4205 2262 4247 non
2310 4207 2698 4248 accusaverunt
2751 4209 2848 4264 pro
2898 4196 3259 4249 excusatione
3305 4193 3570 4250 Nestorii?
3599 4188 3726 4244 Unde

2153 4292 2283 4345 satis
2315 4290 2615 4345 insinuatur
2641 4290 2782 4360 quod
2811 4301 2865 4346 et
2894 4292 2996 4346 Iba:
3020 4292 3094 4345 sit
3128 4293 3225 4346 illa
3269 4291 3520 4360 epistola,
3546 4297 3596 4342 et
3618 4286 3727 4339 (also

2152 4384 2364 4438 dicatur
2393 4398 2679 4439 excusasse
2704 4382 3029 4438 Nestorium.
3058 4383 3172 4438 Sed
3215 4399 3318 4438 nec
3359 4393 3477 4452 post
3503 4377 3724 4436 condem-

2153 4476 2423 4531 nationem
2481 4475 2848 4530 tantummodo
2881 4517 2896 4542 ,
2957 4489 3147 4530 verum
3207 4476 3378 4531 etiam
3446 4473 3726 4542 priusquam

2151 4571 2634 4641 condemnaretur,
2681 4571 2821 4625 idem
2861 4569 3144 4624 Nestorius
3175 4568 3456 4623 invenitur
3484 4566 3550 4619 ab
3575 4563 3727 4616 orien-

2153 4662 2348 4716 talibus
2377 4662 2641 4731 episc0pis
2667 4676 2763 4732 per
2801 4671 3161 4716 memoratum
3199 4669 3454 4713 sanctnrn
3498 4656 3729 4711 Jommem

2150 4754 2545 4809 Antiucltenum
2578 4762 2602 4790 α
2633 4767 2754 4807 esse
2785 4755 3047 4819 culpatus.
3079 4750 3224 4805 Nam
3257 4750 3506 4805 scribens
3535 4747 3580 4800 ei
3609 4739 3727 4811 quod

2148 4861 2283 4900 vane
2317 4855 2589 4899 recusaret
2631 4846 2839 4898 beatam
2881 4844 3104 4898 Mariam
3157 4854 3397 4897 matrem
3443 4839 3537 4894 Dei
3583 4832 3730 4888 nomia

2147 4951 2308 5002 nare,
2358 4935 2434 4990 sic
2462 4935 2634 4989 dicit:
2673 4952 2692 4985 ι
2732 4935 2842 5004 Ego
2875 4949 3002 4987 vero
3034 4950 3144 4986 nnn
3175 4933 3351 4987 veluti
3399 4927 3729 4985 accusabzlem

2148 5039 2290 5083 tuam
2319 5029 2656 5081 sanctitatem
2694 5027 2761 5080 ad
2791 5025 3179 5094 corrigendum
3215 5026 3445 5080 verbum
3479 5021 3728 5080 exhortor.

2145 5134 2319 5190 neque
2351 5120 2516 5173 veluti
2548 5119 2611 5172 ad
2642 5119 3102 5182 contrarietatem,
3132 5127 3196 5171 ut
3231 5117 3306 5171 ita
3349 5117 3544 5175 dicam,
3573 5109 3730 5181 pueri-

524 5292 546 5316 ³
575 5307 806 5361 [labetur
839 5309 1037 5375 integra
1080 5306 1299 5359 Joannis
1341 5301 1658 5358 Antiocheni
1692 5296 1916 5369 epistola
1957 5296 2021 5350 ad
2055 5294 2358 5352 Nestorium
2394 5314 2459 5353 ex
2494 5310 2598 5364 qna
2635 5298 2667 5352 h
2719 5312 2749 5352 c
2791 5298 3039 5364 decerp'a
3082 5306 3250 5358 sunt,
3290 5303 3446 5362 parte
3505 5308 3515 5342 r
3560 5281 3730 5357 synodi

451 5379 754 5448 Ephesium,
797 5396 939 5431 num.
973 5378 1063 5430 ‘25.

523 5560 538 5588 ί
557 5557 688 5611 Cod.
708 5557 922 5615 \‘eron.,
946 5555 1034 5606 illa
1057 5557 1272 5621 epistola
1285 5557 1524 5624 dogmata
1544 5549 1590 5603 Ν
1597 5549 1770 5624 salarii
1785 5547 2024 5624 laudibus

441 5627 655 5699 affecit?
687 5628 827 5682 Nam
865 5617 1124 5699 proferant
1147 5627 1236 5699 ubi
1262 5627 1338 5678 vel
1356 5617 1765 5699 ipsi_ntendaces
1797 5617 1904 5699 lbra
1936 5634 2022 5699 elc—

447 5687 704 5756 cdseforea
727 5701 796 5750 ita
823 5687 1020 5749 mentiri
1043 5696 1156 5747 ausi
1181 5705 1318 5762 sunt,
1348 5687 1402 5746 ui
1429 5693 1573 5745 illum
1601 5694 1822 5744 dicerent
1857 5690 1909 5762 in
1936 5687 2026 5762 illa

445 5773 661 5846 ρρίεεοέα
696 5783 960 5825 excusasse
1002 5759 1319 5826 Nestorium,
1343 5765 1418 5818 vel
1443 5765 1550 5825 ejus
1582 5763 1823 5829 dogmata
1858 5759 2026 5813 laudi-

2138 5551 2226 5601 bus
2255 5547 2519 5612 n/feci:-sc?
2553 5545 2698 5608 Quod
2725 5543 2791 5596 si.
3169 5611 3177 5612 ί
3253 5610 3260 5612 Α
3578 5603 3588 5612 ι
3615 5598 3634 5612 ρ
3665 5594 3693 5612 _,

2213 5597 2697 5684 llir'r'eadii-lighiam
2724 5612 2826 5684 449
2851 5613 3041 5666 desunt
3065 5610 3428 5674 mltationcs,
3455 5603 3591 5677 quod
3611 5597 3724 5654 folia

2137 5692 2241 5745 duo
2269 5689 2376 5744 sint
2406 5683 2471 5742 de
2499 5684 2683 5741 codice
2713 5683 2907 5739 ablata.
