3998 6194
236 262 327 318 691

235 473 371 528 sicut
415 468 758 539 agnovimus,
789 467 932 537 quod
980 482 1087 522 non
1117 468 1441 523 erubescens
1472 469 1539 522 de
1583 470 1681 524 hac
1725 470 1811 537 pia

233 563 567 621 confessione
592 559 768 615 solum
807 574 1003 613 nomen
1033 574 1252 614 recusas
1282 577 1294 613 ε
1331 560 1376 615 si
1397 570 1573 613 autem
1602 575 1632 614 a
1662 560 1812 613 vobis

234 655 396 724 aliqui
424 653 475 707 in
504 650 733 707 ecclesia
762 665 1076 718 magnorum
1107 658 1164 704 et
1199 651 1300 703 hoc
1328 651 1645 719 exquirant,
1675 666 1813 704 nun-

232 764 385 819 quam
433 746 707 803 recusabis
742 754 799 800 et
846 744 940 800 Dei
988 745 1301 812 genitricem
1349 745 1532 802 dicere
1570 756 1808 799 sanctam

236 841 523 910 Virginem.
556 837 785 893 Proinde
812 836 879 892 ad
910 847 1056 891 tuum
1089 850 1141 892 te
1182 838 1461 903 exhortor,
1493 839 1547 893 in
1584 854 1689 907 quo
1718 853 1811 893 vos

232 947 333 987 non
363 944 546 985 errare
574 930 795 998 cognovi
822 944 836 979 :
867 943 1061 981 nomen
1092 935 1147 981 et
1176 927 1396 981 verbum
1427 927 1504 981 il!i
1532 928 1609 980 rei
1635 926 1743 996 jam
1779 943 1809 980 a

231 1020 406 1077 multis
438 1019 685 1075 Patribus
721 1017 1090 1082 constitutum,
1125 1026 1179 1072 et
1208 1017 1468 1085 scriptum
1488 1055 1502 1079 ,
1527 1025 1582 1070 et
1608 1016 1807 1070 dictum

232 1125 324 1170 est.
369 1112 486 1168 Non
527 1113 705 1180 itaque
742 1119 953 1180 oportet
982 1127 1030 1163 nl
1050 1125 1178 1180 gare
1216 1109 1475 1173 \‘erbum,
1512 1110 1666 1180 cujus
1693 1125 1805 1165 rem

230 1206 277 1259 in
304 1204 488 1258 animo
532 1203 731 1257 habere
760 1216 854 1270 pro
885 1201 1154 1256 intellectu
1188 1201 1451 1270 probaris.
1485 1200 1600 1256 Hoc
1623 1202 1807 1271 itaque

231 1309 423 1349 nomen
475 1293 651 1347 nullus
693 1291 1182 1346 ecclesiasticarum
1241 1291 1519 1347 ductorum
1573 1299 1806 1347 recusat.

230 1387 329 1453 Qui
373 1386 513 1442 enim
541 1399 611 1439 eo
656 1382 737 1439 usi
763 1392 910 1449 sunt,
945 1390 1001 1438 et
1028 1382 1245 1451 plurimi
1273 1391 1400 1437 sunt
1442 1393 1495 1438 et
1526 1382 1761 1452 insignes
1790 1398 1806 1436 :

231 1476 317 1545 qui
345 1485 521 1531 autem
549 1475 630 1530 usi
660 1491 766 1529 non
789 1483 936 1543 sunt,
969 1491 1072 1529 non
1100 1474 1455 1544 culpaverunt
1482 1483 1719 1529 utentes.
1745 1475 1809 1529 Et

230 1584 363 1623 vane
389 1583 510 1632 nos.
534 1570 677 1623 sicut
704 1576 966 1636 apparet,
992 1577 1243 1634 tanquam
1270 1566 1501 1635 duplicis
1535 1565 1809 1620 examina-

232 1661 385 1715 tionis
407 1660 605 1729 gratia,
631 1659 683 1714 iu
713 1660 1085 1715 hereticorum
1114 1672 1301 1728 pravas
1328 1658 1607 1725 opiniones
1630 1656 1809 1711 incur-

1106 259 1241 317 rno
1281 258 1707 320 osrenswne
1746 231 1962 319 fama
2001 260 2317 319 CAPiTUL.
2358 262 2488 319 LIB.
2533 262 2640 319 vn.

237 381 359 437 lem.
381 376 488 435 Sed
519 377 641 446 quia
664 389 694 430 a
718 383 770 430 te
792 384 847 430 et
867 379 1061 444 saepius
1084 386 1139 430 et
1159 377 1224 431 ad
1254 377 1447 431 multos
1466 377 1669 432 dictum
1696 386 1801 443 est,
1836 382 1883 438 Α

3388 260 3494 317 698

1990 375 2118 450 tanti
2138 377 2332 450 synodo
2386 377 2547 450 risum
2576 392 2674 450 non
2724 378 2899 446 fuisse,
2962 386 3016 430 ut
3073 387 3338 449 propterea
3380 393 3494 450 ejus

1986 448 2247 515 epistolam
2273 448 2711 502 condemnandam
2754 458 2996 503 censeret.

1985 580 2170 635 Solum
2200 595 2329 650 ergo
2359 590 2469 647 est,
2503 580 2645 646 quod
2674 596 2793 636 cum
2827 581 3110 636 malitiosis
3138 588 3194 635 et
3212 580 3495 637 obstinatis

1914 672 2312 726 accusatoribus
2341 671 2663 727 venerabilis
2694 672 2796 726 Iba:
2823 671 2873 726 in
2906 671 3021 740 ejus
3050 670 3276 740 epistola
3306 668 3493 725 crimi-

1912 766 2026 818 nari
2060 765 2266 834 possint
2316 766 2596 832 haeretici,
2631 764 2718 821 vel
2764 766 3003 820 fautores
3033 778 3248 831 eorum,
3275 764 3397 835 quia
3428 763 3497 820 de

1914 852 2072 909 beato
2101 855 2332 924 Cyrillo,
2361 855 2501 911 sicut
2524 856 2615 911 alii
2647 871 2856 926 quoque
2883 855 3119 925 plurimi,
3147 855 3302 910 aliter
3333 871 3490 925 quam

1914 959 2003 998 res
2034 945 2219 1000 habuit
2249 947 2617 1003 aestimaverit.
2653 946 2906 1014 Quamvis
2948 958 3002 1002 et
3025 948 3077 1002 in
3119 947 3220 1001 hoc
3260 946 3493 1002 malitio-

1912 1039 2083 1092 siores
2111 1051 2163 1092 et
2190 1039 2574 1095 obstinatiores
2599 1040 2683 1093 isti
2711 1039 3023 1108 probentur,
3048 1040 3135 1107 qui
3163 1037 3393 1092 hominis
3425 1037 3493 1092 de

1914 1127 2130 1184 homine
2150 1130 2503 1200 ignorantiam
2529 1130 2593 1185 ad
2620 1130 2843 1185 hauesis
2860 1133 3060 1185 crimen
3086 1129 3301 1184 trahunt
3328 1146 3342 1183 :
3366 1128 3490 1199 quia

1914 1219 2017 1275 hoc
2060 1229 2180 1290 post
2205 1222 2417 1277 concilii
2460 1223 2776 1277 sententiam
2821 1222 3051 1285 faciunt,
3084 1221 3223 1290 quod
3253 1220 3325 1275 illi
3365 1229 3490 1276 ante

1910 1311 2187 1379 fecerunt;
2213 1328 2313 1368 nec
2337 1313 2611 1383 patiuntur
2632 1312 2924 1383 antiquitus
2950 1312 3204 1368 refutatas
3226 1311 3489 1381 antiquari

1911 1404 2235 1473 calumnias;
2268 1405 2360 1461 sed
2384 1404 2509 1459 olim
2539 1405 2646 1459 suis
2668 1406 2972 1459 auctoribus
2993 1404 3230 1473 sepultas
3252 1402 3485 1458 rediviva

1909 1496 2251 1552 contentione
2308 1496 2647 1551 resuscitant.
2695 1496 2892 1550 Verum
2924 1495 2990 1550 de
3036 1495 3135 1549 hac
3164 1493 3488 1565 ignorantia,

1911 1600 2007 1656 per
2034 1601 2193 1656 quam
2236 1598 2566 1642 memoratus
2608 1587 3072 1641 revt-rentissinms
3102 1586 3219 1639 lbas
3259 1598 3379 1638 cum
3413 1593 3490 1639 tot

1913 1679 2311 1747 provinciarum
2363 1680 2628 1750 episc0pis
2670 1679 2953 1733 fallebatur
2980 1678 3031 1731 in
3076 1691 3301 1747 persona
3347 1676 3488 1731 beati

232 1754 411 1816 rimus,
438 1763 497 1807 et
521 1750 879 1807 conscientias
898 1750 1118 1805 fratrum
1142 1750 1283 1803 nulla
1316 1749 1540 1803 utilitate
1560 1758 1802 1805 exstante
1838 1744 1877 1802 Β
1906 1744 2116 1838 Cyr;ij
2150 1768 2313 1823 mum
2340 1744 2451 1839 ja'm‘
2479 1744 2618 1823 dign,
2652 1780 2797 1834 sum,
2839 1777 2893 1823 ει
2924 1770 3041 1838 plus
3071 1744 3228 1835 quam
3258 1764 3491 1821 summa-

233 1856 507 1910 percussas
546 1840 871 1912 despicimus
904 1857 919 1896 :
953 1849 1265 1896 recusantes
1290 1855 1484 1894 nomen
1526 1839 1679 1909 cujus
1727 1840 1806 1893 in-

232 1936 497 1990 tellectum
530 1936 668 1991 bene
712 1935 1025 2005 optimeque
1052 1933 1374 2003 recipimus,
1408 1934 1629 1988 multum
1659 1948 1808 1988 erra-

233 2041 370 2091 mus,
399 2027 577 2097 magis
604 2038 781 2081 autem
820 2026 1188 2097 periclitamur
1218 2026 1361 2081 circa
1392 2026 1806 2082 inenarrabilem

234 2120 683 2188 dispensationem
728 2119 987 2189 unigeniti
1035 2118 1153 2174 Filii
1210 2119 1323 2175 Dei.
1364 2119 1615 2188 Sequitur
1661 2120 1804 2174 enim

231 2209 500 2264 ablatione
522 2209 756 2265 nominis
780 2209 938 2281 hujus
954 2213 1035 2265 vei
1055 2210 1458 2284 significationis
1478 2209 1617 2280 ejus,
1637 2224 1809 2280 neque

236 2299 389 2354 Deum
418 2316 544 2356 esse
565 2315 688 2355 cum
710 2301 802 2370 qui
827 2300 1241 2356 inenarrabilem
1270 2302 1511 2366 corporis
1531 2300 1809 2370 dispensa-

235 2392 421 2446 tionem
447 2405 548 2461 pro
576 2392 731 2447 nobis
750 2391 1007 2461 suscepit,
1039 2407 1211 2461 neque
1233 2391 1398 2446 Deum
1428 2390 1659 2447 Verbum
1686 2406 1810 2447 eva-

232 2498 385 2537 cuans
432 2497 495 2537 se
520 2482 695 2551 ipsum
715 2522 732 2545 ,
763 2492 819 2538 et
846 2482 1072 2538 formam
1110 2483 1250 2536 servi
1279 2483 1579 2552 accipiens,
1608 2482 1808 2537 intesti-

235 2574 478 2628 tuabilem
507 2574 650 2629 circa
683 2590 780 2629 nos
807 2575 1190 2631 m'sericordiat
1233 2590 1345 2630 sum
1390 2577 1808 2645 magnitudinem

232 2664 619 2728 demonstrans,
640 2666 776 2719 sicut
792 2665 973 2719 divina
994 2666 1089 2719 hac
1112 2666 1512 2735 diSpeusatione
1533 2665 1752 2721 factum.
1785 2686 1804 2720 ι

240 2759 354 2810 (Tum
405 2757 569 2826 igitur
610 2758 677 2809 ab
726 2757 1089 2813 Orientalibus
1137 2767 1191 2813 et
1238 2771 1363 2814 ante
1410 2758 1809 2815 damnationem

233 2858 505 2915 corteptus
556 2848 833 2903 Nestorius
873 2849 1214 2911 ostendatur,
1262 2859 1317 2904 et
1361 2858 1482 2919 post
1511 2850 1807 2907 damnatio.

236 2954 346 2997 neut
363 2976 381 3000 ,
403 2939 530 2994 licet
549 2941 618 2993 ab
644 2938 1043 3011 indignantibus
1062 2948 1116 2994 et
1142 2937 1388 3010 injuriam
1416 2940 1812 3011 suamgraviter

237 3031 549 3094 dolentilius,
582 3046 690 3086 non
723 3040 901 3085 tamen
941 3027 1101 3085 fuerit
1129 3030 1435 3097 absolutus,
1466 3032 1559 3086 sed
1588 3048 1811 3087 vellera-

1909 1860 1999 1914 bat
2021 1872 2297 1915 ostensum
2324 1872 2409 1916 est
2436 1862 2574 1931 quod
2601 1861 2907 1916 hmreticum
2941 1876 3025 1915 res
3046 1859 3146 1914 ista
3176 1875 3279 1913 non
3312 1859 3489 1914 faciat.

1908 1950 2014 2007 Sed
2045 1950 2165 2021 quia
2193 1951 2479 2006 nonnullos
2508 1953 2757 2008 videmus
2795 1953 2845 2005 in
2876 1953 2983 2006 suis
3016 1952 3351 2006 remissiores
3376 1994 3391 2017 ,
3436 1951 3487 2004 in

1906 2039 2095 2097 alienis
2111 2042 2540 2097 vehementiores
2566 2056 2685 2098 esse
2718 2044 2969 2110 pet-catis,
3003 2058 3261 2112 suamque
3294 2044 3491 2098 sancti-

1909 2140 2070 2186 tatem
2122 2131 2174 2186 in
2227 2132 2619 2201 exaggerandis
2689 2131 3056 2201 proximorum
3106 2131 3493 2185 oti‘ettsionibus

1908 2230 2197 2292 ostentare,
2249 2220 2394 2278 illam
2424 2237 2634 2293 quoque
2681 2238 3047 2278 removeamus
3070 2222 3320 2277 invidiam
3343 2264 3357 2289 ,
3387 2238 3489 2291 qua

1908 2318 2149 2389 graviter
2173 2328 2594 2389 conqueruntur,
2622 2317 2862 2372 dicentes
2890 2317 2940 2369 in
3003 2316 3085 2370 his
3107 2316 3354 2383 capitulis
3386 2330 3490 2370 non

1912 2421 2018 2467 tam
2043 2414 2253 2468 beatum
2273 2412 2532 2485 Cyrillum
2555 2428 2713 2482 quam
2739 2414 2997 2484 synodum
3025 2410 3350 2480 Ephesinam
3374 2426 3491 2478 qua:

1910 2506 1999 2561 illa
2022 2504 2136 2577 jam
2168 2514 2484 2575 receperat,
2519 2504 2681 2558 fuisse
2711 2505 2977 2573 culpatam
3013 2518 3027 2556 :
3064 2517 3159 2555 nec
3189 2516 3346 2570 posse
3402 2516 3493 2566 ap.

1912 2597 2128 2666 prohari
2164 2597 2302 2650 hanc
2331 2595 2613 2665 epistolam
2637 2635 2651 2657 ,
2687 2593 2785 2646 nisi
2811 2593 2995 2647 eadem
3037 2592 3269 2663 synodus
3298 2592 3488 2653 impro-

1912 2687 2088 2743 betur.
2117 2687 2253 2741 llinc
2281 2686 2525 2741 volentes
2556 2684 2794 2749 efficere,
2827 2693 2882 2735 ut
2926 2698 3172 2751 magnum
3201 2680 3492 2735 Chalcedo-

1914 2792 2083 2833 nense
2110 2777 2423 2844 concilium,
2456 2774 2595 2846 quod
2622 2775 2766 2828 illam
2795 2773 3055 2843 judicavit
3110 2773 3489 2837 orthodoxam,

1913 2869 2078 2938 ipsius
2110 2866 2397 2937 Ephesinte
2443 2866 2632 2937 synodi
2662 2865 2904 2919 videatur
2929 2865 3237 2934 impugnare
3258 2863 3492 2917 decreta.

1918 2960 1988 3015 At
2016 2974 2113 3028 ego
2143 2959 2287 3024 dico,
2321 2958 2443 3028 quia
2474 2965 2752 3026 prapterea
2783 2955 2950 3024 magis
2978 2970 3120 3024 saepe
3161 2954 3354 3009 dictam
3383 2955 3489 3021 epi-

1914 3048 2109 3103 stolam
2143 3048 2505 3118 pronuntiavit
2533 3046 2908 3108 orthodoxam,
2942 3045 3190 3113 quoniam
3215 3044 3344 3098 vidit
3374 3059 3489 3098 eam

241 3124 423 3178 bilibus
450 3122 657 3193 Cyrillo
688 3132 741 3176 et
769 3122 1041 3191 Ephesino
1070 3123 1349 3178 Memnone
1390 3126 1588 3194 episcol
1608 3124 1653 3178 is
1696 3128 1809 3179 so'a

1921 3139 2205 3194 secundum
2231 3137 2398 3201 ipsius
2424 3137 2712 3205 Ephesium
2734 3134 2926 3207 synodi
2953 3137 3166 3189 decreta
3190 3134 3490 3191 confessam

241 3212 533 3282 suspicione
558 3212 846 3277 damnatis,
878 3212 1163 3269 Ner-torius
1190 3214 1243 3269 in
1272 3229 1332 3269 ea
1361 3230 1521 3284 quam
1545 3226 1816 3270 meruerat

241 3305 679 3360 condemnatione
706 3306 1037 3373 dimisi-rint;
1072 3307 1341 3377 quomodo
1378 3324 1481 3362 non
1524 3311 1814 3365 erube~cc~

244 3406 348 3451 rent
385 3396 472 3452 vel
502 3397 915 3466 pertinacissimi
948 3407 1288 3454 accusatores
1313 3400 1633 3454 venerabilis
1675 3399 1811 3465 llue,

247 3490 410 3544 multis
458 3490 663 3543 rvet-nti
704 3504 885 3545 terum
918 3490 1173 3543 memoria
1205 3490 1582 3560 refragaturis.
1632 3493 1814 3546 dicere

247 3579 369 3643 quod
412 3580 719 3635 Nestorium
750 3581 803 3633 in
836 3596 931 3634 sua
963 3581 1190 3649 epistola
1232 3580 1420 3636 fecerit
1464 3584 1816 3649 excusatum?

256 3666 486 3724 Viderunt
506 3668 692 3739 itaque
714 3684 810 3737 pro
834 3670 994 3725 lautis
1021 3686 1142 3741 qua:
1173 3672 1587 3726 tut-moravimus
1615 3675 1814 3728 nemini

250 3762 488 3817 credibile
520 3761 662 3829 fore,
686 3763 829 3831 quod
853 3764 904 3816 in
931 3763 1335 3817 excusationem
1357 3763 1589 3817 Nestorii
1615 3763 1816 3818 dictum

258 3864 383 3909 esset
411 3871 427 3906 :
457 3854 534 3909 De
564 3855 875 3924 episcopatu
902 3854 1204 3910 Nestorium
1228 3854 1596 3923 deposuerunt
1616 3855 1819 3925 judicio

251 3956 295 3999 et
314 3948 652 4018 inquisitione
681 3964 787 4002 non
818 3948 986 4011 facta;
1016 3948 1110 4002 sed
1148 3949 1230 4003 vel
1263 3963 1362 4017 pro
1391 3950 1637 4017 capitulis
1677 3950 1819 4005 beati

254 4028 416 4104 Cyriili
439 4080 459 4105 ,
508 4053 631 4108 quae
661 4048 843 4106 postea
897 4041 1276 4108 interpretatus
1306 4050 1427 4107 est,
1472 4049 1721 4111 tauquam
1753 4042 1821 4097 de

256 4124 343 4181 illis
356 4126 559 4197 judicio
587 4136 643 4183 et
669 4128 1014 4196 inquisitione
1036 4144 1145 4183 non
1174 4128 1310 4184 facta
1344 4131 1621 4186 Nestorius
1663 4132 1822 4186 fuerit

255 4218 654 4286 condemnatus;
689 4221 770 4275 vel
821 4220 945 4287 quia
977 4220 1363 4289 dedignaretur
1391 4222 1539 4288 ibas,
1574 4232 1632 4276 ut
1660 4237 1819 4290 supra

253 4307 344 4375 iatn
373 4311 627 4380 diximus,
668 4311 929 4382 judicium
960 4322 1014 4369 et
1045 4314 1443 4381 inquisitionem
1478 4329 1702 4380 vocare,
1734 4316 1822 4369 ubi

253 4415 344 4453 non
376 4403 722 4458 interfuerint
746 4404 1048 4459 Orientales
1077 4417 1237 4473 atque
1265 4406 1492 4460 aliarum
1525 4409 1821 4474 provincia-

1914 3246 2077 3285 unum
2109 3228 2303 3284 Fdiutn
2335 3228 2619 3282 Dominum
2657 3227 2838 3281 Jesum
2871 3225 3144 3280 Christum
3187 3227 3237 3279 in
3284 3225 3499 3279 duabus

1914 3336 2038 3377 esse
2086 3324 2310 3375 naturis.
2366 3319 2516 3376 Unde
2572 3320 2857 3386 prtnleuter
2898 3316 3151 3388 cognovit
3195 3316 3335 3387 quod
3393 3315 3496 3368 hoc

1916 3414 2089 3468 solum
2118 3413 2452 3481 conscriptor
2479 3414 2624 3479 ejus,
2649 3426 2767 3465 cum
2797 3408 3159 3464 Orientalibus
3190 3418 3243 3463 et
3272 3407 3492 3461 aliarum

1917 3506 2308 3575 provinciarum
2324 3503 2616 3573 episcopis,
2641 3501 2691 3555 iu
2712 3502 2959 3554 omnibus
2978 3515 3093 3569 qua:
3114 3499 3217 3552 illic
3228 3506 3343 3552 acta
3374 3505 3493 3551 sunt

1918 3614 2024 3653 non
2050 3597 2387 3651 intellexerat
2437 3594 2703 3663 quomodo
2725 3591 2957 3660 capitula
2982 3590 3125 3643 beati
3154 3588 3333 3659 (ἰγΓίΗί
3357 3587 3494 3656 Ῑιμιε

1922 3690 2210 3758 receperit,
2243 3689 2296 3742 in
2325 3688 2515 3756 quibus
2539 3687 2603 3740 ul)
2628 3687 2705 3739 eis
2735 3686 3016 3751 putabatur
3041 3698 3106 3749 qu
3134 3697 3161 3732 a
3189 3684 3264 3736 sic
3292 3682 3492 3733 dixerat

1926 3779 2091 3835 Deum
2116 3779 2349 3833 Verbum
2376 3775 2645 3831 hominem
2673 3775 2813 3828 factu
2839 3794 2890 3835 u,
2916 3785 2968 3825 ut
2991 3773 3093 3825 aut.
3115 3782 3225 3825 rret
3246 3770 3495 3823 differen-

1924 3870 2049 3922 tiam
2078 3879 2384 3922 naturarum
2408 3912 2422 3932 ,
2455 3874 2511 3919 et
2540 3879 2697 3918 uuam
2740 3858 3044 3931 perhiberet
3091 3876 3210 3916 esse
3255 3869 3495 3915 uattuant

1927 3958 2141 4013 deitatis
2181 3968 2235 4011 et
2283 3955 2624 4010 humanitatis
2652 3953 2861 4008 Domini
2905 3952 3073 4007 nostri
3114 3951 3240 4006 Jesu
3268 3950 3497 4015 Christi,

1924 4048 2066 4118 quod
2091 4048 2265 4103 omnis
2285 4045 2583 4102 catholicus
2604 4052 2935 4099 exsecratur.
2958 4041 3299 4112 Cognoscens
3321 4055 3498 4095 au'eiu

1928 4155 2118 4210 magna
2142 4138 2378 4210 synodus
2400 4135 2880 4198 Chalcedonensis,
2910 4134 3119 4192 illorum
3142 4134 3496 4197 capituioruui

1924 4233 2279 4289 intentionem
2304 4246 2462 4298 quam
2484 4230 2769 4299 diligenter
2789 4244 2815 4281 a
2837 4237 3097 4295 praesente
3117 4226 3272 4281 beato
3297 4224 3498 4296 Cyrillo

1928 4324 2166 4396 synodus
2194 4323 2457 4392 Ephesius
2489 4321 2784 4385 didicerat,
2830 4318 2970 4374 Ibam
3016 4326 3174 4388 atque
3202 4317 3338 4372 alios
3384 4326 3501 4371 tan-

1928 4432 2085 4487 quam
2110 4415 2383 4482 absentes,
2410 4413 2549 4468 sicut
2576 4414 2753 4467 exitus
2780 4426 2954 4466 causa:
2977 4410 3174 4477 docuit,
3206 4412 3503 4481 ignorase,

253 4507 355 4547 uuu
378 4494 658 4563 episcopi.
690 4497 778 4563 qui
817 4495 977 4551 simul
1015 4497 1124 4550 dati
1156 4497 1365 4551 fueram
1393 4497 1737 4566 inquisitores
1766 4506 1821 4552 et
1856 4511 1905 4570 ι)
1933 4507 2060 4561 nihil
2086 4504 2302 4560 differre
2323 4503 2602 4574 judicavit,
2627 4504 2766 4573 quod
2790 4503 2842 4557 in
2866 4502 3052 4556 iisdem
3077 4502 3342 4571 Capitulis,
3367 4502 3504 4558 sient

249 4582 456 4653 iudices.
496 4587 759 4641 Viderunt
780 4589 942 4643 etiam
964 4628 980 4656 ,
1022 4590 1150 4659 quia
1182 4604 1280 4646 nec
1311 4590 1470 4654 illud,
1495 4590 1637 4659 quod
1668 4605 1820 4659 a-qne

249 4678 586 4733 multifariam
615 4677 934 4747 repulimus,
964 4681 1015 4734 in
1039 4680 1157 4747 ejus
1178 4681 1585 4735 excusationem
1616 4680 1819 4735 dictum

247 4766 652 4837 intelligeretur.
682 4767 735 4822 in
763 4784 871 4839 quo
897 4771 1011 4824 ait:
1036 4771 1316 4825 Nestorius
1337 4780 1539 4837 autem,
1566 4776 1819 4843 quoniam

245 4875 345 4913 tuae
383 4860 591 4914 civitati
620 4859 748 4915 odio
775 4870 893 4917 erat
919 4870 973 4917 et
1000 4863 1088 4931 qui
1122 4862 1173 4916 in
1201 4879 1265 4915 ea
1296 4874 1449 4917 erant
1477 4866 1823 4919 excellentio—

244 4950 404 5009 ribus.
433 4952 531 5006 illo
581 4952 776 5008 reverti
822 4968 926 5007 non
960 4956 1148 5021 potuit.
1202 4954 1269 5007 Et
1314 4956 1438 5008 hinc
1466 4956 1819 5021 calumniari,

242 5042 356 5097 licet
379 5044 860 5113 impudentissimi,
889 5054 1043 5113 turpe.
1060 5046 1162 5099 sibi
1186 5046 1486 5112 duxerunt;
1515 5032 1828 5115 faciliusque

243 5142 558 5194 putaverunt
584 5149 614 5186 a
647 5134 915 5202 judicibus
952 5151 1109 5203 posse
1137 5138 1320 5201 credi,
1361 5138 1501 5206 quod
1528 5152 1826 5193 memorare

242 5226 413 5290 magni
447 5226 692 5281 horroris
724 5240 806 5282 est
829 5268 844 5292 ,
876 5231 1189 5298 epiSt-Opum
1231 5229 1372 5283 Ibant
1420 5232 1621 5285 dixisse
1654 5249 1668 5283 :
1710 5231 1824 5285 Non

242 5317 459 5371 invideo
488 5318 704 5373 Christo
742 5318 882 5373 facto
914 5320 1067 5387 Deo;
1123 5323 1174 5375 in
1220 5334 1477 5392 quantum
1523 5326 1665 5379 enim
1706 5323 1823 5392 ipse

242 5409 407 5461 lactus
432 5418 547 5475 est,
572 5417 626 5463 et
651 5424 749 5479 ego
780 5410 950 5466 factus
972 5426 1089 5466 sum
1124 5427 1139 5466 :
1171 5428 1326 5481 quam
1357 5413 1402 5468 si
1429 5423 1613 5467 contra
1645 5426 1820 5471 tanto-

242 5512 355 5551 rum
379 5501 769 5557 conscientiam
791 5502 1062 5559 diceretur
1081 5504 1135 5558 in
1161 5504 1248 5559 illa
1264 5506 1487 5575 epistola
1510 5506 1821 5564 defendisse

242 5587 565 5646 Haterium.

858 5662 1086 5722 CAPUT
1128 5666 1217 5722 Vl.

253 5767 401 5836 Quod
434 5770 555 5830 Ibat
598 5773 662 5832 de
716 5772 897 5847 Catilli
943 5779 1178 5850 capitulis
1216 5781 1348 5839 male
1401 5786 1688 5854 suspicatus
1734 5785 1821 5845 sit,

1930 4598 2069 4652 beati
2102 4596 2286 4669 Cyrilli
2315 4596 2539 4651 dicentis
2560 4637 2577 4662 ,
2603 4596 2673 4650 ita
2698 4595 2856 4649 etiam
2886 4602 3085 4649 sancte
3108 4596 3297 4663 synodi
3329 4594 3424 4662 Epl
3448 4609 3504 4649 e-

1930 4691 2060 4746 sinu:
2102 4690 2408 4759 probantis,
2454 4688 2801 4743 intentionem
2850 4685 3024 4740 minus
3072 4686 3493 4740 intellexerant:

1930 4796 2051 4837 cum
2071 4792 2416 4849 utrorumque
2434 4778 2567 4833 [Ides
2582 4777 2768 4833 eadem
2794 4777 2999 4844 fuisset,
3023 4791 3125 4845 qua
3146 4776 3503 4830 simulonuuss

1930 4872 1998 4926 ita
2022 4871 2314 4926 credebant
2345 4872 2505 4924 Deum
2539 4869 2771 4923 Verbum
2806 4867 3073 4921 hominem
3110 4866 3327 4930 factum,
3360 4875 3414 4916 ut
3448 4863 3501 4917 in

1930 4978 2035 5016 una
2071 4961 2267 5017 Christi
2300 4975 2528 5030 persona
2562 4967 2802 5013 maneret
2831 4956 3051 5010 duarum
3076 4953 3367 5008 differentia
3412 4969 3502 5005 na-

1930 5061 2191 5107 turarum.
2246 5050 2303 5106 ln
2336 5052 2437 5105 hoc
2464 5050 2661 5121 quippe
2692 5048 2837 5102 nulla
2878 5046 3043 5115 partis
3087 5044 3358 5096 alterutrae
3409 5042 3504 5099 fuit

1928 5145 2253 5215 ignorantia,
2278 5144 2423 5197 nulla
2449 5142 2733 5195 dissensio.
2762 5138 2828 5191 Et
2849 5137 2891 5189 si
2916 5137 3080 5188 altera
3119 5147 3239 5203 pars
3254 5132 3504 5191 dealtela

1928 5239 2011 5292 vel
2044 5238 2273 5292 invicem
2305 5239 2372 5291 de
2394 5250 2451 5289 se
2480 5234 2635 5288 aliter
2660 5232 3036 5291 crediderunt,
3070 5225 3209 5297 quod
3241 5225 3306 5279 ad
3334 5226 3505 5281 hane-

1926 5329 2027 5383 sim
2077 5345 2180 5384 non
2210 5329 2473 5399 pertinet;
2505 5326 2572 5379 de
2602 5322 2901 5376 Christiana
2933 5330 3109 5373 tamen
3161 5317 3264 5372 fide
3317 5318 3505 5374 eadem

1924 5418 2021 5473 fuit
2052 5421 2215 5490 partis
2263 5419 2540 5483 utriusque
2579 5415 2868 5470 sententia.
2900 5412 2956 5467 Si
3004 5411 3123 5481 quis
3159 5421 3335 5464 autem
3376 5410 3505 5467 dicit

1925 5511 2065 5580 quod
2094 5510 2209 5565 lbas
2235 5521 2392 5581 atque
2422 5508 2724 5561 Orientales
2754 5512 2808 5559 et
2836 5502 3062 5556 aliarum
3107 5502 3505 5570 provinciarum

1927 5601 2161 5672 episcopi
2206 5601 2357 5673 (una
2412 5599 2607 5667 quippe
2657 5595 2844 5651 horum
2893 5595 3128 5647 omnium
3174 5607 3334 5648 causa
3377 5591 3510 5657 est),

1928 5691 2090 5746 etiam
2140 5691 2194 5745 in
2256 5690 2339 5746 his
2378 5702 2497 5757 qua:
2552 5702 2657 5744 non
2695 5683 3096 5753 intelligebant,
3142 5680 3508 5736 auctoritatem

1931 5781 2187 5854 Εἰώθεἱηὶ
2234 5777 2446 5841 concilii
2476 5778 2627 5848 sequi
2657 5774 2939 5836 debuerint
2971 5792 2985 5827 ε
3014 5774 3127 5843 ipse
3156 5782 3366 5841 quoque
3398 5764 3509 5835 pri-
