3998 6194
507 303 607 360 6'."

1583 289 1878 348 FACCNIII
1915 286 2128 343 EI‘ISC.
2172 276 2684 338 HERMIANENSIS

3532 292 3700 351 νῗοῦ

509 428 653 469 mum
685 409 1029 465 considerare
1054 407 1215 464 debet
1241 405 1383 478 quod
1406 404 1567 461 etiam
1597 400 1836 475 synodus
1862 397 2089 453 Chalce-
2118 402 2168 456 Α
2194 392 2460 463 synodum
2492 390 2744 446 debuisse
2784 387 2923 443 hanc
2948 388 3249 458 epistolam
3275 390 3458 450 harent
3475 414 3549 454 aut
3588 405 3698 472 indi.

510 503 765 560 doueusis
794 498 1167 555 considerasse
1195 495 1461 553 credenda
1504 503 1620 560 est,
1648 491 1898 564 quoniam
1924 488 2090 543 tantis

510 591 982 656 dissentientibus,
1027 588 1120 658 qui
1152 590 1339 645 moniti
1381 588 1593 645 fuerant
1620 585 1782 642 simul
1825 584 1878 639 in
1914 582 2090 652 ipsum

515 684 803 745 concilium
832 683 1125 740 convenire
1144 720 1160 749 ,
1187 698 1294 737 non
1326 691 1469 737 tanta
1504 681 1598 735 illo
1628 690 1868 747 tempore
1894 683 2091 744 quanta

512 793 655 835 nunc
682 786 787 842 est,
815 775 933 844 ejus
974 790 1095 830 esse
1133 784 1331 845 posset,
1347 772 1672 835 auctoritas,
1713 785 1833 824 cum
1866 767 2093 823 necdum

512 870 673 925 etiam
702 865 903 934 judicio
932 879 1136 933 magna:
1158 862 1609 918 Chalcedonensis
1637 858 1824 931 synodi
1852 857 2094 917 ﬁrmareo,

514 968 548 1010 tu
574 974 619 1012 r.
672 954 806 1010 Nam
837 963 893 1010 et
935 954 1048 1024 ipsa
1099 954 1322 1009 multum
1373 951 1580 1007 roboris
1618 951 1686 1003 ad
1726 948 2094 1003 auctoritatem

515 1047 661 1105 addit
688 1046 997 1115 antiquitas.
1029 1044 1227 1099 Deinde
1251 1046 1371 1113 quis
1392 1043 1758 1110 cujuscunque
1781 1036 2097 1092 temeritatis

517 1155 580 1195 ac
604 1136 991 1206 profanationis
1013 1151 1134 1191 esse
1157 1137 1373 1201 dititur,
1401 1135 1541 1205 quod
1570 1149 1629 1188 ea
1656 1134 1841 1185 heatus
1868 1128 2099 1200 Cyrillua

520 1242 625 1281 non
652 1226 761 1296 jam
795 1225 1033 1295 propria,
1065 1225 1158 1279 sed
1191 1225 1355 1278 totius
1386 1224 1669 1293 Ephesius:
1700 1220 1914 1292 synodi,
1947 1218 2099 1286 cujus

519 1320 727 1371 inerant
756 1316 1068 1370 auctoritate
1107 1314 1338 1380 ﬁrmata,
1370 1329 1464 1384 pro
1489 1317 1723 1382 ipsorum
1746 1308 2099 1364 Orientalium

525 1406 799 1460 Voluntate
827 1420 990 1461 ausus
1018 1416 1099 1459 est
1132 1411 1457 1469 retractare;
1491 1412 1545 1457 et
1571 1402 1617 1457 si
1639 1401 1966 1481 Nestorianaa
1997 1401 2104 1455 base

526 1497 632 1552 resi
673 1496 957 1565 deputetur
979 1493 1121 1565 quod
1153 1494 1443 1550 orientales
1471 1509 1591 1549 cum
1622 1492 1846 1547 aliarum
1894 1489 2105 1556 trovin-

524 1588 728 1644 ciarum
786 1588 1095 1657 episcopis,
1148 1587 1504 1657 capitulorum
1557 1586 1677 1655 ejus
1746 1583 2101 1639 intent0nem

525 1680 1162 1748 minimeintelligeutes,
1214 1678 1561 1734 crediderunt
1597 1679 1739 1747 quod
1779 1692 1841 1732 ea
1874 1691 1980 1731 non
2009 1674 2105 1729 de-

2192 496 2337 545 care,
2367 482 2488 550 quia
2520 490 2645 550 post
2674 480 2928 534 unitatem
2960 478 3150 533 factam
3175 481 3289 534 talia
3306 490 3700 565 oonscriptorejus

2195 573 2323 629 Ibas
2372 572 2555 627 dicere
2602 571 2686 627 vel
2735 570 2938 625 sentite
2983 585 3087 623 non
3114 570 3444 643 debuit,jam
3477 588 3705 649 superiore

2196 664 2336 721 libro
2363 662 2762 732 respondimus.
2790 661 3073 727 Quomodo
3103 670 3276 716 autem
3310 675 3476 721 sancta
3512 676 3704 737 ενιωιιςις

2196 757 2440 811 eamdem
2476 755 2760 825 epistolam
2787 770 2885 823 pro
2914 764 3058 808 recta
3090 752 3211 807 ﬁdei
3239 756 3550 817 confessione
3578 780 3705 833 qttaut

2195 851 2433 907 continet
2462 848 2831 919 approbando,
2862 846 3109 914 Ephesiui
3125 846 3328 902 concilii
3343 851 3708 918 perhibetarim.

2200 957 2462 1013 pugnasse
2510 941 2762 1005 decreta,
2809 954 2929 993 eum
2962 938 3169 1007 potius.
3200 939 3245 993 si
3268 953 3382 994 eam
3411 957 3498 1011 pro
3531 946 3615 1003 hac
3640 967 3712 1004 an.

2204 1034 2447 1102 spicione
2464 1033 2732 1102 judicaret
2763 1030 3090 1093 hatrcticam,
3113 1031 3268 1085 simul
3296 1043 3346 1087 et
3366 1034 3554 1091 beatum
3571 1039 3713 1110 Cyrilo

2201 1127 2309 1180 lum
2358 1136 2417 1185 et
2451 1125 2623 1193 ipsum
2662 1122 2985 1190 Ephesiunm
3031 1124 3431 1189 reprehendisse
3481 1134 3713 1188 concilium

2203 1216 2495 1283 videretur,
2525 1216 2664 1284 quod
2717 1215 2789 1269 ita
2833 1215 3229 1284 suSpicautihus
3250 1215 3582 1277 Orientalibus
3599 1238 3715 1278 com-

2208 1308 2652 1369 municaverunt,
2680 1304 3008 1359 orthodoxos
3028 1318 3124 1359 eos
3154 1308 3333 1373 procul
3356 1306 3716 1380 dubiojudiean-

2208 1399 2322 1453 tesi
2374 1397 2565 1453 Cernis
2618 1398 2800 1468 ig'tur,
2860 1397 3177 1463 imperator,
3230 1396 3317 1451 illa
3345 1414 3456 1467 quae
3493 1406 3716 1471 superiora

2206 1488 2368 1554 libro,
2413 1488 2557 1543 sicut
2586 1487 3026 1555 promiseramus,
3056 1488 3424 1555 ostendimus,
3454 1490 3530 1545 hic
3552 1508 3719 1561 ψιοφη

2206 1577 2403 1632 iterum
2426 1591 2490 1631 ae
2512 1592 2655 1642 δείδιτε
2686 1576 2995 1631 monstrari.
3027 1577 3381 1643 Quamobrem
3406 1579 3449 1634 si
3485 1580 3721 1637 Chalcedo-

2207 1670 2395 1724 nensis
2443 1667 2683 1739 synodus
2711 1667 3019 1721 Nestoriana
3050 1668 3283 1733 dicatur,
3316 1671 3450 1737 quod
3477 1671 3596 1727 hanc
3632 1674 3721 1743 epi-

530 1770 729 1825 Iuisset
759 1769 996 1842 synodus
1029 1769 1295 1838 Ephesiua
1347 1771 1654 1840 suscipere;
1695 1771 1866 1824 cidem
1917 1767 2106 1822 NeSto-
2140 1756 2186 1817 B
2213 1759 2404 1814 stolam
2433 1758 2693 1829 judicavit
2722 1756 3073 1812 orthodoxam
3093 1801 3108 1825 ,
3140 1758 3305 1812 etiam
3342 1759 3516 1814 beatus
3539 1762 3724 1833 Cyrillus

524 1859 687 1915 riuum
715 1858 910 1914 haeresi
945 1860 1130 1914 beatus
1154 1859 1387 1930 Cyrillus
1413 1860 1843 1914 communicasse
1871 1857 2102 1919 dicetur,

525 1962 645 2002 cum
676 1948 803 2019 ipsis
831 1948 1215 2012 Orientalibus,
1245 1951 1316 2003 ita
1345 1949 1411 2003 de
1438 1949 1548 2002 suis
1569 1949 1849 2018 capitulis,
1877 1959 2105 2016 quorum

528 2036 958 2092 t‘ctractatioucm
989 2045 1319 2105 exegerunt,
1340 2045 1395 2091 et
1428 2036 1694 2106 Ephesina
1725 2035 1929 2107 synodo
1958 2035 2105 2088 testi-

530 2124 818 2190 mantibus,
849 2125 1285 2190 communicavit,
1327 2134 1382 2179 et
1412 2141 1597 2180 eorum
1626 2125 1814 2181 confes
1848 2126 1953 2180 ioui
1980 2124 2109 2178 sob-

527 2210 759 2279 t-cripsit.
815 2210 944 2264 Nam
974 2210 1017 2264 si
1058 2210 1173 2266 haec
1204 2213 1525 2267 existimatio
1561 2211 1689 2265 tanti
1734 2214 2019 2281 penditur,
2055 2223 2111 2266 ut

532 2299 1060 2369 haeresisjudicetur,
1097 2303 1149 2355 in
1178 2303 1325 2356 nullo
1354 2302 1597 2356 inclinari
1628 2306 1829 2357 eisdem
1862 2305 2109 2358 Orienta-

531 2392 690 2460 libus,
707 2392 800 2449 sed
826 2394 1000 2462 potius
1022 2395 1166 2463 ipsos
1188 2410 1380 2464 cogere
1396 2395 1628 2463 Cyrillus
1640 2394 1846 2459 debuit,
1867 2404 1926 2447 ut
1945 2399 2109 2449 etiam

531 2485 583 2540 iu
613 2486 695 2540 his
718 2501 837 2552 quas
868 2487 1045 2540 minus
1068 2486 1465 2556 intelligehant,
1497 2487 1687 2558 synodi
1720 2502 1778 2541 se
1807 2486 2112 2541 auctoritati

430 2644 433 2647 Α
530 2579 877 2648 subiicerent,
906 2594 1166 2650 suamque
1190 2582 1659 2649 prmsumptiouem
1689 2594 1782 2649 per
1803 2594 1959 2647 quam
1989 2593 2113 2648 pro-

532 2674 770 2743 mulgato
801 2673 1018 2729 decreto
1067 2674 1293 2743 capitula
1336 2683 1630 2729 memorata
1686 2675 2110 2741 damnaverant,

531 2761 779 2816 similiter
809 2762 1053 2832 publice,
1098 2773 1153 2818 ct
1191 2765 1241 2818 in
1291 2774 1694 2819 monumentum
1747 2764 2109 2836 posteritatis,

532 2853 749 2924 scriptis
790 2853 1014 2922 allegata
1057 2854 1393 2910 confessione
1434 2854 1756 2910 damnarent
1798 2872 1811 2907 :
1844 2864 1900 2910 et
1942 2869 2113 2923 neque

534 2946 615 3000 vel
638 2945 716 3001 sic
736 2946 1087 3002 Orientalium
1110 2946 1411 3001 definitioni
1434 2948 1794 3011 subscribere,
1820 2946 1914 3002 sed
1937 2947 2112 3017 potius

532 3035 727 3091 abillis
754 3036 969 3108 exigere
992 3037 1463 3093 utsubscriberent
1482 3038 1682 3093 eisdem
1713 3036 1981 3105 capitulis,
2006 3050 2109 3090 non

2209 1860 2266 1906 et
2315 1850 2583 1919 Ephesius
2627 1849 2865 1921 synodus
2899 1861 3296 1917 consequenter
3325 1852 3374 1906 iu
3413 1850 3723 1909 Nestoriauam

2212 1942 2457 1997 haeresim
2491 1952 2673 2009 postea
2715 1940 2998 1996 divertisse
3025 1940 3298 2008 dicentur,
3328 1943 3460 2012 quod
3487 1943 3727 2003 Orietualet

2212 2034 2311 2090 hoc
2336 2033 2510 2102 ipsum
2540 2032 2823 2088 credentes
2850 2032 3187 2087 orthodoxos
3220 2033 3264 2097 ⁸,
3297 2049 3392 2088 nec
3426 2035 3558 2089 solos
3576 2036 3727 2090 Oricu-

2211 2127 2374 2192 tales,
2401 2125 2494 2180 sed
2522 2125 2745 2180 aliarum
2776 2140 2987 2194 quoque
3033 2140 3229 2181 norem
3257 2141 3385 2194 quas
3409 2141 3551 2196 supra
3573 2144 3730 2182 ntemn-

2215 2217 2455 2270 ravimus
2482 2215 2882 2285 provinciarum
2910 2216 3226 2285 episcopos,
3249 2220 3336 2287 qui
3362 2218 3505 2272 simul
3531 2219 3730 2273 eamdem

2210 2305 2429 2362 beatum
2457 2306 2718 2379 Cyrillum
2747 2316 2803 2362 et
2856 2305 3202 2362 Memnonem
3233 2309 3572 2377 Ephesiuuut,
3612 2320 3732 2379 atque

2213 2398 2447 2463 capitula
2502 2397 2755 2467 praedicta
2782 2398 3175 2454 damnaverunt
3192 2441 3208 2463 ,
3256 2400 3311 2454 iu
3335 2410 3546 2455 ceteros
3569 2416 3733 2469 quoque

2212 2487 2529 2556 episcopos,
2560 2487 2703 2556 quod
2733 2501 2793 2541 ea
2826 2489 3155 2556 recepissent
3176 2532 3196 2557 ,
3226 2492 3735 2546 excommunicatiou‘s

2213 2577 2536 2637 sententiam
2570 2577 2924 2646 proferentes.
2956 2579 3078 2633 litae
3099 2590 3283 2634 autem
3306 2580 3619 2636 Orientalium
3639 2581 3738 2635 alio.

2214 2683 2442 2738 rumque
2470 2667 2688 2725 Palmm
2719 2667 2789 2722 de
2827 2669 3035 2739 synodo
3081 2669 3359 2738 Epltesiua
3401 2672 3638 2740 suspicio,
3658 2686 3739 2739 qua

2214 2763 2583 2821 existimantes
2630 2777 2749 2817 eam
2797 2762 3113 2817 traditiones
3142 2772 3397 2833 paternas
3445 2780 3551 2820 esse
3606 2774 3742 2817 ttatts-

2225 2869 2499 2925 gressum,
2542 2868 2639 2922 pro
2670 2853 2781 2922 ipsa
2829 2852 2937 2909 fide
2964 2869 3122 2922 quam
3148 2856 3501 2911 communiter
3520 2856 3745 2915 tenebant,

2220 2945 2482 3001 adversus
2510 2960 2630 3000 eam
2661 2945 2969 3010 certabant,
2999 2948 3132 3001 mihi
3168 2949 3369 3003 similis
3393 2949 3585 3005 videtur
3612 2949 3653 3001 ei
3674 2962 3745 2998 suo

2216 3036 2440 3104 spicioni
2492 3051 2611 3105 quae
2637 3035 2767 3091 Iesu
2812 3036 2959 3092 Nave
3005 3040 3344 3107 temporibus
3378 3050 3490 3093 orta
3528 3038 3677 3091 luerat
3701 3035 3744 3089 in

534 3144 630 3197 pro
676 3128 887 3185 illorum
935 3131 1205 3185 voluntate
1262 3130 1626 3201 interpretatis
1651 3172 1665 3192 .
1712 3130 1805 3186 sed
1844 3129 1987 3184 sicut
2039 3128 2107 3183 ab
2135 3120 2182 3183 C
2216 3128 2411 3198 populo
2442 3127 2607 3183 Israel
2644 3126 2781 3195 (Joa.
2826 3128 2989 3199 xm),
3018 3144 3141 3183 cum
3195 3130 3521 3185 laudabiliter
3553 3128 3746 3197 ejusdm

537 3218 803 3289 Ephesius
855 3221 1060 3292 synodo
1091 3221 1302 3275 fuerant
1343 3231 1470 3276 ante
1507 3228 1785 3289 suscepta;
1838 3220 2115 3290 ipsamque

536 3310 896 3379 suspicionem
949 3325 1045 3379 per
1100 3327 1259 3379 quam
1313 3326 1374 3365 ea
1423 3310 1810 3366 damnaverant
1866 3320 2115 3378 tanquam

539 3403 785 3456 heresim
810 3400 1342 3469 anathematizarent,
1369 3411 1424 3458 et
1442 3402 1512 3457 ita
1538 3403 1752 3457 demum
1773 3417 1866 3457 eos
1878 3386 1941 3456 'in
1966 3417 2116 3457 com-

540 3492 795 3547 munione
818 3486 1077 3562 recipere.
1109 3492 1260 3548 Uude
1291 3509 1392 3548 nec
1411 3493 1500 3548 alii
1540 3493 1723 3548 Patres
1752 3493 1843 3563 qui
1872 3507 1992 3547 cum
2024 3492 2116 3547 illo

538 3587 809 3656 Ephesum
840 3595 1232 3656 convenerant,
1264 3597 1318 3641 et
1346 3587 1504 3641 simul
1534 3586 1804 3658 praedictis
1833 3586 2118 3661 Orientalis

537 3676 657 3743 bus,
693 3678 765 3732 ita
793 3677 861 3733 de
888 3677 1003 3746 ipso
1029 3678 1253 3733 concilio
1280 3678 1546 3747 Ephesino
1574 3678 1938 3742 credentibus,
1971 3692 2118 3733 com-

538 3770 959 3835 municaverunt,
990 3780 1279 3838 potuerunt
1310 3773 1325 3802 ¹
1356 3771 1621 3826 excusari.
1646 3771 1779 3837 Quia
1809 3784 1938 3824 vero
1968 3769 2113 3824 illam

541 3875 726 3914 eorum
758 3861 1110 3929 ignorantiam
1139 3876 1245 3916 non
1277 3861 1345 3917 de
1378 3863 1489 3931 ipsa
1517 3861 1818 3916 Christiana
1852 3861 1987 3924 fide,
2019 3860 2115 3916 sed

541 3953 607 4005 de
656 3951 951 4005 intentione
1005 3951 1269 4006 dictorum
1318 3969 1537 4007 suorum
1577 3953 1779 4023 fuisse,
1834 3961 1888 4009 et
1931 3953 2118 4008 beatus

540 4040 772 4115 Cyrillus
802 4054 849 4099 et
895 4043 985 4098 alii
1015 4043 1103 4113 qui
1152 4044 1287 4113 apud
1331 4043 1599 4113 Ephesum
1640 4058 1702 4098 ea
1736 4044 2117 4111 probaverant,

541 4147 941 4207 cognoverunt,
971 4146 1126 4205 turpe
1148 4139 1253 4192 illis
1279 4145 1335 4192 et
1363 4137 1639 4207 indignum
1669 4138 1843 4191 visum
1891 4146 1974 4192 est
2020 4151 2119 4206 pro

542 4228 641 4283 hac
667 4243 824 4286 causa
848 4230 1200 4294 contendere,
1233 4239 1287 4284 et
1318 4230 1441 4283 hinc
1466 4229 1517 4283 iu
1548 4228 1762 4300 longum
1807 4230 2120 4299 protrahere

545 4321 932 4374 dissensionem
959 4318 1344 4393 Ecclesiarum,
1374 4334 1533 4389 quam
1564 4334 1664 4375 nos
1686 4328 1991 4376 sanctorum
2021 4320 2121 4374 Pa-

543 4417 680 4463 trum
718 4410 979 4464 modestia
1010 4412 1029 4442 ⁸
1051 4411 1275 4480 sopitum
1309 4420 1429 4481 post
1457 4419 1671 4467 centum
1695 4426 1863 4467 annos
1886 4411 2120 4481 inquieta

2221 3220 2405 3289 populi
2429 3233 2549 3289 pars
2569 3235 2665 3288 pro
2684 3218 2778 3274 Dei
2797 3219 3009 3275 cultura
3032 3221 3289 3288 sollicita,
3312 3221 3553 3275 adversus
3567 3219 3746 3272 alteram

2220 3320 2434 3380 partem
2466 3325 2620 3380 aque
2657 3311 2940 3366 sollicitam
2980 3313 3002 3343 ⁵
3041 3318 3431 3377 concitaretur,
3460 3312 3749 3367 intentionem

2219 3402 2335 3470 ejus
2364 3402 2635 3471 ignorans.
2658 3400 2790 3455 Nam
2810 3416 2929 3458 cum
2956 3417 3209 3473 pergeret
3235 3404 3375 3459 idem
3405 3402 3606 3472 populus
3623 3398 3749 3456 Israel

2222 3492 2289 3547 ad
2336 3493 2652 3562 capiendam
2683 3509 2901 3549 omnem
2946 3505 3140 3549 terram
3191 3512 3355 3565 quam
3392 3495 3524 3550 Deus
3567 3491 3755 3548 Abraha

2222 3585 2569 3655 promiserat,
2619 3584 2716 3639 filii
2772 3585 2959 3640 Ruben
2998 3596 3054 3641 et
3101 3586 3246 3651 Gad,
3297 3600 3349 3642 et
3376 3584 3581 3640 dimidia
3622 3581 3752 3636 tribus

2220 3676 2465 3732 Manasse
2495 3714 2513 3742 ,
2572 3685 2858 3745 antequam
2930 3676 3163 3731 fuissent
3239 3677 3521 3734 Iordanem
3573 3670 3756 3744 ingressi

2221 3766 2411 3838 (Nunt.
2444 3770 2639 3835 xxxii),
2675 3769 2949 3837 regionem
2978 3767 3132 3823 Iaser
3164 3780 3221 3822 et
3248 3769 3514 3839 regionem
3552 3762 3756 3819 Galaadi-

2219 3860 2315 3913 tim
2346 3858 2589 3914 habitare
2622 3858 2933 3929 delegerant
2952 3899 2968 3924 ,
2999 3873 3066 3913 eo
3105 3860 3251 3929 quod
3298 3867 3445 3915 esset
3472 3860 3611 3911 locus
3634 3862 3757 3920 artus

2216 3948 2473 4018 jumentis
2497 3965 2728 4018 quorum
2775 3948 2855 4004 eis
2883 3950 3047 4003 multa
3103 3959 3226 4005 erat
3264 3951 3445 4017 cupia;
3486 3961 3578 4001 nec
3614 3943 3759 3997 volucr

2221 4052 2347 4096 runt
2376 4042 2515 4097 ultra
2552 4041 2845 4097 Iordanem
2883 4041 3287 4109 possessionem
3330 4052 3521 4111 capere
3555 4050 3660 4091 eum
3684 4028 3759 4086 tri-

2221 4133 2395 4189 bubus
2425 4134 2587 4190 lsrael
2621 4151 2636 4188 :
2668 4133 2762 4201 qui
2796 4147 2969 4188 tamen
3001 4143 3367 4203 perrexerunt
3405 4145 3520 4186 eum
3553 4125 3760 4182 fratribus

2222 4224 2334 4281 suis
2359 4225 2408 4279 in
2443 4232 2640 4280 terram
2672 4225 2931 4278 Chanaan
2970 4225 3038 4279 ad
3067 4224 3422 4279 debellanda:
3446 4228 3637 4290 gentes.
3661 4223 3761 4283 quat

2222 4315 2427 4385 expulit
2445 4316 2703 4370 Dominus
2716 4326 2843 4371 ante
2860 4315 3047 4370 faciem
3060 4330 3278 4371 eorum.
3301 4315 3465 4377 Porro
3476 4324 3653 4370 autem,
3666 4317 3762 4360 cum

2226 4406 2465 4463 dedisset
2497 4406 2757 4461 Dominus
2788 4407 2951 4462 Israel
2982 4407 3295 4463 universam
3328 4414 3349 4460 t
3382 4418 3518 4459 mm
3546 4414 3682 4470 quam
3701 4398 3763 4463 l“'

542 4498 802 4569 imperitia
834 4501 1174 4557 suscitemus.
1212 4503 1276 4557 Et
1310 4504 1510 4558 utinam
1543 4504 1824 4559 nOnnullas
1851 4503 1872 4533 ³
1914 4511 2117 4557 tantum
2150 4495 2206 4556 D
2230 4506 2443 4552 raverat
2481 4498 2611 4552 dare
2644 4496 2882 4566 patribus
2907 4512 3125 4565 corum,
3157 4508 3216 4551 et
3248 4498 3555 4552 hmreditate
3580 4489 3783 4569 moeris“

546 4589 993 4646 conturbaremus
1031 4593 1296 4649 Ecclesias
1332 4610 1453 4664 qua:
1477 4594 1687 4650 fuerant
1714 4596 1764 4649 in
1806 4597 1973 4665 prima
2012 4596 2122 4649 dis-

542 4680 790 4734 arnsione
810 4693 1113 4749 eommnltl‘,
1144 4699 1209 4738 ac
1236 4698 1339 4739 non
1371 4685 1530 4740 etiam
1556 4686 1712 4757 longe
1740 4688 1939 4754 positas
1964 4701 2123 4756 coge-

543 4783 722 4825 remus
768 4786 958 4826 c:msas
1004 4773 1127 4829 olim
1179 4775 1435 4831 oblivioni
1480 4777 1672 4842 datas,
1717 4793 1848 4847 quas
1891 4778 2123 4833 scientes

543 4879 753 4933 quoque
792 4866 1061 4920 reminisci
1097 4866 1272 4935 piget,
1303 4869 1612 4937 inquirere,
1656 4879 1711 4924 et
1752 4870 1993 4926 inventas
2024 4886 2123 4926 ne-

542 4955 792 5010 cessitate
817 4956 1173 5026 respondendi
1199 4974 1303 5012 non
1331 4962 1447 5013 sine
1467 4960 1763 5015 offensione
1788 4962 2123 5027 audientium

544 5044 822 5100 ventilare.
855 5044 930 5100 De
966 5046 1058 5101 illo
1080 5062 1206 5103 vero
1253 5049 1393 5118 unod
1432 5050 1558 5105 item
1590 5051 1807 5117 dicunt,
1840 5066 2124 5123 [)I'Oplclca

617 5244 642 5272 ⁸
677 5237 869 5314 Vocem
887 5240 1202 5298 Hebraicam
1231 5246 1639 5300 retiuentetiam
1664 5247 1848 5303 Grarca
1874 5250 2117 5314 qntcdam

544 5309 891 5388 exemplaria.
914 5327 1035 5388 qua:
1061 5314 1271 5388 Γαλιλὼρ
1310 5328 1360 5370 et
1389 5318 1571 5373 Γαλιὼθ
1606 5318 1785 5388 legunt
1818 5335 1831 5372 :
1877 5309 1972 5386 pro
2012 5336 2119 5387 quo

544 5373 898 5445 Symmachus
926 5373 1188 5453 interpres
1233 5384 1347 5459 ὅρια
1381 5392 1555 5449 ~ertit,
1588 5373 1784 5443 linTites
1830 5373 1924 5443 seu
1954 5373 2121 5444 conti;

619 5507 638 5582 ξ
658 5508 791 5582 god.
824 5509 1047 5582 Verum,
1078 5524 1335 5582 poterunt.

621 5578 641 5650 ξ
672 5578 814 5633 Idem
845 5580 992 5650 cod.,
1026 5578 1271 5639 modestia
1297 5597 1346 5642 et
1369 5588 1590 5645 ratione.

616 5646 639 5719 ἒ
669 5650 809 5704 Idem
838 5646 988 5719 cod.,
1016 5654 1153 5708 illas.

620 5718 641 5751 ⁵
668 5721 813 5779 Idem
837 5721 986 5788 cod.,
1021 5722 1374 5782 iudicaverunt
1396 5727 1725 5786 orthodoxam

2228 4598 2349 4644 sent
2396 4604 2549 4655 eam,
2584 4597 2917 4643 revertentes
2946 4588 3111 4643 iidem
3162 4588 3257 4643 lilii
3294 4588 3476 4642 Ruben
3508 4593 3559 4638 ot
3585 4580 3706 4642 Gad,
3727 4583 3769 4629 el

2228 4684 2446 4739 dimidia
2476 4684 2647 4739 tribus
2700 4684 2983 4751 Mauasse,
3018 4683 3072 4738 in
3114 4695 3320 4739 terram
3364 4680 3587 4745 Gelaad,
3627 4677 3669 4730 id
3707 4677 3767 4725 est

2230 4777 2283 4831 in
2314 4785 2508 4831 terram
2550 4777 2908 4843 possessionis
2934 4790 3047 4831 sum
3072 4792 3239 4847 quam
3270 4780 3585 4844 acceperant
3606 4773 3653 4825 iu
3687 4766 3771 4820 ita:-

2232 4869 2542 4933 reditatem,
2573 4879 2869 4933 venerunt,
2901 4867 3040 4924 sicut
3067 4869 3333 4939 scriptum
3377 4865 3613 4937 estons.
3654 4872 3771 4921 xm.

2236 4962 2348 5029 th),
2406 4961 2459 5014 in
2510 4961 2723 5014 Galiotb
2774 4961 3027 5016 Iordanis
3069 4970 3097 5000 ι
3137 4976 3262 5030 qua:
3293 4970 3375 5016 est
3417 4961 3470 5015 in
3519 4957 3771 5010 Chanaan.

2229 5064 2283 5107 et
2330 5052 2730 5109 aediﬁcaverunt
2779 5054 2853 5108 ibi
2896 5068 3044 5108 aram
3090 5068 3258 5125 supra
3322 5052 3600 5109 Iordanem
3645 5046 3680 5100 ‘.
3732 5043 3772 5093 In

2229 5253 2342 5317 uia;
2375 5261 2589 5306 sanctus
2615 5248 2973 5321 Hieronymus
3005 5250 3234 5306 tumulos
3257 5250 3511 5311 reddidit,
3543 5252 3595 5301 et
3622 5243 3669 5297 in
3691 5236 3773 5293 No-

2232 5324 2465 5378 minibus
2494 5323 2772 5378 Iiebraicis
2811 5322 3025 5379 Galiolb
3055 5324 3311 5390 exposuit
3335 5321 3489 5375 colica

2298 5520 2321 5554 ³
2348 5521 2487 5575 Idem
2516 5520 2662 5586 cod.,
2690 5537 2784 5591 pro
2811 5521 2908 5576 Dei
2934 5523 3136 5576 cultura
3165 5536 3317 5589 mque
3340 5516 3621 5573 sollicitant.

2301 5593 2322 5622 ⁸
2354 5593 2493 5645 Idem
2516 5581 2660 5656 cod.,
2690 5581 2736 5645 ct
2759 5592 3138 5660 wdiﬁcaverunt
3168 5581 3239 5644 ibi
3266 5607 3413 5645 aram
3436 5602 3587 5660 supra
3607 5581 3773 5636 Iorda-

2228 5677 2365 5725 nem,
2398 5663 2819 5731 aramjngentcm
2849 5657 2980 5725 uisu;
3004 5664 3105 5717 illa‘
3142 5662 3453 5720 intentione.
3479 5657 3682 5719 «ilicet,
3725 5662 3775 5701 ηε

2227 5733 2350 5797 quia
2376 5732 2513 5787 ultra
2541 5730 2818 5788 Iordanem
2850 5734 2900 5787 in
2924 5744 3056 5789 terra
3085 5731 3362 5803 Chanaan,
3392 5738 3495 5789 etc.
