3962 6196
560 299 585 309 ρ

244 360 344 415 7m

1109 349 1242 405 PRO
1283 346 1711 403 DEFENSIONE
1752 340 1966 399 TRIUM
2006 339 2320 395 ελῐιιτιῑι.
2363 337 2490 392 LIII.
2529 337 2636 391 VII.

3420 332 3529 391 vos

247 471 501 524 Chanaan
544 463 937 536 possessionem
996 461 1113 515 alize
1159 460 1329 515 tribus
1372 466 1731 528 acceperant,
1774 454 1831 510 in
1862 458 1912 521 Α
1942 466 2124 518 nasse,
2152 460 2310 519 atque
2340 464 2403 502 ex
2451 458 2618 500 attera
2651 452 2798 515 parte
2844 444 3013 497 tribus
3042 442 3167 496 Levi
3212 451 3259 493 σοι
3303 440 3524 499 aliavum

249 574 355 630 qua
383 558 483 613 fuit
526 554 928 610 tabernaculum
960 562 1015 605 et
1047 552 1220 606 altare
1249 549 1341 604 Dei
1372 567 1386 605 :
1418 550 1516 619 ipsi
1544 564 1672 604 vero
1702 548 1837 604 citra

251 649 566 711 Iordanem,
596 661 662 700 ne
685 644 886 714 posteri
915 658 1098 696 eorum
1131 641 1291 695 alieni
1320 640 1513 694 tierent
1539 654 1568 692 a
1602 638 1693 692 Dei
1724 636 1837 693 cul-

253 754 396 809 tura,
420 740 571 812 quasi
600 739 665 793 ab
694 737 813 807 ejus
864 736 1057 805 populo
1095 733 1344 790 Jordanis
1387 732 1555 788 limite
1584 732 1837 802 separati,

256 836 505 907 religiosa
532 832 714 902 utique
747 830 1063 894 intentione,
1097 837 1149 885 et
1188 828 1301 883 zelo
1336 827 1430 882 Dei
1460 826 1743 891 ferventes,
1775 823 1843 879 il-

232 933 362 987 .lam
393 936 677 985 erexerant
723 942 894 988 aram,
922 935 978 978 ut
1019 923 1327 979 testimonio
1371 929 1519 978 esset
1562 934 1624 974 ac
1654 934 1845 972 monu-

259 1031 442 1078 mento
464 1020 690 1089 pOSteris
711 1033 922 1079 eorum,
951 1015 1092 1087 quod
1124 1014 1223 1085 ipsi
1253 1029 1465 1085 quoque
1493 1012 1558 1066 ad
1592 1011 1687 1067 Dei
1730 1010 1845 1064 cul-

261 1121 435 1167 turam
466 1120 522 1166 et
547 1110 665 1181 ejus
688 1108 937 1179 populum
985 1106 1337 1176 pertinerent.
1368 1104 1501 1158 Cum
1543 1117 1672 1157 vero
1712 1098 1846 1153 alias

261 1204 431 1259 tribus
460 1218 576 1271 qua:
625 1202 676 1255 in
735 1211 873 1255 terra
902 1196 1154 1252 Chanaan
1195 1195 1329 1250 ultra
1360 1194 1647 1249 Iordanem
1678 1191 1848 1244 haere-

262 1292 483 1350 ditatetn
508 1292 718 1346 fuerant
747 1299 1071 1351 consecutae,
1098 1290 1197 1340 ista
1226 1301 1409 1340 eorum
1441 1284 1637 1338 lateret
1667 1282 1846 1334 inten-

263 1389 360 1454 tio,
388 1397 443 1443 et
466 1394 710 1456 putarent
738 1383 954 1439 eosdem
985 1383 1119 1437 ﬁlios
1151 1379 1337 1435 Ruben
1365 1388 1418 1433 et
1440 1377 1574 1444 Gad,
1605 1384 1659 1430 et
1688 1374 1849 1430 dimi-

264 1478 409 1534 diam
460 1476 651 1530 tribum
709 1476 973 1539 Manasse,
1025 1481 1305 1545 propterea
1359 1469 1504 1523 illam
1558 1466 1852 1524 mdiﬁcasse

265 1583 435 1636 Iram,
470 1579 527 1623 ut
580 1568 901 1637 semetipsos
959 1574 1300 1635 segrrgantes
1327 1578 1356 1617 a
1396 1574 1662 1633 synagoga
1694 1560 1852 1614 totius

266 1662 454 1726 lsrael,
484 1671 667 1719 contra
700 1660 1093 1716 observantiam
1126 1655 1322 1711 divinae
1348 1654 1571 1710 cultum
1600 1650 1854 1707 offerrent

265 1768 431 1825 super
461 1770 578 1810 eam
616 1752 935 1808 sacriﬁcium
970 1750 1196 1805 Domino
1219 1789 1234 1815 ,
1265 1747 1407 1818 quod
1431 1745 1542 1801 ﬁeri
1571 1759 1677 1801 non
1720 1743 1851 1797 lice-

1942 556 2134 599 novem
2167 541 2400 595 tribuum
2431 538 2479 592 Is
2513 537 2614 601 ael,
2647 544 2700 590 et
2728 535 2967 590 invenies
3014 546 3290 603 utramque
3321 546 3523 603 partem

1942 653 2043 711 pro
2082 637 2265 693 divino
2315 635 2461 689 cultu
2513 632 2675 686 fuisse
2722 630 3023 685 sollicitam.
3060 630 3249 697 Qumre
3281 629 3525 700 ignoran-

1945 733 2096 799 tiam,
2129 738 2186 786 et
2229 738 2469 784 neutram
2502 726 2743 781 invenies
2790 738 2907 793 quze
2938 722 3001 776 ad
3043 723 3280 776 divinum
3325 722 3523 776 cultum

1943 825 2248 894 pertinent,
2274 819 2368 876 sed
2410 817 2631 871 alteram
2676 824 2882 881 partem
2917 812 3265 866 intentionem
3308 812 3526 866 alterius

1945 914 2247 985 ignorasse.
2287 910 2478 978 Quarre
2509 907 2854 963 intentionem
2889 904 3075 974 synodi
3110 903 3412 971 Ephesium,
3446 912 3528 955 at-

1946 1020 2050 1077 que
2078 1021 2145 1061 ex
2173 1004 2339 1059 altera
2376 1012 2527 1071 parte
2558 1001 2856 1054 antistitum
2891 996 3175 1065 provinciae
3219 996 3450 1050 Orientis
3477 1007 3531 1051 et

1950 1097 2173 1154 aliarum
2204 1111 2393 1150 novem
2427 1091 2841 1160 provinciarum,
2880 1099 2930 1145 et
2973 1090 3212 1143 invenies
3245 1100 3523 1156 utramque

1949 1196 2154 1259 partem
2181 1202 2281 1259 pro
2324 1184 2502 1241 divino
2551 1186 2694 1237 cultu
2745 1183 2907 1236 fuisse
2956 1180 3314 1235 sollicitam.’
3342 1180 3533 1246 Quzore

1949 1277 2333 1352 ignorantiam,
2364 1286 2417 1332 et
2448 1286 2689 1329 neutram
2718 1286 2914 1335 partem
2945 1271 3181 1324 inwnies
3215 1286 3333 1339 qsue
3357 1269 3420 1322 ad
3451 1268 3528 1321 εἰὶ-

1949 1372 2131 1426 Vinum
2156 1368 2357 1424 cultum
2392 1369 2679 1436 pertinent,
2716 1363 2806 1416 sed
2856 1363 3075 1416 alteram
3127 1370 3328 1428 partem
3363 1360 3532 1412 inten-

1953 1460 2154 1515 tionem
2185 1458 2405 1512 alterius
2434 1458 2731 1527 iguorasS-u
2767 1452 2917 1518 Quod
2946 1467 3008 1505 ex
3047 1464 3111 1505 eu
3137 1451 3266 1502 satis
3291 1458 3531 1516 apparet,

1953 1552 2203 1624 quoniam
2248 1566 2343 1615 per
2386 1547 2743 1604 venerabilem
2793 1544 3011 1599 Paulum
3058 1543 3374 1596 Emcsenum
3422 1542 3535 1609 epi-

1954 1659 2199 1715 scopum,
2232 1660 2331 1699 nec
2361 1641 2649 1697 orientales
2697 1639 2886 1694 Patres
2928 1635 3125 1705 aliquid
3175 1635 3472 1703 improbum
3505 1652 3533 1689 a

1956 1739 2112 1795 beato
2160 1737 2358 1809 Cyrillo
2412 1733 2772 1790 conﬁtendum
2824 1731 3228 1800 ettpetiveruut;
3277 1745 3374 1783 nec
3422 1730 3536 1797 ipse

266 1820 362 1903 hat
380 1854 574 1917 praeter
598 1861 761 1899 unum
785 1845 952 1898 altare
981 1841 1122 1912 quod
1153 1848 1266 1895 erat
1290 1848 1415 1893 ante
1446 1835 1847 1893 tabernaculum
1878 1821 1926 1884 B
1953 1831 2143 1887 beatus
2184 1828 2417 1899 Cyrillus
2447 1825 2644 1895 aliquid
2695 1838 2879 1878 eorum
2931 1838 3049 1888 quae
3104 1820 3333 1889 expetita
3365 1822 3386 1852 ¹
3420 1820 3533 1875 fue-

268 1939 425 2007 rjus;
460 1937 647 1993 eodem
677 1950 783 2006 quo
826 1943 882 1989 et
918 1934 990 1988 illi
1025 1933 1140 1988 zelo
1176 1932 1266 1987 ltei
1321 1928 1587 1985 ferventes
1610 1969 1626 1996 ,
1655 1934 1709 1983 et
1754 1938 1850 1995 pro

265 2028 461 2085 eadem
487 2027 692 2082 cultura
725 2025 815 2079 Dei
842 2033 1132 2087 certantes,
1164 2029 1531 2077 convenerunt
1570 2031 1757 2073 omnes
1798 2016 1850 2069 in

266 2119 409 2183 Silo,
438 2129 493 2172 ut
516 2116 867 2171 aseenderent
897 2128 1201 2183 expugnare
1226 2126 1345 2181 eos.
1374 2110 1578 2176 Quibus
1605 2122 1724 2162 eum
1756 2104 1851 2160 ﬁlii

268 2208 465 2264 Ruben
490 2218 539 2262 et
567 2208 677 2263 Gad
704 2216 756 2261 et
785 2206 1004 2262 dimidia
1036 2205 1203 2259 tribus
1235 2204 1506 2266 Manasse,
1535 2200 1657 2255 facti
1685 2197 1855 2253 ratio-

271 2315 402 2355 nem
433 2300 740 2365 redderent,
771 2313 878 2367 quo
904 2298 1178 2367 proposito
1197 2307 1356 2365 atque
1386 2291 1680 2348 intentione
1708 2302 1854 2343 aram

272 2390 574 2459 erexerint,
604 2389 681 2444 illi
709 2389 957 2444 dixerunt
990 2406 1003 2442 :
1036 2386 1206 2440 Hodie
1252 2384 1572 2454 cognovimus
1602 2380 1723 2451 quia
1764 2395 1858 2433 no-

272 2482 475 2537 biscum
518 2490 590 2534 est
620 2480 867 2535 Dominus
886 2523 898 2541 ,
929 2480 1051 2549 quia
1078 2494 1179 2531 non
1207 2476 1485 2546 deliquistis
1511 2475 1565 2526 in
1591 2479 1859 2541 conspectu

277 2572 492 2627 Domini
520 2572 779 2636 delictum,
804 2579 851 2623 et
870 2570 993 2639 quia
1015 2567 1259 2622 liberastis
1284 2568 1417 2636 ﬁlios
1440 2563 1607 2618 Israel
1625 2562 1687 2616 de
1707 2576 1861 2614 manu

279 2661 658 2732 Dominiﬂos.
690 2677 819 2727 xm,
848 2659 959 2727 51).
991 2659 1152 2714 Vides
1193 2658 1375 2728 igitur,
1407 2656 1678 2725 Auguste,
1719 2650 1861 2723 quod

278 2770 387 2824 pro
411 2753 596 2810 eadem
622 2753 879 2822 religione
916 2766 1019 2821 qua
1053 2761 1197 2805 recte
1235 2748 1427 2803 colitur
1447 2747 1613 2811 Deus,
1636 2759 1741 2800 non
1772 2756 1861 2799 so-

272 2850 393 2906 lum
425 2844 707 2900 dissentire
736 2859 767 2898 a
797 2857 856 2897 se
884 2841 1135 2906 invicem,
1164 2854 1352 2895 verum
1382 2839 1539 2893 etiam
1585 2833 1866 2891 laudabili-

275 2948 375 2993 ter
399 2950 635 3007 pugnare
668 2935 950 2990 adversum
979 2949 1038 2989 se
1072 2932 1307 3001 religiosi
1337 2944 1399 2986 ac
1418 2928 1702 2986 rectissimi
1740 2941 1862 2997 pos-

271 3029 419 3094 sint,
446 3026 570 3081 dum
616 3040 710 3082 eos
739 3041 844 3081 non
885 3024 1025 3081 ratio
1053 3023 1222 3079 divini
1271 3022 1478 3086 cultus,
1504 3020 1599 3076 sed
1648 3018 1866 3074 alterius

275 3124 517 3178 alterum
539 3120 669 3176 latet
698 3118 942 3174 intentio.
973 3118 1307 3185 Quapropter
1346 3113 1434 3185 qui
1464 3111 1621 3168 nobis
1650 3111 1864 3175 dicunt,

1952 1932 2073 1980 rant
2097 1921 2401 1992 denegavit.
2428 1919 2488 1975 Si
2536 1927 2711 1971 autvm
2764 1917 2945 1969 Patres
2993 1915 3279 1969 orientales
3314 1923 3368 1967 et
3402 1913 3537 1966 alios

1952 2014 2044 2085 qui
2096 2026 2218 2066 cum
2244 2011 2326 2066 eis
2369 2018 2543 2073 erant,
2574 2008 2642 2060 ob
2673 2005 2861 2060 aliena:
2908 2004 3225 2060 i:.tetttionis
3285 2004 3539 2073 ignoran-

1956 2106 2104 2169 tiam,
2127 2102 2266 2159 sicut
2291 2109 2343 2156 et
2387 2100 2505 2155 illas
2532 2100 2710 2168 plures
2766 2097 2934 2151 lriltus
2968 2096 3152 2161 Israel,
3180 2096 3540 2151 condemnare

1955 2208 2062 2248 non
2084 2205 2391 2263 possumus,
2420 2186 2691 2259 quomodo
2734 2185 3059 2241 venerabilis
3102 2184 3209 2240 Iba:
3257 2185 3536 2254 epistolam

1955 2280 2411 2340 Chalcedonensis
2440 2278 2677 2350 synodus
2726 2275 3132 2341 condemnaret,
3165 2290 3283 2344 qua:
3339 2290 3536 2329 secun-

1957 2376 2083 2431 dum
2109 2387 2298 2430 eorum
2328 2372 2687 2441 suspicionem
2718 2368 2784 2422 de
2804 2367 3151 2436 capitulorum
3185 2368 3320 2421 beati
3350 2367 3537 2438 Cyrilli

1959 2466 2270 2536 receptione
2316 2470 2608 2531 conquesta
2655 2459 2776 2514 est?
2816 2458 3060 2528 Nunquid
3104 2458 3247 2512 enim
3296 2458 3375 2511 vel
3424 2458 3541 2513 lbas

1960 2559 2266 2629 episcopus,
2289 2554 2371 2609 vel
2400 2553 2488 2608 alii
2519 2552 2804 2607 multarum
2831 2550 3227 2619 p'ovinciarum
3250 2551 3538 2617 antistites,

1962 2650 2288 2722 Ephesinam
2314 2646 2579 2717 synodum
2607 2643 2861 2711 culpasse
2899 2642 3186 2713 aliquando
3239 2652 3541 2697 monstran-

1964 2754 2074 2809 tur,
2102 2741 2242 2812 quod
2265 2747 2455 2795 contra
2481 2737 2808 2802 Nestorium,
2840 2735 2961 2790 licet
3009 2736 3061 2789 in
3090 2734 3296 2789 duabus
3323 2735 3542 2797 naturis,

1965 2849 2130 2889 unum
2160 2844 2341 2887 tamen
2372 2830 2470 2885 Dei
2516 2835 2676 2898 atque
2722 2826 2958 2881 hominis
2990 2826 3156 2879 ﬁlium
3183 2825 3363 2880 Iesum
3392 2822 3545 2878 Chri—

1966 2934 2109 2982 stum
2135 2923 2495 2981 contiteudum
2526 2935 2647 2976 esse
2683 2920 3003 2984 ﬁrmaverit;
3037 2928 3094 2972 ut
3125 2918 3269 2972 credi
3297 2920 3460 2986 poss’t
3490 2917 3547 2970 tia

1968 3023 2077 3091 dei,
2107 3036 2264 3093 quant
2295 3020 2362 3076 de
2408 3017 2773 3073 incarnatione
2815 3014 3010 3069 Christi
3062 3012 3277 3077 habuit,
3311 3021 3365 3066 et
3398 3012 3545 3066 resti-

1971 3116 2123 3181 tisse,
2152 3123 2206 3168 et
2241 3111 2382 3167 aliud
2439 3107 2792 3181 pradicasse?
2837 3104 2977 3160 Nihil
3022 3116 3104 3158 est
3135 3103 3297 3174 igitur
3326 3102 3463 3171 quod
3496 3102 3551 3156 in
3604 3104 3605 3107 “

287 3218 339 3273 si
369 3213 687 3285 Epltesinam
736 3212 996 3282 synodum
1026 3208 1328 3277 recepistis,
1365 3205 1719 3260 condemnate
1746 3217 1868 3274 pro-
1973 3208 2073 3263 hac
2101 3205 2326 3277 epistola
2372 3205 2532 3259 etiam
2575 3203 2641 3257 de
2673 3200 3022 3269 capitulorum
3079 3199 3216 3254 beati
3256 3195 3442 3267 Cyrilli
3497 3208 3553 3254 et

292 3309 482 3366 vincie
510 3306 742 3362 Orientis
763 3315 816 3359 et
845 3303 1067 3357 aliarum
1099 3316 1289 3355 novem
1338 3298 1729 3369 provinciarum
1755 3295 1866 3365 epi-

290 3412 514 3471 scopos;
544 3398 734 3451 merito
779 3394 1013 3455 audient.
1043 3402 1101 3447 ut
1138 3393 1179 3445 si
1206 3401 1257 3445 et
1301 3391 1397 3457 ipsi
1432 3390 1570 3445 ﬁlios
1599 3387 1785 3443 Ruben
1815 3394 1869 3441 et

290 3490 433 3558 God,
466 3498 523 3545 et
573 3487 846 3542 dimidiam
883 3485 1079 3539 tribum
1128 3484 1370 3538 Manassc
1421 3479 1710 3550 recipiunt,
1738 3492 1869 3532 eon-

292 3584 545 3638 damnent
596 3578 789 3633 tribum
842 3575 970 3629 Levi
1015 3581 1068 3627 et
1106 3572 1235 3626 alias
1284 3585 1473 3625 novem
1523 3568 1872 3635 tribus,qua:

294 3684 419 3728 cum
447 3671 670 3725 fratrum
700 3681 917 3721 suorum
970 3664 1161 3718 lateret
1188 3661 1448 3725 intentio,
1481 3674 1573 3714 eos
1603 3658 1871 3713 debellare

294 3767 680 3817 convenerant.
710 3758 775 3813 Et
805 3766 951 3811 certe
1006 3756 1061 3809 in
1116 3754 1209 3809 illo
1268 3752 1463 3822 populo
1511 3758 1665 3806 erant.
1712 3751 1870 3803 etiam

293 3853 592 3924 prophetat,
618 3865 718 3906 nec
737 3850 815 3903 eis
844 3847 1070 3915 imputat
1097 3844 1374 3914 quisquam
1403 3841 1544 3913 quod
1573 3834 1871 3893 animorum

294 3950 523 4001 fratrum
544 3956 761 3997 suorum
787 3939 1021 4009 prudens
1047 3938 1322 3991 consilium
1356 3949 1457 3987 non
1480 3931 1725 3989 viderint.
1753 3944 1872 3984 cum

296 4038 459 4093 facile
487 4042 671 4105 posset
715 4030 993 4086 orantibus
1024 4043 1090 4082 ex
1140 4036 1355 4094 accepta
1386 4026 1679 4095 prophetia:
1705 4021 1873 4092 gratia

295 4126 528 4183 revelari
563 4142 577 4177 :
610 4138 796 4177 omnes
852 4131 1028 4172 autem
1082 4116 1381 4171 Orientales
1433 4122 1593 4183 atque
1648 4113 1872 4165 aliarum

299 4214 693 4286 provinciarum
726 4209 1013 4271 antistites,
1044 4221 1180 4276 quos
1207 4206 1559 4276 capitulorum
1591 4203 1732 4258 beati
1766 4202 1873 4273 Cy-

296 4307 402 4362 rilli
436 4304 590 4359 latuit
635 4302 879 4364 intentio,
916 4308 971 4352 ttt
1000 4298 1321 4366 Ephesinam
1372 4295 1630 4366 synodum
1660 4308 1755 4362 pro
1786 4302 1879 4347 θος

296 4413 417 4453 runt
450 4393 793 4462 susceptione
838 4390 1136 4459 culparent,
1167 4388 1447 4455 episcopos
1494 4384 1737 4450 dicimus,
1771 4399 1874 4437 non

298 4489 612 4559 prophetas.
643 4484 742 4553 Qui
782 4498 908 4550 ergo
941 4478 1213 4551 prophetis
1260 4495 1363 4530 non
1386 4478 1706 4546 imputanms
1737 4477 1875 4545 quod

1972 3298 2259 3371 Ephesium
2287 3295 2475 3366 synodi
2501 3293 2793 3348 intentione
2822 3291 2842 3322 ³
2874 3290 3185 3362 Eutychiani
3232 3298 3547 3361 querantur.
3584 3324 3597 3343 .

2599 3427 2827 3486 CAPUT
2855 3426 2943 3482 γη

1979 3528 2127 3594 Quod
2155 3525 2395 3597 templum
2422 3520 2762 3597 et_yltaltita_ns
2802 3521 2859 3597 in
2882 3536 2942 3572 eo
2971 3526 3100 3597 recte
3147 3518 3342 3597 dic'um
3371 3518 3458 3581 sit,
3506 3529 3561 3597 ft

2084 3597 2183 3650 twd
2213 3586 2420 3664 piopter
2451 3592 2711 3664 Theodori
2738 3591 2914 3644 laudes
2942 3590 3269 3664 condemnari
3297 3603 3328 3639 a
3363 3586 3559 3657 synodo

2084 3615 2181 3650 uoa
2213 3615 2420 3664 propter
2455 3615 2476 3645 ι
2496 3615 2702 3645 Iteouort
2738 3615 2914 3644 tttuues
2942 3615 3269 3642 curtucmuun
3297 3615 3328 3639 ω
3363 3615 3559 3657 oyuuuu

2045 3615 2157 3722 lbra
2177 3665 2393 3732 epistola
2435 3679 2533 3716 non
2564 3661 2755 3725 debuit,
2801 3676 2917 3712 cum
2946 3661 3077 3712 idem
3121 3676 3151 3711 α
3196 3656 3560 3728 Chrysostomo

2044 3749 2092 3795 et
2119 3755 2151 3791 a
2181 3736 2511 3790 Nazianuno
2539 3732 2780 3785 laudatus
2808 3732 2894 3783 sit.

2048 3849 2215 3905 Video
2244 3856 2421 3901 autem
2453 3844 2625 3905 nobis,
2660 3856 2726 3896 ex
2782 3841 3032 3895 omnibus
3079 3852 3198 3908 qua:
3248 3839 3447 3905 scripta
3503 3834 3555 3890 in

1975 3940 2065 3998 illa
2116 3937 2341 4007 epistola
2391 3931 2885 4003 reprehenderunt,
2932 3930 3180 3983 ultimum
3237 3928 3563 3982 remansisse

1976 4031 2292 4099 capitulum,
2326 4026 2392 4079 de
2423 4023 2578 4079 laude
2619 4036 2775 4091 quam
2824 4020 3063 4074 continet
3102 4018 3369 4072 Theodori
3410 4016 3559 4087 Mop-

1977 4123 2215 4182 suesteni
2239 4120 2497 4189 episcOpi.
2533 4118 2605 4172 De
2636 4131 2740 4185 quo
2768 4115 2887 4183 quia
2933 4113 3096 4167 multa
3125 4111 3394 4179 dixerunt,
3425 4122 3473 4164 et
3506 4110 3562 4168 in

1979 4230 2043 4271 eo
2090 4226 2215 4272 suas
2260 4212 2490 4268 maxime
2536 4209 2844 4263 exercuisse
2907 4204 3200 4257 calumnias
3244 4203 3564 4275 gloriantur,

1980 4306 2120 4360 unde
2149 4320 2247 4360 nos
2279 4316 2493 4374 quoque
2539 4314 2702 4369 super
2733 4298 2836 4352 hoc
2876 4294 3110 4367 capitulo
3144 4296 3306 4349 multa
3340 4310 3561 4362 respon-

1980 4399 2108 4453 dere
2137 4396 2545 4462 compellimur;
2574 4407 2640 4447 eo
2684 4391 2956 4461 paulisper
3002 4389 3191 4452 dilato,
3226 4386 3364 4454 eligo
3420 4399 3561 4441 nunc

1987 4490 2163 4560 potius
2192 4486 2213 4517 ⁸
2243 4486 2550 4550 defendere,
2585 4496 2885 4551 quanquam
2941 4479 3204 4548 posterius
3254 4475 3444 4531 ordine
3480 4475 3562 4529 vi-

296 4580 605 4648 religiosam
639 4575 983 4629 intentionem
1040 4568 1263 4629 fratrum
1313 4578 1529 4621 suorum
1560 4566 1879 4634 nescierint,
1986 4582 2209 4649 deum,
2238 4580 2378 4648 quod
2425 4577 2475 4631 id
2502 4576 2525 4609 s
2557 4593 2660 4630 mm
2709 4574 2940 4643 scripto,
2975 4574 3067 4628 sed
3124 4571 3304 4626 verbis
3361 4560 3563 4625 tantum

296 4673 394 4728 sed
422 4670 702 4726 laudamus
730 4681 823 4720 eos
879 4664 1054 4733 potius
1103 4660 1244 4731 quod
1278 4661 1465 4715 eadem
1512 4658 1757 4729 religiosa
1796 4659 1883 4712 in-

300 4764 545 4819 tentione
596 4760 853 4813 adversus
892 4771 990 4810 eos
1045 4754 1242 4809 iuerint
1286 4750 1536 4807 concitati
1571 4767 1585 4803 :
1616 4749 1883 4819 quomodo

300 4867 589 4926 possumus
619 4864 723 4905 non
763 4848 1039 4919 prophetis
1075 4846 1319 4900 Patribus
1347 4842 1695 4899 orientalibus
1723 4851 1884 4913 atque

300 4949 425 5002 aliis
455 4947 719 5014 imputare
738 4983 753 5007 ,
784 4941 923 5011 quod
949 4941 969 4975 ⁸
998 4939 1246 5008 religiosa
1287 4937 1584 4991 intentione
1626 4934 1884 4989 adversus

302 5042 492 5095 eorum
519 5034 901 5105 approbatores
943 5030 1142 5084 iuerint
1169 5027 1458 5083 concitati?
1482 5026 1673 5093 Qumre
1702 5026 1880 5079 inten-

308 5133 511 5187 tionem
536 5128 762 5182 ﬁliorum
785 5123 968 5178 Ruben
990 5129 1046 5175 et
1072 5120 1209 5188 Gad,
1239 5129 1290 5173 et
1319 5118 1553 5173 dimidia:
1581 5116 1749 5171 tribus
1773 5116 1882 5171 Ma-

389 5391 408 5419 '
431 5387 563 5443 Cod.
592 5386 813 5449 Veron.,
844 5382 979 5453 quod
1004 5380 1295 5453 religiosam
1318 5378 1644 5433 intentionem
1674 5378 1881 5453 capitu-

308 5464 477 5515 lorum
504 5458 682 5528 Cyrilli
704 5451 996 5528 nescierint,
1022 5455 1093 5505 τοι
1119 5452 1163 5504 si
1209 5453 1410 5528 dicatur
1437 5466 1540 5528 non
1566 5464 1674 5503 esse
1702 5451 1884 5503 lauda-

310 5532 410 5584 bile
435 5520 571 5601 quod
617 5527 791 5601 eadem
836 5526 1074 5601 religiosa
1125 5525 1394 5601 intentione
1438 5520 1680 5573 adversus
1708 5535 1885 5574 eorum

307 5592 670 5669 approbemus
694 5597 883 5666 fuerint
910 5593 1185 5648 concitati?
1216 5592 1418 5658 Quaere,
1445 5597 1553 5646 etc.

1986 4669 2288 4743 procaciter
2315 4667 2526 4733 culpent
2554 4705 2568 4729 ,
2605 4663 2744 4734 quod
2802 4663 2852 4716 in
2911 4663 3068 4715 ﬁnem
3112 4660 3280 4729 ipsius
3322 4661 3563 4728 epistola)

1987 4764 2185 4817 dictum
2214 4766 2351 4813 est:
2405 4774 2422 4807 ι
2471 4754 2585 4808 Non
2637 4753 2777 4807 enim
2834 4753 3111 4821 quiSquam
3176 4749 3337 4804 audet
3384 4749 3565 4804 dicere

1987 4867 2146 4910 unam
2174 4864 2295 4906 esse
2346 4858 2588 4903 naturam
2645 4844 2934 4899 divinitatis
2973 4852 3029 4898 et
3073 4842 3443 4907 humanitatis,
3470 4840 3563 4894 sed

1986 4946 2309 5001 Conﬁtentur
2353 4943 2406 4995 itt
2459 4940 2711 5006 templum
2753 4947 2807 4991 et
2861 4936 3245 4991 iuhabitantem
3276 4935 3331 4989 in
3358 4947 3445 4999 eo,
3474 4933 3562 4998 qui

1988 5044 2074 5092 est
2099 5042 2234 5090 unus
2261 5034 2428 5091 Filius
2458 5031 2714 5086 Dominus
2745 5027 2902 5082 Jesus
2931 5025 3195 5081 Christus.
3233 5043 3249 5074 ι
3283 5020 3435 5089 Quod
3459 5022 3564 5076 talo

1990 5127 2200 5199 quidem
2230 5132 2307 5181 est
2362 5125 2518 5195 quale
2568 5119 2699 5177 illud
2728 5118 2868 5189 quod
2907 5130 3067 5185 supra
3093 5113 3445 5179 defendimus,
3474 5111 3560 5168 ubi

2060 5385 2082 5416 ⁸
2113 5380 2254 5436 Idem
2282 5381 2429 5447 cod.,
2456 5380 2518 5432 ab
2538 5395 2598 5433 eo
2616 5377 2855 5444 expetita.

2065 5452 2085 5484 ⁸
2115 5454 2258 5507 Idem
2284 5451 2431 5515 cod.,
2455 5449 2858 5515 reprelrrns‘one.

2067 5522 2086 5552 ⁸
2114 5523 2253 5575 Idem
2283 5522 2428 5587 cod.,
2459 5520 2590 5573 illud
2626 5519 2812 5589 potius.

2067 5591 2088 5623 ⁸
2109 5591 2252 5647 Idem
2274 5586 2421 5658 cod.,
2449 5590 2599 5658 idque
2620 5586 2717 5643 non
2742 5586 2951 5659 scripto.

386 5810 413 5839 "
442 5806 568 5863 Ilaec
593 5805 759 5863 habes
789 5803 945 5874 paulo
968 5810 1130 5871 ante;
1159 5799 1403 5868 adeoque
1430 5797 1519 5855 hic
1566 5796 1761 5854 frustra
1791 5796 2012 5865 repetita
2039 5793 2306 5851 videntur.
