3962 6196
401 349 503 406 703

1458 348 1756 408 FACUNDI
1802 346 2011 405 EPlSC.
2056 346 2554 413 HERMIANENSIS

3516 380 3626 438 ’104

399 488 497 555 ait,
535 497 779 557 tanquam
806 502 910 543 non
936 488 1005 542 sit
1033 486 1329 544 didere-alia
1358 488 1498 543 inter
1526 489 1783 558 templum
1813 496 1869 544 et
1899 490 1981 541 in-

2100 475 2420 543 capitulum,
2472 480 2611 547 quod
2664 480 3026 540 intermissum
3078 486 3269 557 fuerat,
3323 502 3687 565 revertantur,

404 581 726 637 habitantem
758 584 810 634 in
840 595 927 636 eo.
958 580 1155 636 Verum
1200 595 1268 635 ne
1292 589 1539 649 putemus
1571 583 1586 612 ¹
1615 581 1819 647 aliquid
1850 583 1987 635 omi-

404 677 557 739 sisse,
587 672 638 727 in
670 672 771 727 hoc
794 687 1006 742 quoque
1036 673 1156 727 loco
1194 672 1441 728 eamdem
1468 673 1792 728 calumniam
1826 671 1987 728 refel‘

406 768 593 823 lamus.
623 767 751 820 Nam
791 766 977 821 dicunt
1018 767 1083 821 ad
1137 766 1458 822 divisionem
1512 767 1669 821 unius
1717 765 1808 821 lilii
1859 766 1986 821 Jesu

398 857 595 911 Christi
633 857 925 925 pertinere,
956 856 1095 925 quod
1126 856 1200 909 ait
1230 873 1244 909 :
1278 874 1296 907 ι
1326 855 1431 910 Sed
1462 856 1747 911 conﬁtetur
1770 856 1821 909 in
1852 864 1991 910 tem-

401 946 546 1016 plum
577 958 630 999 et
668 946 1048 1001 inhabitantem
1079 947 1130 999 in
1163 960 1270 1001 eo:
1312 964 1330 998 ι
1381 955 1634 1015 tanquam
1677 946 1836 1000 aliam
1888 960 1991 999 vo-

398 1039 562 1091 luerit
589 1037 807 1105 intelligi
852 1036 1037 1105 templi
1086 1037 1486 1091 subsistentiam
1518 1037 1633 1091 sive
1680 1052 1989 1127 personam,

406 1145 461 1188 et
487 1135 641 1188 aliam
675 1135 1021 1190 inhabitantis
1049 1138 1101 1191 in
1132 1151 1215 1191 eo.
1241 1136 1329 1193 Sic
1357 1145 1533 1191 autem
1576 1144 1801 1206 possunt
1843 1144 1897 1190 et
1925 1135 1992 1190 de

408 1224 583 1278 verbis
615 1227 821 1279 Domini
873 1226 1041 1296 ipsius
1083 1227 1262 1282 dicere
1288 1268 1303 1292 ,
1336 1228 1422 1282 ubi
1452 1228 1651 1282 .ludaais
1681 1228 1747 1283 de
1793 1226 1993 1296 templo

405 1316 488 1369 sui
539 1319 779 1385 corporis
810 1319 940 1373 dixit
973 1338 986 1373 :
1020 1319 1216 1375 Solvite
1246 1320 1487 1391 templum
1529 1322 1646 1385 hoc,
1678 1331 1723 1376 et
1752 1322 1805 1375 in
1832 1322 1992 1377 tribus

403 1407 584 1461 diebus
623 1410 852 1464 excitabo
883 1412 1013 1464 illud
1043 1410 1224 1481 (Joan.
1258 1428 1315 1481 tt,
1363 1414 1450 1485 19)
1481 1432 1494 1467 :
1526 1423 1777 1482 tanquam
1829 1416 1989 1472 aliam

408 1502 639 1556 voluerit
690 1502 917 1574 intelligi
977 1520 1258 1574 personam
1308 1508 1575 1564 excitandi
1622 1510 1863 1579 corporis
1908 1511 1990 1565 sui

408 1596 613 1662 templi,
646 1606 700 1652 et
732 1598 891 1653 aliam
922 1602 1207 1659 excitaturi
1240 1602 1392 1658 illud.
1441 1604 1576 1670 Quid
1619 1616 1801 1660 autem
1833 1605 1991 1663 nobis

408 1684 459 1737 in
490 1688 717 1755 epistola
749 1705 844 1744 sua
878 1695 1200 1750 venerabilis
1240 1696 1358 1751 ibas
1410 1698 1628 1752 dubium
1678 1698 1987 1767 dereliquit,

404 1794 527 1832 cum
560 1781 708 1849 prius
755 1784 1105 1843 intentionem
1137 1804 1250 1845 sua:
1285 1791 1478 1846 mentis
1507 1792 1777 1861 aperiens,
1809 1803 1863 1847 et
1890 1793 1987 1847 do-
2022 1814 2037 1861 ί

2092 565 2246 631 cujus
2276 567 2348 620 ita
2403 571 2765 629 meminerunt
2812 575 3092 633 dicentes:
3132 596 3152 631 t
3194 580 3259 634 Et
3307 592 3426 651 post
3470 585 3684 644 modica

2093 658 2345 729 episeopo
2378 661 2592 717 Edessre
2621 665 2884 737 derogans
2927 669 3055 725 dicit
3085 688 3098 724 :
3134 672 3231 728 llic
3262 682 3461 730 nostra
3490 678 3687 731 citita-

2095 751 2162 802 tis
2189 758 2446 819 tyrannus
2476 753 2845 811 beatissimum
2878 757 3220 816 Theodorum
3254 777 3559 831 prteconem
3596 782 3689 821 ve-

2095 839 2266 896 ritatis
2293 850 2348 897 et
2373 842 2649 901 doctorem
2685 847 2942 905 Ecclesiae
2975 855 3346 923 praesumpsit,
3378 858 3469 927 qui
3502 860 3685 915 omnia

2095 933 2392 1000 praesumit,
2428 934 2479 989 in
2503 937 2734 992 ecclesia
2764 940 2936 1007 palam
2964 944 3412 1003 anathematizare
3436 967 3451 1004 :
3493 971 3510 1001 ι
3537 951 3687 1020 quod

2095 1021 2215 1078 ideo
2254 1040 2320 1080 ex
2367 1024 2458 1080 illa
2514 1029 2739 1096 epistola
2794 1044 3125 1100 posuerunt,
3185 1036 3307 1105 quia
3370 1039 3684 1108 praedictum

2094 1114 2455 1183 Theodorum,
2491 1121 2628 1175 sicut
2673 1136 2818 1190 saepe
2848 1125 3047 1179 dictum
3079 1138 3185 1192 est,
3218 1140 3470 1185 accusant
3524 1135 3687 1202 quasi

2094 1222 2155 1262 ea
2180 1224 2298 1277 qua:
2326 1220 2452 1265 sunt
2478 1210 2704 1267 Nestorii
2732 1214 3108 1283 predicantctn
3136 1236 3149 1271 :
3185 1228 3242 1274 ut
3269 1222 3421 1291 quasi
3453 1240 3547 1291 per
3582 1227 3687 1282 hoc

2094 1299 2462 1358 Nestoriannn
2514 1305 2653 1361 hanc
2703 1309 2985 1379 epistolam
3043 1312 3516 1389 demonstrarent,
3562 1337 3687 1392 qua

2096 1390 2391 1449 laudavetit
2444 1397 2692 1451 emndcm
2723 1400 2971 1479 ﬁatque
3018 1401 3089 1457 ita
3150 1408 3413 1475 synodum
3464 1390 3682 1481 quoque

2093 1479 2587 1543 Clialcetlonensem
2613 1474 2980 1546 Nestorianam
3004 1474 3318 1563 probarent,
3340 1474 3682 1570 quodips'am

2093 1575 2400 1643 epistolam,
2449 1578 2751 1637 laudantem
2807 1597 2928 1639 eum
2982 1586 3071 1655 qui
3129 1586 3431 1645 Nestoriani
3485 1593 3685 1650 dicitur

2094 1678 2280 1722 auctor
2318 1670 2539 1737 erroris,
2573 1677 2936 1741 pronunt'avit
2981 1677 3358 1735 orthodoxam.
3389 1681 3527 1749 Quia
3552 1700 3685 1742 vero

2098 1776 2203 1815 non
2233 1763 2405 1816 solum
2438 1764 2488 1819 in
2519 1767 2742 1834 epistola
2785 1768 2890 1823 lhte
2948 1770 3193 1826 laudatus
3236 1783 3322 1828 est
3352 1778 3469 1842 ipse
3501 1777 3684 1834 Theo-

409 1883 535 1925 cens
561 1836 666 1925 lion
690 1836 1489 1946 sedati
1507 1836 1990 1950 :rs‘edvad’natura-
2021 1836 2064 1896 Β
2095 1852 2280 1950 δθΪἯςν
2311 1857 2404 1910 δρᾶ
2513 1858 2697 1912 mums
2749 1875 2961 1931 quoque
3012 1863 3213 1918 “nmis
3267 1863 3539 1933 patribus’
3567 1868 3683 1940 iam

412 1976 529 2014 rum
558 1963 979 2029 diStinctionem,
1012 1971 1132 2023 talia
1161 1973 1568 2042 conscripsisse,
1597 1977 1990 2042 prtemiseritac

407 2052 640 2108 dixerit:
681 2076 698 2107 ι
738 2058 852 2111 Νοιι
902 2063 1042 2115 enim
1090 2064 1368 2133 quisquam
1414 2065 1577 2119 audet
1620 2066 1803 2123 dicere
1828 2084 1988 2123 unam

406 2157 530 2198 esse
559 2154 800 2200 naturam
829 2150 1121 2206 divinitatis
1161 2162 1215 2208 et
1255 2152 1628 2222 humanitatis;
1660 2175 1679 2209 ι
1707 2165 1764 2214 et
1793 2158 1991 2217 deinde

406 2238 699 2307 subiecerit
734 2260 745 2294 :
787 2262 803 2293 t
844 2244 947 2299 Sed
978 2246 1305 2302 Conﬁtentur
1326 2247 1380 2304 in
1414 2250 1669 2320 templum
1699 2261 1755 2307 et
1783 2252 1992 2308 iub-ibi-

405 2339 605 2385 tantem
637 2332 687 2386 in
722 2350 819 2400 eo;
859 2355 876 2387 ι
912 2346 1071 2405 atque
1103 2340 1169 2390 ila
1196 2355 1347 2395 suam
1378 2342 1629 2398 clauserit
1668 2346 1987 2402 sententiam

406 2419 589 2474 dicens
617 2439 629 2475 :
661 2441 677 2472 ι
709 2423 807 2490 Qni
850 2435 933 2479 est
963 2443 1099 2481 unus
1132 2428 1297 2484 Filius
1323 2430 1477 2486 .lesus
1503 2431 1768 2490 Christus.
1802 2453 1820 2487 ι
1852 2434 1988 2501 Quid

406 2515 712 2580 expressius
737 2515 816 2569 vel
842 2517 966 2586 quid
999 2519 1226 2585 amplius
1252 2520 1357 2575 dici
1388 2524 1591 2592 potuit?
1617 2523 1722 2578 Sed
1754 2533 1812 2579 ut
1832 2524 1988 2581 video

406 2604 540 2658 duos
594 2607 729 2663 lilios
783 2612 1006 2668 credere
1055 2613 1360 2683 jntlicatur,
1415 2619 1659 2689 quisquis
1704 2621 1783 2675 sic
1822 2637 1985 2677 unum

407 2696 603 2753 dixerit
630 2700 819 2764 lilium,
849 2713 906 2755 nt
937 2721 1041 2757 non
1074 2707 1235 2761 etiam
1264 2708 1396 2764 duas
1416 2710 1532 2778 ejus
1559 2713 1803 2781 negando
1833 2724 1988 2768 natu-

407 2803 512 2851 ras,
556 2804 677 2845 eum
713 2793 1059 2865 Entyehianis
1088 2796 1473 2857 incarnationis
1524 2804 1836 2875 mysterium
1869 2805 1987 2876 ejus

406 2893 645 2937 evacnet.
685 2883 791 2936 lloc
819 2886 976 2939 etiam
1018 2887 1202 2943 dicunt
1233 2908 1244 2943 :
1280 2890 1395 2946 Non
1447 2892 1633 2949 debuit
1662 2894 1806 2965 prius
1853 2908 1990 2952 tem-

408 2969 552 3035 plum
585 2972 885 3040 nominare,
918 2983 973 3030 et
1001 2976 1197 3034 deinde
1249 2979 1576 3039 habitantem
1606 2985 1659 3039 in
1691 3000 1777 3041 eo.
1822 2986 1988 3053 Quasi

408 3057 488 3111 vel
532 3059 645 3129 ipse
673 3061 806 3119 ordo
855 3064 1104 3135 loquendi
1148 3069 1483 3137 permitteret
1513 3081 1571 3127 ut
1599 3075 1747 3144 prius
1782 3075 1988 3132 diceret

408 3149 790 3207 inhabitantem
822 3154 873 3208 in
902 3170 969 3211 eo
989 3198 1005 3223 ,
1046 3166 1101 3212 et
1145 3168 1330 3227 postea
1362 3162 1640 3233 templum.
1670 3165 1984 3237 Quanquam
2011 3196 2062 3260 ο

406 3243 476 3294 sit
505 3245 669 3298 etiam
701 3243 961 3302 doctrinm
987 3252 1339 3320 conveniens,
1366 3264 1424 3309 ut
1451 3257 1573 3325 quia
1605 3275 1699 3327 per
1740 3260 1989 3316 humani-

407 3341 569 3387 tatem
597 3334 796 3390 Christi
823 3337 890 3392 ad
919 3338 1216 3396 divinitatis
1257 3343 1372 3412 ejus
1412 3347 1771 3416 cognitionem
1802 3366 1990 3419 perve-

408 3422 603 3487 nimus,
635 3426 785 3493 prius
834 3426 887 3481 in
941 3430 1140 3497 templo
1196 3430 1313 3501 ejus
1358 3432 1759 3505 humanitas,et
1806 3450 1988 3510 postea

407 3526 857 3571 commemoretur
898 3519 1141 3576 habitans
1179 3523 1231 3578 in
1259 3526 1459 3595 templo
1479 3527 1751 3586 divinitas.
1785 3532 1866 3588 0b
1888 3532 1990 3588 hoc

404 3606 564 3657 etiam
586 3605 903 3661 venerabilis
934 3607 1127 3665 Paulus
1156 3611 1452 3671 Etnesenus
1474 3619 1758 3689 episcopus
1792 3620 1843 3675 in
1875 3636 1990 3676 ser-

406 3710 566 3750 mone
595 3710 694 3751 suo
740 3690 898 3768 quem
945 3715 1127 3758 coram
1176 3709 1293 3775 ipso
1322 3707 1478 3764 beato
1528 3711 1580 3765 in
1629 3712 1988 3772 Alexandrina

406 3784 630 3839 ecclesia
664 3785 823 3855 fecit,
866 3798 920 3844 et
947 3806 1106 3860 quem
1158 3794 1275 3862 ipse
1326 3796 1513 3853 beatus
1560 3798 1790 3871 Cyrillus
1843 3813 1987 3859 tanta

406 3877 579 3939 laude.
616 3878 756 3932 sicut
801 3881 972 3948 primo
1017 3883 1155 3939 libro
1201 3886 1478 3944 docuimus
1503 3934 1517 3959 ,
1550 3893 1881 3962 prazdicavit,
1915 3898 1988 3951 ita

406 3967 615 4023 loeutus
645 3978 771 4025 est:
811 3989 829 4020 ι
872 3971 1000 4028 Vide
1045 3975 1309 4033 Joannem
1339 3979 1473 4036 duas
1502 3990 1745 4038 “naturas
1798 3986 1989 4055 praidi-

405 4070 646 4125 cantem,
688 4070 740 4115 et
792 4078 950 4118 unum
1008 4065 1233 4133 Filium;
1267 4070 1406 4124 aliud
1462 4073 1862 4130 tabernaculum
1890 4122 1903 4144 ,
1937 4087 1989 4132 et

406 4149 547 4201 aliud
591 4151 733 4220 quod
783 4153 834 4208 in
869 4156 1249 4224 tabernaculo;
1285 4161 1427 4215 aliud
1460 4167 1735 4233 templum,
1768 4178 1819 4221 et
1848 4168 1988 4224 aliud

407 4244 497 4312 qui
540 4244 819 4314 inhabitat,
853 4247 1015 4304 Deus.
1051 4269 1069 4303 ι
1101 4252 1361 4318 Quocirca
1394 4255 1437 4309 si
1468 4256 1713 4325 culpatur
1761 4276 1987 4315 venera-

406 4334 525 4387 bilis
552 4335 670 4389 lbas
695 4339 834 4407 quod
868 4342 1014 4409 prius
1061 4342 1316 4410 templum
1349 4360 1412 4399 ac
1441 4345 1637 4403 deinde
1684 4349 1987 4405 inhabitan-

407 4434 512 4479 tem
545 4430 596 4480 in
627 4443 692 4483 t-o
714 4430 766 4483 in
795 4432 1019 4499 epistola
1062 4449 1158 4488 sua
1192 4440 1453 4505 posuerit,
1494 4441 1743 4508 culpetur
1767 4460 1987 4501 necesse

2096 1946 2299 2017 pridem
2346 1958 2402 2006 et
2447 1949 2498 2004 in
2542 1951 2781 2006 secundo
2838 1952 2975 2008 libro
3027 1954 3305 2011 docuimus
3332 1974 3396 2013 ex
3430 1961 3684 2029 epistolis

2094 2046 2233 2100 beati
2256 2046 2480 2102 Joannis
2506 2046 2844 2111 Antiocheni,
2880 2048 3151 2118 totiusque
3185 2049 3467 2107 orientalis
3494 2056 3685 2110 conci~

2092 2138 2146 2192 lii
2178 2139 2315 2207 apud
2343 2139 2679 2194 Antiochiam
2702 2144 3028 2211 congregati,
3055 2152 3109 2198 et
3130 2144 3304 2201 adhuc
3330 2162 3395 2201 ex
3422 2148 3681 2219 aliorum,

2091 2228 2232 2283 sicut
2273 2229 2646 2298 promisimus,
2679 2229 2896 2285 Patrum
2946 2233 3143 2290 litteris
3175 2235 3311 2292 infra
3339 2238 3679 2296 docebimus.

2091 2318 2463 2374 Necessarium
2495 2329 2672 2375 tamen
2708 2322 2956 2378 existimo
2984 2335 3037 2380 et
3073 2336 3136 2381 ex
3182 2326 3282 2382 hac
3307 2329 3532 2399 epistola
3580 2332 3680 2386 do-

2089 2427 2229 2477 cere,
2255 2414 2394 2484 quod
2417 2415 2483 2470 de
2511 2416 2887 2484 Mopsuesteno
2909 2419 3194 2476 Theodoro
3225 2439 3328 2478 non
3358 2426 3528 2482 solius
3567 2428 3677 2483 [ba

2088 2506 2247 2559 fuerit
2274 2506 2373 2560 ista
2402 2509 2693 2563 sententia.
2728 2509 2859 2564 Nam
2891 2519 2945 2564 et
2978 2514 3150 2579 ipSetm
3200 2514 3385 2571 Marim
3431 2517 3677 2585 Persam,

2090 2595 2156 2650 ad
2185 2611 2340 2665 quem
2372 2598 2580 2665 scribit,
2607 2615 2791 2656 eorum
2832 2619 2951 2674 qu:e
2980 2602 3048 2659 de
3075 2605 3190 2673 ipso
3221 2606 3506 2662 Theodoro
3546 2610 3680 2668 dixit

2091 2693 2345 2745 concium
2418 2705 2540 2747 esse
2594 2694 2887 2762 perhibet,
2918 2705 2973 2751 et
3021 2697 3359 2753 conﬁdenter
3412 2700 3681 2769 publicam

2089 2794 2301 2851 quoque
2329 2781 2429 2836 sibi
2458 2781 2589 2837 dicit
2610 2787 2850 2840 attestari
2882 2787 3148 2843 notitiam.
3181 2788 3374 2842 Verum
3417 2791 3505 2846 isti
3526 2807 3651 2848 com

2091 2872 2537 2928 memorationetn
2571 2889 2757 2929 eorum
2809 2876 3001 2944 quibus
3050 2879 3152 2935 hoc
3198 2882 3519 2944 ostenditur.
3547 2898 3680 2938 eon-

2090 2971 2241 3016 sueta
2268 2960 2456 3019 fraude
2485 2962 2752 3034 fugerunt.
2786 2966 2916 3021 Nam
2965 2971 3083 3038 quis
3113 2970 3165 3023 in
3196 2971 3305 3026 illis
3341 2973 3521 3028 verbis
3569 2991 3679 3029 non

2090 3050 2268 3106 videat
2294 3054 2614 3109 venerabilis
2650 3054 2754 3110 Iba:
2783 3056 2849 3111 de
2869 3058 3094 3115 veritate
3120 3060 3542 3133 ﬁduciamlqoia
3570 3064 3679 3120 nisi

2093 3154 2237 3197 certa
2261 3152 2317 3198 et
2346 3144 2625 3200 manifesta
2659 3158 2859 3215 essent,
2909 3165 3241 3219 nequaquam
3296 3153 3343 3207 ei
3398 3155 3465 3207 ad
3514 3170 3678 3225 quem

2093 3233 2559 3313 scripsitudiceret
2586 3236 2652 3291 de
2684 3236 2775 3290 illo
2802 3238 2892 3305 qui
2933 3239 3275 3296 Theodorum
3317 3243 3681 3300 anathemati-

2092 3325 2232 3380 zavit
2261 3343 2276 3381 :
2312 3345 2331 3378 ι
2365 3328 2533 3393 Quem
2581 3343 2680 3385 nec
2730 3340 2783 3384 tu
2816 3331 2931 3400 ipse
2983 3332 3216 3401 ignoras,
3248 3336 3338 3406 qui
3390 3340 3679 3396 occasione

2092 3417 2211 3471 lidei
2238 3433 2343 3473 non
2378 3419 2558 3474 solum
2585 3437 2723 3474 nunc
2756 3421 2997 3479 viventes
3019 3426 3336 3496 insequitur,
3358 3428 3452 3483 sed
3477 3439 3532 3484 et
3557 3445 3677 3485 om-

2091 3525 2188 3566 nes
2218 3512 2238 3543 ³
2267 3513 2355 3581 qui
2396 3512 2522 3568 olim
2551 3514 2615 3567 ad
2642 3513 2925 3571 Dominum
2972 3530 3363 3586 praecesserunt
3396 3541 3411 3577 :
3441 3537 3677 3592 quorum

2091 3618 2228 3658 unus
2251 3613 2333 3657 est
2356 3604 2544 3659 beatus
2571 3605 2910 3671 Theodorus,
2939 3623 3113 3676 praeco
3143 3611 3381 3665 veritatis
3400 3621 3453 3666 et
3482 3613 3677 3669 doctor

2090 3696 2372 3763 Ecclesiae,
2394 3697 2485 3767 qui
2515 3713 2618 3752 non
2650 3700 2823 3753 solum
2855 3700 2907 3753 in
2936 3715 3031 3755 sua
3056 3700 3159 3755 vita
3188 3703 3543 3773 colaphizavit
3562 3705 3677 3759 hae-

2090 3786 2285 3843 reticos
2312 3802 2405 3856 per
2431 3788 2708 3842 veritatem
2732 3804 2843 3844 sua:
2872 3790 3016 3858 ﬁdei,
3041 3791 3134 3846 sed
3176 3801 3228 3846 et
3269 3803 3385 3861 post
3441 3804 3674 3851 mortem

2088 3879 2350 3948 spiritalia
2381 3896 2528 3935 arma
2556 3881 2608 3935 in
2640 3882 2790 3937 libris
2816 3885 3047 3952 propriis
3073 3886 3331 3941 Ecclesia:
3360 3886 3484 3943 ﬁliis
3508 3887 3675 3944 dere-

2090 3970 2261 4038 liquit.
2301 3987 2319 4022 »
2383 3969 2583 4027 Deinde
2608 3970 2776 4039 ipsius
2805 3976 2968 4028 etiam
3005 3975 3070 4027 ad
3104 3991 3258 4044 quem
3292 3977 3498 4046 scribit,
3526 3989 3675 4036 atte-

2089 4062 2221 4116 stari
2243 4063 2341 4117 sibi
2374 4064 2616 4118 notitiam
2641 4062 2817 4133 docet,
2850 4080 2972 4119 cum
3005 4067 3116 4121 ait:
3149 4085 3166 4117 ι
3205 4068 3356 4123 Sicut
3377 4080 3432 4124 et
3464 4079 3552 4125 tua
3582 4088 3676 4128 re.

2088 4152 2324 4206 verentia
2369 4151 2543 4206 eidem
2591 4151 2851 4206 collocuta
2906 4156 3178 4223 cognovit,
3213 4165 3266 4209 et
3295 4172 3364 4210 ex
3413 4156 3497 4211 his
3549 4174 3676 4229 qua:

2088 4242 2414 4312 conscripsit
2446 4242 2702 4298 instructa
2733 4251 2834 4307 est.
2865 4261 2886 4294 ›
2938 4243 3003 4297 Ει
3035 4245 3171 4300 infra
3215 4248 3431 4315 quidem
3460 4250 3531 4303 de
3571 4266 3674 4304 eo-

2088 4334 2211 4389 dem
2242 4334 2527 4389 Theodoro
2555 4350 2568 4386 :
2601 4351 2620 4384 ι
2653 4333 2751 4401 Qui
2775 4343 2992 4403 propter
3022 4335 3195 4390 zelum
3235 4336 3329 4391 Dei
3360 4352 3464 4391 non
3492 4339 3674 4396 solum

2090 4425 2356 4496 propriam
2385 4426 2655 4481 civitatem
2676 4426 2743 4479 ab
2766 4440 2953 4482 errore
2981 4427 3048 4481 ad
3070 4429 3353 4484 veritatem
3382 4432 3673 4499 convertit,

407 4527 488 4571 est
512 4519 671 4573 etiam
722 4522 905 4576 beatus
934 4524 1191 4596 Cyrillus,
1222 4528 1361 4596 quod
1390 4544 1692 4588 sermonem
1743 4536 1982 4605 przedicti

2092 4521 2182 4576 sed
2206 4530 2262 4576 et
2288 4521 2443 4590 longe
2468 4521 2666 4590 positas
2686 4533 2780 4574 sua
2801 4520 3043 4575 doctrina
3066 4520 3313 4577 instruxit
3342 4522 3670 4580 Ecclesiae.)

408 4608 555 4666 Pauli
585 4611 820 4690 episcopi
848 4615 1171 4687 laudaverit,
1206 4620 1258 4674 in
1283 4636 1384 4690 quo
1409 4624 1556 4693 prius
1580 4631 1980 4685 tabernaculum

407 4714 465 4760 et
485 4708 761 4776 templum,
790 4718 847 4765 et
874 4722 1053 4780 postea
1077 4715 1217 4785 quod
1247 4717 1298 4771 in
1326 4719 1668 4774 tabernaculo
1687 4760 1702 4787 ,
1737 4732 1789 4778 et
1818 4724 1982 4780 Deum

407 4799 499 4867 qui
528 4801 779 4869 templum
824 4800 1107 4868 inhabitat.
1146 4808 1455 4864 nominavit.
1482 4809 1776 4881 Cognoscis
1804 4813 1980 4882 igitur,

405 4888 718 4958 imperator,
736 4892 874 4960 quod
898 4894 1177 4963 epistolam
1204 4899 1520 4953 venerabilis
1553 4901 1654 4955 lbte
1677 4902 1981 4959 dicentem:

418 4994 437 5028 ι
469 4980 571 5038 Sed
604 4984 926 5039 conﬁtentur
952 4987 1003 5040 in
1029 4987 1304 5056 templum,
1327 4999 1379 5045 et
1410 4990 1791 5048 inhabitantem
1821 4996 1871 5049 in
1894 5012 1982 5064 eo,

407 5075 608 5143 quiest
647 5091 782 5131 unus
829 5075 965 5132 ﬁlius
985 5076 1141 5133 .lesus
1188 5080 1466 5147 Christus;
1514 5101 1532 5134 ι
1580 5085 1871 5139 secundum
1900 5087 1987 5155 ju-

406 5164 599 5218 dicium
631 5166 765 5220 beati
794 5166 977 5237 Cyrilli
1021 5184 1207 5239 magna
1249 5170 1703 5228 Chalcedonensis
1749 5180 1985 5247 synodus

409 5255 753 5323 approbavit;
781 5268 833 5312 et
851 5262 973 5328 quia
1002 5260 1084 5315 vel
1117 5260 1159 5314 si
1193 5272 1412 5330 propter
1444 5263 1544 5317 hoc
1569 5279 1687 5319 eam
1714 5267 1857 5321 velttt
1888 5268 1986 5323 hm-

409 5342 623 5396 reticam
658 5347 1003 5417 improbaret,
1034 5349 1160 5407 hinc
1206 5355 1383 5421 potius
1435 5354 1645 5410 beatum
1699 5356 1982 5426 Cyrillum.

410 5429 462 5485 id
487 5432 655 5501 ipsum
686 5433 737 5487 in
772 5448 1017 5493 sermone
1046 5443 1348 5512 eoepiscopi
1389 5444 1469 5499 sui
1511 5443 1658 5498 Pauli
1688 5446 1987 5516 approban-

410 5532 539 5589 tem,
584 5522 825 5580 ﬁrmasse
854 5526 1161 5586 baereticum
1217 5533 1511 5591 videretur.
1543 5535 1693 5593 Nunc
1742 5537 1807 5594 ad
1855 5540 1984 5596 illud

482 5696 499 5769 ξ
525 5691 653 5769 βοά.
693 5693 906 5761 Verum,
930 5712 1182 5769 putemur.

480 5767 503 5802 ⁸
524 5765 669 5824 idem
689 5770 839 5834 cod.,
869 5765 1099 5829 ettntdem
1130 5774 1472 5834 Theodorum.

2095 4618 2373 4674 Postremo
2393 4617 2515 4687 quia
2538 4616 2676 4671 idem
2710 4615 3023 4673 Theodorus
3055 4618 3107 4673 in
3131 4633 3225 4675 sua
3256 4621 3463 4691 synodo
3495 4623 3670 4692 palam

2092 4709 2363 4779 redarguit
2391 4723 2511 4762 eum
2542 4722 2700 4777 quem
2733 4722 2844 4763 suae
2870 4707 3101 4764 civitatis
3131 4719 3411 4781 tyrannum
3436 4714 3668 4769 vocavit.

2093 4805 2222 4870 Quae
2244 4801 2345 4857 nisi
2380 4815 2501 4856 vera
2528 4800 2723 4865 forent,
2753 4800 3021 4871 quomodo
3043 4816 3104 4856 ea
3132 4812 3314 4871 posset
3342 4807 3671 4862 reverentis-

2092 4895 2259 4953 simus
2288 4893 2407 4947 lbas
2449 4892 2627 4949 dicere
2654 4934 2668 4958 ,
2706 4892 2944 4948 omnium
2993 4893 3371 4964 episcoporum
3428 4897 3671 4953 orienta-

2094 4990 2219 5044 lium
2270 4984 2575 5041 testimonio
2602 4983 2944 5053 refragante?
2973 4983 3224 5051 Quinimo
3268 4996 3324 5040 et
3370 4987 3455 5041 sui
3498 4997 3674 5045 status

2093 5079 2384 5150 periculum
2416 5076 2727 5141 sustineret,
2752 5076 2794 5128 si
2822 5073 3137 5130 Theodorus
3165 5086 3222 5129 ut
3263 5075 3556 5136 btereticas
3584 5080 3675 5134 ha-

2094 5171 2328 5234 beretttr,
2375 5184 2403 5220 a
2426 5182 2531 5235 quo
2558 5165 2693 5219 dixit
2720 5164 2773 5218 in
2798 5164 3026 5219 concilio
3059 5164 3397 5236 redargutum
3427 5182 3553 5226 esse
3584 5185 3675 5226 ne.

2091 5265 2207 5321 scio
2236 5278 2392 5333 quem
2441 5274 2552 5313 sua:
2580 5255 2813 5312 civitatis
2862 5262 3168 5325 tyrannum.
3219 5256 3422 5312 Omnes
3472 5260 3675 5329 quippe

2092 5354 2381 5412 orientales
2409 5352 2690 5420 episcopos
2714 5347 3029 5403 criminatus
3055 5357 3161 5409 est,
3188 5348 3237 5403 si
3260 5347 3314 5402 in
3359 5364 3557 5406 eorum
3582 5366 3673 5424 sy-

2094 5449 2234 5506 nodo
2262 5446 2573 5501 hazreticum
2602 5440 2735 5496 dixit
2760 5438 3109 5508 redarguendi
3140 5438 3391 5494 habuisse
3419 5439 3667 5498 ﬁduciam

2090 5542 2156 5597 ad
2183 5530 2722 5595 excommunicandos
2753 5529 2986 5584 [autores
3009 5526 3383 5583 haereticorum
3412 5526 3453 5584 ⁸.
3480 5527 3541 5585 ln
3570 5531 3669 5587 hoc

2160 5713 2345 5788 ’ldcm
2379 5708 2526 5788 cod.,
2558 5708 2725 5788 ethos
2752 5705 2857 5776 qui.
2900 5776 2913 5788 .
2984 5783 3002 5788 _
3078 5786 3082 5788 Α
3224 5780 3237 5788 _
3362 5775 3396 5788 Α

2161 5788 2181 5815 ³
2212 5787 2354 5840 Idem
2383 5780 2529 5847 cod.,
2551 5780 2618 5834 ad
2639 5780 2747 5834 hac
2773 5776 2945 5833 omnia
2971 5783 3199 5851 [autem
3215 5776 3593 5839 luerqu
