3962 6196
415 288 518 343 ἹέΠ

1521 279 1817 337 FACUNDI
1854 276 2070 336 EPISC.
2113 276 2619 337 HEMHANENSIS

3590 283 3701 335 738

416 402 541 472 quid
568 401 697 459 hinc
726 401 969 474 synodus
999 399 1273 469 culpetur,
1321 398 1366 452 si
1405 398 1633 452 reverita
1674 407 1758 451 est
1781 397 2001 451 anatlie-
2032 394 2083 458 Α
2111 403 2271 462 rarct,
2292 404 2345 451 et
2372 396 2443 450 ob
2464 395 2564 451 hoc
2578 410 2639 452 se
2652 403 2963 451 causarctur
2984 410 3069 449 nn-
3094 410 3119 449 s
3142 392 3402 448 Eeclesize
3427 407 3541 448 sua:
3563 392 3703 449 ferre

416 494 990 551 aiatizaretbesaurum
1021 490 1243 547 Joannis
1281 498 1337 545 et
1374 489 1680 545 reconditas
1708 486 1827 557 ejus
1873 488 2009 542 divi-

419 586 561 640 tias?
585 591 665 639 An
704 595 755 638 et
778 584 889 653 ipsa
928 592 1164 637 statuere
1210 580 1418 644 debuit,
1448 588 1504 634 et
1545 578 1750 644 dicere,
1803 580 1849 632 si
1888 578 2009 648 quis

420 675 758 731 Theodorum
801 690 904 729 non
954 672 1408 739 anatltematizat,
1440 669 1722 725 anathema
1765 669 1876 722 sit?
1904 666 2011 722 Sed

419 777 598 817 nonus
624 761 812 817 melius
832 770 936 827 est,
960 770 1019 815 ut
1039 761 1104 815 de
1121 760 1332 814 caeteris
1354 757 1602 813 Patribus
1632 766 1858 819 taceam,
1881 769 2012 809 ana-

420 856 594 908 thema
623 868 747 909 cum
783 854 990 909 Joanne
1028 851 1237 915 audire,
1276 864 1437 920 quam
1482 848 1674 903 Joanni
1725 847 2011 902 anathema

411 944 641 1003 dicere?
671 943 726 999 Si
752 943 896 998 enim
926 944 1208 997 anathema
1237 950 1320 996 est
1357 940 1447 1009 qui
1477 937 1821 992 Theodorum
1854 935 2011 1003 Mop-

416 1034 634 1089 suestiae
662 1049 769 1089 non
794 1033 924 1088 dicit
952 1032 1256 1095 anathema,
1296 1030 1457 1084 etiam
1486 1028 1721 1082 Joannes
1749 1024 2015 1080 Constano

422 1125 789 1193 tinopnlitana:
803 1124 1137 1178 clarissimus
1151 1122 1375 1176 antistes
1390 1120 1637 1175 Ecclesia
1658 1128 1715 1173 et
1731 1116 2014 1172 confessor

424 1212 751 1268 fortissimus
772 1213 1040 1276 veritatis,
1067 1210 1352 1265 anathema
1382 1216 1487 1275 est,
1509 1208 1602 1278 qui
1637 1206 1729 1261 tali
1760 1208 2014 1261 thesauro

424 1314 477 1359 et
511 1307 801 1360 reconditis
830 1305 1030 1359 divitiis
1054 1317 1191 1373 quas
1223 1301 1561 1370 Mopsuestize
1591 1301 1642 1352 in
1674 1296 1855 1353 Cilicia
1892 1312 2017 1364 νοις

425 1396 654 1461 sidebet,
693 1410 800 1450 non
839 1397 971 1451 dicit
999 1395 1304 1449 anathema.
1353 1392 1548 1446 Verum
1597 1404 1771 1460 neque
1811 1389 1891 1443 vir
1923 1389 2017 1443 ille

426 1487 603 1554 magni
636 1486 885 1555 ponderis
908 1496 962 1540 et
982 1493 1306 1554 exspectata:
1328 1497 1543 1552 semper
1562 1482 1897 1536 auctoritatis
1917 1495 2015 1533 no-

428 1578 510 1634 bis
530 1581 705 1635 deerit
730 1580 786 1634 itt
826 1579 1191 1634 defensionem
1219 1593 1425 1648 magna:
1453 1576 1644 1647 synodi
1681 1589 1801 1644 qua
1827 1576 1896 1628 ab
1927 1574 2017 1629 Iba

429 1671 681 1737 ep'rscopo
727 1682 835 1723 non
886 1669 1065 1739 exegit
1115 1677 1172 1722 ut
1213 1666 1555 1721 Theodorum
1582 1666 2015 1734 Mopsuestenum

2114 501 2220 540 non
2252 501 2428 555 posse,
2450 501 2632 575 peque
2660 487 3053 557 Apoliuarianis
3106 500 3323 555 gregem
3359 484 3455 540 Dei
3488 494 3702 541 vastan-

2114 578 2275 647 tibus,
2302 592 2397 648 pro
2424 580 2608 635 eadem
2639 582 2852 649 gemina
2882 579 3154 635 debilitate
3183 580 3459 643 resistere,
3490 579 3706 647 cpisco-

2118 678 2272 735 patus
2302 683 2482 723 curam
2512 668 2875 738 depositurus,
2907 677 2963 724 et
2992 669 3176 723 relicta
3208 681 3303 722 sua
3335 667 3556 722 civitate
3584 682 3706 723 cum

2115 759 2392 813 monachis
2433 758 2485 813 in
2519 775 2641 814 rure
2669 760 2928 825 victurus,
2962 758 3051 813 ubi
3080 759 3241 814 etiam
3280 757 3566 814 defunctus
3599 768 3705 823 cst,

2114 848 2453 904 Theodorum
2485 858 2595 904 toto
2623 850 2844 904 Oriente
2882 848 2932 903 in
2963 849 3331 904 defensionem
3362 856 3418 903 et
3442 848 3709 903 visitatio-

2114 956 2237 997 nem
2261 941 2499 1010 ejusdem
2519 941 2775 997 Ecclesize
2798 952 2907 996 suae
2930 941 3154 1011 delegit;
3184 956 3289 997 non
3312 941 3456 997 aliud
3476 952 3637 1011 caput
3656 941 3726 996 il-

2116 1036 2221 1090 lam
2269 1035 2591 1103 provinciam
2644 1035 2840 1090 habere
2905 1033 3240 1101 testiﬁcans,
3294 1034 3448 1104 cujus
3498 1033 3647 1103 ﬂagit
3683 1060 3711 1075 ο

2116 1134 2199 1180 ret
2228 1125 2509 1181 auxilium.
2540 1125 2629 1181 Sic
2651 1126 2795 1181 enim
2826 1129 2875 1181 ei
2910 1127 3103 1181 iterum
3133 1126 3321 1181 scribit
3353 1141 3368 1181 :
3402 1143 3422 1177 ι
3468 1125 3712 1195 Tempus

2115 1216 2247 1271 mihi
2272 1224 2356 1271 est
2380 1217 2505 1270 illud
2537 1216 2830 1286 Scriptura:
2857 1215 3059 1282 dicere,
3078 1216 3157 1271 Ad
3186 1230 3342 1281 quem
3362 1214 3711 1269 vociferabor

2115 1307 2223 1361 vim
2277 1307 2486 1377 patiens
2507 1306 2531 1358 ?
2555 1307 2675 1376 quis
2701 1306 2827 1361 mihi
2871 1306 3111 1377 porrigat
3151 1318 3365 1360 manum
3405 1304 3713 1373 oppresso?

2116 1396 2370 1465 adquem
2401 1395 2607 1465 pondus
2632 1396 2883 1451 Ecclesia:
2910 1401 3159 1450 transeat
3181 1393 3460 1448 tammale
3476 1392 3713 1463 jacentis

2116 1501 2179 1543 ac
2208 1487 2521 1542 dlssolutai?
2541 1486 2821 1542 Testiiicor
2846 1500 3029 1542 coram
3065 1486 3174 1541 Deo
3196 1493 3252 1539 et
3276 1482 3459 1541 electis
3482 1484 3710 1554 angelis,

2117 1579 2367 1649 quoniam
2398 1592 2502 1634 non
2528 1578 2672 1648 justa
2699 1579 2898 1648 patitur
2926 1578 3019 1633 Dei
3058 1590 3191 1647 grex
3223 1578 3342 1632 sine
3372 1588 3590 1645 pastore
3614 1575 3710 1630 de-

2120 1680 2273 1738 gens,
2302 1675 2358 1722 et
2384 1667 2501 1721 sine
2542 1667 2817 1721 visitatore
2866 1676 3085 1736 propter
3125 1674 3399 1735 torporem
3442 1673 3716 1720 nostrum.

429 1760 835 1827 condemnaret,
868 1777 989 1814 cum
1014 1760 1131 1830 ejus
1166 1759 1391 1830 epistola
1418 1759 1631 1815 recitari
1685 1759 1869 1813 laudes
1899 1757 2016 1827 ejus
2046 1761 2093 1822 Β
2120 1762 2204 1816 Me
2226 1760 2369 1815 enim
2395 1758 2659 1827 aegritudo
2684 1758 2907 1825 detinet,
2924 1768 2979 1813 et
2998 1758 3155 1813 citius
3183 1757 3404 1812 abduxit
3432 1758 3501 1812 ab
3530 1758 3714 1813 cccle-

430 1854 660 1909 audiret.
690 1854 841 1907 Adsit
875 1854 1036 1925 igitur
1064 1856 1222 1909 etiam
1274 1855 1458 1909 beatus
1488 1854 1775 1923 Gregorius
1794 1851 2022 1907 Nazian-

432 1958 620 2010 zenus,
653 1947 1061 2001 temerariorum
1099 1955 1156 2000 et
1193 1945 1309 2015 ipse
1351 1947 1556 2000 crimen
1599 1955 1853 1999 aucturus
1883 1981 1901 2010 ,
1930 1942 2022 2012 qui

433 2033 719 2089 Theodoro
756 2034 933 2090 adhuc
952 2035 1135 2103 juveni
1174 2049 1240 2091 ac
1280 2035 1490 2090 novello
1527 2036 1599 2090 ita
1644 2034 1849 2101 scribit,
1905 2033 2023 2103 ejus

433 2125 750 2194 perfectioni
775 2129 1185 2195 congratularis:
1214 2143 1235 2179 ι
1272 2126 1581 2183 Dilectiouis
1604 2126 1811 2181 iudiciis
1841 2124 2025 2181 delec-

432 2224 610 2271 tamur
636 2227 696 2283 ι,
734 2219 998 2289 ριέεείριιε
1027 2218 1081 2273 in
1126 2220 1218 2274 tali
1252 2228 1519 2288 tempore,
1550 2227 1605 2275 et
1631 2233 1660 2272 a
1692 2217 1784 2273 tali
1814 2216 2025 2272 novello

432 2306 592 2363 simul
623 2318 783 2377 atque
827 2309 1087 2379 perfecto,
1134 2319 1211 2375 et,
1253 2318 1311 2364 ut
1336 2317 1390 2364 te
1419 2322 1482 2364 ex
1527 2308 1613 2363 his
1658 2323 1779 2378 qua:
1824 2315 2022 2362 sancta

431 2396 725 2467 Scriptura:
766 2409 892 2453 sunt
917 2399 1241 2469 amplectar,
1268 2403 1559 2454 constituto
1586 2414 1749 2468 super
1769 2398 2019 2468 juventu—

437 2499 568 2545 tetn.
592 2490 682 2544 Sic
705 2492 849 2544 enim
876 2502 1031 2546 vocat
1055 2491 1142 2544 illa
1163 2505 1258 2546 eos
1285 2491 1377 2560 qui
1402 2491 1675 2545 intellectu
1700 2497 1910 2543 aetatem
1928 2503 2025 2543 ex-

436 2580 656 2637 cedunt.
686 2582 751 2635 Et
774 2590 982 2636 veteres
1001 2582 1218 2651 quidem
1246 2594 1428 2650 patres
1452 2594 1625 2634 rorem
1649 2579 1771 2634 εωΙί
1799 2587 1856 2632 ει
1879 2580 2028 2633 uber»

438 2682 604 2728 tatem
636 2684 817 2737 terrae,
849 2687 968 2728 cum
1011 2674 1220 2728 caneris
1250 2673 1371 2727 aliis
1396 2672 1618 2727 concedi
1661 2670 1787 2725 ﬁliis
1828 2669 2025 2740 depre-

439 2777 649 2831 camur,
667 2766 771 2820 nisi
791 2766 877 2820 cui
897 2765 1126 2820 amabile
1147 2773 1231 2820 est
1252 2766 1368 2820 haec
1391 2765 1502 2834 ipsa
1526 2764 1683 2819 altius
1705 2761 2025 2832 intelligere,

444 2873 549 2913 nos
565 2868 742 2912 autem
761 2857 1073 2929 spiritaliter
1093 2859 1271 2912 omnia
1295 2858 1387 2913 tibi
1412 2856 1779 2926 rependintus.
1800 2854 2029 2923 Impleat

441 2949 700 3004 Dominus
730 2964 915 3005 omnes
945 2948 1227 3019 petitiones
1257 2959 1374 3003 tuas
1392 2987 1410 3015 ,
1438 2957 1496 3002 et
1526 2948 1623 3002 tias
1676 2948 1860 3002 talium
1893 2946 2030 2999 lilio-

439 3055 560 3095 rum
583 3052 730 3109 pater
752 3040 1024 3111 (quoniam
1056 3039 1270 3110 quidem
1301 3049 1513 3109 oportet
1535 3038 1854 3106 compendio
1877 3045 1935 3091 et
1951 3035 2028 3090 (ao

2126 1854 2229 1921 sia,
2256 1867 2399 1907 nunc
2448 1851 2666 1906 omnino
2691 1860 2932 1907 extrema
2972 1858 3280 1920 sperantem
3312 1849 3335 1883 ⁸
3358 1891 3374 1917 ,
3405 1859 3463 1905 ει
3487 1852 3718 1919 amplius

2126 1945 2286 2000 rebus
2316 1945 2452 2014 ipsis
2480 1945 2756 2000 afﬂictum.
2797 1944 2854 2000 Si
2886 1943 3103 2013 quidem
3130 1943 3275 1997 aliud
3302 1950 3464 2010 caput
3494 1942 3723 1999 haberet

2126 2036 2420 2107 provincia,
2476 2037 2542 2092 ad
2582 2036 2712 2091 illud
2750 2051 2870 2104 0pm
2888 2044 3023 2091 teret
3059 2036 3290 2090 clamare
3315 2046 3369 2090 et
3398 2037 3716 2090 contestari.

2125 2128 2240 2184 Tua
2262 2142 2395 2185 vero
2422 2128 2724 2184 reverentia
2759 2129 3120 2197 superposita,
3151 2126 3218 2182 ad
3243 2137 3295 2183 te
3321 2128 3611 2183 attendere
3637 2144 3720 2183 ne

2123 2235 2275 2277 cesse
2291 2230 2392 2277 est.
2415 2220 2611 2277 Curam
2629 2221 2828 2277 habeas
2849 2229 2954 2275 tua:
2984 2220 3237 2276 Ecclesia:
3258 2220 3450 2288 quovis
3461 2219 3655 2283 modo.
3670 2229 3721 2277 ει

2130 2328 2240 2368 non
2270 2326 2389 2369 eam
2431 2312 2699 2382 despicias
2743 2311 2958 2383 indigne
3002 2318 3272 2380 agentem.
3325 2309 3395 2365 Ut
3439 2308 3585 2363 enim
3618 2309 3721 2363 alia

2130 2400 2563 2471 pratermittam,
2595 2400 2771 2469 qualia
2801 2414 2942 2455 nunc
2981 2400 3322 2469 insurgentes
3351 2397 3721 2468 Apolinariani

2127 2491 2302 2561 aliqua
2328 2489 2547 2558 quidem
2571 2487 2838 2554 fecerunt,
2865 2488 2973 2544 alia
2998 2502 3128 2544 vero
3156 2489 3445 2554 minantur,
3478 2503 3509 2543 a
3537 2488 3724 2542 domis

2126 2580 2211 2635 nis
2250 2582 2385 2634 meis
2420 2587 2473 2633 et
2511 2579 2965 2649 compresbyteris
3019 2578 3196 2634 disces
3220 2617 3237 2645 ,
3280 2580 3490 2634 Eulalio
3528 2582 3724 2647 coepi-

2127 2688 2293 2744 scopo
2312 2683 2365 2728 et
2381 2672 2616 2737 Eleusio,
2634 2687 2773 2743 quos
2793 2672 3066 2741 impendio
3089 2672 3158 2726 ad
3180 2681 3323 2727 tuam
3347 2672 3718 2727 reverentiam

2128 2766 2392 2820 misimus.
2423 2763 2489 2817 Et
2515 2765 2629 2819 hac
2657 2765 3018 2833 comprimere
3044 2778 3149 2819 non
3175 2772 3261 2819 est
3286 2773 3486 2819 nostrae
3514 2765 3723 2827 aetatis,

2129 2856 2225 2912 sed
2272 2864 2377 2910 tute
2428 2854 2726 2924 prudentiae
2780 2866 2993 2925 tumque
3035 2855 3283 2909 virtutis:
3329 2854 3579 2924 quoniam
3633 2855 3727 2912 tibi

2129 2961 2250 3001 cum
2282 2946 2403 3000 aliis
2427 2944 2736 3000 facultatem
2759 2944 2978 2999 donavit
2998 2944 3139 2999 Deus
3169 2944 3234 2998 ad
3255 2959 3600 2999 communem
3628 2947 3728 3001 de-

2130 3038 2428 3093 fensionem
2461 3036 2738 3091 Ecclesiae.
2764 3037 2821 3093 Si
2842 3046 3023 3093 autem
3050 3038 3165 3093 haec
3192 3037 3378 3093 dicens
3398 3049 3453 3093 et
3472 3039 3729 3095 scribens

438 3131 721 3186 miliariter
745 3147 900 3188 orare
922 3148 1019 3202 pro
1048 3132 1122 3204 te)
1152 3132 1363 3201 qualem
1394 3142 1444 3186 te
1473 3130 1862 3185 demonstraris
1887 3130 1903 3160 ⁸
1934 3143 2031 3197 pa-
2059 3117 2104 3180 C
2137 3145 2240 3186 non
2267 3129 2475 3196 audiar,
2504 3130 2644 3199 quod
2675 3137 2840 3184 restat
2870 3131 3045 3185 solum
3078 3132 3179 3185 hoc
3202 3132 3313 3195 iiet,
3337 3131 3549 3199 publice
3582 3147 3730 3197 pra:-

436 3220 613 3276 tribus
642 3223 765 3288 tuis,
795 3234 852 3274 ut
877 3225 929 3276 in
951 3223 1159 3276 caneris
1186 3236 1283 3277 nos
1304 3221 1463 3276 etiam
1502 3220 1569 3275 de
1588 3231 1640 3275 te
1661 3220 1973 3291 gloriemur.
2006 3238 2026 3271 ι

440 3310 721 3375 Quomodo
750 3312 930 3380 itaque
958 3312 1195 3382 synodus
1222 3323 1405 3365 saneta
1433 3312 1681 3379 culpatur
1709 3308 1830 3381 quia
1857 3309 2033 3365 Theo-

443 3400 631 3454 dorum
658 3415 766 3454 non
804 3400 1097 3465 damnavit,
1136 3413 1469 3468 cognoscens
1499 3408 1728 3468 quantus
1775 3398 1950 3454 adhuc
1998 3414 2032 3453 a

444 3500 642 3559 quanto
668 3493 782 3547 viro
811 3492 877 3546 de
906 3493 1233 3559 perfectione
1264 3491 1511 3546 laudatus
1529 3500 1631 3557 est,
1667 3494 1716 3546 id
1747 3503 1827 3547 est
1860 3494 2034 3548 novel—

442 3580 527 3637 lus
546 3598 576 3634 a
599 3582 857 3652 Gregorio
888 3581 1247 3649 Nazianzcno,
1269 3580 1344 3636 ita
1360 3582 1709 3638 utimellectu
1731 3583 2033 3639 excessisse

449 3673 719 3728 diceretur
764 3682 1000 3740 artatctn,
1050 3688 1211 3743 supra
1243 3672 1578 3743 juventn'em
1610 3688 1762 3727 suam
1791 3675 2034 3728 sublimi-

446 3772 557 3819 tate
599 3764 879 3833 sapientia:
929 3765 1290 3819 constitutus?
1318 3763 1579 3834 Quodque
1615 3764 1784 3831 magis
1822 3772 2030 3833 gratum

440 3863 532 3911 est
553 3867 616 3910 ac
633 3852 951 3923 jucundum,
973 3869 1094 3909 cum
1123 3852 1351 3911 scientia
1368 3865 1512 3909 esset
1537 3854 1805 3918 excelsus,
1830 3864 2029 3911 tantam

446 3946 805 4003 humilitatem
829 3947 1260 4003 acreverentiam
1282 3944 1528 3999 exhibuit
1549 3945 1807 4016 patribus,
1840 3956 1895 3998 ut
1919 3946 2035 4003 huic

446 4036 495 4091 si
520 4035 820 4091 benedictio
849 4050 944 4104 pro
974 4036 1167 4091 talibus
1196 4035 1403 4091 meritis
1440 4052 1471 4090 a
1500 4034 1759 4105 Gtegorio
1780 4035 2035 4091 reddere-

450 4138 558 4191 tur,
603 4140 881 4195 perquam
924 4126 1057 4179 tales
1090 4128 1311 4179 haberet
1355 4126 1494 4180 ﬁlios
1531 4127 1741 4193 qualem
1785 4140 1845 4180 se
1874 4124 2038 4193 patri-

454 4220 553 4271 bus
594 4216 898 4270 exhibebat.
930 4219 1099 4281 Quam
1148 4215 1577 4277 benedictionem
1618 4215 1664 4269 si
1700 4216 1951 4285 religiose
1976 4230 2039 4272 ac

452 4312 537 4379 pie
567 4310 655 4362 illa
686 4310 924 4378 synodus
954 4323 1056 4361 non
1086 4307 1315 4361 credidit
1340 4322 1462 4360 esse
1490 4306 1818 4373 frustratum,
1840 4308 2039 4362 idcirco

454 4403 596 4453 velut
620 4398 777 4467 impia
804 4400 1092 4466 ctprofana
1115 4396 1422 4451 frustratur.
1439 4397 1544 4454 Sed
1566 4396 1631 4450 ad
1656 4396 1816 4451 aliam
1833 4399 1853 4428 ⁸
1877 4409 2041 4453 trans-

2134 3223 2317 3279 dicare
2345 3223 2595 3277 omnibus
2615 3231 2671 3276 et
2698 3232 2885 3277 notum
2915 3221 3115 3289 facere,
3143 3223 3263 3291 quia
3291 3222 3547 3292 episcopo
3568 3222 3727 3279 indi.

2136 3322 2225 3385 get
2263 3313 2528 3377 Ecclesia,
2569 3328 2640 3368 ne
2669 3321 2887 3383 propter
2914 3328 3090 3367 meam
3130 3314 3493 3369 inﬁmitatem
3526 3316 3731 3370 tunda-

2137 3416 2222 3462 tur
2250 3406 2291 3461 ⁸.
2321 3406 2397 3462 De
2448 3415 2646 3461 caetero
2676 3420 2773 3460 vos
2802 3407 3062 3461 videritis.
3103 3425 3123 3459 ι
3151 3410 3195 3461 0
3225 3422 3386 3476 quam
3410 3406 3567 3462 fortia
3588 3416 3725 3462 sunt

2135 3509 2190 3555 et
2220 3498 2419 3554 invicta
2445 3497 2711 3568 justorum
2730 3497 2947 3562 merita,
2965 3497 3387 3553 clementissime
3410 3499 3731 3566 imperator,

2135 3606 2254 3658 qua:
2288 3596 2435 3644 tanm
2462 3593 2666 3649 certius
2691 3596 2747 3643 et
2773 3588 3078 3644 evidentius
3103 3589 3460 3644 ostenduntur
3480 3590 3730 3657 superari

2136 3696 2243 3736 non
2276 3695 2455 3750 posse,
2484 3690 2685 3750 quanto
2714 3680 3004 3735 studiosius
3032 3688 3088 3735 et
3118 3680 3490 3736 vehementius
3525 3682 3730 3743 fuerint

2138 3772 2377 3841 impctita
2409 3772 2423 3825 l
2454 3771 2586 3826 Nam
2626 3775 3046 3844 quotusquisque
3082 3774 3221 3829 scire
3248 3782 3431 3843 posset
3465 3781 3557 3828 aut
3578 3789 3730 3844 quai-

2139 3879 2259 3919 rere
2296 3874 2373 3919 tot
2420 3864 2860 3935 inexpugnabilia
2909 3880 3006 3936 pro
3056 3866 3325 3921 sententia
3378 3866 3599 3921 Patrum
3646 3867 3731 3937 qui

2137 3954 2473 4011 Chalcedona
2504 3967 2884 4025 convenerant,
2928 3957 3262 4026 testimonia,
3308 3958 3410 4013 nisi
3461 3972 3731 4027 provoca-

2139 4056 2224 4103 rt-t
2251 4048 2546 4102 adversitas
2572 4048 2595 4102 ?
2622 4048 2687 4102 Et
2715 4049 2837 4103 ideo
2869 4064 2973 4105 non
3002 4049 3175 4104 solum
3218 4051 3500 4118 patienter,
3540 4065 3729 4105 vero

2139 4138 2301 4193 etiam
2333 4147 2605 4208 gratanter
2640 4139 2982 4207 suscipienda
3017 4138 3150 4195 mihi
3190 4140 3420 4195 videtur.
3450 4139 3584 4194 Nam
3618 4142 3729 4195 clat-

2143 4229 2337 4283 rinrem
2365 4243 2577 4298 semper
2605 4228 2773 4285 efficit
2796 4238 3100 4285 sanctorum
3132 4230 3414 4299 justitiam,
3454 4229 3580 4283 dum
3633 4230 3729 4284 ουρ

2143 4331 2365 4371 scnrare
2386 4317 2678 4373 contendit.
2729 4322 2808 4373 An
2854 4334 2961 4373 non
3003 4320 3228 4388 amplius
3258 4320 3466 4374 illorum
3513 4321 3728 4375 Patrum

2142 4410 2344 4478 justitia
2390 4411 2721 4476 declaratur,
2779 4427 2899 4466 cum
2949 4412 3301 4466 ostenduntur
3338 4412 3560 4467 Joannis
3596 4410 3745 4468 Cou-

452 4504 637 4545 enmus
677 4490 957 4557 epistolam
1009 4488 1059 4543 ι).
1102 4488 1343 4559 Namque
1384 4504 1504 4544 cum
1556 4498 1714 4544 actate
1767 4490 2026 4547 confectus

2151 4502 2605 4566 stattlit'topulilatti
2618 4514 2669 4556 et
2687 4502 2924 4572 Gregorii
2947 4501 3054 4557 Νη
3077 4504 3263 4559 anzeni
3280 4505 3591 4559 testimonio
3610 4519 3729 4559 erce

455 4578 595 4635 idem
623 4580 807 4634 beatus
827 4580 1116 4650 Gregorius
1136 4582 1288 4651 longa
1313 4595 1524 4652 quoque
1549 4582 1865 4651 aegritudine
1894 4583 2044 4639 labo-
2153 4593 2353 4647 didisse
2406 4592 2596 4663 magis,
2637 4608 2796 4662 quam
2827 4609 3009 4648 eorum
3050 4595 3140 4664 qui
3192 4594 3442 4649 volebant
3483 4595 3729 4664 quredatl

526 4742 553 4807 ε
581 4730 800 4807 ’Δγὰπης
850 4734 1127 4807 congelat;
1162 4733 1421 4807 ἡδόμεθα.)
1445 4735 1532 4791 Sic
1579 4738 1720 4792 enim
1754 4738 2035 4807 legentium

453 4805 694 4877 videtur,
721 4821 825 4877 non
853 4805 1178 4877 συμϐούλοις.
1215 4810 1359 4877 Apud
1387 4806 1700 4874 Gregorium
1726 4805 1883 4877 epiist.
1911 4811 2037 4877 219,

455 4887 511 4948 et
543 4891 656 4927 uuae
682 4874 782 4948 hoc
803 4873 929 4948 loco
958 4875 1271 4948 describitur
1321 4876 1395 4948 fit)
1420 4873 1541 4929 cuni
1573 4873 1781 4948 duabus
1803 4873 2037 4948 seqttten;

456 4944 953 5023 ῑὶὺιιελξὶιιιριι‹’.θῐιι
996 4944 1445 5023 tilttltttndtabcttt
1474 4944 1779 5023 2.9503(599).
1819 4944 2044 5023 Agepi-

457 5013 595 5089 stola
611 5012 716 5089 225
739 5014 1025 5089 plPlli'Ll’eﬂl
1049 5013 1317 5089 εΘεοδὼρῳ
1339 5017 1601 5086 ἑπισκόπῳ
1626 5012 1849 5089 metu»,
1869 5012 2042 5072 ΤΙιὲο-

458 5086 585 5154 dare
613 5086 846 5153 episcopo
892 5083 1222 5153 Tyanorum;
1247 5083 1317 5137 ad
1347 5100 1503 5151 quem
1552 5083 1819 5154 pertinere
1845 5104 2033 5146 omnes

458 5153 763 5222 conjectura
795 5163 895 5216 est,
930 5158 997 5207 de
1021 5167 1122 5222 qna
1147 5170 1266 5206 mox
1298 5155 1489 5211 dicam.

533 5168 763 5222 iqectnra
795 5168 895 5216 est,
930 5168 997 5207 oe
1021 5168 1122 5276 (£03
1147 5170 1266 5206 mox
1298 5168 1489 5211 uicani.

533 5224 556 5259 υ
592 5223 665 5296 Ea
714 5234 796 5277 est
842 5225 990 5296 apud
1079 5228 1343 5293 regorium
1401 5238 1625 5296 numero
1671 5224 1775 5289 83,
1810 5243 1930 5296 qum
1974 5228 2027 5284 in

461 5289 662 5374 graecis
705 5289 1097 5379 caetnpltlt'rnihus
1121 5289 1408 5379 ‘lmviiprp,
1439 5295 1614 5379 sednin
1646 5289 1846 5379 Latinis
1861 5310 2035 5379 “recte

462 5362 789 5434 inst-ripta_e
822 5372 870 5427 t,
907 5362 1185 5434 Theodoro
1241 5362 1477 5433 episcopo
1534 5365 1813 5434 Tyanensi.
1856 5367 2035 5433 Quare

464 5431 659 5507 fallitur
710 5429 1016 5507 Eacundus.
1050 5436 1161 5507 qui
1192 5429 1279 5488 ad
1308 5429 1733 5507 Mopsuestenunt
1780 5429 2033 5507 scriptam

467 5499 691 5569 putatit.
722 5499 929 5569 Scripta
960 5511 1042 5557 cst
1069 5499 1222 5559 enim
1274 5506 1341 5560 ad
1397 5499 1863 5576 ittetmpolitanutn
1890 5499 2037 5578 'ejus

538 5661 553 5692 ⁸
588 5658 719 5715 Cod.
756 5660 973 5723 Verum,
1005 5663 1336 5717 demonstras.

534 5730 557 5761 ³
584 5732 728 5786 idem
762 5733 906 5793 ενα..
936 5731 1088 5785 aliam
1121 5736 1248 5793 eius.

2149 4744 2433 4812 provinciae
2461 4745 2512 4797 in
2546 4761 2644 4812 qua
2678 4756 2789 4817 erat
2821 4746 3148 4812 Nazianzns,
3183 4759 3238 4802 ut
3277 4747 3522 4817 cpistola:
3568 4750 3727 4803 verba

2146 4818 2433 4890 declarant.
2468 4821 2525 4870 Εἰ
2550 4813 2776 4890 μὲνοῦν,
2806 4820 3007 4890 inquit,
3026 4817 3173 4877 ἄλλην
3199 4813 3549 4890 stygii-asperitatis
3588 4818 3727 4890 εἶχεν

2162 4887 2172 4901 σ
2208 4887 2221 4913 2
2339 4906 2354 4915 .
2388 4887 2395 4899 '
2569 4889 2577 4901 ε
2656 4888 2667 4905 ν
2735 4892 2742 4900 -
3051 4895 3073 4904 -
3201 4892 3209 4908 ι
3396 4886 3405 4889 ’
3498 4887 3513 4906 '
3634 4886 3675 4890 "
3710 4904 3726 4920 ο

2146 4904 2453 4976 ηοιπξιρλίξα,
2482 4907 2831 4976 ξρίςιεκεξνην
2856 4886 2957 4944 ἴδει
2980 4888 3102 4974 poeta
3130 4911 3214 4975 atat
3264 4888 3709 4976 δξωξριρτυραρύαι

2147 4963 2236 5014 τῆς
2261 4954 2311 5008 δέ
2335 4954 2425 5032 σῆς
2446 4954 2703 5032 latussic;
2718 4954 3099 5032 damnatus:an
3114 4960 3243 5032 ῖτρὸς
3264 4958 3324 5032 gs
3346 4954 3553 5032 βλέτινείη
3570 4965 3727 5032 ἀνέγ-

2148 5033 2308 5096 καξον.
2363 5030 2429 5077 At
2477 5025 2769 5079 Nazianzus
2816 5025 3066 5096 oppiduni
3114 5025 3209 5082 fuit
3254 5025 3606 5096 Cappadociae
3635 5025 3717 5087 ll'.

2143 5094 2295 5169 cujus
2347 5096 2659 5169 tinctu-epulis
2701 5094 2903 5169 Tyana.
2958 5098 3229 5152 Hierocles
3257 5100 3307 5152 in
3335 5094 3677 5169 Synecdcmo
3707 5136 3721 5158 .

2136 5162 2395 5236 Ἐπαρχὶα
2416 5162 2776 5239 Καππαδοκίᾳξ
2888 5169 2990 5224 ὑπὸ
3010 5169 3246 5239 ἡγιμὸνα.
3267 5162 3429 5230 mihi;
3449 5168 3516 5229 η’.
3538 5170 3725 5239 Torum,

2138 5235 2592 5313 inspectatione)“,
2635 5235 2911 5313 κέϐισὲρα.
2946 5235 3247 5303 δαζὶσίνζὸς,
3274 5242 3487 5313 Σὰᾳιμᾳ,
3509 5253 3614 5293 etc.
3648 5236 3724 5313 {\d

2141 5304 2479 5383 Theodorum
2518 5321 2645 5371 ergo
2668 5304 2999 5383 'l'yanensem
3026 5304 3523 5383 Ilerttttet_ejiistola,
3566 5317 3621 5361 ut
3641 5307 3723 5360 Jtt~

2147 5376 2408 5429 Stinianus
2432 5390 2643 5449 quoque
2675 5376 2742 5449 in_
2776 5378 2960 5430 Edicto
3006 5389 3060 5431 et
3099 5378 3333 5449 synodus
3364 5396 3391 5431 v
3420 5381 3722 5443 observant,

2148 5457 2332 5498 contra
2359 5461 2455 5499 eos
2481 5447 2569 5515 qui
2604 5448 2668 5499 ad
2698 5446 3141 5515 Mopsuestenunt
3156 5450 3478 5503 referebant.

2225 5667 2245 5697 ³
2273 5667 2411 5720 Idem
2443 5668 2587 5733 cod.,
2621 5670 2816 5733 spirant
2837 5688 2913 5724 τηρ.

2224 5739 2244 5766 ⁸
2272 5739 2411 5791 Ideni
2439 5742 2583 5797 cod.
2618 5742 2854 5792 deultd.
