3962 6196
265 268 364 323 7οΊ

1117 263 1247 321 rm
1290 241 1720 320 nersssmac
1761 260 1977 318 TRIUM
2020 258 2336 316 CAPITUL.
2379 258 2508 314 un.
2551 257 2687 314 vzn.

3437 265 3542 321 ἨΟ

261 380 530 438 Theodori
551 381 781 451 capitula
803 380 1169 446 condemnari,
1193 381 1531 435 occasionem
1556 379 1834 445 facientes,
1869 384 1912 440 Α
1937 375 2194 446 judicium
2215 374 2403 445 synodi
2419 373 2872 429 Chalcedonensis
2893 373 3153 432 damnare
3169 376 3538 447 Theodorum,

252 475 399 528 sicut
417 475 602 527 beatus
628 470 857 542 Cyrillus
875 472 976 537 ait,
1002 472 1276 526 contrario
1305 472 1539 541 dogmati
1567 485 1672 540 quo
1702 478 1852 525 tene-

259 567 482 620 bantur?
510 567 627 621 Non
651 582 780 636 ergo
810 565 1118 620 damnabile
1139 565 1406 633 judicetnr
1436 580 1538 618 non
1569 565 1853 618 damnasse

261 656 630 721 Theodorum,
656 675 814 724 quem
842 659 1114 726 singulare
1132 658 1295 712 tetius
1321 667 1483 725 caput
1514 660 1530 688 ⁸
1562 656 1852 726 Gregorius

263 750 548 819 judicavit,
579 763 630 804 et
661 752 748 803 cui
779 765 1002 819 gregem
1039 753 1129 806 Bei
1168 767 1268 806 suo
1300 753 1544 820 regimini
1587 750 1850 804 creditum

263 843 569 909 dereliquit.
587 840 879 911 Gregorius
893 857 1106 897 manum
1122 844 1223 897 sibi
1244 845 1361 912 ejus
1376 844 1571 912 porrigi
1585 843 1651 897 ad
1661 857 1852 897 verStts

263 931 981 1001 haereticosapollinarianos
1028 933 1308 1002 ﬂagitavit,
1345 935 1635 986 testiiicans
1670 947 1850 987 coram

265 1022 378 1076 Deo
401 1031 459 1077 et
505 1022 692 1076 electis
731 1024 956 1091 angelis,
988 1027 1130 1092 quod
1159 1038 1218 1078 se
1265 1024 1581 1091 agritudinis
1634 1032 1851 1090 torpore

265 1114 506 1173 detento,
538 1113 736 1167 Christi
763 1127 894 1181 grex
925 1113 1246 1167 visitationis
1273 1114 1389 1181 ejus
1420 1113 1682 1181 indigeret
1701 1113 1848 1167 auxi-

265 1205 363 1269 lio,
392 1212 448 1258 et
478 1204 599 1257 talis
631 1219 748 1271 qua:
771 1206 789 1233 ¹
816 1205 970 1271 culpa
1002 1205 1129 1257 est?
1156 1203 1404 1272 Synodtts
1425 1219 1546 1256 eum
1578 1221 1681 1256 non
1721 1219 1854 1255 con-

265 1297 508 1356 demnat,
541 1306 594 1348 et
619 1294 741 1347 hinc
766 1305 983 1363 putatur
1013 1296 1286 1349 haeretica.
1315 1296 1407 1348 Ille
1433 1295 1718 1348 Theodoro
1743 1309 1860 1359 prti-

266 1387 501 1441 dentiam
539 1385 816 1453 deputavit
856 1395 1017 1454 atque
1048 1386 1321 1440 virtutem.
1352 1395 1405 1440 et
1436 1400 1532 1439 nec
1561 1387 1694 1438 levis
1731 1387 1855 1440 inde

267 1475 602 1546 querimmtia
624 1484 1030 1529 commovetur:
1064 1483 1118 1528 et
1147 1473 1571 1529 Cltalcedonensi
1603 1474 1852 1539 concilio,

267 1581 419 1636 papae
441 1567 454 1621 ι
483 1565 504 1598 ³
527 1566 664 1636 quod
689 1566 739 1620 ei
763 1581 867 1620 non
883 1565 1585 1634 ascripsitimprndentiam,
1611 1575 1756 1619 tanta
1786 1566 1857 1620 in-

261 1660 410 1715 vidia
457 1661 770 1715 suscitatur.
809 1657 916 1714 Sed
946 1659 1186 1727 nunquid
1233 1668 1287 1713 et
1311 1658 1601 1729 Gregorius
1632 1656 1856 1711 Nazian-

1954 468 2362 525 Theodorianos
2393 477 2606 533 vocant,
2630 475 2687 521 ut
2720 467 2820 522 bac
2848 469 3167 524 contumelia
3193 483 3540 527 memoratam

1956 561 2242 633 synodum,
2269 560 2361 614 ubi
2389 575 2508 614 cum
2545 560 2730 613 laudes
2775 560 2892 628 ejus
2939 561 3295 616 recitarentur
3325 563 3538 617 damna-

1953 664 2040 708 tus
2071 669 2176 707 non
2205 661 2308 718 est,
2337 653 2500 708 simul
2525 653 2811 720 injurient?
2840 652 2896 707 Si
2937 653 3005 708 de
3050 653 3310 723 religione
3333 670 3394 710 ac
3441 656 3547 710 litt:-

1956 746 2169 800 illorum
2199 753 2283 800 est
2311 744 2602 809 dubitatio,
2638 745 3013 812 requirantur;
3045 746 3088 800 si
3118 746 3185 800 de
3215 762 3378 822 causa
3417 763 3542 802 con-

1955 835 2246 892 demnandi
2274 835 2568 897 Theodori,
2603 837 2879 890 manifesta
2923 845 3006 890 est
3035 837 3251 891 Patrum
3281 839 3541 892 sententia

1956 945 2116 1000 quam
2143 939 2459 999 sequuntur.
2503 931 2747 996 Nunquid
2780 932 2922 986 enim
2945 974 2958 998 ,
2991 933 3079 1000 qui
3111 934 3416 989 consentire
3447 952 3542 988 no-

1960 1021 2124 1076 luerit
2169 1022 2321 1075 novis
2351 1023 2879 1090 prtBSttlllpliouibllS,
2927 1037 3122 1076 novum
3154 1023 3309 1078 debet
3351 1039 3542 1080 nomen

1954 1113 2237 1181 accipere?
2263 1111 2376 1164 Non
2400 1125 2575 1165 autem
2604 1122 2754 1179 turpe
2771 1125 2870 1175 eSt,
2892 1112 3030 1180 quod
3057 1130 3174 1166 cum
3197 1113 3358 1166 tantis
3380 1113 3542 1167 Patri-

1958 1205 2056 1257 bus
2103 1202 2432 1256 sustinemus
2466 1220 2477 1253 :
2512 1218 2631 1254 nam
2681 1205 2820 1254 sicut
2868 1203 3068 1256 laudari
3115 1213 3298 1258 contra
3332 1203 3544 1257 illorqu

1959 1295 2277 1348 sententiam
2330 1294 2676 1347 criminosum
2726 1303 2841 1355 est,
2873 1293 2940 1346 ita
2973 1309 3093 1346 cum
3147 1295 3226 1347 eis
3275 1295 3544 1348 criminari

1957 1385 2242 1439 laudabile.
2274 1384 2674 1454 Cognosceutes
2697 1395 2871 1437 antem
2906 1388 3043 1453 quod
3091 1400 3278 1452 magna
3308 1384 3544 1455 synodus

1957 1475 2012 1530 in
2036 1490 2195 1529 causa
2222 1476 2583 1543 Mopsuesteui
2615 1475 2881 1529 Theodori
2912 1491 3013 1528 non
3058 1475 3172 1529 sine
3219 1475 3333 1529 is1is
3365 1476 3550 1530 Eccle.

1957 1566 2052 1620 site
2081 1565 2369 1620 luminibus
2417 1577 2699 1620 accusetur
2721 1604 2736 1629 ,
2768 1566 2929 1620 nullis
2962 1566 3414 1636 Eutycltianorum
3459 1581 3544 1620 ca.

1960 1659 2173 1713 lumniis
2200 1661 2397 1714 turbari
2445 1659 2737 1723 debemus,
2778 1661 2868 1714 sed
2928 1659 3103 1728 potius
3159 1659 3396 1727 ipsorum
3452 1675 3544 1712 eos

265 1765 456 1814 tenus,
499 1759 558 1806 et
583 1749 816 1804 Joannes
842 1749 1486 1817 Constantinopolitanns,
1518 1756 1573 1802 et
1601 1748 1690 1801 alii
1718 1761 1852 1816 quos
1881 1759 1923 1812 Β
1955 1751 2274 1804 auctoritate
2304 1751 2653 1804 confundere.
2696 1750 2762 1803 Et
2812 1751 2932 1803 ideo
2985 1753 3422 1804 commemoratis
3452 1751 3546 1802 lto~

260 1841 684 1896 memoravimus
714 1856 775 1895 ac
815 1841 1162 1895 memoraturi
1191 1855 1398 1905 sumus,
1441 1838 1627 1894 Patres
1654 1838 1848 1892 Nesto-

261 1931 424 1986 riano
451 1931 640 1985 morbo
676 1933 918 1986 dicentur
940 1931 1167 1994 obsessi,
1198 1931 1320 1999 quia
1347 1945 1451 1984 non
1479 1931 1648 1984 solum
1674 1929 1850 1983 Theo—

261 2023 462 2078 dorum
477 2036 580 2076 non
603 2022 874 2087 abdicauit,
900 2038 1084 2077 verum
1106 2021 1265 2076 etiam
1284 2020 1568 2090 prohibent
1583 2019 1850 2074 abdicari?

252 2123 363 2168 aut
387 2123 440 2168 et
466 2116 609 2183 ipsos
637 2130 776 2170 novo
804 2115 1018 2170 nomine
1044 2123 1099 2170 et
1121 2115 1378 2170 hactenus
1405 2113 1642 2169 inaudito
1676 2114 1848 2168 Theo-

253 2203 526 2260 dorianos
555 2207 834 2275 quisquam
865 2221 1060 2262 vocare
1090 2207 1410 2277 prasumet?
1431 2205 1581 2271 Quod
1608 2205 1651 2259 si
1677 2205 1850 2258 nullus

264 2296 378 2350 hoc
417 2298 596 2361 audet,
622 2309 717 2350 cur
745 2298 877 2350 alios
906 2299 993 2365 qui
1045 2306 1288 2352 tenentes
1317 2311 1501 2351 eorum
1531 2295 1849 2349 catholicam

263 2387 433 2442 Iidem
479 2391 906 2459 sententiamque
937 2399 1233 2457 servantes,
1267 2405 1370 2442 non
1406 2387 1604 2442 audent
1633 2388 1685 2441 in
1718 2401 1854 2456 pra:-

341 2503 362 2536 ⁸
389 2502 753 2561 tiod.Veron..
790 2502 946 2555 totius
970 2503 1242 2569 provincia?
1264 2514 1432 2572 caput.

341 2573 364 2604 '
391 2573 532 2627 Idem
565 2575 712 2638 cod,
745 2583 791 2626 et
814 2574 1003 2643 absque
1026 2578 1176 2644 culpa
1211 2586 1303 2628 est.

1957 1858 2072 1897 rum
2125 1844 2509 1897 venerabilium
2567 1843 2783 1896 Patrum
2843 1841 3208 1906 testimoniis,
3241 1841 3330 1911 qui
3370 1839 3544 1895 eidem

1956 1932 2239 1986 Theodoro
2265 1943 2392 1987 sunt
2419 1934 2655 1986 attestati
2705 1932 2832 1986 dum
2881 1932 3115 1998 viveret,
3148 1933 3213 1985 ad
3269 1933 3546 1986 amborum

1957 2037 2170 2092 quoque
2194 2023 2498 2077 testimonia
2530 2031 2888 2086 transeamus,
2907 2023 2998 2091 qui
3020 2023 3270 2077 similiter
3298 2022 3413 2091 ejus
3437 2038 3546 2076 me~

1958 2113 2212 2177 muriam,
2247 2121 2525 2182 postquam
2575 2117 2812 2166 excessit
2855 2128 2885 2167 e
2924 2114 3031 2165 vita
3053 2151 3069 2178 ,
3101 2113 3305 2182 magnis
3332 2124 3382 2166 et
3411 2114 3548 2167 mul-

1959 2209 2028 2263 tis
2049 2215 2174 2262 sunt
2213 2208 2455 2262 laudibus
2485 2208 2774 2275 prosecuti.
2808 2208 2968 2276 Igitur
2996 2208 3244 2277 przesenti
3274 2207 3409 2261 libro
3440 2216 3545 2260 ter-

1962 2303 2160 2355 minum
2192 2300 2401 2369 damus,
2436 2308 2494 2354 ut
2525 2298 2749 2354 intentio
2781 2299 3005 2368 legentis
3034 2299 3102 2352 ab
3129 2299 3235 2355 alio
3262 2299 3550 2353 inuovetur

1964 2390 2212 2444 exordio.

2041 2504 2062 2532 ³
2092 2501 2234 2555 Idem
2271 2500 2418 2564 cod,
2440 2511 2653 2568 propter
2678 2501 2816 2570 quod
2841 2501 2902 2560 ei,
2939 2509 3042 2553 etc.

1393 2734 1730 2814 LIBER
1815 2731 2392 2814 OCTAVUS.

794 2932 1024 2989 CAPUT
1061 2933 1342 2989 PRIMUM.

273 3072 432 3140 Quo!
469 3068 685 3123 Joann's
738 3069 1037 3123 Antiocheni
1084 3079 1129 3122 et
1180 3068 1521 3140 Orientalium
1580 3068 1867 3140 testimonia

347 3144 541 3210 antiqui
578 3140 753 3194 Patres
782 3140 988 3207 plurimi
1011 3156 1233 3192 consona
1261 3142 1324 3192 iis
1352 3139 1645 3208 scripserint
1673 3155 1788 3209 qua:
1815 3139 1866 3189 in
1901 3143 1944 3203 C

354 3211 621 3266 Theodoro
673 3210 724 3265 Μ
732 3222 1031 3279 upsuesteno
1071 3213 1372 3280 culpantur.

354 3363 571 3432 Accipe,
605 3362 948 3418 serenissime
977 3364 1286 3431 imperator,
1323 3361 1534 3431 quantis
1574 3360 1747 3416 adhuc
1789 3370 1870 3414 te-

277 3457 554 3509 stimoniis
577 3462 880 3508 sanctorum
905 3463 959 3507 et
980 3452 1363 3508 venerabilinm
1392 3453 1607 3506 Patrum
1636 3452 1872 3521 synodus

279 3545 744 3602 Chalcedonensis
773 3560 871 3599 nec
915 3544 1306 3600 contradixisse
1331 3546 1597 3612 culpatur,
1621 3559 1650 3596 a
1681 3545 1873 3611 quibus

279 3638 698 3707 Mopsuestenns
728 3636 1044 3690 Theodorus
1068 3681 1082 3705 ,
1133 3639 1294 3690 etiam
1332 3635 1616 3689 defunctus
1642 3675 1658 3699 ,
1706 3635 1871 3690 multo

279 3732 523 3799 amplius
552 3746 709 3798 quam
760 3728 811 3781 in
845 3728 1070 3794 epistola
1114 3727 1436 3781 venerabilis
1481 3725 1583 3779 Iba:
1628 3723 1871 3778 laudatus

281 3829 390 3873 est.
426 3818 578 3873 Unde
615 3820 759 3886 p-ins
789 3819 854 3870 ad
900 3818 1018 3871 illas
1041 3817 1297 3884 epistolas
1324 3817 1492 3870 sancti
1517 3815 1737 3870 Joannis
1765 3814 1871 3868 Att-

281 3909 521 3966 IltlttltCﬂl
567 3917 619 3961 et
663 3908 941 3960 orientalis
989 3906 1236 3971 concilii,
1281 3906 1422 3958 sicut
1466 3904 1602 3959 libro
1638 3903 1872 3958 secundo

281 3999 664 4070 promisimus,
719 4007 1069 4051 revertamur.
1119 3997 1312 4050 Beatus
1351 3997 1494 4051 enim
1534 3996 1755 4049 Procles
1783 4009 1872 4064 sy-

283 4091 510 4146 nodieas
541 4090 592 4144 in
633 4088 906 4142 Orientem
938 4090 1142 4142 litteras
1181 4091 1434 4153 miserat,
1473 4087 1776 4155 conscripto
1804 4086 1868 4139 ad

285 4179 571 4235 Armenios
601 4186 776 4241 torno,
810 4193 1004 4247 quem,
1048 4177 1184 4232 sicut
1210 4177 1322 4247 jam
1355 4178 1665 4240 docuimus,
1697 4177 1874 4230 orien-

286 4269 412 4323 talis
454 4269 695 4339 synodus
737 4269 1073 4336 approbavit.
1125 4269 1178 4321 ln
1211 4267 1364 4335 cujus
1398 4265 1678 4334 legationis
1722 4281 1875 4320 ocea-

286 4363 500 4414 sionem
536 4368 872 4413 tentaverunt
906 4358 1119 4427 quidam
1164 4360 1479 4425 subrepere,
1523 4366 1578 4408 ut
1604 4356 1776 4424 aliqua
1807 4372 1872 4409 ex

288 4453 448 4506 dictis
474 4452 817 4520 antiquorum
851 4452 1103 4504 Ecclesiae
1132 4450 1409 4504 doctorum
1438 4459 1713 4517 excerpta,
1740 4463 1876 4516 pric-

292 4542 484 4612 positis
514 4543 673 4595 etiam
724 4557 907 4594 eorum
951 4541 1260 4594 nominibus
1311 4540 1636 4592 anathemati
1682 4539 1874 4592 subde-
1909 4514 1958 4573 Ῑ)

291 4644 483 4690 rentur
517 4644 564 4686 ιι.
598 4634 710 4687 Tali
738 4649 864 4703 ergo
888 4648 1018 4687 ausu
1041 4641 1305 4687 commota
1343 4633 1580 4702 synodus
1619 4631 1878 4697 Orientis,

293 4724 549 4794 quoniam
579 4731 856 4793 pntaverat
888 4722 989 4776 hoc
1017 4722 1083 4775 ab
1114 4723 1301 4776 eodem
1329 4724 1483 4775 beato
1518 4721 1703 4776 I‘roclo
1733 4737 1880 4773 man-

294 4817 516 4883 datum,
565 4823 844 4883 postquam
891 4813 1150 4866 directum
1201 4814 1302 4867 sibi
1350 4824 1550 4866 tomum
1582 4827 1640 4865 se
1683 4823 1877 4879 appro-

299 4908 458 4961 basse
490 4906 791 4974 respondit,
845 4906 932 4958 illa
965 4906 1123 4958 etiam
1157 4919 1274 4972 qtae
1321 4904 1558 4957 secmnlo
1607 4902 1742 4955 libro
1773 4916 1881 4954 me-

297 5001 649 5062 ntoravitnus,
679 5007 732 5052 et
769 4997 875 5052 alia
919 4997 1084 5050 multa
1117 5011 1233 5066 qua:
1283 5008 1408 5049 tunc
1437 4995 1742 5049 intermissa
1777 5010 1886 5048 me-

301 5106 517 5144 morare
548 5091 880 5158 disponimus
900 5130 914 5153 ,
960 5090 1026 5158 ei,
1059 5104 1153 5156 pro
1181 5087 1468 5141 Theodoro
1500 5089 1741 5141 scribens
1772 5087 1882 5140 ait:

307 5199 326 5231 ε
368 5181 538 5233 Nmis
565 5190 760 5236 nostra:
785 5179 978 5234 animae
1019 5180 1314 5234 vulnerata:
1341 5190 1485 5243 sunt,
1517 5178 1641 5248 quia
1672 5193 1776 5232 non
1801 5192 1889 5230 so-

379 5300 405 5326 ι
439 5291 691 5342 .lliscraut
735 5291 800 5343 ad
842 5289 1084 5343 Proclum
1136 5305 1232 5360 per
1270 5290 1475 5359 legatos
1517 5289 1752 5357 episc0pi
1789 5292 1888 5342 Ar-

303 5364 501 5415 menia:
551 5377 612 5412 ac
664 5360 898 5414 Persidis
947 5363 1174 5416 capitula
1225 5361 1468 5428 quaedam
1519 5368 1771 5426 execrpta
1821 5374 1885 5412 ex

302 5431 523 5495 st-riptis
567 5431 857 5492 Theodoti,
892 5440 947 5482 ut
984 5430 1099 5499 ejus
1127 5432 1446 5484 auctoritate
1476 5429 1885 5490 damnarentur,

302 5518 430 5555 cum
461 5502 527 5552 iis
556 5505 641 5566 qni
685 5502 733 5552 itt
767 5501 918 5569 Syria
951 5513 1002 5553 et
1046 5501 1231 5553 Cilicia
1270 5501 1454 5553 eadem
1495 5501 1699 5554 sentite
1739 5499 1888 5552 dice-

309 5573 528 5624 bantur.
563 5576 690 5636 Quae
719 5570 934 5622 Ptoclue
971 5581 1114 5623 tomo
1144 5585 1238 5624 suo
1266 5573 1328 5622 ad
1364 5571 1649 5624 Armenios
1679 5570 1888 5624 solitli'a

306 5657 435 5695 cont
471 5643 698 5693 misisset
723 5643 785 5692 ad
815 5644 1136 5702 Urtetttalcs,
1167 5641 1243 5693 illi
1277 5641 1621 5694 'I‘beoitorntn
1650 5637 1892 5692 damnari

390 5753 403 5782 ⁸
437 5752 570 5806 Cod.
612 5752 827 5812 Veron”
862 5768 1148 5814 protinam.

1983 2933 2093 2988 lum
2121 2946 2226 2984 non
2258 2930 2496 2985 viventes
2525 2929 2657 2985 tales
2687 2930 2982 2985 calumnias
3016 2931 3084 2985 ab
3107 2931 3189 2986 bis
3219 2932 3308 3003 qui
3335 2941 3552 2986 contur-

1977 3022 2110 3077 bare
2147 3021 2330 3075 volunt
2373 3020 2644 3077 Ecclesiae
2681 3023 2936 3076 continue
2976 3024 3337 3088 sustinemus;
3368 3023 3462 3078 sed
3499 3033 3550 3077 et

1974 3114 2062 3183 qui
2108 3113 2244 3167 bene
2268 3111 2338 3167 de
2363 3114 2468 3166 vita
2497 3112 2766 3180 profectus
2793 3122 2875 3168 est
2917 3114 3104 3167 beatus
3129 3112 3466 3181 Theodorus,
3499 3126 3552 3168 et

1976 3203 2064 3272 qui
2093 3204 2330 3271 quinque
2368 3214 2420 3258 et
2450 3204 2796 3272 quadraginta
2842 3204 2997 3257 annis
3040 3207 3183 3259 clare
3221 3207 3271 3258 itt
3303 3205 3551 3259 doctrina

1977 3294 2263 3360 praefulsit,
2297 3304 2351 3348 et
2381 3309 2595 3348 omnem
2629 3295 2886 3348 increscat
2939 3295 3305 3364 expugnavit,
3345 3305 3398 3350 et
3436 3296 3555 3348 lluI-

1976 3384 2080 3437 lani
2111 3384 2306 3437 alicubi
2326 3385 2772 3439 detrectationem
2795 3386 2862 3439 ab
2884 3386 3196 3439 orthodoxis
3229 3388 3280 3440 in
3309 3388 3410 3440 vita
3434 3402 3553 3440 sus-

1974 3475 2211 3543 cipiens,
2245 3485 2362 3542 post
2392 3476 2536 3544 longi
2572 3477 2827 3544 temporis
2855 3477 2978 3531 hinc
3011 3477 3332 3544 discessum,
3360 3487 3413 3532 et
3440 3489 3555 3546 pest

1975 3569 2139 3621 multa
2183 3567 2503 3632 certamina,
2533 3577 2591 3622 et
2624 3578 2744 3637 post
2771 3568 2956 3622 det'elll
2994 3569 3156 3622 millia
3181 3571 3349 3623 libros
3375 3571 3559 3623 adver-

1977 3673 2071 3712 sus
2098 3675 2312 3713 errores
2339 3662 2693 3728 censet-iptos,
2725 3673 2778 3714 et
2805 3674 3156 3729 poSteaquant
3187 3662 3239 3714 itt
3271 3675 3560 3729 conspecto

1976 3751 2317 3803 sacerdotum
2361 3762 2414 3804 et
2456 3751 2837 3819 imperatorum
2870 3763 2923 3804 et
2955 3753 3274 3820 pepulerunt
3309 3754 3561 3821 prttbattti

1975 3851 2079 3904 est,
2109 3842 2444 3908 periclitatur
2485 3857 2602 3910 qua!
2635 3842 3009 3895 haereticorum
3046 3843 3338 3905 SUstinere,
3367 3851 3420 3895 et
3459 3841 3561 3895 ill:s

1977 3934 2182 4000 primus
2211 3933 2225 3961 ¹
2253 3932 2557 3999 pra-dicari.
2591 3931 2657 3984 Et
2679 3931 2936 3998 adjiciunt
2958 3947 3076 3999 qua:
3107 3931 3416 3985 intermissa
3443 3931 3558 3984 l‘ue-

1981 4029 2122 4085 rant,
2155 4021 2393 4074 dicentes
2420 4037 2431 4072 :
2477 4020 2586 4074 IIac
2626 4023 2644 4052 ⁸
2673 4035 2771 4074 nos
2796 4021 3112 4076 confusione
3141 4031 3191 4076 et
3225 4023 3394 4078 turbis
3426 4039 3564 4076 cum-

1983 4111 2287 4180 pieverunt,
2322 4126 2426 4165 non
2470 4125 2646 4166 autem
2679 4127 2775 4166 nos
2800 4114 2995 4177 solum,
3026 4113 3120 4167 sed
3151 4122 3206 4167 et
3234 4113 3566 4168 CItt‘iSIiatms

1979 4201 2226 4270 populos,
2261 4204 2348 4270 qui
2383 4203 2496 4256 hare
2523 4212 2908 4270 cognoscentes
2938 4201 3243 4257 nullatenus
3266 4205 3382 4257 sine
3414 4206 3563 4256 turba

1983 4293 2377 4345 ecclesiasticas
2408 4294 2800 4347 celebrationes
2849 4293 3059 4363 impleri
3106 4297 3441 4363 permittunt,
3473 4299 3564 4349 sul

1984 4385 2275 4437 adversum
2307 4397 2403 4436 nos
2434 4382 2724 4436 seditiones
2764 4384 2967 4437 faciunt
2992 4424 3007 4449 ,
3054 4400 3152 4440 nec
3182 4400 3350 4454 usque
3381 4385 3444 4439 ad
3477 4402 3566 4437 an.

1986 4475 2153 4528 ditum
2215 4475 2358 4542 passi
2413 4476 2687 4541 suscipere
2736 4475 2876 4540 quod
2931 4477 3190 4530 adversus
3240 4476 3567 4530 dormientes

1988 4575 2170 4633 patres
2201 4565 2595 4618 meditabantur
2640 4566 2946 4630 anathema,
2979 4578 3030 4621 et
3055 4570 3240 4623 decem
3273 4569 3438 4623 millia
3478 4573 3568 4622 ad-

1988 4672 2174 4710 versus
2205 4670 2302 4709 nos
2343 4659 2479 4710 ma'a
2510 4657 2800 4720 minantur,
2833 4658 2877 4712 si
2921 4659 3048 4725 quid
3079 4660 3146 4713 ab
3189 4659 3368 4728 aliquo
3407 4659 3566 4714 fuerit

1987 4750 2090 4801 tale
2117 4758 2523 4816 praesumptum.
2556 4747 2701 4802 St-iat
2729 4757 2906 4803 autem
2947 4762 2999 4804 et
3030 4751 3130 4805 ltoc
3163 4761 3249 4803 tua
3281 4752 3557 4809 sanctitas,

1998 4839 2122 4908 quia
2165 4840 2457 4906 scripturas
2498 4841 2835 4907 antiquorum
2876 4841 3154 4894 doctorum
3205 4839 3456 4892 Ecclesia.-
3489 4855 3568 4890 re-

1985 4930 2263 4996 quirentes
2293 4969 2307 4992 ,
2357 4929 2542 4981 decem
2576 4929 2742 4981 millia
2775 4928 2894 4982 talia
2927 4937 2982 4982 et
3012 4931 3094 4981 his
3132 4928 3322 4982 similia
3359 4928 3564 4984 inveni-

1990 5034 2129 5083 mus,
2167 5019 2340 5088 qualia
2370 5019 2586 5088 quidam
2621 5021 2760 5072 man
2785 5035 2934 5073 more
2962 5035 3025 5072 ex
3054 5021 3199 5072 libris
3226 5019 3364 5072 beati
3388 5019 3566 5073 Theo-

1990 5111 2109 5166 deri
2151 5112 2467 5181 colligentes
2493 5153 2506 5174 ,
2563 5122 2616 5164 et
2661 5124 2856 5179 corpus
2900 5110 3160 5176 Γθιιψιιιιιὶ
3205 5110 3568 5176 abscidentes,

1995 5214 2097 5258 tua:
2135 5204 2450 5258 obtulerunt
2515 5202 2806 5256 sanctitati.
2862 5201 3070 5255 Etenim
3130 5201 3266 5267 apud
3322 5217 3569 5271 magnum

1995 5330 2103 5369 non
2133 5315 2387 5378 ferentes,
2429 5313 2512 5366 his
2551 5313 2616 5364 ad
2660 5310 2939 5373 Proclum,
2970 5321 3022 5363 et
3067 5310 3184 5364 aliis
3213 5312 3276 5364 ad
3309 5311 3567 5381 Cyrillum

1995 5386 2233 5451 aliosque
2273 5385 2465 5437 litteris
2493 5383 2838 5436 obstiterunt.
2885 5385 2998 5446 Qua
3051 5383 3120 5435 d:
3153 5396 3232 5445 re,
3262 5389 3476 5450 totaque
3503 5387 3570 5435 de

1996 5453 2262 5508 Theodori
2298 5453 2643 5506 anathemate
2691 5455 3056 5505 controversia
3087 5495 3101 5520 ,
3153 5457 3313 5505 n.ulta
3361 5451 3473 5505 fuse
3517 5454 3571 5506 in

1996 5526 2208 5604 actione
2246 5524 2278 5576 5
2307 5523 2494 5592 synodi
2527 5537 2577 5587 v,
2612 5531 2666 5576 et
2697 5521 2833 5591 apud
2869 5521 3171 5576 Liberatum
3203 5540 3320 5590 cap.
3357 5523 3418 5578 l0
3450 5524 3571 5576 Iit-e-

1996 5609 2171 5648 νιπιι.

2071 5745 2089 5775 ³
2118 5743 2259 5798 Idem
2287 5742 2431 5807 cod.,
2468 5741 2614 5800 lla’c.
