3962 6196
447 285 540 342 7H

1537 281 1825 340 FACUNDI
1859 282 2074 342 EPISC.
2117 283 2620 343 HERMIANENSIS

3609 294 3712 349 7i!

445 402 735 464 martyrem
765 391 1046 462 lgnatium,
1073 390 1165 461 qui
1192 392 1462 447 secundus
1483 401 1605 461 post
1638 393 1856 449 Petrum
1889 409 2018 464 apo-
2054 400 2099 458 Α
2129 408 2260 448 sona
2283 395 2566 451 Theodoro
2599 399 2842 466 sapuisse
2873 397 3140 453 criminati
3163 401 3324 456 sunt?
3365 399 3498 456 Nam
3528 403 3573 456 si
3600 405 3712 474 epi-

446 483 706 538 stolorum
752 482 980 550 primum
1021 480 1368 535 Antiochense
1411 483 1554 537 sedis
1600 485 1870 538 ordinavit
1926 485 2029 540 Ec-

448 577 687 639 clesiam,
719 584 774 628 et
812 575 949 642 apud
979 574 1352 629 beatissimum
1387 574 1760 642 Eustachium,
1785 577 1877 645 qui
1905 592 2028 631 san-

443 673 654 719 ctorum
694 664 910 719 Patrum
953 664 1042 732 qui
1067 664 1207 732 apud
1254 664 1483 718 Nicaeam
1525 669 1831 736 congregati
1879 678 2021 736 sunt,

445 757 646 824 primus
682 755 916 810 existens
949 755 1104 810 iidem
1135 755 1490 811 orthodoxam
1542 760 1886 814 conlirmavit
1909 800 1924 825 ,
1971 771 2026 815 et

443 845 583 914 apud
605 845 1000 901 sanctissimum
1032 857 1087 901 et
1126 847 1492 901 beatissimum
1519 849 1893 912 Athanasium,
1934 854 2022 920 qui

445 939 611 992 millia
644 939 869 993 millium
914 941 1266 994 certaminum
1301 955 1397 1008 pro
1443 941 1766 1010 evangelicis
1797 944 2018 1012 dogma-

444 1029 586 1083 tibus
631 1043 820 1098 passus
845 1039 960 1095 est;
1004 1031 1070 1083 ad
1115 1030 1228 1084 hare
1255 1041 1454 1098 autem,
1487 1041 1544 1086 et
1572 1032 1711 1100 apud
1745 1034 2021 1100 Basiliam,

442 1129 496 1174 et
524 1129 806 1190 utrumque
836 1119 1173 1188 Gregorium,
1208 1121 1297 1190 qui
1327 1121 1568 1190 ejusdem
1600 1124 1879 1178 sententiae
1908 1125 2022 1178 fue-

442 1221 587 1276 runt,
618 1223 672 1267 et
697 1212 838 1282 apud
870 1212 1238 1266 beatissimum
1274 1213 1606 1278 Flavianum,
1649 1214 1937 1270 Diodorum
1966 1226 2020 1270 et

441 1303 724 1370 Joannem,
767 1303 856 1373 qui
895 1303 1039 1357 clara
1083 1303 1362 1356 luminaria
1418 1304 1653 1358 Orientis
1697 1304 1910 1360 fuerunt
1943 1315 2020 1359 to-

443 1396 582 1460 tius;
634 1409 843 1448 rursum
891 1403 1068 1448 autem
1102 1403 1155 1448 et
1181 1394 1321 1462 apud
1371 1395 1740 1449 beatissimum
1783 1396 2018 1452 Ambro-

441 1488 601 1549 sium,
625 1487 712 1555 qui
737 1501 925 1541 omnes
949 1497 1126 1555 partes
1148 1487 1430 1555 Hesperias
1453 1489 1764 1554 illuSIravit;
1795 1498 1850 1546 et
1875 1492 2015 1560 apud

441 1575 808 1629 beatissimum
859 1575 1294 1643 Amphilochium
1337 1578 1777 1646 probatissimum
1826 1580 2014 1636 docto-

441 1681 584 1726 rem,
611 1682 709 1721 uec
733 1681 838 1720 non
866 1675 919 1720 et
946 1665 1085 1734 apud
1118 1666 1327 1721 beatum
1349 1668 1585 1722 Atticum
1606 1676 1752 1722 tuum
1785 1679 2011 1737 patrem,

2127 487 2264 541 stola
2289 486 2390 540 lba:
2413 488 2570 556 impia
2590 488 2881 559 judicatur,
2905 491 3046 560 quod
3067 493 3184 561 ejus
3206 492 3352 547 leves
3377 495 3712 562 suspiciones

2127 578 2194 631 de
2223 576 2379 632 beato
2422 580 2625 649 Cyrillo
2663 584 2958 644 contineat,
3005 585 3197 638 nedum
3247 584 3484 639 Joannes
3513 587 3707 641 Antio-

2127 667 2330 721 chenus
2362 678 2419 722 et
2439 683 2625 723 omnes
2652 672 2942 726 orientales
2968 674 3226 743 episcopi,
3260 676 3478 744 majoris
3503 677 3712 730 incom-

2128 760 2442 828 parabiliter
2489 761 2776 830 impietatis
2819 766 3072 833 arguendi
3119 765 3348 830 fuerant,
3380 769 3474 838 qui
3518 769 3712 822 sedqu

2125 857 2352 904 tractatu
2378 851 2428 904 in
2459 854 2746 908 concilium
2776 857 3111 926 congregati,
3143 866 3322 912 tantos
3353 874 3414 912 ac
3445 861 3579 914 tales
3615 861 3710 913 Ρ.ε-

2125 947 2234 992 tres
2259 942 2572 996 nominatim
2595 943 2963 1009 criminantes,
2991 955 3047 1000 et
3071 947 3206 1001 alios
3227 957 3282 1002 ut
3309 948 3442 1002 dixit
3461 944 3481 972 ³
3514 951 3706 1004 decem

2125 1030 2312 1092 millia,
2347 1047 2583 1088 consona
2613 1035 2923 1100 Theodoro,
2951 1053 3109 1106 quem
3156 1038 3240 1092 isti
3266 1040 3452 1095 dicunt
3480 1042 3502 1071 ³
3533 1043 3707 1095 haare-

2124 1121 2285 1176 ticum
2313 1166 2328 1189 ,
2371 1127 2653 1194 scripsisse
2697 1127 2980 1183 ﬁnxerunt.
3014 1130 3114 1197 Qui
3147 1132 3167 1162 ⁸
3194 1131 3510 1187 Theodorus
3553 1134 3699 1202 Mop-

2121 1224 2404 1268 suestenus
2433 1217 2593 1272 aliter
2621 1233 2650 1270 a
2682 1220 2890 1288 synodo
2917 1219 3340 1276 Chalcedonensi
3370 1222 3517 1291 juste
3553 1225 3703 1277 dam-

2121 1307 2234 1360 nari
2279 1323 2387 1361 non
2420 1320 2621 1377 posset,
2654 1311 2754 1365 nisi
2787 1321 2877 1364 aut
2928 1327 3048 1366 cum
3083 1312 3284 1381 lgnatio
3317 1324 3556 1383 martyre
3583 1355 3600 1379 ,
3649 1325 3702 1368 et

2118 1399 2327 1453 creteris
2354 1414 2476 1454 cum
2509 1415 2575 1454 eo
2614 1405 3051 1458 commemoratis
3089 1405 3493 1474 gloriosissituis
3527 1404 3702 1458 Patri.

2120 1486 2235 1551 bus,
2277 1492 2320 1542 sl
2362 1504 2596 1545 consona
2622 1492 2857 1548 decretis
2885 1494 2905 1524 ⁸
2935 1494 3252 1563 quibusdam
3303 1495 3420 1562 ejus
3451 1497 3704 1565 capitulis

2117 1583 2591 1651 conscripserunt;
2643 1593 2734 1639 aut
2757 1600 2878 1640 cum
2899 1586 3106 1643 Joauue
3138 1588 3477 1644 Antiocheno
3505 1597 3560 1643 et
3589 1604 3703 1643 om-

2118 1671 2282 1726 nibus
2310 1674 2660 1729 orientalibus
2696 1678 2963 1746 episcopis
2990 1720 3005 1745 ,
3054 1679 3098 1732 si
3130 1693 3224 1734 eos
3253 1694 3493 1734 consona
3527 1681 3703 1735 Theo-

439 1767 494 1810 et
534 1756 670 1825 apud
701 1757 831 1810 alios
861 1756 1046 1810 decem
1072 1756 1255 1822 millia,
1302 1763 1359 1810 ut
1394 1773 1500 1811 non
1532 1757 1771 1826 singulos
1799 1772 2018 1828 percur-
2050 1768 2094 1826 Β
2122 1758 2257 1814 doro
2283 1764 2567 1831 scripsisse
2592 1766 2804 1820 mentiti
2829 1775 2976 1823 sunt.
3008 1767 3208 1823 Verum
3249 1785 3348 1824 nec
3373 1771 3504 1824 illud
3545 1774 3709 1826 omit-

440 1864 658 1912 ramus,
705 1862 940 1902 consona
980 1847 1248 1916 decerptis
1289 1849 1372 1902 his
1417 1850 1664 1917 capitulis
1695 1849 2016 1907 invenimus.

439 1941 640 2006 Quibus
665 1938 1147 2003 anathematizatis,
1177 1954 1394 1993 necesse
1415 1949 1497 1994 est
1517 1949 1571 1994 et
1596 1954 1659 1996 ea
1684 1956 1801 2011 quae
1824 1955 1854 1994 a
1886 1958 2020 2010 pra:-

437 2032 600 2084 dictis
629 2030 874 2084 l'alribus
909 2039 1033 2084 sunt
1057 2030 1199 2084 dicta
1242 2031 1543 2098 complecti.
1574 2033 1640 2086 Et
1672 2033 1794 2102 quis
1823 2033 1888 2086 de
1916 2049 2017 2088 θευ-

440 2131 557 2174 teio
586 2123 778 2174 nostris
809 2121 949 2174 adsit
986 2120 1246 2175 doctrinis
1266 2160 1282 2186 ,
1330 2122 1383 2175 in
1425 2122 1505 2177 sic
1533 2123 1934 2177 admirabilibus
1965 2135 2017 2177 et

437 2209 808 2264 iainosissimis
850 2211 975 2264 viris
1012 2218 1136 2278 post
1163 2219 1391 2264 mortem
1439 2211 1739 2267 damnatis?
1772 2215 1888 2268 Non
1921 2229 2012 2268 no-

434 2311 604 2354 strutn
649 2311 728 2354 est
767 2316 928 2370 ergo,
974 2302 1222 2369 gloriosis
1266 2317 1455 2358 eorum
1485 2304 1574 2372 qui
1625 2318 2016 2374 przccesserunt

434 2395 775 2463 Opinionibus
805 2396 1084 2462 insultare,
1120 2411 1289 2464 neque
1325 2396 1568 2465 judicare
1602 2413 1695 2452 eos
1723 2400 1813 2467 qui
1843 2399 2010 2454 hono-

435 2501 551 2538 ra'e
598 2485 832 2538 del‘uncti
883 2500 1001 2538 sunt
1033 2527 1048 2551 ,
1096 2487 1188 2540 sed
1238 2488 1403 2541 solius
1430 2486 1626 2556 judicis
1678 2489 1919 2543 vivorum
1959 2501 2012 2544 et

435 2584 788 2628 mortuorum.
845 2593 863 2626 ι
903 2576 998 2629 Hic
1045 2575 1226 2631 doceri
1272 2578 1339 2633 ab
1391 2579 1738 2649 Eutychianis
1779 2581 2008 2647 vellem,

433 2665 557 2732 quid
588 2675 771 2717 saneta
803 2665 1041 2734 synodus
1066 2665 1518 2723 Chalcedonensis
1543 2669 1791 2726 debuerit
1824 2671 2010 2728 obser-

433 2770 579 2820 vare,
628 2773 748 2811 cum
781 2758 919 2825 apud
967 2761 1134 2812 eum'
1183 2761 1235 2814 in
1278 2762 1506 2830 epistola
1549 2765 1869 2822 venerabilis
1899 2767 2005 2823 lbte

433 2849 783 2901 recitarentur
807 2849 992 2903 laudes
1037 2849 1324 2917 Theodori,
1351 2852 1419 2906 ab
1457 2855 1804 2911 orientalibus
1834 2858 2006 2914 Patri-

432 2937 552 3002 bus,
579 2948 634 2993 ut
665 2939 730 2993 de
763 2939 968 2996 Joanne
1006 2941 1601 3013 ConstantinOpolitano
1639 2957 1691 3003 et
1719 2949 1786 3004 de
1815 2951 2008 3024 Grego-

433 3034 512 3086 rio
540 3032 870 3088 b’azianzcno
902 3044 1124 3099 taceam,
1159 3039 1428 3107 przecinio
1456 3041 1622 3096 multo
1654 3045 1858 3110 majore
1885 3047 2000 3102 lau-

2126 1851 2365 1919 tendum,
2394 1855 2535 1920 quod
2568 1856 2712 1923 ipsos
2732 1873 2945 1926 quoque
2971 1860 3261 1915 orientales
3286 1861 3473 1916 Patres
3502 1862 3701 1930 absque

2122 1940 2313 1997 Proclo
2355 1943 2944 2017 Constantinopolitano
2966 1950 3113 2019 juste
3140 1951 3400 2007 damnare
3437 1969 3544 2008 non
3579 1969 3701 2024 pos-

2119 2042 2221 2085 set.
2251 2032 2306 2087 Si
2341 2036 2482 2089 enim
2529 2036 2604 2092 illi
2633 2039 2930 2095 scribentes
2960 2043 3007 2096 ei
3041 2044 3245 2097 mentiti
3282 2054 3406 2097 sunt
3437 2045 3698 2112 lgnatium

2119 2133 2406 2194 martyrem
2435 2136 2490 2180 et
2511 2127 2642 2182 alios
2666 2144 2786 2183 cum
2818 2145 2882 2185 eo
2912 2144 3358 2187 commemoratus
3387 2135 3596 2200 Patres,
3620 2139 3695 2191 si-

2119 2214 2266 2266 milia
2295 2218 2576 2285 scripsisse
2603 2219 2908 2287 Tbeodoro,
2933 2225 3021 2292 qui
3051 2240 3190 2279 nunc
3211 2234 3271 2279 ut
3299 2227 3585 2281 haereticus
3609 2243 3692 2281 ac-

2117 2314 2374 2372 cusatur;
2419 2317 2594 2364 tacere
2621 2309 2845 2365 subdole
2876 2317 3172 2381 perniciosa
3204 2317 3550 2373 simulatione
3587 2335 3689 2372 non

2116 2394 2320 2462 debuit,
2353 2399 2521 2468 magis
2551 2410 2729 2456 autem
2769 2419 2887 2458 cum
2919 2421 3106 2474 magna
3133 2407 3492 2464 detestatione
3517 2413 3690 2464 conti-

2114 2503 2219 2542 nuo
2261 2490 2540 2560 refragari,
2572 2497 2822 2563 quoniam
2864 2513 2982 2566 quae
3013 2500 3285 2567 dicerent,
3313 2516 3436 2555 vera
3470 2519 3577 2556 non
3607 2519 3678 2556 es-

2118 2589 2240 2634 sent
2272 2598 2285 2633 :
2315 2584 2546 2639 maxime
2593 2587 2716 2654 quia
2747 2602 2851 2642 non
2897 2589 2997 2643 levi
3035 2598 3091 2644 et
3137 2593 3444 2646 transitoria
3490 2595 3681 2659 verbo,

2113 2670 2210 2725 sed
2236 2677 2504 2730 sententia
2534 2679 2810 2749 synodica,
2863 2683 3101 2736 omnium
3132 2683 3483 2741 Orientalium
3516 2689 3537 2719 '
3562 2690 3684 2743 sub-

2117 2762 2408 2834 scriptione
2433 2770 2661 2836 firmata,
2707 2773 2868 2828 tau‘is
2894 2776 3062 2831 beatis
3103 2777 3345 2833 Patribus
3376 2782 3683 2838 advertebat

2112 2857 2167 2915 In
2198 2857 2449 2917 Ecclesia:
2470 2863 2837 2932 prmjudicium
2864 2869 3116 2922 horribile
3137 2871 3341 2926 crimen
3369 2871 3534 2941 altigi.
3551 2875 3677 2940 Quae

2110 2964 2228 3004 cum
2264 2951 2333 3005 ita
2361 2952 2490 3020 sint,
2539 2955 2786 3012 desinant
2813 2973 3057 3028 magnam
3090 2962 3353 3030 synodum
3386 2965 3679 3028 criminari,

2107 3040 2248 3109 quod
2291 3041 2628 3099 Theodorum
2686 3062 2789 3101 non
2843 3049 3118 3106 damnavit
3161 3069 3175 3105 :
3224 3069 3380 3123 quem
3435 3056 3522 3110 vel
3568 3057 3684 3112 sine

432 3121 564 3174 dati.
591 3125 833 3192 quuid
861 3141 977 3178 eam
999 3125 1141 3194 juste
1169 3142 1262 3196 pro
1291 3125 1446 3183 laude
1468 3129 1731 3186 Theodori
1757 3136 2006 3188 condem-
2038 3137 2081 3198 C
2115 3140 2349 3200 martyre
2379 3132 2607 3203 lgnalio,
2648 3147 2700 3191 et
2736 3139 3043 3208 Eustochio,
3072 3152 3130 3196 et
3156 3121 3468 3209 Athanasio.
3501 3157 3553 3202 et
3587 3149 3681 3202 Ba-

432 3222 604 3276 naret,
640 3213 737 3266 hac
768 3214 990 3282 epistola
1015 3215 1364 3270 Orientalium
1395 3233 1498 3272 non
1530 3220 1802 3288 damnata,
1829 3225 1880 3277 in
1902 3240 2007 3293 qua

430 3301 801 3353 Conﬁrtnatum
835 3310 917 3355 est
960 3317 1122 3355 unum
1153 3319 1216 3357 ex
1243 3305 1502 3360 Trinitate
1529 3322 1623 3374 pro
1654 3309 1806 3365 nobis
1834 3315 2005 3366 cruci-

430 3390 638 3444 ﬁxum?
683 3400 774 3444 aut
802 3394 1034 3461 nunquid
1060 3394 1203 3460 juste
1245 3393 1408 3463 poSsit
1435 3399 1606 3452 solum
1646 3402 2005 3460 condemnare

429 3481 790 3547 Theodormn,
823 3485 1023 3551 absque
1049 3485 1248 3554 lgnatio
1272 3496 1326 3540 et
1357 3487 1659 3553 Eustachio,
1687 3500 1741 3546 et
1768 3493 2003 3548 Athana-

428 3573 508 3623 sio
538 3581 590 3625 ct
620 3573 828 3636 Basilio,
861 3585 912 3628 ct
947 3586 1170 3643 utroque
1207 3577 1486 3648 Gregorio,
1530 3590 1582 3635 et
1613 3582 1900 3653 Flaviano,
1949 3598 2003 3642 et

429 3663 682 3730 Diodoro,
713 3675 765 3720 et
807 3665 1033 3731 Joanne,
1065 3679 1119 3722 et
1147 3669 1452 3734 Ambrosio,
1484 3679 1539 3725 et
1584 3675 1958 3741 Amphilochia
1982 3720 1997 3744 ,

427 3764 478 3807 et
508 3757 701 3818 Attico,
735 3765 787 3808 et
814 3757 931 3810 aliis
955 3757 1136 3811 decem
1164 3759 1432 3825 millibus;
1458 3764 1523 3826 si,
1554 3773 1609 3817 ut
1632 3764 1863 3821 Joannes
1891 3770 2002 3822 An—

428 3841 709 3897 tiochcnus
751 3854 804 3898 et
834 3860 1018 3900 omnes
1060 3847 1350 3903 orientales
1401 3852 1636 3923 episcopi
1677 3856 1898 3923 dicunt,
1949 3861 1996 3912 in

426 3949 607 3987 eorum
639 3935 797 3989 dictis
848 3952 1080 3992 consona
1112 3942 1271 3994 certis
1318 3943 1336 3972 ³
1368 3943 1686 4010 quibusdam
1730 3947 1997 4004 Theodori

425 4025 670 4092 capitulis
715 4028 1090 4083 inveniuntur?
1121 4032 1269 4097 Quod
1313 4031 1358 4086 si
1405 4049 1506 4087 nou
1551 4036 1912 4105 inveniuntur,
1943 4050 1998 4096 et

425 4115 509 4167 ἱειί
533 4116 844 4171 cohibentes
870 4119 1152 4174 Theodoro
1175 4138 1270 4176 uos
1303 4123 1488 4180 fallere
1521 4130 1832 4196 voluerunt;
1861 4148 1994 4187 nun-

425 4207 546 4274 quid
574 4208 732 4260 etiam
760 4209 838 4262 sic
862 4208 1004 4277 juste
1038 4224 1215 4277 posset
1260 4213 1712 4273 Chalcedonensis
1759 4225 1994 4290 synodus

423 4295 595 4347 solum
640 4297 1001 4351 condemnare
1030 4299 1370 4354 Theodorum
1414 4304 1614 4372 absque
1655 4306 1858 4364 Joanne
1886 4317 1994 4366 Au-

424 4384 671 4437 tiocheno
703 4396 754 4438 et
779 4389 1026 4440 omnibus
1061 4390 1413 4446 orientalibus
1442 4395 1739 4466 episcopis,
1783 4402 1874 4470 qui
1905 4420 1993 4458 er-

2109 3220 2256 3285 silio,
2280 3231 2334 3275 et
2358 3232 2582 3293 utroque
2609 3225 2885 3298 Gregorio,
2918 3240 2973 3286 et
2993 3235 3202 3289 caeteris
3230 3236 3475 3291 similiter
3503 3254 3688 3292 nume-

2109 3314 2262 3380 ratis,
2297 3317 2378 3370 vel
2410 3318 2525 3374 sine
2553 3320 2756 3378 Joanne
2785 3326 3122 3382 Antiocheno
3152 3340 3203 3383 et
3236 3331 3480 3385 orientali
3509 3332 3684 3385 conci-

2109 3407 2201 3472 lio,
2250 3420 2303 3463 et
2335 3412 2526 3470 Proclo
2571 3417 3201 3488 Constantinopolitano,
3241 3424 3387 3493 juste
3431 3425 3680 3481 damnare

2105 3517 2208 3555 nou
2265 3505 2452 3570 potuit.
2510 3509 2614 3562 Sed
2670 3512 2816 3578 prius
2865 3512 3043 3567 dicant
3092 3530 3212 3569 cum
3253 3516 3447 3586 quibus
3495 3517 3680 3571 horum

2105 3595 2251 3662 prius
2285 3596 2306 3627 ⁸
2358 3596 2671 3652 Theodorus
2710 3602 3052 3657 condemnari
3084 3605 3349 3668 debuerit,
3391 3619 3442 3661 et
3475 3607 3542 3660 ita
3587 3609 3676 3661 de-

2107 3700 2248 3738 mum
2282 3689 2654 3756 negligentiam
2687 3692 2767 3746 vel
2795 3693 3154 3750 cohibentiam
3184 3697 3370 3766 synodi
3398 3697 3687 3753 Chalcedo-

2104 3777 2285 3831 nensis
2314 3790 2583 3834 accusent.

2728 3894 2951 3952 CAPUT
2982 3896 3045 3952 li.

2103 4021 2251 4101 Quod
2293 4024 2424 4101 falso
2478 4028 2680 4080 dicatur
2744 4028 2963 4084 Proclus
3019 4032 3273 4085 Theodori
3323 4050 3503 4086 nomen
3565 4053 3672 4101 per-

2136 4094 2420 4160 strinxisse,
2466 4113 2578 4149 cum
2610 4115 2670 4152 ea:
2701 4101 2808 4168 ejus
2836 4104 3040 4167 scriptis
3072 4106 3122 4154 id
3157 4115 3326 4172 aperte
3355 4094 3638 4175 refellatur.

2170 4223 2318 4279 Sane
2350 4225 2628 4281 videamus
2659 4231 2784 4298 quid
2819 4234 2978 4286 etiam
3022 4234 3207 4288 beatus
3259 4236 3511 4302 l’roclus,
3557 4241 3685 4292 scri-

2103 4311 2261 4365 bente
2303 4314 2402 4367 sibi
2446 4315 2651 4372 Joanne
2692 4321 3027 4377 Antiocheno
3066 4334 3121 4378 et
3166 4327 3371 4395 synodo
3402 4330 3665 4392 orientali,

2095 4405 2458 4474 rescripserit,
2498 4419 2554 4462 ut
2590 4424 2843 4479 appareat
2872 4429 3027 4482 quam
3062 4415 3128 4470 sit
3154 4417 3438 4485 impudens
3472 4420 3677 4474 haereti-

424 4476 633 4526 roribus
695 4475 934 4542 ejusdem
988 4477 1257 4535 Theodori
1315 4485 1626 4544 cohibentes
1653 4533 1666 4557 ,
1735 4491 1992 4560 lgnatium
2023 4491 2075 4550 D
2099 4508 2284 4548 eoi-um
2314 4495 2543 4564 falsitas,
2573 4517 2800 4570 quorum
2827 4504 3119 4560 fautoribus
3140 4508 3428 4563 catholicos
3455 4511 3666 4565 credere

422 4571 750 4629 martyrem,
803 4566 888 4633 qui
937 4571 1226 4624 secundum
1278 4583 1397 4641 post
1445 4576 1660 4632 Petrum
1691 4585 1993 4649 apostolum

421 4653 768 4706 Antiochena:
817 4658 961 4711 sedis
1011 4661 1277 4717 Ordinavit
1323 4664 1652 4735 Ecclesiam,
1689 4683 1742 4726 et
1767 4684 1992 4733 caeteros

418 4743 829 4811 gloriosissimos
870 4746 1051 4802 Patres
1081 4766 1214 4819 quos
1257 4770 1831 4833 commemoraverunt,
1863 4782 1993 4823 con-

490 4947 515 4974 ⁸
558 4940 729 4996 Pr0cli
767 4945 1006 5023 epistola:
1052 4948 1128 5023 ad
1149 4950 1408 5007 Joannem
1460 4974 1578 5013 cum
1630 4971 1773 5017 tomo
1801 4969 1980 5023 missa!

421 5011 1033 5106 fragmentum'vidimus
1079 5020 1169 5100 lib.
1207 5037 1260 5102 tt.
1308 5023 1432 5079 Hazc
1466 5011 1982 5106 alterius-suntnepi:

419 5086 756 5170 stolaf-‘quam
786 5084 974 5140 Joanni
1004 5091 1296 5158 rescripsit,
1327 5109 1446 5170 cuin
1489 5096 1605 5166 ejus
1648 5084 1981 5170 admisi-ii}-

421 5165 507 5235 τινε
528 5151 740 5234 ,ιὶιιυιξιε
761 5170 1072 5235 responsum
1099 5151 1980 5235 expostulotioneinquevde‘i‘iieo-

422 5219 821 5309 doriucapitulis.
845 5219 1269 5309 accepisset_.'Ex
1301 5219 1554 5309 _his_ergvo
1589 5219 1772 5309 liquet:

418 5291 695 5344 consilium
754 5294 914 5351 fuisse
945 5291 1142 5367 ,iquod
1189 5311 1242 5355 et
1292 5291 1521 5374 Cyrillqu
1562 5291 1976 5381 salE|%1:i)3-J;VVIJJ

493 5461 509 5536 ξ
539 5460 667 5536 Cod.
701 5463 918 5528 Verum,
947 5474 1084 5536 apud
1113 5490 1244 5528 eam.

490 5531 511 5603 ξ
545 5532 682 5603 idem
712 5536 856 5597 cod.,
885 5531 1146 5603 decerptis.

491 5599 513 5630 ⁸
546 5601 681 5654 ldetu
701 5605 842 5667 cod.,
874 5599 1128 5663 dixerunt.

490 5669 512 5700 δ
538 5672 678 5727 idem
703 5674 820 5728 cod.
835 5715 853 5744 ,
869 5691 1004 5727 nunc
1031 5679 1214 5732 dicunt.

2098 4597 2204 4637 non
2243 4590 2508 4656 oportuit,
2563 4590 2881 4659 [ingentibus
2921 4595 3063 4663 quod
3112 4597 3250 4651 idem
3298 4613 3512 4653 sanctus
3543 4598 3668 4653 Pro-

2095 4672 2230 4738 clus,
2278 4678 2530 4743 pracdicto
2569 4679 2761 4734 Joauni
2790 4686 3122 4739 Antiocheno
3150 4695 3173 4722 α
3198 4690 3460 4755 scribens,
3494 4691 3653 4747 Theo-

2094 4764 2282 4818 dorum
2317 4771 2451 4823 male
2476 4773 2852 4838 nominaverit,
2882 4784 2935 4828 ct
2965 4778 3162 4831 dixerit
3191 4779 3498 4836 subdidisse
3524 4792 3659 4836 tauro

2087 4978 2355 5067 Theodori
2390 4985 2622 5067 nomini,
2657 5002 2874 5067 propter
2901 4994 3252 5053 Orientalium
3284 5001 3652 5067 oﬂ'ensionem,

2086 5061 2423 5119 parceretur,
2476 5056 2614 5110 unde
2645 5056 2698 5111 et
2751 5056 2801 5115 iu
2849 5067 3106 5132 capitulis
3149 5069 3416 5124 Theodori
3467 5056 3650 5126 nomen

2084 5135 2505 5208 S'IPPTesf‘el‘atl,‘
2543 5139 3100 5208 prava__tameu_ejus
3140 5140 3384 5208 dogmata
3432 5144 3647 5195 damna-

2083 5201 2288 5326 ;ﬁltlll‘titlr.
2319 5191 2425 5248 Sed
2464 5191 2823 5256 Orientalibus
2853 5217 2922 5258 ne
2953 5191 3052 5260 bo'e
3086 5191 3318 5271 ouidi-ur
3340 5191 3642 5281 pergama

2160 5495 2342 5583 fidem
2371 5503 2517 5583 cod.,
2543 5505 2713 5583 Igitur
2746 5512 2860 5565 loco
2888 5517 2994 5583 qui.

2159 5565 2180 5648 ξ
2210 5565 2349 5648 idem
2373 5573 2516 5648 cod.,
2548 5565 2813 5648 dccerptis.

2159 5635 2180 5715 ζ
2211 5635 2350 5715 idem
2380 5635 2522 5715 cod.,
2555 5635 2779 5715 ipsorum
2804 5635 3158 5711 Orientalium.

2157 5705 2179 5737 ·
2209 5707 2262 5761 lu
2294 5712 2480 5768 eodem
2510 5705 2628 5773 'co'a.
2659 5722 2806 5776 deest
2830 5705 3072 5790 sai/Mi.
