3962 6196
260 255 361 319 713

1109 256 1241 316 Ι)Πο
1284 247 1711 315 DEFENSIONE
1752 250 1969 310 TRIUM
2008 250 2328 310 CAPITUL.
2372 250 2499 308 LIB.
2547 250 2677 309 VIII.

3429 246 3535 302 7M

252 391 418 445 quem
445 373 592 427 misit
622 371 911 435 Armeniis,
942 368 1175 425 Judaicte
1205 370 1494 441 impietatis
1516 370 1671 439 plena
1695 365 1839 438 ejus-
1868 370 1917 429 Α
1947 365 2181 421 cerdotts
2221 364 2444 420 Joannis
2470 383 2483 418 :
2527 374 2651 435 post
2679 364 3125 435 subscriptionem
3151 373 3333 434 autem
3377 363 3536 430 tumi,

252 466 379 520 dem
416 464 691 519 Theodori
737 462 990 531 capitula,
1035 471 1093 516 ut
1131 461 1232 517 sub
1260 461 1604 516 anathemate
1635 459 1848 515 damna-

251 569 462 615 rentur.
521 558 621 626 Qui
680 556 901 611 Proclus
948 555 1300 623 conquerenti
1350 564 1405 609 et
1452 552 1843 609 contradicenti

252 660 557 705 memorato
587 648 780 703 Joanni
815 647 1151 702 Antiocheno
1192 656 1247 701 et
1272 646 1387 716 ejus
1412 644 1621 718 synodo
1664 645 1735 699 ita
1765 659 1849 699 re-

252 744 476 815 spondit
505 761 517 795 :
567 761 585 793 ι
638 742 864 809 Quando
895 742 1037 796 enim
1074 756 1175 812 ego
1207 740 1399 813 scripsi
1444 752 1548 794 tute
1577 740 1846 794 sanctitati

250 848 508 907 oportere
534 844 626 891 aut
652 835 1026 904 Theodorum,
1054 843 1150 889 aut
1173 834 1309 889 alios
1338 834 1600 905 quosdam
1632 834 1719 904 qui
1752 832 1854 903 pri-

253 929 385 983 dem
412 925 654 983 defuncti
684 942 811 981 sunt
837 971 851 993 ,
900 927 1231 995 anathemati
1280 925 1459 993 subdi,
1490 936 1581 999 aut
1606 924 1851 982 nomina—

256 1021 353 1072 tim
389 1016 613 1086 alicujus
648 1016 764 1071 iieri
802 1007 817 1047 ί
858 1015 1227 1072 mentionem?
1277 1015 1383 1073 Sed
1425 1025 1587 1086 puto,
1634 1017 1772 1070 sicut
1798 1025 1853 1068 et

253 1109 389 1177 ipsa:
418 1107 609 1163 litterae
652 1107 717 1161 ad
764 1115 907 1162 tuam
938 1108 1281 1164 sanctitatem
1330 1107 1549 1163 directae
1596 1106 1848 1165 clamant.

254 1200 395 1254 nihil
428 1197 651 1253 difﬁcile
685 1200 766 1254 vel
797 1214 1020 1269 pravum
1047 1199 1273 1268 epistola
1294 1200 1566 1265 continet;
1593 1199 1687 1255 sed
1729 1201 1852 1269 quia

256 1300 480 1357 oportet
518 1290 664 1345 omni
711 1290 1022 1360 suspicione
1072 1290 1324 1358 liberari,
1363 1300 1417 1346 et
1449 1290 1848 1346 detrahentium

256 1394 355 1434 ora
382 1393 667 1448 censuere,
701 1396 767 1437 ex
792 1382 895 1436 hoc
938 1381 1082 1452 quod
1109 1380 1161 1436 in
1194 1393 1340 1438 tomo
1386 1384 1593 1438 directo
1620 1381 1853 1439 subscti-

258 1472 369 1545 psi,
395 1481 449 1526 et
476 1472 565 1527 illa
587 1472 817 1543 capitula
851 1489 970 1541 qua:
997 1473 1236 1543 subjecta
1265 1483 1391 1530 sunt
1419 1474 1616 1544 repuli,
1642 1483 1702 1531 ut
1731 1483 1856 1547 pote

170 1582 173 1585 ‘
260 1564 626 1621 subtilitatem
669 1580 775 1619 non
800 1565 1054 1621 habentia
1089 1567 1324 1636 pietatis.
1358 1566 1545 1638 Neque
1579 1575 1758 1623 autem
1788 1566 1857 1623 de

262 1658 580 1723 Theodoro,
614 1673 789 1728 neque
819 1659 885 1713 de
912 1660 1016 1713 alio
1039 1675 1332 1730 quoquam,
1363 1662 1452 1732 qui
1476 1662 1587 1731 jam
1616 1662 1856 1717 defuncti

1951 469 2007 513 et
2055 471 2175 529 post
2211 459 2566 529 alijectionem
2608 458 3000 527 capitulorum,
3056 473 3178 527 qua:
3227 457 3384 527 cujus
3430 458 3544 512 sint

1952 556 2283 624 ignoramus,
2316 556 2574 611 continuo
2606 569 2849 624 praepara
2877 553 3161 609 diaconum
3192 552 3537 608 Theodorum

1954 650 2138 704 venire
2162 649 2229 704 ad
2260 649 2462 720 regiam
2503 650 2802 714 civitatem,
2832 659 3094 719 quatenus
3136 655 3461 718 tempestate
3484 655 3545 703 et

1954 740 2181 795 tumultu
2208 755 2315 797 non
2347 739 2671 809 impleantur
2697 740 2943 796 ecclesias
2978 740 3126 796 urbis
3157 737 3541 803 sanctissimas,
3618 728 3621 729 ⁷

1954 845 2004 887 et
2028 832 2239 889 donetis
2253 832 2455 904 aliquid
2468 832 2737 889 desiderio
2756 832 2905 900 impii
2921 832 3175 899 Nestorii,
3196 832 3286 902 qui
3311 844 3373 887 se
3393 838 3547 901 putat

1956 923 2154 979 multos
2169 923 2369 980 habere
2383 924 2582 979 similia
2609 923 2903 994 sapientes.
2926 940 2945 979 ι
2969 923 3069 979 Hie
3083 921 3542 994 quemadmodum

1958 1016 2236 1084 perspicis,
2263 1017 2583 1086 imperator,
2617 1032 2722 1072 non
2742 1032 2808 1072 ex
2831 1015 2993 1073 ductu
3015 1015 3441 1070 ratiocinationis
3458 1028 3551 1069 uo-

1956 1116 2085 1161 strte
2099 1106 2385 1178 colligitur,
2408 1107 2504 1163 sed
2520 1107 2649 1177 ipsis
2671 1107 2811 1163 beati
2828 1105 3195 1162 l’rocliverbis
3214 1103 3551 1161 evidentissi-

1956 1214 2044 1254 me
2064 1199 2488 1268 demonstratur,
2504 1200 2759 1272 quoniam
2783 1200 2829 1255 si
2849 1197 3307 1256 Chalcedonensis
3327 1214 3544 1270 quoque

1956 1290 2217 1361 synodus,
2231 1303 2285 1345 ut
2298 1292 2512 1359 quidam
2527 1291 2792 1358 fecerunt,
2806 1291 3084 1363 epistolam
3103 1290 3425 1347 venerabilis
3442 1290 3550 1346 Ibat

1961 1397 2059 1450 pro
2084 1382 2246 1438 laude
2267 1382 2539 1439 Theodori
2563 1392 2817 1454 tanquam
2844 1381 3092 1439 Nestoris
3113 1380 3309 1437 similia
3335 1382 3551 1455 sapien-

1959 1475 2028 1530 tis
2062 1474 2356 1546 abjiceret;
2402 1476 2530 1533 hinc
2573 1477 2772 1546 potius,
2805 1476 2945 1531 sicut
2971 1473 3201 1529 diximus
3227 1484 3389 1543 atque
3420 1487 3551 1542 pro-

1959 1567 2224 1634 bavimus,
2253 1582 2539 1625 excusasse
2570 1567 2872 1624 Nestorium
2904 1567 3196 1631 videretur,
3233 1574 3291 1621 et
3319 1562 3552 1620 donasse

1963 1661 2163 1731 aliquid
2185 1660 2455 1717 desiderio
2475 1660 2932 1724 Nestorianorum,
2954 1659 3046 1729 qui
3068 1672 3128 1714 se
3148 1666 3339 1728 putant
3357 1655 3553 1711 multos

260 1760 413 1817 sunt,
442 1751 634 1819 scripsi
660 1750 774 1819 tibi,
808 1750 916 1805 Deo
938 1750 1328 1817 amantissime,
1351 1762 1440 1806 aut
1468 1761 1526 1807 ut
1553 1752 1857 1808 anathema-
1887 1754 1935 1819 Β
1963 1752 2163 1810 habere
2179 1754 2371 1809 similia
2386 1753 2674 1824 sapientes.
2701 1751 2964 1807 Intellexit
2981 1751 3159 1820 itaque
3176 1746 3555 1817 virsapientis-

263 1844 487 1911 tizetur,
515 1848 607 1896 aut
635 1841 929 1897 abdicetur.
955 1842 1063 1898 Sed
1096 1858 1271 1913 neque
1296 1843 1650 1900 charissimus
1680 1844 1722 1899 Τ
1728 1845 1861 1900 beo—

264 1935 456 1999 dorus,
484 1934 576 2004 qui
605 1950 633 1988 a
665 1928 817 1990 nobis
860 1934 1101 1991 directus
1131 1944 1235 2001 est,
1265 1936 1521 1992 diaconus
1553 1937 1680 1991 talia
1710 1954 1862 1994 man-

262 2028 394 2083 data
426 2030 689 2099 percepit.-
729 2046 750 2081 ι
779 2027 844 2082 Et
871 2044 933 2083 ea
963 2028 1373 2085 evidentissima
1405 2030 1691 2102 negatione
1717 2029 1863 2086 beati

264 2120 448 2174 Procli
484 2119 722 2175 necdum
767 2118 1177 2175 confunduntur
1219 2121 1460 2177 haeretici
1496 2121 1583 2177 vel
1623 2121 1863 2178 fautores

264 2226 501 2277 eorum;
548 2212 641 2266 sed
687 2210 887 2266 audent
918 2211 1095 2267 adhuc
1131 2210 1314 2268 dicere
1343 2213 1486 2284 quod
1516 2213 1859 2270 Theodorum

264 2305 714 2374 Mopsuestenum
742 2314 862 2375 post
892 2315 1117 2361 mortem
1142 2306 1282 2361 male
1309 2308 1685 2373 nominaverit,
1715 2323 1865 2362 eum-

266 2411 382 2466 que
435 2395 583 2450 veiut
611 2394 923 2450 hmreticum
979 2397 1270 2466 impietatis
1312 2397 1581 2468 arguerit,
1621 2414 1743 2454 cum
1777 2388 1866 2455 ille

271 2488 543 2543 reclamet
574 2487 717 2559 quod
750 2503 855 2542 non
896 2487 1069 2543 solum
1099 2488 1444 2544 Theodorum
1471 2530 1486 2555 ,
1540 2505 1725 2545 verum
1765 2506 1864 2546 nec

270 2581 444 2635 alium
495 2595 817 2650 quemquam
863 2595 926 2634 ex
969 2581 1053 2635 his
1085 2581 1173 2652 qui
1220 2579 1330 2650 jam
1363 2570 1600 2637 defuncti
1659 2584 1870 2637 fuerant

272 2672 725 2727 anatltetuatizari
758 2680 848 2726 aut
890 2672 1128 2727 abdicari
1175 2656 1469 2742 qumsierit,
1500 2683 1594 2728 aut
1622 2673 1869 2730 nomina-

264 2763 367 2816 tim
411 2762 638 2832 alicujus
688 2762 878 2818 fecerit
926 2762 1277 2820 mentionem.
1326 2766 1482 2820 Absit
1529 2765 1633 2821 hoc
1673 2783 1701 2819 a
1734 2782 1867 2821 con-

263 2853 503 2909 scientia
534 2854 751 2923 Procli,
800 2864 858 2910 ut
884 2872 947 2909 ex
1001 2856 1135 2910 mala
1180 2856 1545 2912 didam-itione
1588 2860 1869 2913 venerabi-

265 2945 405 2999 liuni
443 2945 718 3000 nominum
760 2958 812 3001 et
850 2947 1124 3018 divulgata
1158 2948 1551 3019 vituperatione
1591 2948 1869 3006 defuncto-

270 3052 399 3092 rum
432 3037 485 3091 in
516 3052 647 3107 pace
675 3038 934 3095 Ecclesiae
956 3040 1320 3110 sacerdotum,
1352 3043 1611 3113 puerilem
1641 3042 1862 3114 gloriam

1963 1844 2166 1900 aituus'
2192 1844 2429 1911 Procles,
2454 1844 2597 1915 quod
2621 1843 2821 1900 domini
2846 1844 3115 1914 sapientes
3136 1841 3435 1912 intelligere
3455 1850 3562 1896 no-

1966 1935 2210 2002 lucmnt,
2237 1938 2490 2006 quoniam
2519 1934 2898 2005 Mepsuesteno
2936 1932 3257 1999 Theodoro,
3284 1947 3405 1988 cum
3433 1930 3554 1987 aliis

1966 2028 2287 2097 quibusdam
2333 2042 2561 2098 quorum
2611 2029 2830 2082 nomina
2869 2027 3117 2097 capitulis
3146 2025 3329 2081 nescio
3357 2024 3579 2095 quibus.

1964 2117 2469 2174 anathematizanda
2524 2118 2808 2187 praeposita
2866 2116 3075 2172 fuerant
3098 2154 3115 2180 .
3172 2115 3553 2182 condemnato,

1965 2213 2310 2281 expostulare
2330 2211 2610 2268 Nestorius
2632 2220 2833 2282 posset,
2853 2220 2905 2266 et
2921 2211 3120 2277 dicere,
3143 2209 3423 2279 Quomodo
3444 2210 3558 2264 vel-

1970 2313 2029 2359 ut
2076 2305 2326 2360 inventor
2354 2318 2508 2360 novat
2536 2303 2798 2361 doctrinm
2839 2302 2911 2357 ab
2937 2300 3175 2358 Ecclesia
3220 2314 3338 2357 sum
3370 2300 3558 2361 depul-

1970 2412 2085 2465 sus,
2109 2414 2230 2453 cum
2253 2398 2571 2454 Theodorus
2595 2398 2676 2452 vir
2699 2395 3063 2458 doctissimus.
3093 2402 3149 2450 ct
3176 2409 3205 2448 a
3229 2384 3557 2449 doctissimis

1969 2489 2219 2545 Patrihus
2261 2490 2582 2560 praedicatus
2607 2530 2622 2557 ,
2664 2496 2825 2559 atque
2871 2488 2961 2543 alii
2990 2486 3081 2557 qui
3120 2486 3263 2541 sicut
3304 2485 3395 2541 ille
3438 2483 3558 2538 sine

1971 2585 2189 2654 querela
2220 2585 2274 2639 in
2304 2583 2560 2639 Ecclesia:
2590 2597 2722 2652 pace
2766 2581 3002 2637 defuncti
3044 2588 3170 2636 sunt
3192 2623 3206 2646 ,
3247 2577 3436 2634 eadem
3470 2591 3558 2631 sa—

1972 2678 2152 2746 puisse
2182 2677 2470 2734 dicantur?
2516 2676 2619 2731 νος
2660 2690 2789 2745 ergo
2821 2674 2994 2745 potius
3025 2672 3237 2728 dicendi
3268 2669 3396 2749 estis
3432 2670 3558 2725 novi

1969 2770 2237 2841 dogmatis
2274 2769 2612 2834 inventores,
2641 2768 2731 2838 qui
2762 2768 2831 2821 ab
2868 2781 3054 2823 eorum
3095 2765 3342 2821 doctrina
3385 2764 3561 2819 desci-

1964 2856 2141 2926 Scitis,
2171 2876 2304 2931 quos
2337 2861 2576 2916 Ecclesia
2601 2860 2823 2931 semper
2854 2857 3040 2916 habuit
3076 2858 3387 2913 honoratos.
3419 2854 3557 2913 Nam

1970 2968 2070 3024 ego
2108 2954 2268 3007 etiam
2313 2960 2496 3008 vestro
2532 2951 2842 3007 testimonio
2887 2949 3180 3005 catholicus
3229 2948 3471 3019 probor:
3512 2946 3559 3004 si

1970 3043 2116 3099 enim
2145 3060 2207 3099 ea
2237 3043 2428 3109 doceo,
2459 3056 2579 3113 qua:
2605 3041 3012 3111 Mepsuestenus
3041 3038 3356 3095 Theodorus
3384 3049 3440 3095 et
3469 3037 3560 3095 alii

265 3138 541 3198 captaret,
571 3140 731 3219 atque
769 3131 895 3187 inde
926 3132 1095 3189 videri
1128 3133 1320 3201 doctos
1340 3146 1434 3190 aut
1462 3136 1748 3208 religiosus
1781 3152 1876 3208 ap-
1895 3124 1945 3190 C
1976 3136 2029 3193 In
2059 3138 2298 3193 Ecclesia
2330 3136 2665 3204 docuerunt,
2712 3134 2948 3204 ipsorum
2988 3148 3118 3188 vero
3143 3132 3383 3188 doctrinm
3412 3132 3498 3187 vel
3529 3147 3561 3187 a

268 3234 508 3292 peteret.
550 3222 721 3296 Negat
759 3232 891 3296 ergo
932 3241 992 3281 se
1042 3226 1357 3283 nominatim
1399 3229 1628 3302 alicujus
1672 3233 1870 3290 fecisse

267 3312 645 3381 mentionem;
695 3325 752 3371 et
780 3330 888 3371 non
919 3316 1095 3372 solum
1127 3322 1334 3386 testari,
1365 3336 1551 3377 verum
1581 3334 1635 3381 et
1680 3336 1870 3382 contra

269 3407 595 3461 surditatem
661 3409 1128 3466 contentiosorum
1186 3411 1425 3469 clamare
1472 3414 1603 3472 dicit
1661 3417 1871 3475 litteras

269 3513 422 3563 suas,
454 3498 598 3568 quod
630 3499 759 3553 nihil
792 3514 1019 3571 pravum
1046 3501 1363 3558 contineant
1390 3521 1402 3557 :
1438 3519 1657 3574 pravum
1688 3510 1872 3579 utique

272 3607 401 3646 esse
433 3590 724 3658 deﬁniens,
777 3593 921 3662 quod
964 3595 1246 3664 qumsiisse
1295 3593 1430 3651 falso
1480 3598 1784 3664 putabatur,
1816 3610 1872 3657 ut
1920 3584 1926 3588 ’

270 3690 467 3736 contra
513 3680 765 3737 Ecclesia:
798 3697 1007 3739 morem
1054 3695 1172 3753 post
1220 3694 1448 3739 mortem
1488 3686 1872 3744 damnarentur

272 3777 525 3846 episcopi
555 3792 825 3841 nunquam
870 3778 923 3832 in
955 3777 1058 3832 vita
1089 3792 1184 3833 sua
1217 3779 1436 3849 culpati.
1469 3768 1667 3836 Scribit
1692 3792 1874 3837 autem

269 3870 440 3925 etiam
470 3870 705 3929 Maximo
736 3872 781 3936 ’,
812 3870 901 3924 uni
934 3884 999 3925 ex
1023 3869 1231 3926 duobus
1272 3887 1367 3941 per
1397 3887 1553 3943 quos,
1591 3882 1648 3928 ut
1671 3873 1869 3932 dictum

272 3975 378 4027 cst,
407 3962 725 4035 synodicam
753 3964 1037 4032 epistolam
1070 3965 1656 4023 miseratoricntalibus
1673 3968 1873 4037 episco

272 4060 380 4125 pis.
406 4059 594 4113 dicens
629 4074 643 4112 :
682 4076 703 4110 ε
739 4059 945 4114 Memor
966 4068 1049 4115 est
1081 4068 1171 4114 tua
1200 4060 1524 4128 reverentia,
1558 4061 1772 4130 quando
1802 4061 1869 4117 ad

276 4150 682 4205 sanctissimum
707 4151 1105 4207 Antiochenam
1138 4152 1452 4224 episcopum
1487 4154 1507 4185 ³
1541 4155 1636 4209 tibi
1666 4155 1872 4210 litteras

272 4244 659 4313 injungeba'm,
705 4244 830 4314 quia
873 4245 1053 4299 omnia
1092 4258 1214 4299 cum
1249 4246 1364 4314 ejus
1397 4245 1653 4301 admonui
1684 4247 1873 4301 volnu-

272 4348 389 4391 tate
420 4336 536 4390 fieri
568 4344 848 4406 Oportere;
889 4344 944 4392 et
992 4336 1123 4391 nihil
1155 4337 1221 4392 ad
1254 4335 1628 4393 confusionem
1675 4338 1756 4392 vel
1790 4347 1872 4393 tu—

269 4428 505 4484 multum
523 4426 881 4483 Ecclesiarum
899 4442 1081 4498 pacem
1102 4427 1407 4484 habentium
1430 4429 1536 4500 agi,
1552 4428 1645 4484 scd
1666 4439 1868 4483 tomum

271 4522 498 4592 quidem
520 4520 809 4589 subscribi,
839 4522 1068 4592 capitula
1082 4530 1262 4577 autem
1277 4506 1485 4577 subdita
1500 4522 1615 4577 sine
1630 4522 1868 4590 nomine,

273 4614 395 4669 haec
454 4624 708 4684 tanquam
768 4630 874 4670 tton
930 4610 1181 4671 habentia
1248 4615 1599 4671 subtilitatem
1656 4616 1869 4687 pietatis

270 4706 446 4761 averti
478 4710 534 4761 et
557 4706 820 4762 abdicari.
849 4707 1131 4775 Quomodo
1161 4707 1323 4778 igitur
1353 4723 1448 4777 per
1476 4707 1683 4763 litteras
1711 4706 1869 4763 didici

269 4814 419 4855 nunc
445 4796 573 4869 quia
594 4799 862 4856 Theodori
893 4799 1253 4870 Mepsuesteni
1284 4808 1340 4855 et
1362 4800 1587 4856 aliorum
1615 4817 1871 4871 quorum-

267 4890 399 4942 dam
443 4891 662 4944 nomina
692 4893 979 4961 praeposita
1012 4897 1137 4945 sunt
1161 4891 1407 4961 capitulis
1438 4892 1503 4947 ad
1548 4891 1868 4948 anathema-

270 4982 575 5051 tizaudum,
605 4998 724 5038 cum
753 4983 832 5039 illi
862 4982 929 5038 ad
965 4983 1130 5037 Deum
1158 4983 1266 5052 jam
1298 4985 1675 5054 migraveriut,
1704 4994 1871 5040 eteos

268 5077 364 5143 qui
392 5076 506 5144 jam
537 5077 699 5130 vitam
744 5076 1077 5146 reliquerunt
1101 5090 1489 5145 superi-acaum
1520 5086 1603 5132 est
1628 5077 1869 5147 injuriari

270 5177 400 5239 post
430 5170 682 5235 inertem,
709 5164 844 5241 quos
876 5183 985 5223 nec
1004 5168 1162 5224 vivos
1193 5168 1483 5237 aliquando
1509 5169 1872 5238 culpavimus?

269 5260 425 5331 Rogo
465 5276 594 5331 ergo
612 5303 626 5326 ,
652 5263 839 5317 festina
861 5260 998 5317 sicut
1027 5260 1168 5315 filius
1189 5260 1476 5329 exquirere
1504 5259 1548 5331 ⁸,
1576 5259 1669 5314 sed
1690 5262 1867 5314 omnia

269 5355 590 5427 permittere
615 5356 915 5411 auctoritati
944 5354 1187 5425 ejusdem
1212 5352 1639 5409 reverentis~imi
1670 5366 1867 5406 consa-

343 5539 363 5570 ⁸
391 5536 529 5592 Cod.
560 5536 785 5598 Veron.,
814 5536 931 5605 feci.

339 5608 363 5643 ²
395 5608 542 5662 Idem
569 5607 715 5673 cod”
752 5607 984 5660 Maximo
1013 5606 1248 5661 diacono.
1285 5606 1572 5660 Maximum
1616 5604 1865 5659 etttnsicut

267 5690 430 5737 vocat
454 5678 734 5733 diaconum
767 5676 1049 5732 Facundus
1079 5679 1239 5733 etiam
1272 5677 1404 5733 infra
1432 5678 1535 5731 col.
1570 5673 1693 5729 7:28.

352 5750 375 5783 ³
398 5750 541 5807 ltIettt
569 5751 715 5812 c0tl.,
748 5748 1211 5816 archiepiscopum.

516 5847 785 5907 PATBOL.
836 5845 1087 5907 LXVII.

1973 3231 2173 3288 sanctis
2198 3228 2445 3284 Patribus
2470 3227 2683 3283 laudata
2704 3235 2809 3292 est,
2836 3226 2920 3281 vel
2946 3224 3086 3295 quod
3116 3222 3328 3280 interim
3352 3231 3559 3278 certum

1972 3332 2079 3390 est,
2114 3337 2206 3392 per
2237 3335 2399 3378 omne
2426 3334 2534 3391 quo
2560 3319 2809 3375 vixerunt
2837 3326 3049 3386 tempus
3075 3334 3100 3369 a
3129 3316 3273 3371 nullo
3299 3317 3564 3371 invenitur

1971 3431 2094 3471 esse
2125 3415 2338 3484 culpata
2365 3456 2381 3481 ,
2422 3412 2767 3485 inculpabilis
2796 3420 2879 3467 est
2924 3411 3087 3467 etiam
3135 3425 3253 3466 mea
3298 3408 3561 3465 doctrina.

1971 3492 2122 3578 Quod
2150 3508 2194 3563 si
2226 3511 2339 3565 hinc
2370 3510 2504 3564 ratio
2531 3525 2637 3563 non
2669 3522 2788 3562 mea
2813 3547 2828 3575 ,
2874 3506 2968 3563 sed
3012 3506 3113 3563 viri
3157 3505 3556 3578 prudentissimi

1972 3612 2133 3671 atque
2161 3601 2485 3657 sanctissimi
2526 3601 2739 3668 Procli,
2785 3600 2946 3656 n.odo
2990 3601 3371 3668 contemnitur,
3404 3614 3563 3671 quam

1973 3694 2233 3749 hactenus
2266 3693 2509 3749 Ecclesia
2538 3692 2852 3748 custodiens
2893 3692 2946 3748 in
2978 3708 3109 3763 pace
3156 3692 3419 3762 degebat;
3468 3705 3569 3746 cur

1971 3799 2157 3854 quteso
2184 3783 2251 3839 de
2279 3784 2507 3839 aliorum
2552 3783 2861 3839 nominibus
2896 3791 3125 3848 tacetur,
3157 3799 3275 3854 qua:
3310 3782 3402 3836 illo
3430 3789 3566 3836 tem-

1974 3892 2104 3947 pore
2134 3877 2289 3931 simul
2321 3875 2602 3947 prmposita
2633 3875 2851 3930 fuerant
2878 3875 3125 3944 capitulis
3155 3873 3222 3928 ad
3246 3872 3565 3928 anathema—

1975 3966 2284 4021 tizandum?
2324 3983 2442 4033 cur,
2475 3976 2747 4037 putamus,
2776 3965 2880 4020 illis
2907 3966 3105 4034 pariter
3132 3965 3395 4019 accusatis
3423 3978 3567 4019 nunc

1976 4060 2237 4129 part-itur,
2270 4069 2325 4115 et
2354 4059 2502 4115 solus
2531 4058 2585 4113 in
2624 4058 2723 4113 hac
2758 4058 3208 4114 condemnatione
3234 4057 3564 4129 Mopsueste-

1976 4169 2076 4207 nus
2108 4152 2427 4209 Theodorus
2472 4151 2815 4208 nominatur?
2871 4150 3051 4210 Estne.
3086 4151 3231 4206 aliud
3280 4150 3423 4221 quod
3477 4150 3566 4207 hic

1974 4244 2277 4317 intelligere
2318 4245 2404 4302 vel
2430 4243 2694 4321 suspicari
2725 4244 3018 4314 possimus,
3049 4243 3152 4299 nisi
3180 4245 3303 4314 quia
3331 4244 3477 4299 solus
3510 4244 3567 4300 in

1975 4330 2555 4407 epistola'venerabilis
2586 4337 2691 4394 lbte
2727 4339 2971 4395 laudatus
2999 4347 3113 4406 est,
3142 4352 3300 4408 quam
3326 4339 3571 4409 synodus

1976 4424 2437 4486 Chalcedonensis
2489 4429 2845 4486 orthodoxam
2903 4429 3206 4501 judicavit?
3262 4430 3432 4486 Porro
3489 4430 3568 4486 vir

1900 4509 1952 4570 Ι)
1976 4522 2192 4593 sapiens
2222 4522 2444 4578 Procles
2469 4521 2613 4577 hunc
2646 4521 3001 4593 Theodorum
3027 4536 3133 4578 non
3173 4530 3258 4578 est
3294 4536 3459 4577 ausus
3487 4520 3569 4577 in—

1971 4615 2166 4685 juriari
2211 4624 2333 4686 post
2370 4624 2599 4671 mortem
2626 4657 2643 4683 ,
2684 4614 2939 4684 quoniam
2978 4613 3085 4670 hoc
3126 4629 3227 4671 nec
3263 4615 3571 4671 Christiana

1938 4734 1941 4735 ν
1977 4709 2147 4779 pietas
2177 4706 2535 4777 admittebat;
2567 4722 2669 4764 nec
2699 4707 2884 4764 habuit
2913 4707 3055 4778 quod
3087 4707 3414 4778 respondere
3445 4721 3569 4776 pos-

1977 4809 2082 4866 set,
2111 4801 2153 4855 si
2185 4800 2233 4856 ei
2258 4799 2527 4856 diceretur
2555 4818 2567 4854 :
2601 4799 2707 4856 Cur
2735 4797 2974 4856 Iudaica:
3003 4800 3294 4871 impietatis
3320 4812 3570 4861 accusas,

1975 4902 2030 4948 et
2051 4892 2416 4949 condemnare
2446 4896 2645 4964 quatris
2685 4902 2980 4960 mortuum,
3008 4908 3167 4963 quem
3202 4905 3326 4947 cum
3364 4890 3569 4945 viveret

1977 4986 2148 5055 pa'am
2176 4985 2229 5039 in
2267 4984 2507 5041 Ecclesia
2537 4984 2822 5041 docentem
2860 4998 3133 5055 nunquam
3163 4996 3393 5051 arguere
3421 4996 3565 5051 pra-.-

1976 5072 2287 5148 sumpsisti?
2332 5075 2467 5134 Nam
2517 5079 2563 5134 si
2615 5077 3057 5135 condemnandus
3104 5075 3379 5132 videretur
3422 5074 3569 5132 velut

1977 5171 2265 5228 haereticus
2290 5214 2307 5240 ,
2347 5173 2617 5229 viventem
2658 5172 2942 5227 admoueri
2968 5186 2998 5226 a
3032 5181 3084 5227 te
3126 5170 3275 5242 prius
3303 5172 3569 5242 oportuit,

1973 5276 2094 5316 cum
2143 5271 2235 5317 aut
2280 5262 2623 5333 interpretari
2669 5263 3018 5332 semetipsum
3070 5273 3250 5333 posset
3294 5262 3348 5319 in
3387 5264 3471 5318 his
3510 5262 3566 5319 in

1974 5355 2165 5425 quibus
2192 5355 2505 5422 oli'euderis,
2534 5365 2589 5411 et
2616 5356 2894 5411 meliorem
2938 5357 3187 5427 accipere
3218 5357 3301 5412 vel
3332 5357 3565 5414 reddere

2046 5535 2066 5567 ⁸⁵
2098 5536 2240 5617 Idem
2263 5537 2411 5601 cod.,
2440 5537 2568 5591 sicut
2591 5536 2731 5605 [ilius
2759 5538 2894 5604 patri
2922 5538 3157 5593 obediens
3178 5537 3309 5592 nihil
3335 5536 3566 5605 amplius

1975 5623 2256 5677 exquirere.

2047 5681 2067 5708 δ
2110 5678 2251 5732 Idem
2278 5678 2426 5747 cod.,
2462 5679 2884 5749 prudentissimus
2919 5678 3155 5736 Procles.

3050 5835 3127 5896 23
