3998 6194
476 235 599 295 7⁸ῐὸ

1568 221 1878 294 Faunum
1918 235 2127 295 EPlSC.
2171 235 2676 300 liEltMlANE-NSIS

3602 261 3684 319 πθ

496 356 778 425 rationem,
814 363 907 411 aut
935 355 1374 423 nterito'suo'pro
1410 367 1504 407 sua
1530 352 1891 409 obstinatione
1926 354 2081 408 dsm-
2109 354 2155 413 Α
2187 362 2363 410 ctores
2403 357 2661 415 Ecclesia:
2701 355 3013 413 nominatim
3058 371 3541 436 commemorarent,
3576 377 3691 434 sicut

472 447 638 504 nari.
687 446 839 503 Nunc
864 454 1042 500 autem
1073 443 1205 498 nihil
1248 442 1390 498 aliud
1420 443 1563 514 agis,
1616 445 1719 499 nisi
1752 455 1808 499 ut
1838 445 2078 519 intermi-

498 539 671 595 nabile
700 536 1009 592 scandalum
1038 534 1270 605 posteris
1298 534 1640 605 derelinquas
1658 578 1674 603 ,
1714 545 1805 592 aut
1834 536 1954 592 aliis
1984 552 2073 594 se-

466 630 780 699 'queutibus
808 628 1149 698 antiquorum
1186 627 1402 683 Patrum
1452 630 1773 684 sententiam
1817 630 1909 700 qui
1952 644 2076 686 eum

499 717 1023 783 laudavernnt,-aliis
1048 732 1182 774 vero
1211 726 1379 784 tuam,
1409 718 1499 786 qui
1528 732 1651 775 eum
1682 720 1962 788 pm‘sumis
1988 735 2080 775 ac-

495 825 686 866 ca-arc
715 817 835 880 post
856 817 1118 875 mortem,
1148 807 1354 877 magnis
1387 807 1567 864 litibus
1592 823 1807 878 semper
1838 809 2078 865 Ecclesia

494 904 782 973 quatiatur.
824 902 1032 959 llac‘ita
1059 902 1344 974 perSpicua
1372 902 1581 957 cunctis
1609 905 1818 958 ratione
1847 902 2077 958 duceba-

495 1006 583 1055 tur
611 995 693 1051 vir
723 995 894 1051 bonus
913 1003 977 1049 et
1004 992 1221 1063 sapiens
1248 991 1491 1058 Proclus,
1523 1000 1581 1047 ut
1608 1005 1781 1062 ncqne
1805 992 1873 1049 de
1901 992 2077 1048 Theo-

496 1089 656 1156 doro,
682 1088 821 1143 sicut
854 1086 1092 1143 haeretici
1122 1086 1347 1155 ﬁngunt,
1378 1100 1552 1156 neque
1580 1084 1647 1141 de
1674 1084 1780 1141 alio
1807 1100 2073 1156 quoquam

472 1182 550 1235 in
590 1179 844 1236 Ecclesia:
882 1190 1013 1248 pace
1055 1175 1341 1241 defuncto,
1376 1174 1502 1230 mali
1542 1174 1741 1245 aliquid
1790 1174 2069 1230 scriberet.

482 1272 723 1341 Propter
750 1269 892 1338 quod
921 1269 1205 1337 increpans
1240 1282 1400 1323 suum
1438 1266 1746 1333 diaconum,
1773 1266 1901 1321 dicit
1932 1267 2073 1338 quod

493 1362 630 1421 nihil
660 1362 727 1417 ad
757 1360 1126 1417 confusionem
1166 1369 1222 1415 et
1252 1358 1534 1414 tumultum
1579 1358 1939 1414 Ecclesiarum
1984 1372 2074 1428 pa-

492 1469 608 1513 cem
628 1452 943 1509 habentium
966 1451 1017 1506 ei
1042 1448 1306 1521 agendum
1335 1449 1652 1518 injunxerit.
1682 1447 1833 1503 Unde
1857 1463 1961 1503 non
1986 1462 2075 1503 so-

464 1544 607 1605 ;lum
644 1540 917 1599 Theodori
954 1538 1313 1609 Mopsuesteni
1366 1548 1421 1594 et
1468 1539 1692 1595 aliorum
1712 1537 2070 1610 quorumdam

468 1634 714 1697 momina
738 1630 989 1702 capitulis
1010 1630 1202 1687 nescio
1230 1629 1424 1701 quibus
1455 1630 1738 1700 praeposita
1768 1628 1935 1686 fuisse
1960 1629 2072 1685 cul-

466 1768 479 1775 -
495 1728 663 1799 pavit,
689 1736 873 1787 verum
896 1724 1062 1780 etiam
1090 1721 1375 1778 conﬁtetur
1404 1721 1653 1792 ignorare
1674 1722 1833 1791 cujus
1855 1729 2067 1778 essent.
2101 1744 2151 1805 Β
2179 1750 2295 1807 ,ηπ
2325 1721 2479 1807 vobis

452 1818 773 1887 .Quomodo
818 1825 997 1872 autem
1036 1823 1221 1870 sancta
1254 1813 1505 1886 synodus
1548 1828 1618 1869 ex
1658 1815 1893 1883 epistol:
1944 1815 2070 1885 Ibat,

469 1911 766 1968 Theodori
798 1910 1010 1966 laudem
1041 1910 1353 1975 advertens,
1389 1901 1636 1963 eumdem
1663 1908 1808 1963 Ibam
1838 1909 2077 1978 compel-

472 2005 630 2058 leret
670 2003 842 2074 ipsum
880 2000 1339 2056 anathematizare
1366 1998 1730 2065 Theodorum,
1758 2014 1885 2055 cum
1911 2001 2077 2055 sciret

483 2110 599 2153 non
626 2094 801 2150 solum
841 2107 939 2161 pro
958 2091 1087 2160 .illo,
1117 2090 1215 2147 sed
1256 2105 1353 2160 pro
1377 2090 1628 2147 omnibus
1654 2091 1746 2160 qui
1769 2091 1881 2160 jam
1909 2092 2073 2147 vitam

484 2184 743 2254 inculpati
791 2184 1148 2253 reliquerant,
1196 2181 1367 2239 sancti
1417 2181 1591 2238 Procli
1628 2183 1895 2239 sententia
1923 2184 2075 2255 cujus

490 2278 784 2335 doctrinam
812 2278 1006 2343 tenuit,
1034 2275 1313 2332 deﬁnitum
1336 2276 1477 2346 quod
1506 2290 1900 2344 supervacuum
1926 2287 2070 2335 esset

484 2385 582 2426 eos
607 2367 845 2441 injuriari
875 2376 994 2441 post
1023 2366 1292 2425 mortem?

1106 2459 1331 2518 CAPUT
1363 2461 1451 2517 ill.

490 2555 647 2627 Quod
667 2556 892 2627 synodus
924 2554 1155 2627 Orientis
1176 2554 1245 2609 ad
1264 2553 1611 2627 Theodosium
1649 2555 2007 2624 imperatorem
2026 2567 2074 2612 et

564 2624 879 2682 Theodosius
901 2627 970 2679 ad
994 2625 1267 2696 synodum,
1299 2626 1364 2680 de
1382 2641 1486 2679 non
1500 2628 1888 2682 condemnanda
1904 2627 2070 2684 Theo-

555 2700 682 2752 doro
711 2698 1024 2768 scripserint.

555 2790 661 2846 Sed
686 2805 826 2845 nunc
846 2789 920 2843 ad
952 2788 1112 2844 a‘liam
1143 2800 1351 2861 partem
1386 2788 1527 2845 illius
1554 2791 1795 2862 epistola:
1831 2801 2071 2848 reverta-

487 2868 623 2945 mur,
656 2896 685 2937 a
716 2880 971 2952 prmdicta
1001 2880 1211 2952 synodo
1240 2879 1480 2938 Orientis
1512 2883 1820 2953 imperatori
1857 2884 2071 2954 scriptre

476 2974 788 3029 Theodosio
820 2973 838 2994 '
859 3015 877 3042 ,
912 2987 1069 3044 quam
1108 2974 1163 3029 in
1194 2974 1433 3031 secundo
1476 2974 1617 3031 libro
1646 2992 1945 3034 memorare
1973 2992 2069 3049 op-

471 3075 771 3137 porlttnum
804 3064 1021 3121 minime
1042 3065 1369 3137 judicantes,
1397 3065 1776 3123 distu'eramus
1800 3069 1853 3123 in
1880 3067 2067 3124 subseo

482 3158 769 3227 quentibus
797 3157 1185 3227 explicandam.
1217 3155 1349 3211 Cum
1381 3158 1540 3228 igitur
1568 3158 1754 3213 eadem
1786 3160 2063 3216 orientalis

481 3249 719 3321 synodus
749 3248 1061 3318 imperatori
1092 3248 1395 3303 Theodosio
1422 3248 1675 3302 adversus
1705 3250 1826 3304 illos
1855 3252 1943 3320 qui
1973 3267 2066 3305 vo-

472 3338 668 3395 ‘lebaut
694 3340 937 3408 quxedam
973 3337 1245 3393 Theodori
1283 3339 1515 3409 capitula
1544 3340 1912 3405 condemnari,
1943 3351 2066 3411 post

484 3432 646 3485 multa
685 3430 751 3485 de
779 3430 894 3498 ipso
923 3427 1207 3483 Theodoro
1243 3428 1480 3494 diceret,
1514 3432 1655 3500 quod
1688 3445 1795 3485 non
1821 3446 1849 3484 a
1878 3446 2060 3487 sacer-

479 3522 696 3578 dotibus
742 3520 1111 3575 tautumtnodo
1134 3564 1149 3589 ,
1188 3520 1284 3576 scd
1324 3534 1354 3573 a
1384 3522 1746 3576 sacratissimo
1784 3523 1900 3593 cjus
1937 3539 2059 3589 avo,

476 3624 564 3669 ter
594 3618 750 3669 beato
780 3622 835 3669 et
860 3629 889 3667 a
923 3613 1031 3670 Deo
1062 3613 1273 3683 imperii
1296 3623 1507 3682 sceptra
1537 3624 1782 3669 sumente
1813 3614 2063 3669 Theodo-

479 3708 590 3776 sio,
621 3706 909 3776 singularis
934 3715 1018 3762 est
1046 3706 1289 3773 habitus,
1332 3715 1580 3778 tanquam
1611 3708 1850 3763 Flaviani
1883 3696 2059 3781 magni

479 3799 923 3857 Antiochensium
952 3810 1151 3856 sancta:
1179 3799 1274 3856 Dei
1302 3800 1555 3857 Ecclesiae
1587 3801 1850 3871 pontiﬁcis
1876 3817 2060 3859 aman—

480 3894 722 3949 tissimus
748 3891 1079 3960 discipulus,
1109 3900 1164 3948 et
1189 3891 1329 3947 beati
1358 3890 1581 3948 Joannis
1609 3892 2062 3966 Constantinopo-

476 3981 628 4037 litani
673 3982 1073 4052 condiscipulus
1095 4023 1111 4047 ,
1161 3980 1263 4037 hoc
1301 3984 1463 4038 etiam
1508 3983 1712 4039 addidit
1746 3996 1905 4055 atque
1936 3988 2012 4042 ait
2041 4004 2054 4040 :

484 4092 504 4126 ‹
540 4072 596 4129 Si
627 4072 804 4129 aut‘em
848 4074 1169 4143 quidquam,
1202 4074 1497 4144 imperator
1524 4084 1738 4142 sancte,
1768 4076 2054 4132 obscurum

474 4163 672 4236 aliquis
700 4165 924 4220 inveniri
955 4164 1097 4219 dicat
1126 4164 1178 4218 in
1208 4164 1325 4233 ejus
1350 4164 1433 4219 vel
1462 4165 1688 4219 aliorum
1718 4165 1929 4231 litteris,
1955 4166 1987 4220 h
2013 4182 2056 4221 πο

473 4256 757 4312 retractari
786 4253 1149 4310 necessarium
1180 4268 1284 4308 non
1313 4263 1415 4309 est.
1441 4253 1678 4321 Quorum
1703 4255 1844 4311 enim
1870 4257 1974 4311 vita
2001 4261 2055 4313 in

473 4346 776 4401 sacerdotio
801 4356 856 4399 et
887 4344 1187 4400 ministerio
1211 4345 1472 4415 optimum
1514 4345 1700 4401 ha‘buit
1728 4348 1888 4403 linem
1909 4389 1925 4417 ,
1970 4349 2053 4406 his

474 4436 781 4506 prteclaram
824 4434 1048 4504 gloriam
1088 4435 1395 4490 dedicamns
1420 4476 1435 4501 ,
1482 4446 1536 4492 et
1572 4451 1677 4491 non
1717 4451 1785 4493 ex
1828 4439 1931 4494 illis
1959 4455 2052 4497 cos

2093 3119 2140 3184 C

2182 448 2342 502 etiam
2386 448 2574 504 Proclo
2622 449 2919 505 scribentes
2963 449 3218 520 episcopo
3263 451 3510 524 iecerant,
3545 467 3688 533 perhi.

2181 547 2371 602 bentes
2411 563 2505 605 eos
2546 550 2742 605 similia
2781 550 3031 606 docuisse
3064 550 3359 621 Theodoro,
3394 557 3453 611 ad
3487 561 3691 623 ultimum

2180 639 2408 695 dicunt:
2448 660 2467 693 ι
2500 642 2834 698 Arbitramur
2864 652 3042 698 autem
3087 642 3244 700 etiam
3285 645 3380 716 ipsi
3406 650 3484 718 pio
3510 652 3692 726 imperio

2183 746 2305 787 esse
2339 732 2525 788 inutile
2553 773 2569 800 ,
2612 734 2740 789 dum
2783 734 3027 790 homines
3066 734 3172 791 huc
3209 744 3361 808 atque
3396 739 3508 797 illuc
3540 746 3695 814 jactari

2181 834 2467 896 coguntur,
2497 840 2597 882 nec
2626 828 2909 898 quiescere
2933 828 3000 883 ab
3026 828 3128 884 hac
3158 828 3440 899 importuna
3467 834 3694 897 hominum

2182 917 2572 988 inquietudine.
2621 917 2779 975 Stent
2808 934 2937 991 ergo
2980 934 3156 976 causae
3192 920 3505 991 deposcimus
3534 939 3697 1001 tempe-

2181 1010 2368 1077 statis,
2410 1018 2464 1066 et
2499 1010 2940 1083 tranquillitatem
2981 1010 3077 1070 Dei
3108 1014 3357 1071 Ecclesiis
3384 1018 3700 1095 dispouipnn-

2180 1102 2364 1172 cipite.
2401 1121 2421 1155 ι
2455 1101 2623 1169 Nihil,
2656 1110 2912 1175 quantum
2942 1105 3174 1175 aestimo,
3201 1106 3443 1179 religiose
3470 1113 3696 1185 princeps,

2180 1193 2445 1263 agendum
2495 1193 2650 1249 nobis
2691 1196 2831 1265 apud
2872 1206 3109 1252 vestram
3138 1203 3572 1258 mansuetudinem
3606 1209 3701 1263 reli-

2180 1295 2370 1356 querat
2397 1295 2584 1342 sancta
2615 1287 2730 1343 haec
2766 1288 3102 1347 orientalium
3136 1291 3366 1362 synodus
3394 1296 3700 1354 sacerdotum.

2178 1381 2330 1451 Quod
2360 1384 2503 1439 enim
2546 1401 2651 1440 non
2695 1385 2868 1440 solum
2892 1382 3256 1442 Ecclesiarum
3299 1390 3408 1457 paci
3432 1430 3446 1453 ,
3484 1406 3641 1447 verum
3665 1406 3705 1450 ct

2179 1475 2282 1545 ipsi
2310 1476 2535 1545 imperio
2559 1488 2740 1533 vestro
2769 1478 2957 1532 inutile
2992 1478 3092 1545 sit,
3135 1487 3196 1531 ut
3238 1476 3471 1535 videlicet
3507 1480 3704 1539 homines

2182 1566 2288 1622 huc
2317 1578 2476 1639 atque
2506 1568 2633 1623 illuc
2654 1569 2845 1638 jactari
2887 1559 3162 1641 cogantur,
3198 1585 3298 1625 nec
3337 1571 3590 1642 quiescere
3614 1592 3707 1645 per-

2181 1663 2452 1728 mittatur,
2495 1661 2569 1717 illi
2619 1671 2777 1717 caute
2809 1664 2825 1694 ¹
2860 1665 3108 1719 dixerunt
3138 1681 3152 1719 :
3181 1665 3275 1719 sed
3319 1676 3483 1721 actum
3528 1679 3631 1733 est,
3666 1678 3707 1723 ul

2515 1752 2692 1808 serius
2738 1754 3162 1822 innotescerent,
3197 1755 3323 1811 dum
3355 1759 3438 1827 qui
3470 1771 3709 1829 potucrqu

2178 1843 2280 1899 hoc
2312 1845 2487 1900 facere
2527 1844 2814 1902 uoluerunt
2833 1887 2849 1907 .
2876 1856 2932 1903 et
2958 1848 3051 1918 qui
3080 1848 3398 1915 voluerunt,
3428 1866 3490 1907 ne
3515 1851 3709 1910 ficerent

2177 1943 2245 1999 ab
2277 1943 2357 2000 eis
2386 1946 2632 2014 oppressi
2681 1955 2829 2001 sunt.
2877 1945 3008 2001 Nam
3048 1948 3172 2016 quis
3212 1947 3534 2006 Christianus
3559 1952 3715 2009 horum

2177 2049 2385 2105 magnae
2429 2036 2777 2107 auctoritati,
2825 2037 2944 2109 quis
2989 2038 3230 2108 prudens
3273 2039 3460 2097 horum
3497 2045 3717 2100 consulta

2179 2125 2371 2182 rationi
2400 2124 2506 2184 non
2532 2125 2791 2185 cederet?
2834 2128 3078 2201 Denique
3107 2133 3329 2200 scriptis
3357 2149 3531 2191 eorum
3555 2138 3718 2193 instru-

2176 2230 2296 2276 ctus
2346 2223 2508 2278 etiam
2565 2223 2905 2280 Theodosius
2959 2226 3291 2297 imperator,
3338 2231 3500 2285 sancti
3541 2233 3612 2287 ari
3653 2235 3719 2288 sui

2177 2316 2469 2374 Theodosii
2501 2329 2717 2376 secutus
2747 2334 2831 2377 est
2860 2322 2912 2376 in
2943 2320 3247 2387 Theodoro
3275 2324 3629 2397 Mopsuesteuo
3656 2332 3721 2399 ju-

2176 2408 2397 2475 dicium,
2443 2419 2497 2466 et
2544 2408 2781 2467 salubria
2813 2428 2998 2468 eorum
3044 2414 3267 2471 decreta
3313 2426 3368 2473 et
3414 2422 3600 2474 monita
3637 2434 3724 2475 non

2174 2501 2397 2569 sprevit,
2427 2510 2520 2557 aut
2546 2503 2751 2558 distulit
2774 2504 2826 2558 in
2852 2500 3102 2560 effectum
3121 2506 3354 2573 dueere,
3385 2509 3517 2565 sicut
3538 2512 3727 2567 inierius

2173 2595 2545 2650 ostendemus.
2589 2598 2655 2651 Et
2689 2613 2795 2653 non
2833 2599 3021 2654 eadem
3065 2609 3200 2656 tunc
3244 2601 3416 2657 fuerat
3455 2620 3601 2659 causa
3640 2604 3726 2659 Lio-

2176 2691 2448 2758 psuesteni
2476 2686 2746 2747 Theodori
2783 2708 2797 2745 :
2829 2707 2930 2749 nec
2956 2693 3006 2747 in
3034 2694 3417 2763 prtejudicium
3448 2712 3635 2769 magna:
3658 2711 3728 2770 sy-

2176 2782 2332 2845 nodi,
2363 2783 2500 2835 sicut
2531 2798 2695 2850 nunc,
2726 2783 2968 2839 damnari
3008 2787 3364 2855 quaerebatur
3389 2806 3505 2843 cum
3531 2790 3630 2843 suis
3654 2790 3730 2844 do-

2171 2870 2475 2939 gmatibus,
2518 2890 2617 2928 ncc
2654 2870 2946 2945 cogebatur
2981 2878 3278 2948 quisquam
3321 2881 3733 2951 anathematizarc

2172 2985 2268 3027 eos
2313 2973 2403 3043 qui
2458 2973 2741 3030 anathema
2796 2976 2843 3031 ei
2895 2993 3000 3031 non
3055 2977 3331 3036 dicerent.
3385 2981 3518 3050 Quid
3561 2993 3733 3048 autem,

2172 3065 2324 3136 Quasi
2351 3078 2546 3119 novum
2572 3066 2654 3122 vel
2686 3066 3016 3138 btereticum,
3044 3071 3295 3141 synodus
3318 3071 3737 3129 Chalcedonens‘s

2170 3154 2222 3209 in
2251 3157 2483 3227 epistola
2516 3157 2838 3213 venerabilis
2870 3158 2977 3214 Iba:
3006 3162 3329 3229 damnaret,
3357 3165 3496 3234 quod
3526 3165 3740 3220 Theode.

2168 3262 2291 3316 rus,
2325 3262 2355 3301 a
2388 3250 2548 3304 tantis
2584 3249 2829 3306 Patribus
2862 3252 3231 3322 praedicatus,
3269 3257 3425 3311 etab
3453 3258 3741 3326 imperatore

2167 3338 2476 3396 Theodosio
2519 3341 2754 3412 majore,
2786 3357 2816 3397 a
2853 3342 2962 3399 Deo
2991 3345 3215 3416 imperii
3255 3360 3473 3420 sceptra
3507 3358 3744 3416 sumente,

2164 3432 2449 3502 singularis
2474 3434 2691 3491 habitus
2717 3479 2732 3505 ,
2775 3436 2937 3493 etiam
2964 3438 3034 3494 ab
3067 3441 3194 3511 ipso
3244 3443 3336 3498 Iba
3381 3444 3615 3499 laudatus
3639 3443 3744 3500 est!

2164 3526 2349 3598 Neque
2385 3528 2533 3585 enim
2582 3532 2729 3601 parii
2780 3532 3015 3602 pendere
3061 3548 3263 3593 sancta
3315 3540 3555 3609 synodus
3592 3522 3747 3594 debuit

2165 3618 2306 3674 beati
2336 3635 2548 3691 quoque
2578 3621 2915 3693 imperatoris
2941 3627 3089 3683 illius
3122 3629 3431 3700 judicium,
3460 3633 3543 3687 cui
3570 3643 3750 3688 tantum

2162 3713 2229 3767 ab
2257 3713 2493 3769 Ecclesia
2532 3715 2816 3772 tribuenda
2854 3718 2955 3773 fuit
2995 3723 3343 3787 auctoritas.
3388 3737 3639 3795 quantum
3664 3724 3755 3789 sibi

2163 3802 2255 3859 illo
2281 3804 2413 3859 nihil
2444 3806 2783 3862 auctoritatis
2817 3823 3049 3880 unquam
3094 3823 3298 3868 contra
3335 3816 3627 3871 Ecclesium
3654 3815 3749 3877 Vi!!-

2160 3894 2382 3949 dicavit.
2414 3895 2647 3952 Proinde
2675 3914 2859 3967 quzcso
2885 3909 2956 3966 te,
2985 3903 3437 3963 clementissime
3465 3908 3752 3976 imperator,

2159 3996 2212 4042 et
2234 3987 2463 4042 obsecro
2494 4003 2589 4056 pro
2627 3991 2925 4045 reverentia
2954 4007 3117 4062 quam
3154 3996 3385 4051 Christo
3427 3998 3537 4053 Deo
3574 4008 3624 4050 et
3651 3988 3761 4066 ejus

2159 4077 2534 4133 sacerdotibus
2583 4080 2786 4147 debes,
2839 4091 2895 4136 ut
2951 4083 3413 4145 εκιιοτιοιξοι.εηι
3471 4100 3759 4157 sanctorum

2161 4163 2377 4222 Patrum
2404 4180 2614 4224 tuorum
2638 4170 2952 4230 obedienter
2978 4171 3252 4247 accipias.
3288 4181 3415 4236 Tibi
3444 4183 3588 4239 enim
3616 4176 3757 4255 modo

2159 4258 2467 4330 loquuntur,
2498 4262 2589 4317 tibi
2620 4265 2846 4321 suadent
2873 4266 2958 4322 isti
2987 4284 3188 4327 omnes
3218 4274 3439 4345 antiqui
3493 4276 3760 4337 orienulﬂ

2157 4352 2416 4419 cpiscori.
2432 4352 2547 4407 Tibi
2573 4370 2714 4411 nunc
2735 4356 3091 4429 dicunt,qnod
3109 4363 3445 4420 Theodosio
3468 4368 3657 4422 minori
3677 4350 3762 4425 aii-

2156 4444 2373 4513 quautlo
2406 4443 2659 4500 dixerunt
2692 4464 2711 4503 :
2755 4466 2772 4499 t
2806 4448 2862 4505 Si
2894 4460 3077 4507 autem
3108 4457 3458 4527 quidquam,
3490 4459 3767 4528 imperat!

470 4502 769 4596 iudicamus
806 4502 874 4581 de
900 4525 1095 4596 quibus
1130 4525 1291 4591 aliqui
1343 4528 1596 4583 atrociter
1637 4544 1731 4583 eos
1774 4541 2047 4586 accusant.
2081 4502 2133 4564 Β
2159 4502 2366 4607 sancte,
2407 4538 2694 4596 obscurum
2726 4542 2921 4612 aliquis
2950 4502 3199 4604 inveniri
3231 4502 3391 4606 dicat
3422 4502 3481 4607 in
3513 4502 3766 4613 Theodori

471 4617 805 4687 lmposﬂbile
832 4619 973 4674 enim
1004 4629 1115 4686 est,
1149 4634 1269 4673 cum
1302 4621 1545 4677 homines
1570 4622 1679 4677 sint
1709 4622 1800 4694 qui
1840 4626 1890 4679 in
1945 4628 2048 4682 Ec-

468 4710 626 4766 clesia
659 4711 875 4777 docent,
904 4719 963 4766 ut
995 4710 1431 4767 calumniantium
1464 4716 1887 4785 vituperationes
1916 4720 2051 4775 eﬁ'u-

467 4805 634 4867 piant.
666 4802 732 4858 Et
758 4806 884 4873 quid
913 4804 980 4859 de
1002 4804 1257 4859 Ecclesia!
1283 4806 1591 4862 doctoribus
1620 4807 1886 4866 dicimus?
1915 4828 2048 4883 quo-

469 4897 612 4951 niam
640 4905 695 4952 et
724 4896 838 4965 ipsa
868 4904 1050 4950 sancta
1079 4894 1360 4966 Evangelia
1394 4897 1547 4951 multi
1572 4897 1946 4957 hm’rcticorum
1977 4905 2045 4960 ad

466 5002 615 5045 suam
647 4988 911 5058 recipiunt
941 4988 1265 5042 voluntatem
1292 5032 1307 5055 ,
1350 4987 1528 5042 divina
1572 4989 1715 5045 dicta
1749 5003 2042 5063 vertentes,

465 5091 522 5134 et
568 5082 618 5133 in
667 5080 859 5135 multas
893 5088 1071 5148 partes
1116 5092 1312 5144 corpus
1350 5076 1604 5134 Ecclesia:
1657 5080 2041 5141 discindentes.

467 5171 589 5225 llaec
622 5172 672 5223 in
706 5172 851 5224 brevi
896 5172 1143 5239 pietatem
1177 5179 1407 5225 vestram
1440 5185 1538 5226 nos
1580 5186 1768 5229 omnes
1806 5175 2042 5247 episcopi

464 5262 551 5328 qui
586 5259 638 5312 in
677 5261 1018 5315 Antiochiam
1063 5260 1157 5314 Dei
1194 5274 1380 5315 sumus
1409 5263 1576 5331 gratia
1606 5267 1915 5338 congregati
1947 5270 2042 5321 do-

464 5349 691 5402 ruimus.
726 5366 745 5399 ι
791 5350 856 5403 Et
883 5360 1001 5418 post
1032 5350 1147 5406 haec
1167 5391 1183 5417 ,
1217 5366 1338 5407 cum
1369 5354 1564 5409 multos
1590 5362 1645 5409 et
1672 5360 1919 5425 antiquos
1948 5359 2040 5413 do-

536 5465 560 5493 α
606 5458 679 5538 l)_e
718 5455 1073 5538 hacqloaunis
1117 5462 1689 5538 syuotliquc_0rientis
1720 5469 1943 5538 epistula
1977 5472 2042 5528 ad

471 5526 839 5609 Theodosium
867 5530 1071 5609 dictum
1093 5526 1177 5586 est
1203 5533 1296 5609 lib.
1330 5526 1398 5609 it._
1418 5534 1492 5588 Ea
1519 5538 1660 5609 enim
1686 5526 1767 5594 esi
1795 5558 1951 5609 quam
1987 5526 2042 5599 in

472 5599 797 5654 allocutione
823 5599 888 5654 ad
915 5600 1238 5655 Marcianum
1280 5604 1459 5667 laudat
1483 5608 1718 5677 synodus
1743 5599 2040 5669 Chalcedo-

536 5694 554 5724 ⁸
594 5693 723 5750 Cod.
758 5691 980 5755 Veron.
1012 5700 1147 5746 ante.

2157 4627 2393 4698 episcopi
2424 4630 2509 4687 vel
2538 4631 2762 4688 aliorum
2796 4634 3013 4703 litteris,
3049 4637 3163 4697 hoc
3194 4646 3502 4701 retractari
3535 4650 3771 4705 nered-

2156 4722 2290 4776 rium
2321 4736 2555 4782 nonest.
2606 4729 2845 4798 Quorum
2896 4732 3038 4787 cnim
3089 4735 3210 4792 vita
3268 4738 3328 4794 in
3379 4741 3775 4797 sacerdotium

2155 4813 2456 4871 ministerio
2482 4821 2744 4888 Optimum
2777 4821 2958 4878 habuit
2987 4823 3189 4894 ﬁnem,
3229 4829 3323 4885 his
3357 4832 3644 4902 praebitam
3668 4829 3773 4905 II-

2154 4905 2286 4991 riatn
2318 4907 2628 4965 dedicamus
2652 4952 2666 4974 .
2699 4922 2756 4968 et
2800 4930 2907 4969 non
2937 4931 3004 4971 ex
3035 4918 3152 4972 illis
3198 4936 3308 4978 eos
3335 4908 3775 4993 judicamus,ic

2152 4990 2347 5067 quibus
2368 4999 2528 5069 aliqui
2552 5006 2808 5077 atrociter
2822 5020 2916 5063 cos
2935 5021 3234 5081 accusant.
3266 4990 3623 5084 luipossibile
3638 4990 3771 5071 enim

2147 5100 2250 5158 est,
2276 5106 2396 5148 cum
2429 5094 2674 5153 homines
2700 5099 2807 5154 sint
2834 5100 2921 5170 qui
2959 5101 3012 5157 in
3044 5100 3321 5159 Ecclesia
3348 5106 3577 5174 docent,
3610 5117 3665 5161 ut
3688 5120 3777 5161 ca-

2148 5184 2523 5243 lumniantium
2574 5193 3000 5261 vituperationes
3041 5193 3357 5267 eﬁ‘ugiant.
3419 5198 3490 5254 Et
3537 5198 3665 5272 quid
3713 5197 3776 5252 de

2152 5274 2407 5331 Ecclesia:
2435 5278 2745 5336 doctoribus
2772 5283 3001 5338 dicimus
3024 5324 3039 5351 ,
3079 5282 3331 5356 quando
3368 5299 3425 5345 et
3454 5289 3574 5360 ipsa
3604 5298 3778 5344 sancta

2149 5365 2435 5437 Evangelia
2474 5371 2624 5427 multi
2658 5374 3030 5431 hmreticorum
3059 5376 3136 5431 ad
3174 5392 3351 5433 suam
3388 5382 3667 5452 recipiunt
3692 5394 3777 5432 vo-

2154 5479 2353 5563 n‘cusi‘s.
2379 5481 2433 5537 '0
2454 5485 2623 5563 σοςίός,
2654 5486 2855 5552 inquit,
2888 5497 2978 5549 τῆς
3000 5487 3338 5563 Ἀντιοχέων
3374 5493 3647 5553 Ἰωάννης.
3693 5503 3779 5553 τῆς

2150 5550 2277 5610 iam;
2291 5554 2343 5605 ἐκ
2363 5562 2487 5677 ista;
2507 5550 2731 5628 ἧλὼέττης
2747 5567 2820 5627 τῷ
2837 5568 2928 5620 τῆς
2949 5550 3266 5632 eimagis};
3295 5573 3551 5643 σκῆπτρα
3564 5564 3778 5621 διέποντι

2150 5629 2236 5677 τὴν
2266 5621 2358 5677 duo
2391 5630 2528 5677 ονὶαν
2559 5629 2826 5677 ἐξέπςωιε.
2853 5673 2856 5677 .

2146 5629 2236 5680 τὴν
2266 5621 2528 5699 ὁμολογίαι)
2559 5621 2856 5702 ἐξέπεμψέη
