3962 6196
290 266 392 326 717

1131 270 1263 325 t-no
1301 267 1724 326 consuemus
1763 264 1977 321 TRIUM
2015 251 2326 322 CAPITUL.
2370 265 2494 320 LIB.
2541 264 2664 321 vni.

3441 263 3548 321 7i8

291 384 577 449 luntatem,
607 384 797 449 divina
817 384 887 438 dit
908 394 959 437 ta
991 392 1281 448 vertentes,
1314 395 1366 438 et
1395 385 1444 437 iu
1476 382 1669 437 multas
1695 388 1873 451 partes
1900 380 1951 437 Δ
1979 379 2290 448 religionem
2314 378 2703 433 sanctissimam
2727 375 3066 429 eontttrbare.
3101 372 3326 429 intentio
3346 376 3544 430 etenim

293 492 489 544 corpus
523 476 776 531 Ecclesia:
809 476 1216 531 discindentes?
1253 495 1270 528 ι
1327 476 1528 529 Exaudi
1563 475 1759 540 itaque,
1789 486 1876 526 re-

294 567 482 637 ligiose
512 565 784 635 princeps,
813 565 1029 630 exaudi,
1059 580 1361 635 precamur,
1394 565 1670 619 hortantes
1706 571 1760 616 te
1789 577 1877 615 sa-

295 658 543 724 lubriter,
575 668 751 729 patres
782 667 933 719 tuos,
964 660 1008 711 si
1036 660 1191 729 cupis
1233 668 1292 712 ut
1328 673 1421 714 eos
1450 673 1547 727 pro
1571 668 1623 713 te
1659 665 1877 711 orantes

296 754 540 809 Christus
577 752 848 809 exaudiat.
899 751 1075 808 Grave
1112 762 1196 807 est
1234 751 1378 806 enim
1404 792 1419 816 ,
1466 759 1526 804 ut
1569 764 1704 820 quos
1748 748 1876 802 olim

297 851 597 913 praesentes
644 843 696 897 in
738 857 968 913 corpore
992 882 1007 906 ,
1044 851 1101 896 et
1141 843 1542 911 peregrinantes
1569 854 1599 893 a
1630 839 1874 903 Domino,

298 934 636 990 Tliendnsius
676 936 853 990 minor
902 935 1143 1003 recepit,
1192 934 1351 987 modo
1402 932 1803 1001 peregrinantes
1848 945 1877 983 a

299 1042 550 1096 corpore,
581 1034 635 1080 et
666 1035 959 1095 prmsentes
1003 1027 1069 1081 ad
1100 1026 1267 1081 Deum
1304 1026 1632 1081 Justinianus
1670 1025 1882 1094 abjiciat

298 1120 351 1174 in
384 1120 501 1174 zelo
532 1119 653 1176 ﬁdei
683 1118 1024 1186 prmdicatus.
1060 1119 1124 1173 Et
1148 1118 1482 1175 Theodosius
1509 1119 1710 1173 nullius
1746 1117 1879 1173 obe-

299 1209 499 1266 dientis
548 1210 599 1264 iu
647 1210 748 1264 hac
776 1223 936 1264 causa
982 1209 1315 1278 imperatoris
1344 1209 1664 1263 invitabatur
1698 1221 1883 1263 exem-

303 1305 432 1372 plo;
480 1313 535 1358 tu
575 1311 751 1357 autem
782 1301 923 1372 quod
962 1303 1203 1372 sequaris
1234 1302 1418 1357 habes.
1454 1300 1522 1355 Et
1549 1298 1885 1355 Theodosius

303 1396 585 1451 utilitatem
618 1393 785 1463 ipsius
814 1393 1139 1450 obedientize
1178 1392 1413 1449 nondum
1442 1400 1560 1448 erat
1586 1401 1881 1462 expertus;

306 1496 361 1542 tn
392 1496 566 1539 autem
595 1500 771 1540 rerum
799 1486 951 1539 exitu
973 1485 1268 1555 cognovisti
1288 1486 1558 1553 quoinodo
1575 1484 1693 1555 ejus
1715 1487 1881 1540 inter-

304 1577 541 1632 dictione
572 1577 755 1630 sedata
785 1576 944 1631 fuerit
972 1576 1060 1630 illa
1096 1584 1409 1646 tempestas.
1449 1575 1885 1645 lncomparabili—

306 1680 389 1724 ter
420 1672 594 1739 itaque
620 1669 804 1724 utilius
835 1680 888 1722 tu
921 1669 1237 1739 respondes,
1269 1668 1688 1724 clementissime
1717 1667 1885 1738 impe-

305 1770 475 1825 rator,
510 1761 897 1830 exspectationi
949 1762 1110 1815 totius
1160 1760 1445 1826 Ecclesiae,
1486 1775 1646 1830 quam
1677 1760 1765 1816 ille
1796 1776 1883 1814 re-
1917 1741 1963 1801 Β
2274 1720 2301 1757 b

305 1853 524 1920 Spondit
553 1870 566 1906 :
602 1852 855 1922 quoniam
898 1851 1389 1923 incomparabiliter
1428 1856 1598 1922 major
1626 1862 1710 1908 est
1746 1868 1887 1908 nunc

307 1958 472 1999 causa
501 1961 607 1999 non
634 1945 1027 1999 condemnandi
1056 1945 1398 2000 Theodorum
1428 1960 1589 2013 quam
1617 1945 1726 2000 illis
1755 1952 1887 1999 tem-

308 2039 527 2101 poribus
555 2036 673 2090 fuit.
707 2036 762 2092 Si
786 2038 930 2092 enim
952 2035 1188 2092 Joannes
1211 2035 1596 2101 Antioeltenus,
1623 2047 1678 2092 et
1700 2052 1887 2093 omnes

307 2130 596 2185 orientales
621 2129 861 2200 episcopi
885 2144 1021 2199 quos
1053 2130 1486 2197 memoravimus,
1510 2131 1624 2186 sive
1653 2130 1889 2184 Domnns

307 2240 337 2275 a
358 2238 458 2290 quc
490 2220 874 2286 Antiochenus,
905 2236 971 2276 ex
1002 2220 1159 2290 cujus
1198 2221 1425 2291 epistola
1457 2220 1699 2291 qumdam
1728 2222 1745 2252 ¹
1778 2236 1889 2276 me-

312 2314 571 2368 rnoraturi
611 2327 797 2367 sumus
819 2353 836 2379 ,
881 2323 1107 2383 possunt
1150 2314 1418 2383 aliquibus
1452 2314 1619 2369 videri
1652 2328 1749 2384 pro
1773 2317 1890 2368 salo

312 2388 596 2461 Theodoro
621 2417 892 2471 certasse;
922 2420 1021 2461 nos
1052 2416 1253 2474 autem,
1282 2407 1371 2476 qui
1395 2406 1643 2463 timemus
1669 2406 1889 2461 anathe-

312 2498 568 2553 inatizare
603 2496 947 2552 Theodorum
995 2505 1050 2553 et
1097 2513 1288 2555 omnes
1336 2499 1425 2567 qui
1471 2499 1523 2554 ei
1563 2513 1671 2553 non
1707 2497 1891 2554 dicunt

311 2590 617 2654 anathema,
640 2604 748 2645 non
780 2604 875 2658 pro
902 2589 1016 2645 solo
1037 2589 1320 2645 Theodoro
1351 2605 1449 2645 nee
1478 2604 1574 2659 pro
1595 2591 1711 2646 solo
1734 2588 1891 2645 Chal-

311 2680 601 2735 cedonensi
629 2679 879 2745 concilio,
914 2680 1002 2734 ubi
1031 2694 1153 2735 cum
1187 2690 1368 2750 postea
1397 2681 1585 2737 laudes
1610 2680 1727 2751 ejus
1755 2681 1892 2737 reci-

312 2778 556 2826 tarentur
575 2770 858 2826 damnatus
876 2786 980 2827 non
1003 2780 1110 2836 est,
1134 2786 1318 2827 verum
1340 2772 1501 2827 etiam
1525 2786 1623 2841 pro
1655 2772 1890 2840 ipsorum

312 2861 536 2917 Joannis
561 2873 613 2917 et
642 2862 833 2917 Domni
866 2863 1345 2927 Antiochenorum,
1370 2876 1423 2919 et
1449 2865 1688 2920 omnium
1716 2866 1894 2921 orien-

314 2954 500 3007 talium
538 2955 878 3009 sacerdotum
897 2992 914 3018 ,
944 2964 998 3009 et
1025 2954 1169 3011 beati
1200 2954 1372 3009 Procli
1403 2954 1752 3012 damnatione
1777 2972 1895 3012 cer-

317 3056 513 3111 tamus,
545 3046 632 3115 qui
678 3060 785 3101 non
816 3056 1019 3101 tantum
1050 3047 1100 3103 ei
1142 3045 1427 3104 anathema
1474 3062 1581 3104 non
1624 3048 1891 3115 dixerunt,

314 3141 407 3192 St‘ll
446 3152 541 3191 nos
581 3153 793 3208 quoque
834 3138 1013 3194 dicere
1042 3147 1327 3195 vetuerunt
1362 3156 1377 3193 :
1405 3139 1533 3210 quid
1563 3155 1690 3211 ergo
1719 3140 1895 3198 Theo-

313 3229 496 3284 dosius
526 3228 699 3284 minor
728 3228 962 3285 adeunte
996 3243 1055 3284 se
1094 3228 1259 3286 etiam
1291 3230 1549 3299 prredieto
1577 3232 1739 3289 beato
1762 3232 1892 3290 Pro-

313 3321 400 3376 clo
430 3322 793 3391 reSponderit,
825 3336 932 3392 quo
961 3323 1141 3377 utilius
1173 3338 1267 3379 vos
1295 3324 1621 3393 respondere
1651 3326 1889 3395 possitis,

314 3411 587 3467 insinuare
620 3412 901 3468 debemus.
938 3431 957 3464 r
981 3413 1332 3484 imperatores
1357 3413 1616 3482 Caesares,
1647 3415 1893 3472 Theodo.

313 3505 427 3558 sius
440 3503 916 3573 ctValentinianus,
929 3507 1181 3571 victores,
1199 3508 1630 3577 triumphatores,
1647 3508 1894 3578 piissimi,

314 3611 529 3665 seraper
556 3598 747 3667 Augg.,
772 3594 883 3653 Deo
913 3588 1139 3653 ainatori
1167 3598 1360 3654 Joanni
1404 3598 1810 3669 archiepiscopo
1838 3612 1895 3657 et

314 3691 522 3761 synodo
561 3706 681 3745 cum
722 3704 790 3746 eo
827 3689 880 3745 in
920 3690 1203 3760 Antiochia
1256 3700 1612 3762 congregatae.
1659 3690 1893 3748 Turbam

313 3795 476 3849 atque
520 3780 803 3835 tumultum
847 3783 934 3851 qui
982 3780 1162 3837 evenit
1204 3782 1255 3838 in
1295 3782 1517 3839 Oriente
1547 3793 1573 3819 ἰ
1600 3822 1615 3849 ,
1651 3793 1892 3840 nostrum

314 3875 564 3943 cognovit
592 3874 875 3942 imperium
922 3890 1015 3944 per
1046 3876 1508 3947 religiosissimum
1537 3885 1594 3933 et
1619 3878 1897 3935 sanctissi~

313 3980 461 4021 mum
493 3965 703 4021 Patrem
743 3975 983 4021 nostrum
1013 3976 1067 4024 et
1096 3968 1406 4039 episcopum
1437 3968 1707 4026 Proetum.
1746 3968 1894 4034 Quo-

313 4059 457 4113 niam
488 4072 617 4126 ergo
650 4072 747 4126 pro
776 4058 953 4126 quiete
984 4066 1041 4114 et
1074 4074 1209 4130 pace
1248 4062 1488 4116 omnium
1527 4061 1892 4131 providemus.

312 4149 582 4219 praecipue
622 4162 798 4204 autem
843 4165 940 4219 pro
990 4152 1092 4206 lide
1134 4152 1440 4219 catholica,
1485 4169 1603 4221 qua:
1653 4162 1893 4209 nostrum

314 4256 526 4311 quoque
556 4242 788 4297 custodit
818 4244 1131 4312 imperium,
1162 4254 1353 4301 vestra:
1381 4247 1670 4304 scribimus
1696 4249 1897 4304 sancti-

315 4337 428 4399 tati,
459 4343 717 4403 quatenus
747 4350 929 4404 pacem
961 4336 1246 4391 obtineatis
1267 4378 1283 4402 ,
1329 4346 1388 4394 et
1416 4339 1619 4395 nullum
1664 4340 1890 4396 verbum

314 4425 603 4479 intendatis
629 4440 812 4479 eorum
836 4428 925 4497 qui
950 4429 1131 4482 volunt
1158 4437 1345 4482 contra
1371 4428 1596 4485 salutem
1622 4430 1890 4500 propriam

390 4572 413 4598 π
454 4561 766 4636 Tempestas
792 4565 1033 4636 proxime
1056 4564 1194 4636 dicta
1222 4574 1305 4636 est
1334 4566 1384 4619 in
1416 4566 1670 4636 synodica
1700 4565 1895 4621 Orien-

315 4634 530 4706 talium;
576 4634 673 4706 se_d
706 4634 1036 4706 Theodosius
1062 4650 1091 4689 a
1118 4635 1310 4706 Proeto
1348 4636 1416 4691 de
1448 4634 1542 4691 illa
1574 4638 1674 4692 sibi
1702 4652 1893 4706 sugge-

312 4714 455 4757 stum
486 4705 577 4775 ait.
611 4703 877 4775 Turbabat
915 4717 1089 4760 autem
1119 4704 1453 4773 Orientales,
1487 4716 1546 4760 ut
1580 4717 1665 4763 est
1695 4707 1746 4761 in
1771 4703 1891 4775 epi-

313 4772 663 4845 stolaCyrilli
694 4775 760 4828 ad
792 4775 1061 4841 Proclum,
1099 4776 1241 4844 quod
1277 4778 1357 4829 vir
1389 4777 1585 4832 nobilis
1614 4787 1668 4831 et
1695 4772 1889 4833 defun-

311 4855 432 4899 ctus
458 4844 509 4898 in
531 4844 912 4903 communione
938 4845 1296 4901 Ecclesiarum
1323 4848 1887 4903 anathematizaretur.

316 4916 428 4971 lloe
456 4918 633 4983 itaque
670 4925 752 4971 est
778 4916 917 4983 quod
943 4917 1209 4982 rescripto
1239 4931 1338 4971 suo
1370 4931 1510 4971 nunc
1539 4927 1682 4983 vetat
1714 4920 1891 4974 Theo-

314 4988 631 5059 άιιξῑιιεηηθ
675 4985 924 5059 quis‘eos
968 4988 1196 5059 lacessat
1232 4987 1323 5055 qui
1363 4989 1416 5040 in
1463 4987 1724 5043 Ecclesia:
1763 5005 1892 5059 pace

315 5053 550 5109 defuncti
598 5063 741 5109 sunt.
791 5055 908 5122 Quo
959 5055 1053 5121 lit,
1088 5067 1148 5110 ut
1176 5053 1483 5123 suspectum
1524 5061 1593 5112 sit
1622 5053 1888 5113 Theodori

316 5140 548 5191 nomen,
591 5126 730 5195 quod
777 5126 831 5179 in
879 5126 1166 5181 Theodosii
1213 5128 1390 5183 edicto
1434 5128 1501 5182 de
1548 5130 1890 5186 damnatirnc

317 5198 547 5268 bestorii
598 5196 862 5265 adjectum
904 5198 1094 5265 legitur
1126 5208 1229 5252 act.
1278 5200 1312 5253 5
1350 5198 1539 5268 synodi
1577 5216 1630 5264 v,
1673 5214 1794 5254 cum
1839 5204 1888 5255 in

315 5266 667 5332 Ephesinaet
690 5269 742 5322 in
779 5268 1051 5325 codicibus
1081 5282 1185 5323 non
1215 5266 1444 5339 legatur.

388 5397 403 5427 ⁸
444 5395 577 5451 Cod.
627 5396 815 5454 Veron.
835 5442 848 5464 ,
880 5402 1112 5468 quautam
1141 5402 1491 5456 nihilominus.

386 5599 410 5623 ⁹
446 5600 570 5657 Πειιο
607 5604 824 5660 Joannis
867 5604 1182 5659 Antinchcni
1224 5604 1447 5670 epistola
1499 5614 1673 5659 exstat
1704 5603 1888 5659 Latine

314 5679 521 5746 tantum
551 5673 687 5729 inter
710 5676 963 5745 epistolas
988 5676 1168 5746 Cyrilli
1198 5675 1560 5742 Alexandrini,
1585 5678 1720 5745 Opp.
1754 5686 1883 5731 tom.

317 5741 381 5806 Υ,
415 5755 553 5813 part.
586 5762 641 5813 ll,
674 5741 789 5816 pag.
824 5746 945 5801 192.

1915 4494 1972 4555 1)

1979 482 2175 524 nostrm
2215 470 2509 525 divinitatis
2536 469 2626 522 illa
2663 477 2741 521 est
2767 506 2784 529 ,
2831 473 2888 520 ut
2933 481 3123 521 omnes
3154 466 3397 523 homines
3426 482 3547 524 cum

1977 563 2155 630 quiete
2175 562 2371 630 degant
2395 579 2407 612 :
2435 560 2700 629 praecipue
2719 566 2893 613 autem
2927 567 3125 612 sancta!
3149 557 3239 611 Dei
3268 557 3549 626 Ecclesiae,

1979 668 2077 721 per
2107 667 2237 721 quas
2266 661 2322 707 et
2350 666 2449 706 nos
2478 651 2768 716 salvamur,
2806 658 2861 703 et
2904 658 3143 704 nostrum
3174 649 3338 719 pollet
3379 651 3547 718 impe-

1978 746 2136 799 rium.
2170 745 2277 799 Ilac
2320 745 2499 813 itaque
2542 757 2677 796 voce
2720 741 2883 811 quieti
2916 740 3170 796 Ecclesia:
3209 740 3552 809 providentes

1966 851 2081 890 nos
2109 835 2308 905 aliquid
2336 835 2404 890 de
2442 834 2591 889 vobis
2618 832 2799 887 utilius
2840 834 2861 864 ⁸
2889 874 2904 899 ,
2949 832 3048 886 nisi
3091 840 3148 885 ut
3174 846 3388 901 quoque
3431 845 3551 886 cum

1980 928 2123 982 omni
2156 927 2401 982 statuatis
2427 926 2667 980 Ecclesia
2692 965 2706 989 ,
2740 938 2807 979 ne
2830 924 2949 992 quis
2979 923 3235 978 adversus
3263 938 3357 977 eos
3382 923 3468 991 qui
3501 924 3555 977 in

1981 1019 2095 1085 ejus
2128 1032 2257 1087 pace
2293 1018 2526 1073 defuncti
2566 1024 2688 1072 sunt
2713 1057 2729 1083 ,
2768 1016 3057 1086 quidquam
3103 1015 3171 1071 de
3213 1024 3409 1071 extero
3453 1014 3559 1069 tale

1985 1119 2291 1177 praesumat.
2325 1127 2344 1163 ι
3185 1115 3188 1119 ’

2588 1222 2815 1278 CAPUT
2856 1222 2941 1278 IV.

1989 1333 2139 1401 Quod
2170 1336 2394 1405 synodus
2439 1336 2609 1390 eadem
2658 1335 2876 1405 Orientis
2911 1334 2980 1386 ad
3024 1334 3274 1405 Lyrilluin
3321 1334 3471 1387 etiam
3500 1334 3561 1387 de

2258 1423 2359 1460 non
2384 1406 2675 1461 damnando
2703 1404 2973 1459 Theodoro
3000 1404 3276 1469 scripserit.

2062 1534 2319 1606 Adjiciam
2351 1552 2479 1592 vero
2509 1548 2563 1593 et
2590 1537 2746 1591 aliam
2791 1551 2936 1605 saepe
2973 1535 3098 1591 dicti
3141 1536 3309 1591 sancti
3346 1536 3564 1592 Joannis

1989 1629 2309 1684 Antiocheni
2339 1638 2393 1684 et
2423 1629 2611 1700 synodi
2633 1628 2750 1698 ejus
2773 1627 3051 1697 epistolam
3074 1626 3141 1682 ad
3169 1628 3382 1683 beatum
3405 1636 3564 1684 etiam

2333 1735 2431 1789 pro
2482 1734 2589 1774 non
2636 1718 3056 1775 condemnandis
3100 1718 3260 1787 dictis
3304 1717 3565 1775 Theodori

1991 1811 2262 1878 scriptam.
2300 1828 2317 1862 ι
2355 1809 2466 1865 Deo
2506 1808 2719 1863 amabili
2771 1808 2790 1829 ⁶
2834 1817 2889 1864 et
2936 1809 3276 1863 sanctissimo
3318 1808 3567 1877 episcopo

1989 1900 2186 1968 (,Iyrillo
2220 1898 2451 1954 Joannes
2487 1898 2805 1961 Antiochiae,
2831 1908 2888 1953 et
2916 1897 3006 1967 qui
3043 1913 3161 1953 cum
3190 1913 3256 1954 eo
3289 1898 3397 1955 Deo
3424 1915 3564 1955 ama-

1995 1991 2129 2044 biles
2173 1988 2411 2058 episcopi
2454 1988 2835 2043 convenientes
2861 2004 2927 2043 ex
2956 2003 3275 2059 unaquaque
3304 1991 3569 2059 provincia

1989 2093 2108 2149 qum
2139 2078 2192 2133 in
2218 2080 2434 2133 Oriente
2459 2086 2543 2133 est
2566 2078 2660 2132 Dei
2691 2078 2883 2147 gratia,
2908 2078 2963 2132 in
2992 2079 3261 2135 civitatem
3282 2080 3570 2136 amabilem

1990 2171 2206 2224 Christo
2235 2169 2591 2232 Antiochiam,
2624 2177 2842 2238 propter
2874 2167 3077 2224 litteras
3106 2170 3429 2225 sanctissimi
3456 2171 3569 2240 epi-

1992 2261 2138 2331 scopi
2193 2261 2374 2315 domni
2422 2260 2617 2316 Procli.
2659 2280 2678 2313 ι
2716 2261 2781 2315 Et
2820 2259 2979 2324 infra,
3026 2259 3304 2330 loquentes
3334 2264 3402 2317 de
3443 2262 3572 2333 ipsis

1992 2351 2105 2419 qui,
2133 2361 2188 2404 ut
2228 2351 2426 2405 dictum
2465 2359 2566 2414 est,
2608 2349 2859 2404 volebant
2900 2350 3204 2420 importune
3238 2351 3482 2422 quaedam
3507 2353 3575 2407 dc

1996 2440 2261 2495 Theodori
2313 2439 2464 2495 libris
2508 2450 2757 2509 excerpta
2807 2440 3037 2510 capitula
3084 2441 3452 2510 condemnari,
3498 2445 3574 2500 sis

1996 2532 2243 2603 inquiunt
2275 2549 2289 2585 :
2325 2550 2342 2583 ι
2382 2528 2532 2585 Nunc
2559 2539 2739 2586 autem
2770 2530 2934 2587 iidem
2964 2531 3088 2601 ipsi,
3118 2532 3265 2588 velut
3292 2549 3359 2589 ex
3387 2548 3575 2591 somno

1994 2633 2362 2696 exsurgentes,
2394 2631 2742 2691 perrexerunt
2765 2622 2831 2676 ad
2854 2623 3051 2693 regiam
3078 2623 3368 2692 civitatem,
3390 2636 3444 2680 et
3458 2642 3576 2682 eam

1995 2719 2390 2781 perturbantes,
2414 2716 2836 2774 ecclesiasticam
2862 2732 3067 2790 pacem,
3096 2729 3350 2791 quantum
3374 2719 3425 2775 in
3445 2720 3575 2791 ipsis

1994 2818 2096 2876 est,
2130 2808 2497 2864 turbaverunt.
2539 2809 2885 2865 Sanctissimo
2914 2810 3054 2865 enim
3090 2810 3343 2881 episcopo
3382 2810 3576 2869 Proelo

1999 2908 2199 2953 tomum
2242 2908 2387 2954 recte
2418 2913 2603 2955 revera
2631 2907 2686 2954 et
2714 2898 2800 2969 pie
2828 2898 3134 2965 habentem,
3164 2915 3321 2969 quem
3364 2900 3430 2956 ad
3474 2904 3579 2963 Ar-

1998 2990 2206 3045 menios
2248 2986 2484 3060 scripsit,
2531 2988 2685 3045 nobis
2724 2987 3046 3055 destinante,
3072 2998 3124 3046 et
3156 3001 3395 3046 nostrum
3436 3006 3580 3061 quai-

1921 3114 1967 3176 ο
2001 3087 2151 3135 rente
2199 3094 2541 3145 consensum,
2582 3079 2760 3135 omnia
2802 3079 2940 3135 facta
2976 3090 3100 3137 sunt
3142 3095 3174 3135 a
3216 3082 3392 3150 nobis,
3435 3092 3490 3151 et
3524 3084 3581 3142 in

2000 3170 2145 3225 nullo
2174 3171 2351 3226 minus
2379 3171 2621 3226 fecimus.
2653 3169 2780 3224 Erat
2810 3180 2987 3225 autem
3016 3180 3072 3227 et
3100 3170 3201 3227 hoc
3237 3172 3291 3227 in
3335 3176 3580 3241 praesenti

2001 3271 2244 3331 tempore
2269 3277 2678 3333 supervacuum,
2700 3271 2983 3333 propterea
3006 3263 3144 3334 quod
3164 3263 3273 3333 jam
3299 3263 3393 3319 Dei
3410 3281 3517 3336 grai
3533 3266 3580 3319 ia

2000 3367 2191 3409 omnes
2221 3353 2415 3423 ubique
2443 3370 2606 3408 unum
2637 3362 2692 3409 et
2719 3352 2964 3409 eumdem
2995 3353 3303 3410 custodiunt
3331 3355 3473 3426 pium
3506 3356 3582 3407 ἰη-

2001 3445 2294 3502 tellectum.
2339 3442 2527 3502 Solent
2560 3445 2701 3499 enim
2742 3444 3023 3515 aliquoties
3057 3460 3140 3499 res
3165 3460 3282 3515 quae
3310 3445 3458 3515 quasi
3486 3461 3579 3517 ne—

1997 3537 2246 3592 cessaria:
2283 3537 2554 3601 videntur,
2584 3535 2683 3589 nisi
2722 3544 3019 3605 opportune
3062 3536 3207 3602 (iant,
3238 3544 3583 3606 augmentum

1999 3626 2417 3696 perturbationis
2460 3626 2724 3696 accipere.
2774 3624 2929 3680 Aliud
2977 3623 3135 3680 etiam
3183 3626 3376 3679 malum
3408 3634 3491 3680 est
3528 3626 3581 3679 in

1997 3721 2219 3774 istorum
2246 3719 2585 3774 festinatione
2606 3716 2851 3771 manibus
2875 3714 3171 3770 extensis“
3190 3725 3238 3781 ε,
3262 3726 3317 3771 et
3343 3715 3477 3769 alter
3506 3724 3582 3769 to-

2000 3826 2119 3866 mus
2142 3821 2391 3879 excerpta
2418 3810 2659 3880 qumdam
2689 3808 2892 3862 habens
2923 3807 3061 3862 beati
3087 3804 3350 3860 Theodori
3374 3807 3463 3875 qui
3486 3808 3582 3862 iuit

2008 3901 2346 3969 Mopsuestize
2392 3900 2698 3969 episcopus,
2746 3905 2801 3951 et
2843 3911 2906 3951 ea
2955 3910 3074 3966 qua:
3120 3895 3207 3951 ille
3258 3896 3308 3951 in
3355 3894 3583 3953 diversis

2000 3991 2152 4048 libris
2209 3992 2406 4046 dixisse
2465 3990 2702 4055 videtur,
2742 3987 2980 4043 volentes
3022 3989 3100 4043 eis
3168 3986 3449 4043 anathema
3494 3987 3579 4044 in-

1998 4088 2158 4143 ferre.
2194 4085 2415 4155 Propter
2463 4084 2562 4138 hoc
2606 4084 2837 4153 petimus
2876 4089 2935 4135 ut
2976 4089 3208 4134 mentem
3246 4090 3389 4134 tuam
3427 4077 3582 4133 nobis

1998 4178 2232 4247 applices
2278 4173 2572 4229 studiosius
2599 4188 2756 4241 quam
2788 4171 2839 4226 in
2880 4170 2997 4225 aliis
3043 4171 3225 4235 rebus,
3267 4178 3322 4225 et
3349 4170 3575 4241 dignare

1998 4267 2345 4323 considerare
2377 4265 2575 4320 malum
2598 4278 2735 4333 opus
2764 4263 2865 4318 hoc
2892 4276 3032 4330 esse,
3065 4262 3167 4315 nisi
3198 4276 3268 4316 ex
3300 4263 3572 4317 communi

2000 4362 2265 4415 sententia
2295 4357 2426 4413 illud
2473 4356 2813 4425 exstinguere
2854 4353 3088 4409 labores.
3124 4351 3281 4408 Dedit
3308 4354 3453 4410 enim
3485 4354 3579 4411 tibi

2002 4452 2140 4508 Deus
2164 4466 2326 4520 super
2355 4448 2491 4504 velle
2513 4449 2671 4502 etiam
2705 4461 2880 4517 posse,
2911 4457 2967 4501 ut
2998 4445 3051 4501 in
3074 4461 3357 4503 commune
3390 4463 3580 4503 omnes

2072 4584 2098 4661 ῑς
2137 4583 2213 4638 De
2242 4584 2340 4661 hac
2367 4580 2596 4661 Cyrillos
2626 4579 2740 4648 ipse
2782 4581 2833 4634 in
2864 4580 3051 4661 eadem
3091 4578 3156 4634 ad
3173 4580 3434 4661 _Proelum
3466 4584 3581 4661 epi-

1998 4655 2133 4709 stola
2170 4668 2288 4722 quze
2320 4651 2507 4706 Latine
2534 4661 2735 4705 tantum
2780 4659 2955 4705 exstat
2997 4653 3049 4705 in
3096 4651 3276 4719 quinta
3323 4651 3575 4722 synodo:

2001 4725 2155 4779 Nunc
2183 4739 2318 4784 vero,
2351 4724 2538 4791 inquit,
2572 4723 2700 4774 sicut
2727 4722 2930 4788 scripsit
2958 4723 3025 4774 ad
3063 4737 3142 4774 me
3173 4722 3413 4774 dominus
3440 4739 3580 4776 meus

1996 4795 2345 4849 sanctissimus
2364 4795 2630 4860 cpiscopus
2650 4792 2932 4845 Antiochia
2952 4791 3200 4851 Joannes,
3219 4791 3420 4845 initium
3439 4794 3578 4859 apud

1995 4866 2135 4928 ipsos
2154 4864 2362 4917 alterius
2381 4863 2686 4932 tempestatis
2702 4861 2956 4923 surrexit;
2975 4871 3023 4915 et
3046 4860 3294 4924 plurimus
3308 4868 3385 4912 est
3399 4862 3571 4932 tirnor,

1998 4948 2049 4987 ut
2074 4936 2289 4998 forsitan
2308 4929 2517 5003 quidam
2537 4932 2799 4987 instabiles
2817 4932 2884 4985 ad
2907 4932 3078 4998 priora
3099 4938 3433 5003 revertantur.
3453 4929 3578 4985 Haec

2000 5021 2125 5060 vero
2153 5000 2417 5058 tertia'est
2460 5019 2643 5057 earum
2693 5016 2826 5071 quas
2872 5011 3090 5069 propter
3134 5000 3364 5071 capitula
3398 5000 3571 5055 Procli

1999 5087 2143 5130 torno
2167 5074 2397 5140 subdita,
2418 5088 2515 5144 pro
2537 5068 2818 5144 Theodoro
2839 5068 3119 5144 scripsisse
3137 5068 3395 5124 Joannem
3419 5071 3511 5127 lib.
3538 5086 3574 5127 tt

1999 5148 2310 5200 adnotatum
2342 5141 2522 5200 estex
2554 5142 2826 5197 Breviario
2853 5141 3111 5195 Liberali.

2072 5248 2094 5277 ε
2140 5237 2357 5291 Videtur
2390 5236 2475 5289 hic
2505 5234 2701 5303 aliquid
2735 5235 2940 5287 deesse.

2065 5416 2086 5447 ε
2122 5414 2265 5469 idem
2311 5414 2427 5467 cod.
2453 5454 2466 5475 ,
2510 5413 2682 5467 utilius
2720 5422 3082 5480 exspectamus.
3132 5411 3225 5470 Est
3262 5425 3431 5470 autem
3470 5416 3570 5471 hac

1995 5487 2168 5561 utilius
2199 5485 2315 5550 nisi,
2349 5495 2453 5538 etc.

1998 5615 2110 5739 ως
2143 5613 2284 5668 idem
2317 5613 2490 5670 hiatus
2519 5615 2752 5670 occurrit
2779 5614 2972 5672 ibidem
3002 5614 3160 5687 (Opp.
3190 5612 3418 5686 Cyrilli),
3442 5627 3564 5685 pag.

2066 5703 2116 5737 ι).
3110 5697 3114 5702 ’

2066 5703 2116 5737 ι).
3110 5697 3114 5702 ’
