3962 6196
376 264 481 324 7m
1445 244 1744 305 movum
1785 248 2001 304 EPlSC.
2047 244 2544 304 uenntsmsrs
2764 249 2768 253 ‘
3544 252 3635 305 7.3:,

371 384 530 456 iuves
548 380 590 436 ⁹.
613 381 748 436 Sunt
778 379 829 435 iu
861 377 954 434 illo
1007 385 1152 430 tomo
1180 374 1419 444 mundam
1445 367 1678 434 incerta,
1716 375 1771 421 et
1800 368 1953 421 aliter
1984 373 2028 430 Λ
2059 369 2155 423 bus
2198 367 2504 434 contingere
2533 369 2709 426 solet:
2737 367 2878 439 quod
2912 382 3017 422 non
3046 366 3241 423 scienti
3281 351 3485 421 tantum
3522 368 3633 423 [me

374 494 536 549 quam
582 476 723 531 dicta
755 481 880 529 sunt
929 472 1152 539 intelligi
1203 469 1458 536 valentia,
1498 471 1821 524 conﬁtemur
1852 466 1956 521 hoc
2060 465 2312 531 dicimus,
2358 465 2454 522 sed
2484 465 2647 521 etiam
2691 462 2811 531 plus
2852 459 3509 516 omnibus'considerare
3550 474 3639 513 va-

376 572 538 625 ctium
571 583 669 623 nos
699 584 713 619 :
748 566 977 635 plurima
1008 576 1139 619 vero
1166 576 1355 619 eorum
1394 569 1580 631 aperta
1606 558 1871 624 videmus,
1903 566 1959 612 et

377 664 494 717 sine
518 661 695 730 aliqua
726 656 1074 727 ambiguitate
1103 663 1270 723 recta.
1322 652 1431 709 Sed
1474 652 1580 707 illis
1620 666 1740 721 qua:
1769 658 1961 721 putan-

381 765 467 809 tur
493 753 744 815 obscura,
774 749 965 806 similia
996 748 1161 805 multa
1187 754 1243 800 et
1268 760 1298 800 a
1332 746 1576 817 plurimis
1604 743 1961 799 anterioribus

377 842 496 915 eius
525 851 581 898 et
606 840 855 913 gloriosis
902 838 1148 905 Patribus
1175 837 1318 893 dicta
1371 835 1711 900 invenimus;
1742 843 1798 889 et
1825 833 1959 903 peri-

378 936 556 991 culum
591 934 715 988 hinc
744 931 942 1005 pendet
972 946 1074 986 non
1117 931 1256 994 leve,
1298 944 1367 984 ne
1409 929 1463 984 in
1492 927 1612 983 istis
1634 929 1797 983 etiam
1840 926 1963 980 illo-

380 1043 500 1083 rum
531 1027 573 1050 θ’
611 1027 907 1091 solvamus,
935 1023 1054 1095 ejus
1084 1023 1187 1078 viri
1238 1021 1590 1091 reprobantes
1620 1020 1762 1074 dicta
1790 1019 1880 1088 qui
1912 1019 1966 1072 in

381 1122 693 1191 episcopatu
734 1117 950 1189 quidem
994 1114 1301 1180 defunctus,
1352 1113 1612 1184 agonibus
1636 1120 1818 1167 autem
1864 1111 1965 1164 ad-

387 1226 578 1267 versus
614 1208 843 1264 Arianos
872 1209 891 1239 ‘
914 1217 968 1262 et
996 1206 1134 1262 alios
1155 1204 1475 1269 haereticos,
1512 1204 1701 1258 decem
1734 1201 1971 1257 millibus

384 1318 482 1373 per
508 1315 724 1356 omnem
755 1314 905 1355 suam
937 1298 1102 1353 vitam
1134 1297 1331 1368 ubique
1359 1295 1647 1352 decoratus
1674 1302 1779 1350 est.
1813 1293 1969 1361 Quod

384 1392 429 1447 si
462 1393 573 1458 ﬂat,
606 1392 775 1446 multa
803 1391 964 1446 etiam
996 1389 1065 1443 ab
1093 1388 1212 1443 aliis
1254 1386 1457 1443 sanctis
1487 1386 1755 1453 Patribus,
1786 1395 1971 1454 aperte

386 1485 531 1537 dit-ta
571 1481 908 1538 retractaturi
958 1494 1144 1534 sumus
1188 1487 1243 1534 et
1288 1477 1648 1547 reprobaturi.
1690 1475 1974 1545 Excerptis

384 1580 532 1630 enim
566 1573 683 1628 istis
725 1571 923 1628 similia
945 1569 1190 1640 quaedam
1222 1569 1528 1625 invenimus
1554 1562 1694 1639 apud
1727 1577 1808 1623 ter
1844 1567 1974 1622 bea-

386 1678 500 1722 tum
542 1674 597 1721 et
640 1664 877 1719 nobilem
923 1661 1296 1725 Athanasium,
1337 1660 1579 1731 quaedam
1627 1659 1789 1715 etiam
1832 1658 1972 1728 apud

2062 558 2191 613 lenti
2222 556 2638 627 magnitudinem
2682 552 2843 622 hujus
2890 551 3265 607 absurditatis.
3298 551 3441 618 Quid
3473 560 3652 608 autem

2064 665 2169 706 non
2202 650 2533 720 praebeamus
2559 661 2625 701 ex
2662 645 2767 699 hoc
2801 642 3162 699 desiderabile
3192 641 3425 699 Nestorii
3463 640 3655 698 defen-

2063 741 2309 797 scribus?
2336 739 2467 806 Quis
2498 739 2643 794 enim
2674 751 2797 793 eum
2828 750 2936 791 non
2966 734 3275 802 honorabit,
3316 735 3361 789 si
3397 748 3520 789 cum
3555 735 3659 789 isto

2067 845 2122 892 et
2152 835 2272 891 aliis
2302 835 2394 905 qui
2425 834 2478 888 in
2509 831 2824 902 episcopatu
2868 829 3034 883 vitam
3077 827 3462 899 deposuerunt,
3498 828 3660 881 simul

2068 928 2553 983 anathematizetur
2575 926 2603 956 ⁸
2627 924 2650 977 ?
2678 930 2771 977 aut
2800 922 2890 976 ubi
2934 920 3052 991 ejus
3079 920 3260 991 opinio
3290 934 3387 990 per
3411 919 3516 974 hoc
3555 932 3664 972 non

2069 1021 2300 1091 accipiat
2329 1016 2761 1075 incrementum?
2801 1014 2934 1082 Quis
2961 1024 3143 1069 autem
3174 1013 3525 1082 deceptorum
3569 1010 3664 1063 ho-

2070 1114 2297 1174 minum.
2328 1113 2398 1168 de
2426 1112 2544 1167 istis
2573 1108 2912 1166 occasionem
2943 1120 3245 1169 assumens,
3290 1119 3397 1159 non
3434 1099 3659 1157 confes-

2071 1219 2249 1261 sorem
2284 1202 2580 1269 vocaverit,
2622 1199 2786 1256 veluti
2818 1207 3038 1269 propter
3085 1196 3236 1251 illum
3276 1210 3499 1265 passum
3536 1208 3661 1262 qua:

2076 1312 2266 1368 passus
2290 1306 2375 1352 est
2396 1300 2439 1361 ⁸,
2463 1304 2585 1365 qum
2623 1294 2788 1349 etiam
2822 1291 2896 1347 illi
2919 1290 3010 1360 qui
3040 1289 3092 1344 in
3122 1289 3363 1343 Ecclesia
3397 1287 3663 1341 fulserunt

2076 1390 2221 1459 passi
2260 1388 2425 1443 sunt?
2449 1387 2579 1455 Quis
2619 1394 2797 1441 autem
2848 1393 3081 1439 mentem
3132 1382 3444 1436 habentium
3491 1380 3662 1434 nescit

2076 1482 2202 1551 quia
2228 1496 2292 1536 ea
2317 1495 2438 1551 quae
2481 1480 2614 1535 dure
2643 1494 2672 1533 a
2720 1478 2879 1532 beato
2906 1476 3194 1532 Theodoro
3223 1475 3359 1531 dicta
3389 1484 3539 1539 sunt,
3571 1489 3664 1531 ne-

2078 1574 2332 1630 ceSsitate
2361 1570 2672 1638 compulsus
2699 1569 2871 1624 dixit?
2892 1568 3231 1637 Proponebat
3258 1568 3400 1622 enim
3428 1583 3553 1621 eum
3585 1575 3666 1619 to-

2083 1675 2166 1721 tus
2194 1666 2248 1720 in
2277 1677 2564 1719 commune
2589 1662 2784 1717 Oriens
2824 1660 2966 1714 inter
3011 1674 3106 1715 eo;
3132 1659 3219 1729 qui
3266 1669 3389 1713 ante
3416 1674 3517 1713 nos
3548 1659 3668 1713 fue-

388 1761 600 1813 beatum
632 1754 909 1821 Basilium,
951 1751 1192 1824 quaedam
1228 1753 1366 1822 apud
1408 1751 1728 1822 Gregorium
1766 1759 1973 1805 utrum-

2087 1766 2223 1825 runt,
2255 1756 2396 1812 sicut
2419 1756 2671 1810 virtutem
2705 1754 2927 1808 multam
2957 1751 3216 1807 doctrina:
3245 1752 3536 1807 habentem
3574 1750 3667 1805 ad-

388 1864 523 1920 que;
551 1847 716 1902 multa
738 1860 868 1902 vero
887 1854 941 1901 et
961 1847 1105 1916 apud
1124 1834 1556 1915 Amphilochium
1586 1845 1783 1913 sapius
1808 1843 1974 1911 dicta,

390 1958 499 1997 non
526 1954 691 2011 parva
722 1954 851 1994 vero
879 1947 935 1995 et
960 1938 1103 2007 apud
1136 1953 1478 1994 communem
1511 1937 1725 1993 Patrem
1765 1937 1975 1993 beatum

389 2030 775 2101 'l'heOphilum.
807 2030 942 2086 Sunt
974 2030 1117 2083 enim
1144 2044 1265 2099 quae
1297 2028 1458 2084 etiam
1498 2038 1584 2082 tua
1615 2028 1873 2083 sanctitas
1905 2028 1973 2081 ita

393 2120 704 2186 conﬁtetur,
748 2128 803 2175 et
841 2118 1092 2175 eumdem
1140 2118 1207 2174 de
1247 2118 1354 2174 illis
1404 2119 1570 2174 babes
1622 2120 1974 2175 intellectum.

391 2211 647 2279 Quantam
681 2211 843 2265 etiam
870 2209 939 2263 ab
965 2209 1081 2279 ipso
1102 2208 1316 2263 amabili
1355 2209 1418 2232 '“
1444 2208 1555 2264 Deo
1579 2208 1771 2265 Proclo
1812 2210 1863 2264 in
1899 2225 1981 2265 ee

390 2303 514 2363 dem
545 2304 668 2373 ipso
693 2312 839 2356 tumo
867 2310 1025 2371 quem
1056 2300 1121 2355 ad
1150 2296 1436 2357 Armenios
1464 2301 1634 2368 misit,
1665 2316 1771 2373 quo
1801 2303 1979 2362 multis

390 2394 639 2447 sensibus
667 2392 783 2445 istis
824 2390 1096 2460 decerptis
1125 2391 1416 2445 concurrit.
1465 2391 1532 2446 Et
1561 2391 1677 2447 dies
1719 2408 1819 2447 nos
1848 2393 1981 2447 deﬁ-

391 2488 497 2542 ciet
523 2492 901 2555 percurrentes
932 2483 1146 2538 beatum
1178 2483 1527 2538 Eustachium
1559 2485 1858 2540 Antiochiae

392 2576 632 2632 civitatis
662 2576 997 2645 cpisc0pum,
1027 2575 1119 2644 qui
1174 2573 1272 2629 fuit
1322 2588 1418 2643 pro
1451 2584 1595 2629 recta
1644 2575 1748 2630 tide
1792 2576 1843 2629 in
1885 2574 1979 2629 Ni-

392 2684 545 2725 ctcno
570 2667 822 2736 concilio,
852 2678 906 2724 et
931 2682 1137 2739 magna:
1160 2666 1316 2722 fama:
1346 2668 1686 2723 Alexandria:
1709 2679 1904 2724 vestra:
1925 2670 1979 2735 ';

397 2764 495 2820 sed
521 2763 689 2819 etiam
735 2772 855 2833 post
896 2762 1016 2818 illos
1062 2760 1435 2816 sanctissimos
1481 2762 1789 2833 episcOpos,
1821 2760 1985 2816 Mele-

395 2858 554 2923 tium,
576 2854 914 2921 Flavianum,
946 2868 974 2907 a
1019 2853 1212 2929 quibus
1244 2852 1394 2922 plura
1433 2853 1554 2909 istis
1602 2854 1983 2909 concordantia

394 2946 535 3003 dicta
567 2955 710 3001 sunt.
736 2945 876 3014 Quid
901 2945 1013 3017 jam
1043 2945 1216 3000 dicam
1244 2944 1311 3001 de
1361 2946 1444 3001 his
1473 2948 1563 3017 qui
1607 2948 1660 3003 in
1696 2947 1986 3005 Occidente

396 3040 699 3097 secundum
728 3040 1025 3095 doctrinam
1050 3039 1070 3070 ³
1096 3047 1151 3095 et
1174 3040 1417 3099 eamdem
1448 3039 1845 3095 confessionem
1889 3041 1985 3095 de-

2080 1862 2269 1905 versus
2320 1846 2579 1911 haereses,
2625 1854 2811 1900 contra
2840 1858 2973 1915 quas
3012 1859 3251 1914 pugnans
3297 1851 3352 1896 et
3399 1843 3669 1896 dimicans

2081 1937 2247 1994 multa
2276 1936 2508 2007 quadam
2537 1934 2802 1990 divisione
2833 1949 2961 1988 usus
2985 1944 3088 1999 est,
3139 1950 3244 1987 non
3278 1949 3341 1987 ex
3386 1948 3555 2003 pravo
3587 1934 3669 1987 in-

2082 2029 2299 2085 tellectu
2347 2026 2588 2091 veniens,
2637 2024 2732 2081 sed
2780 2024 3051 2081 efficacius
3095 2027 3355 2079 adversus
3387 2025 3673 2079 haereticos

2083 2119 2173 2173 illo
2226 2118 2387 2173 modo
2441 2118 2516 2171 uti
2548 2116 3039 2187 jttdiranszneque
3086 2116 3346 2171 unitatem
3401 2131 3671 2170 summam

2083 2214 2337 2283 ignorans
2367 2212 2448 2267 rel
2498 2225 2722 2281 negans,
2756 2209 2915 2277 absit,
2962 2210 3110 2280 pleni
3159 2211 3305 2264 enim
3356 2208 3669 2278 hujusmodi

2080 2316 2209 2360 sunt
2250 2319 2442 2361 omnes
2490 2304 2606 2374 ejus
2638 2304 2782 2367 libri,
2829 2305 2925 2359 sed
2957 2312 3271 2357 naturarum
3308 2304 3672 2371 proprietates

2083 2398 2313 2467 amplius
2344 2397 2611 2461 dividens,
2640 2396 2778 2451 sicut
2802 2396 2854 2451 ei
2887 2411 3061 2467 pugna
3083 2410 3243 2464 quam
3272 2396 3533 2451 adversus
3566 2398 3673 2449 lite-

2086 2492 2287 2546 rcticos
2326 2490 2535 2557 habuit,
2567 2489 2871 2544 faciendum
2916 2489 3172 2548 dictabat.
3205 2489 3313 2544 lloc
3343 2500 3398 2544 et
3426 2500 3513 2543 tua
3545 2489 3675 2543 reli-

2085 2584 2306 2655 giositas
2327 2584 2659 2655 dispensavit
2687 2593 2872 2652 aperte
2898 2583 2950 2637 in
2974 2583 3330 2639 anterioribus
3357 2584 3555 2638 litteris
3584 2599 3674 2638 γει

2086 2679 2215 2733 stris
2236 2676 2302 2731 ad
2324 2676 2741 2731 satisfactionem
2782 2664 3135 2746 quorumdam
3160 2676 3551 2731 venerabilium
3582 2690 3677 2729 co-

2085 2768 2461 2836 episcoporum
2489 2777 2795 2822 nostrorum
2827 2784 2839 2820 :
2864 2766 3005 2837 quod
3036 2778 3089 2821 et
3119 2768 3290 2837 ipsum
3324 2776 3432 2821 tua:
3457 2768 3673 2820 \‘irltttis

2088 2873 2299 2930 tuasque
2327 2862 2602 2930 sapientia:
2638 2861 2914 2931 proprium
2946 2871 3049 2916 est.
3085 2881 3107 2915 ι
3138 2862 3332 2917 Verum
3381 2877 3506 2932 ego,
3548 2862 3674 2916 reli-

2087 2956 2239 3025 giose
2266 2956 2537 3025 princeps,
2585 2967 2844 3025 quantum
2875 2970 2941 3010 ex
2986 2955 3071 3009 his
3110 2956 3271 3011 dictis
3300 2956 3527 3023 afﬁcior,
3556 2956 3675 3026 qui-

2093 3050 2193 3101 bus
2220 3047 2558 3103 venerabiles
2589 3048 2775 3102 Patres
2821 3064 2917 3117 per
2959 3048 3212 3104 donatam
3241 3050 3340 3103 sibi
3386 3066 3413 3103 a
3448 3050 3560 3105 Deo
3590 3067 3679 3106 sa-

394 3133 565 3190 corati
596 3140 743 3200 sunt,
774 3144 911 3203 quos
942 3132 1106 3187 etiam
1153 3139 1239 3185 tua
1268 3140 1528 3187 sanctitas
1569 3130 1762 3186 melius
1791 3131 1977 3186 novit!

2088 3140 2343 3209 pientiam
2375 3149 2753 3208 pravenerunt
2794 3142 3050 3211 quidquid
3098 3141 3150 3195 in
3198 3156 3363 3196 causa
3406 3142 3677 3199 Theodori

396 3226 625 3284 Intende
652 3228 855 3297 itaque,
896 3239 1045 3295 rogo,
1094 3223 1158 3278 ad
1189 3222 1333 3294 quod
1367 3223 1720 3294 p":ecipitium
1752 3238 1852 3279 nos
1885 3225 1985 3277 im-

398 3321 623 3391 pellant,
653 3317 746 3389 qui
774 3317 840 3371 ad
870 3315 1069 3371 nullam
1100 3315 1387 3370 utilitatem
1454 3314 1603 3370 erbis
1630 3316 1984 3370 contendunt.

397 3412 534 3480 Quid
562 3424 668 3466 non
700 3408 829 3464 hinc
856 3408 1091 3463 ltcsionis
1117 3406 1201 3463 vel
1230 3407 1591 3479 corruptionis
1618 3416 1673 3465 et
1712 3408 1987 3464 confusio-

398 3504 484 3561 nis
519 3504 731 3574 plenum
759 3511 1067 3574 generetur,
1100 3501 1147 3556 si
1187 3500 1489 3573 aperiamus
1527 3500 1748 3572 januam
1783 3502 1864 3557 his
1896 3503 1987 3572 qui

399 3596 543 3653 dicta
565 3594 998 3651 ‘transeuntium
1022 3593 1239 3649 Patrum
1272 3603 1518 3653 evertere
1538 3592 1611 3646 ιτ
1638 3592 1794 3664 quale
1823 3593 1978 3648 dam—

405 3705 533 3746 num
570 3704 680 3745 non
725 3695 970 3758 apertum
1010 3688 1115 3742 erit
1155 3685 1298 3743 dicta
1357 3700 1461 3745 non
1504 3686 1674 3745 solum
1715 3685 1987 3753 refutare,

402 3785 499 3841 sed
526 3783 689 3850 etiam
720 3781 1211 3838 anathematizare?
1240 3778 1308 3837 Ut
1337 3780 1479 3837 cnim
1507 3780 1652 3839 aliud
1684 3781 1842 3836 alicui
1875 3781 1987 3850 pla-

399 3888 543 3947 ceat,
567 3877 711 3934 aliud
739 3892 867 3948 non,
915 3879 966 3931 in
1020 3876 1318 3946 aliquorum
1365 3874 1547 3941 dictis,
1583 3874 1699 3932 sive
1739 3876 1990 3947 antiquo-

401 3985 544 4035 rum,
596 3970 710 4025 sive
759 3966 1138 4040 posteriorum,
1179 3965 1295 4021 sive
1337 3981 1444 4022 non
1480 3974 1785 4023 nostrorum
1810 3967 1853 4034 ⁸,
1885 3967 1987 4022 alia

413 4060 552 4135 ratio
580 4067 681 4115 est.
715 4057 783 4113 Ut
811 4068 988 4114 autem
1020 4067 1074 4112 et
1105 4058 1388 4110 anathema
1433 4057 1513 4112 cis
1542 4057 1868 4127 imponatur,
1897 4074 1988 4112 ar-

405 4154 668 4208 bitramur
691 4150 863 4205 audax
903 4157 957 4204 et
998 4162 1247 4217 aslierum
1288 4163 1568 4220 apparere,
1598 4151 1699 4204 etsi
1745 4165 1989 4219 persona:

404 4259 527 4299 cum
551 4244 708 4298 dictis
730 4255 836 4296 non
857 4241 1400 4309 anathematizcntur.
1428 4241 1557 4309 Quis
1574 4240 1719 4313 enim
1744 4251 1987 4301 nostrum

404 4345 593 4406 speret
614 4333 756 4405 quod
785 4333 950 4388 alium
983 4332 1004 4363 ⁸
1027 4331 1209 4402 possit
1241 4346 1482 4400 movere,
1513 4341 1607 4403 aut
1632 4334 1758 4404 quid
1798 4334 1987 4391 borum

405 4443 511 4482 non
546 4426 786 4497 praebeat
834 4425 1176 4480 occasionem
1219 4439 1431 4496 semper
1474 4437 1531 4482 ut
1568 4426 1749 4498 populi
1776 4436 1988 4497 pertur-

2093 3246 2191 3301 pro
2232 3246 2423 3303 magna
2471 3231 2682 3304 synodo
2727 3232 3058 3303 respondere
3110 3248 3423 3301 possemus;
3467 3245 3678 3292 tantum

2091 3325 2273 3392 doleo,
2304 3334 2361 3381 et
2389 3325 2494 3380 illis
2516 3324 2661 3395 quod
2694 3326 2889 3381 factum
2920 3336 3002 3382 est
3042 3327 3266 3397 imputo,
3299 3329 3387 3396 qui
3430 3347 3533 3384 non
3562 3331 3679 3387 haec

2090 3427 2214 3472 ante
2254 3415 2409 3471 vobis
2462 3417 2750 3474 ostendere
2800 3427 3196 3475 consueverunt
3236 3420 3305 3474 '°.
3346 3421 3477 3487 Quis
3526 3422 3671 3477 enim

2090 3511 2281 3581 credit,
2330 3512 2475 3584 quod
2498 3513 2584 3569 vel
2638 3523 2798 3569 tantae
2842 3514 3144 3578 auctoritati
3186 3514 3374 3586 religio
3425 3525 3536 3582 tua,
3586 3518 3675 3571 vel

2091 3605 2372 3674 prudentia
2422 3605 2513 3660 tali
2561 3604 2759 3661 rationi
2805 3607 3123 3663 resisteret?
3152 3608 3275 3664 llaec
3322 3610 3463 3664 enim
3515 3611 3677 3665 verba

2088 3695 2279 3768 synodi
2324 3697 2581 3765 Orirmtis,
2637 3710 2743 3753 non
2799 3697 2973 3754 dicam
3027 3699 3267 3754 timorati
3315 3711 3368 3755 et
3415 3702 3683 3770 sapientis

2090 3788 2347 3859 principis
2372 3788 2631 3855 animum,
2661 3788 2759 3845 sed
2793 3788 3079 3860 cujuslibet
3124 3790 3354 3847 hominis
3378 3807 3538 3861 quem
3570 3808 3679 3849 non

2090 3880 2305 3950 penitus
2344 3878 2584 3936 deseruit
2626 3880 2953 3948 humanitas,
2995 3892 3421 3939 commoverent.
3461 3883 3593 3939 Nam
3631 3885 3680 3940 si

2091 3980 2222 4027 tunc
2275 3979 2564 4040 potuerunt
2616 3971 2894 4027 ardentem
2964 3971 3231 4028 ﬂammam
3294 3975 3631 4044 restinguere
3658 4017 3673 4041 ,

2089 4069 2291 4133 quanto
2317 4061 2485 4132 magis
2509 4075 2652 4117 nunc
2681 4076 2710 4117 a
2744 4061 2900 4118 vobis
2919 4062 3165 4118 obtinere
3192 4074 3413 4133 possent
3455 4080 3526 4119 ne
3549 4066 3675 4136 quis

2090 4154 2441 4211 resuscizaret
2474 4155 2836 4211 exstinctam?
2876 4156 2935 4212 Si
2963 4164 3144 4211 autem
3175 4155 3339 4211 veluti
3378 4171 3443 4211 ex
3480 4171 3679 4212 somno

2090 4256 2441 4318 exsurgentes
2469 4248 2602 4303 dicti
2632 4256 2756 4303 sunt
2777 4247 2875 4314 illi,
2905 4250 3140 4319 quicum
3173 4247 3304 4303 nihil
3334 4249 3681 4305 contradixis-

2090 4350 2209 4397 sent
2225 4341 2426 4396 viventi
2455 4340 2762 4408 Theodoro,
2788 4348 2908 4410 post
2933 4341 3050 4410 ejus
3079 4340 3284 4396 obitum
3310 4340 3400 4395 illo
3430 4352 3683 4412 tempore

2092 4440 2449 4502 perrexerunt
2478 4433 2582 4487 huc
2610 4433 2677 4488 ad
2704 4435 2902 4503 regiam
2928 4435 3221 4504 civitatem,
3250 4434 3677 4490 ecclesiasticam

404 4516 634 4572 bentur?
666 4513 735 4569 Et
765 4514 865 4569 hoc
896 4514 1134 4586 quidem,
1166 4529 1217 4572 ct
1253 4516 1553 4574 rit-cutibus
1577 4530 1630 4575 et
1659 4523 1983 4575 transeunti-
2014 4516 2064 4576 D
2089 4538 2299 4593 pacem,
2332 4534 2597 4595 quantum
2621 4524 2677 4581 iu
2705 4526 2837 4593 ipsis
2862 4534 2971 4593 est,
3000 4525 3422 4583 conturbantes:
3445 4526 3575 4596 quid
3612 4528 3683 4582 de

478 4694 502 4723 ⁸
534 4684 714 4750 Forte,
750 4680 925 4736 volunt
952 4690 1189 4737 evertere.

475 4818 639 4875 'Cud.
674 4816 895 4879 Veram,
926 4815 1145 4869 Ariauos
1176 4826 1221 4868 et
1256 4813 1622 4881 Ennomiancs,
1651 4825 1696 4872 et
1723 4817 1871 4871 alios.

472 4892 494 4922 ²
519 4890 660 4945 ltletn
691 4887 838 4951 cod.,
866 4887 1212 4940 Alexandrum
1237 4895 1479 4942 vestrum.

480 4962 501 4993 ³
526 4962 668 5016 Idem
698 4959 849 5026 cod.,
879 4957 1113 5026 cantdent
1144 4956 1452 5012 doctrinam.

478 5032 498 5063 ’⁸
523 5032 665 5085 Idem
693 5024 841 5097 cod.,
870 5027 1042 5081 uolunt
1074 5024 1231 5080 dicta.
1274 5026 1363 5082 Sic
1413 5028 1551 5097 apud
1580 5027 1839 5100 Cyrillum
1872 5029 1906 5085 Ι.
1935 5045 1983 5084 c.

476 5101 499 5138 ⁸
519 5104 662 5158 Idem
680 5100 827 5163 cod.,
855 5114 991 5152 nunc
1019 5106 1331 5151 nostrorum.

478 5174 498 5203 ‘
517 5173 656 5227 Idem
681 5170 825 5236 cod.,
857 5179 1021 5239 speret
1051 5182 1157 5241 non
1182 5168 1415 5241 defungi,
1443 5179 1533 5224 aut
1575 5185 1607 5223 α
1633 5187 1733 5240 quo
1771 5187 1872 5224 non
1904 5171 1987 5224 di-

409 5253 544 5299 ctum
574 5252 645 5295 est
671 5238 893 5310 aliquid,
923 5239 1059 5310 quod
1089 5238 1271 5294 alium.

408 5381 428 5439 ι
476 5311 666 5436 ’ltllem
704 5310 853 5379 cod.,
893 5309 1129 5364 omnibus
1174 5309 1338 5365 nobis.
1389 5309 1480 5366 Sic
1527 5320 1579 5366 et
1629 5311 1767 5381 apud
1800 5311 1987 5383 Cyril-

432 5399 520 5437 um
578 5425 591 5437 .
624 5397 676 5437 c.

432 5399 520 5437 υιη
554 5397 591 5437 ι.
624 5397 676 5437 c.

479 5538 581 5595 ‘ln
634 5534 816 5609 Cyrilli
851 5535 1090 5609 editione
1136 5534 1304 5609 modo
1341 5538 1525 5605 citata,
1582 5554 1704 5609 pag.
1756 5538 1876 5600 195,
1920 5540 1973 5591 in

407 5605 758 5670 communione
787 5606 1015 5679 omnium
1044 5605 1199 5660 vivas.
1241 5606 1414 5679 Minus
1448 5605 1614 5679 recte,
1654 5605 1719 5665 ἰιι
1744 5610 1971 5663 videtur.

475 5681 521 5706 “
550 5680 769 5743 Ibidem,
800 5677 938 5744 illos,
970 5673 1156 5729 Patres
1186 5676 1408 5733 scilicet.
1444 5675 1547 5735 Sed
1593 5673 1868 5736 retinenda
1896 5682 1971 5733 vi-

2096 4890 2113 4944 ι
2162 4821 2183 4851 ⁸
2202 4819 2343 4944 ltllct:
2368 4819 2494 4876 cod.
2514 4861 2529 4887 ,
2563 4819 3096 4873 anathcntatizaretur.
3130 4818 3220 4875 Sic
3247 4828 3303 4875 et
3330 4818 3471 4888 apud
3501 4818 3681 4891 Cyril-

2117 4906 2201 4943 um
2257 4929 2270 4944 .
2336 4930 2353 4944 .

2117 4906 2201 4943 um
2236 4904 2270 4944 I.
2299 4904 2353 4944 C.

2166 4961 2349 5032 iidem
2378 4959 2527 5032 cod.,
2551 4961 2639 5031 qui
2663 4975 2863 5030 passus.
2890 4958 3008 5032 (Sic
3024 4970 3081 5032 et
3104 4960 3245 5029 apud
3272 4957 3528 5032 Cyrillum
3560 4960 3597 5018 l.
3628 4977 3681 5016 (ι.

2095 5030 2187 5103 ubi
2236 5040 2415 5103 tamen
2446 5030 2659 5103 legrcst
2705 5046 2802 5103 pro
2832 5030 2964 5103 em)‘
2998 5030 3279 5103 Hactenus
3300 5030 3495 5085 menda
3528 5031 3683 5098 plura

2097 5102 2339 5168 epistolae
2382 5100 2606 5158 Joannis
2644 5100 2967 5156 Antiocheni
3009 5101 3075 5155 ad
3120 5100 3376 5171 Cyrillum
3432 5112 3677 5156 correcta

2096 5180 2223 5225 sunt
2243 5188 2347 5239 one
2366 5172 2570 5229 codicis
2591 5172 2762 5226 nostri
2786 5188 2801 5224 :
2825 5171 2971 5226 unde
3000 5172 3183 5241 purior
3222 5173 3567 5241 imposternm
3587 5173 3676 5226 edi

2100 5243 2299 5305 poterit.
2330 5244 2518 5298 eadem
2552 5242 2605 5298 in
2638 5242 3046 5298 collectionibus
3073 5243 3444 5297 conciliorum.

2177 5313 2219 5343 ’°
2245 5314 2384 5368 ldcm
2416 5313 2563 5380 cod.,
2596 5328 2687 5367 nos
2709 5316 2818 5368 Ιιαέ
2838 5322 2956 5367 ante
2986 5313 3123 5367 vobis
3145 5314 3405 5369 ostendere
3429 5328 3530 5368 non
3551 5313 3686 5369 sicc-

2102 5393 2243 5438 rtmt.

2093 5539 2271 5612 detur,
2287 5539 2446 5595 lectio
2473 5539 2720 5612 illorum,
2740 5539 3190 5612 subintelligeudo
3209 5544 3368 5598 dicta.

2164 5612 2229 5633 ⁶⁶⁹
2261 5610 2418 5677 lhid.,
2449 5609 2761 5663 damnabili.

2159 5680 2247 5703 "“
2268 5680 2376 5736 Ibid
2408 5722 2422 5748 ,
2458 5680 2781 5737 Eustathium
2814 5681 3142 5739 Antiocheam
