3962 6196
259 385 365 442 7!!

1136 381 1266 437 Plit)
1312 381 1740 440 υμιαπεδδιοκε
1778 379 1991 437 TRIUM
2032 382 2346 440 CAPITUL.
2389 382 2514 438 LIB.
2564 382 2693 438 Vili.

2292 282 2317 291 ο

3445 388 3553 445 τη

264 505 390 565 istis
419 504 723 561 fautoribus
754 503 1134 559 hereticorum
1166 502 1452 558 dicendum
1490 511 1594 569 est,
1626 502 1718 572 qui
1748 510 1869 571 post
1897 500 1947 559 Λ
1981 515 2097 556 sam
2117 500 2410 558 Theodori.
2442 502 2719 558 Nestorius
2738 502 2879 557 enim
2901 501 3179 572 perfidiam
3203 519 3351 559 suam
3376 508 3553 561 noxias

260 610 485 659 contum
528 614 700 653 annos
735 612 984 653 somnum
1018 596 1228 651 illorum
1256 596 1349 665 qui
1379 611 1491 649 rent
1526 597 1542 628 ¹
1592 594 1735 650 malo
1760 609 1859 649 suo

260 702 640 757 surrexerunt,
682 690 836 761 pejus
861 691 1114 762 evigilare
1140 689 1461 760 coeperunt?
1501 688 1733 745 Proinde
1764 694 1858 758 sy-

258 784 442 840 nodus
470 781 932 838 Chalcedonensis
970 781 1241 852 quomodo
1266 781 1412 850 justa
1440 784 1649 836 ratione
1675 780 1859 846 culpe-

260 886 379 943 tur,
411 872 535 945 quia
579 871 811 929 credidit
854 872 1207 928 orientalibus
1239 871 1490 928 Patribus
1529 873 1583 925 in
1628 870 1858 926 concilio

256 966 636 1039 congregatis,
690 979 826 1035 quos
880 976 1126 1031 noverat,
1182 973 1238 1021 et
1280 980 1388 1020 non
1440 978 1667 1035 negasse
1713 966 1856 1035 quod

260 1062 515 1133 quaedam
546 1062 598 1115 in
622 1058 894 1116 Theodori
926 1060 1142 1129 scriptis
1181 1058 1341 1114 aliter
1364 1072 1525 1129 quam
1555 1058 1700 1114 dicta
1732 1066 1857 1113 sunt

261 1164 492 1226 possent
522 1151 772 1224 intelligi,
796 1161 852 1207 et
871 1151 1177 1207 affirmasse
1201 1152 1342 1221 quod
1373 1161 1525 1207 recto
1546 1166 1708 1207 sensu
1734 1165 1857 1219 pro-

260 1250 372 1303 lata
406 1256 558 1312 sunt,
589 1247 724 1301 sicut
756 1261 821 1302 ex
850 1244 971 1300 aliis
991 1244 1240 1315 plurimis
1270 1245 1386 1314 ejus
1415 1243 1573 1299 dictis
1602 1242 1860 1313 intellige-

263 1342 419 1404 hant,
449 1353 572 1405 qua:
600 1348 783 1403 aperta
817 1344 868 1391 et
892 1336 1009 1393 sine
1038 1337 1215 1407 aliqua
1246 1337 1594 1407 ambiguitate
1620 1347 1767 1392 recta
1797 1350 1857 1391 se

264 1434 456 1489 videre
497 1432 782 1487 dixerunt?
829 1432 1020 1487 Sciens
1077 1432 1238 1485 etiam
1290 1430 1509 1485 eosdem
1551 1428 1857 1484 Orientales

264 1525 632 1595 perhibnisse,
656 1523 797 1593 quod
826 1523 930 1578 illis
958 1521 1121 1578 dictis
1148 1521 1419 1577 Theodori
1450 1536 1570 1591 qua:
1602 1528 1857 1590 putantur

258 1618 518 1685 obscura,
563 1615 725 1670 multa
774 1614 971 1670 similia
1012 1623 1066 1670 et
1121 1628 1149 1667 a
1201 1613 1447 1684 plurimis
1493 1612 1854 1667 anterioribus

258 1707 383 1780 ejus
437 1718 488 1762 et
520 1708 771 1774 gloriosis
812 1706 1059 1762 Patribus
1108 1703 1249 1761 dicta
1290 1714 1435 1759 sunt.
1484 1703 1589 1759 Sed
1637 1702 1854 1758 nuluit'

257 1801 386 1867 ejus
430 1800 529 1854 viri
560 1801 703 1854 dicta
730 1797 1041 1868 reprobate,
1073 1799 1161 1868 qui
1193 1796 1245 1852 in
1285 1797 1596 1867 episcopatu
1635 1794 1850 1865 quidem

1964 598 2259 666 diligentia:
2308 598 2515 653 celabat
2562 599 2805 662 obtentu,
2850 610 3050 666 negans
3101 607 3340 652 stuctam
3384 598 3555 667 Virgi-

1962 706 2081 742 ncm
2124 690 2217 743 Dei
2259 698 2517 757 matrem;
2569 697 2624 743 ct
2675 688 2979 742 admonitus
3026 700 3188 757 atque
3236 690 3548 760 increpitus,

1960 780 2312 835 offensionem
2348 782 2511 837 totius
2540 781 2854 850 concepisse
2878 780 2897 813 ⁸
2926 780 3200 837 Ecclesiae.
3235 784 3554 841 Theodorus
3604 848 3607 849 ν

1960 884 2161 939 autem,
2207 889 2312 928 non
2363 874 2617 929 Ecclesia
2654 874 3051 937 contradicens,
3084 874 3177 929 sed
3220 875 3551 941 hmreticis',

1959 968 2205 1031 quredam
2257 968 2338 1022 sic
2389 966 2599 1021 locutus
2629 977 2731 1032 est,
2766 975 2822 1021 ut
2866 967 2966 1021 nisi
2998 968 3061 1022 ad
3092 969 3443 1024 intentionem
3472 971 3555 1024 di;

1959 1064 2131 1119 centis
2152 1064 2322 1117 lector
2347 1063 2594 1131 aspiciat,
2624 1062 2928 1117 offendatur
2951 1062 3003 1116 in
3030 1062 3232 1117 verbis.
3258 1063 3365 1118 Nec
3387 1079 3550 1117 unum

1960 1171 2083 1211 esse
2119 1157 2391 1212 Christum
2450 1158 2502 1211 in
2546 1156 2753 1211 duabus
2800 1156 3007 1211 naturis
3050 1158 3373 1227 abuegabat,
3416 1159 3555 1212 sicut

1959 1247 2315 1315 ostendimus,
2348 1250 2444 1304 sed
2474 1249 2796 1305 necessitate
2829 1245 3208 1303 hzereticorum
3233 1262 3551 1318 oppugnan-

1962 1340 2091 1393 tium
2118 1341 2412 1410 cogebatur
2461 1340 2687 1395 multum
2729 1340 3087 1410 proprietates
3114 1338 3426 1396 discernere
3456 1354 3553 1393 na-

1961 1439 2223 1487 turarum.
2254 1430 2411 1487 Unde
2448 1430 2649 1485 dictum
2678 1441 2798 1485 est:
2832 1448 2850 1481 ι
2886 1429 3228 1499 Proponebat
3254 1429 3396 1484 enim
3423 1443 3551 1484 euut

1960 1533 2104 1579 totus
2126 1522 2181 1578 in
2204 1537 2491 1578 commune
2519 1521 2737 1587 Oriens,
2766 1522 2908 1577 sicut
2929 1520 3180 1576 virtutem
3203 1520 3425 1575 multam
3456 1519 3554 1575 do-

1959 1615 2153 1671 ctrinae
2183 1614 2469 1670 habentem
2494 1615 2751 1670 adversus
2782 1613 3038 1680 haereses,
3075 1622 3263 1669 contra
3296 1628 3430 1684 quas
3456 1618 3551 1682 pu-‘

1959 1723 2130 1777 gnans
2159 1718 2213 1765 et
2244 1708 2528 1771 dimicans,
2554 1708 2721 1762 multa
2744 1707 2973 1778 quadam
2998 1698 3266 1762 divisione
3295 1720 3423 1760 usus
3442 1715 3549 1773 est,

1960 1817 2065 1857 non
2093 1817 2160 1858 ex
2205 1816 2369 1872 pravo
2399 1801 2671 1855 intellectu
2703 1800 2948 1862 veniens.
2996 1800 3091 1854 sed
3136 1799 3411 1855 efficacius
3446 1797 3541 1851 ad-

262 1891 553 1947 defnnctus
596 1900 699 1955 εμῑ,
730 1890 991 1961 agonibus
1018 1898 1199 1946 autem
1229 1890 1490 1945 adversus
1531 1889 1759 1944 Arianos
1798 1896 1855 1945 et
1887 1876 1933 1937 Β
1961 1906 2149 1949 versus
2191 1895 2477 1949 haereticos
2520 1908 2580 1948 se
2632 1892 2725 1947 illo
2773 1891 2935 1947 modo
2962 1891 3035 1947 uti
3059 1891 3346 1962 judicans:
3380 1906 3555 1961 neque

263 1984 731 2047 Eunomianos,et
760 1983 895 2038 alios
921 1982 1225 2045 haereticos,
1259 1981 1446 2038 decem
1488 1980 1726 2037 millibus
1759 1997 1854 2051 per

261 2093 488 2133 omnem
514 2092 666 2131 suam
694 2079 859 2130 vitam
904 2073 1104 2144 ubique
1131 2076 1419 2131 decoratus
1459 2083 1562 2129 est.
1605 2074 1851 2143 Nunquid

258 2171 429 2226 debet
465 2182 561 2239 pro
584 2171 683 2224 hac
714 2168 977 2224 modestia
1020 2177 1074 2223 et
1121 2168 1332 2223 ratione
1358 2166 1605 2238 culpari?
1629 2182 1855 2238 praescr-

262 2263 360 2318 tim
392 2261 514 2332 quia
550 2276 657 2316 non
698 2260 817 2317 leve
862 2261 1154 2330 pariculum
1181 2260 1549 2329 impendebat,
1599 2275 1669 2316 ne
1696 2260 1855 2316 dictis

253 2353 383 2425 ejus
412 2353 807 2420 condemnatis,
837 2352 999 2407 etiam
1033 2352 1247 2406 illorum
1278 2351 1495 2405 Patrum
1527 2350 1705 2404 omnia
1737 2350 1853 2405 sol-

258 2451 538 2499 verentur.
606 2441 1018 2497 Consultissima
1070 2440 1231 2510 igitur
1281 2449 1336 2494 et
1390 2438 1611 2510 provida
1677 2439 1855 2508 potius

264 2549 426 2605 quam
454 2534 791 2602 Nestoriana,
817 2532 1039 2588 dicenda
1065 2544 1145 2587 est
1167 2533 1256 2586 illa
1279 2531 1538 2604 synodus,
1574 2545 1694 2600 qua:
1722 2545 1853 2601 pru-

260 2628 455 2681 denter
483 2636 537 2682 et
573 2627 887 2681 occasiones
928 2625 1150 2680 abstulit
1179 2624 1372 2693 quibus
1415 2630 1643 2693 possunt
1673 2622 1854 2692 pepuli

272 2718 600 2787 perturbari,
629 2727 683 2773 et
712 2716 1115 2773 excusationem
1148 2715 1232 2770 vel
1272 2715 1435 2770 etiam
1478 2715 1853 2769 auctoritatem

265 2810 591 2868 Nestoriano
618 2811 788 2865 errori
812 2824 919 2864 non
956 2807 1219 2879 praebuit;
1252 2807 1396 2877 quod
1443 2806 1683 2876 profecto
1714 2807 1857 2861 face-

261 2912 372 2972 ret,
404 2904 448 2958 si
478 2900 780 2958 Nestoriani
811 2900 1080 2971 dogmatis
1118 2909 1393 2955 auctorem
1438 2898 1705 2967 iudicaret
1736 2911 1856 2953 esse

262 2997 609 3053 Theodorum
633 3013 664 3052 a
695 2996 858 3052 tantis
884 2997 1133 3052 Patribus
1163 2996 1533 3066 prmdicatum.
1582 3014 1600 3047 ι
1632 2993 1860 3064 Propter

262 3087 407 3158 quod
435 3096 490 3143 et
512 3086 612 3158 ipsi
638 3086 889 3143 dicebant
927 3106 942 3143 :
968 3087 1074 3143 Aut
1098 3086 1227 3156 quid
1258 3086 1447 3141 borum
1482 3100 1585 3140 non
1617 3087 1857 3156 prtebcat

264 3179 603 3245 occasiones,
642 3186 699 3234 ut
754 3193 969 3249 semper
1020 3179 1201 3249 populi
1251 3178 1670 3249 perturbentur?
1728 3176 1852 3248 quid

1959 1984 2217 2040 unitatem
2249 1999 2514 2039 summam
2548 1984 2804 2051 ignorans
2834 1984 2915 2040 vel
2945 1989 3167 2056 negans,
3198 1985 3360 2055 absit,
3406 1986 3551 2054 pleni

1958 2076 2101 2131 cnim
2150 2083 2275 2131 Sunt
2316 2074 2623 2143 hujusmodi
2674 2090 2864 2130 omnes
2904 2075 3050 2141 libri,
3092 2075 3189 2149 sed
3242 2086 3553 2132 naturarum

1962 2166 2313 2237 proprietates
2342 2167 2574 2235 amplius
2604 2166 2869 2232 dividens,
2916 2166 3054 2222 sicut
3092 2167 3142 2223 ei
3179 2182 3355 2239 pugna
3384 2184 3549 2239 qnam

1958 2260 2221 2315 adversus
2252 2258 2536 2315 ltmreticos
2576 2256 2763 2313 habuit
2788 2257 3095 2313 faciendum
3151 2256 3411 2315 dictabat.
3442 2258 3467 2313 ἱ
3494 2260 3555 2316 Si

1959 2366 2087 2406 vero
2112 2350 2293 2406 licebit
2324 2349 2558 2421 posteris
2583 2351 2927 2419 antiquorum
2952 2348 3367 2420 praedicatorum
3409 2350 3553 2408 dicta

1959 2443 2247 2513 simplicia,
2277 2444 2425 2499 velut
2471 2441 2850 2499 htereticorum
2898 2442 3232 2499 fraudulenta
3263 2445 3551 2512 discutere,

1962 2549 2062 2589 nec
2091 2532 2439 2599 considerare
2468 2533 2611 2604 quod
2652 2532 2706 2589 in
2737 2543 3054 2604 praesentes,
3088 2551 3193 2591 non
3240 2534 3293 2591 in
3325 2536 3551 2604 futuras,

1959 2641 2092 2695 quas
2116 2624 2448 2692 nesciebant,
2475 2626 2711 2681 haereses
2738 2627 3093 2685 intendebant
3114 2671 3129 2694 ,
3153 2613 3412 2700 plurimos
3432 2647 3554 2689 cum

1964 2717 2251 2772 Theodoro
2280 2716 2398 2772 sine
2426 2716 2759 2772 dubitatione
2799 2717 3193 2773 datunabimus.
3240 2718 3373 2775 Nam
3417 2721 3557 2776 sicut

1960 2808 2011 2863 hi
2048 2810 2231 2864 Patres
2282 2810 2578 2865 orientales
2609 2810 2919 2879 perhibent,
2972 2812 3143 2867 multa
3178 2813 3231 2867 in
3281 2814 3361 2868 eis
3401 2812 3553 2870 inve-

1960 2904 2180 2957 niuntttr
2222 2917 2343 2973 qua:
2390 2917 2496 2958 non
2528 2918 2776 2958 severum
2802 2903 3063 2974 iudicem.
3094 2905 3190 2961 sed
3222 2905 3367 2975 pium
3397 2923 3548 2977 qua:-

1960 3003 2081 3049 rant
2126 2994 2500 3062 interpretem.
2547 2992 2787 3060 Quorum
2833 2993 3189 3050 Orientalium
3245 2997 3554 3053 testimonio

1960 3088 2079 3157 quia
2109 3102 2213 3142 non
2242 3087 2500 3153 creditur,
2530 3086 2734 3142 idcirco
2764 3102 2862 3142 nos
2889 3101 2954 3143 ex
2997 3088 3150 3145 dictis
3192 3088 3540 3161 antiquorum

1963 3180 2245 3235 doctorum
2276 3177 2535 3234 Ecclesia:
2568 3194 2732 3248 pauca
2787 3178 2856 3234 de
2898 3180 3083 3234 multis
3113 3179 3455 3249 proferimus,
3488 3192 3549 3235 ut

264 3279 445 3325 autem
485 3287 587 3324 non
621 3271 953 3340 przebeamus
996 3287 1061 3325 ex
1093 3270 1193 3327 hoc
1227 3270 1584 3327 desiderabile
1628 3270 1859 3326 Nestorii
1886 3258 1933 3319 (ἶ
1970 3269 2293 3344 Eutychiani
2318 3272 2400 3325 vel
2432 3269 2671 3325 fautores
2699 3284 2888 3325 eorum
2921 3268 3260 3325 dissimulare
3292 3287 3395 3324 non
3429 3285 3554 3340 pos-

263 3363 674 3418 defensoribus?
700 3362 819 3431 quis
847 3363 989 3417 enim
1019 3377 1140 3419 eum
1169 3377 1276 3417 non
1311 3363 1617 3428 honorabit,
1657 3362 1703 3417 si
1730 3377 1855 3417 cum

265 3452 376 3509 isto
402 3464 453 3509 et
482 3454 601 3508 aliis
632 3454 718 3523 qui
749 3453 802 3508 in
834 3454 1146 3523 episcopatu
1177 3455 1337 3507 vitam
1371 3452 1755 3523 deposuerunt,
1786 3453 1860 3508 si-

266 3546 379 3601 tnui
405 3545 921 3600 anathetnatizetur?
959 3565 977 3597 ι
1010 3553 1066 3599 et
1111 3555 1307 3599 cietera
1344 3559 1463 3614 qua:
1504 3544 1571 3598 ab
1595 3544 1676 3599 eis
1705 3559 1855 3597 com-

268 3649 588 3705 memorata,
617 3654 717 3694 nos
751 3654 963 3709 quoque
1001 3638 1246 3693 videmus
1279 3635 1509 3692 Nestorii
1558 3636 1733 3704 potius
1760 3652 1858 3690 ex-

269 3735 533 3793 cusationi
560 3734 845 3804 prolicere.
886 3733 994 3789 Sed
1026 3743 1079 3787 et
1106 3732 1321 3788 beatum
1352 3730 1611 3800 Cyrillum
1642 3739 1697 3784 et
1723 3728 1858 3785 alios

267 3826 358 3888 qui
403 3841 523 3879 cum
565 3824 660 3879 illo
700 3823 970 3892 Ephesum
1020 3831 1392 3877 convenerant
1439 3819 1624 3874 Patres
1672 3826 1856 3872 sancta

268 3918 360 3972 illa
403 3915 641 3987 synodus
689 3914 851 3969 tacite
901 3912 1316 3981 reprehendisse
1362 3910 1660 3971 videretur,
1715 3907 1858 3978 quod

269 4008 557 4077 praedictos
585 4005 903 4072 Orientales,
932 4004 1179 4060 eumdem
1206 4003 1547 4059 Theodorum
1564 4000 1858 4058 defenden-

268 4108 376 4160 tes,
409 4106 462 4152 et
496 4098 663 4151 multo
686 4095 918 4166 amplius
957 4095 1255 4161 laudantes,
1301 4095 1562 4165 injustam
1593 4092 1862 4147 duxerunt

272 4193 559 4247 hareticos
584 4190 852 4261 judicare.
879 4188 1065 4257 Neque
1105 4187 1248 4242 enim
1296 4186 1444 4240 solus
1471 4185 1660 4240 beatus
1689 4182 1859 4255 Cyril-

270 4287 388 4350 lus,
436 4300 501 4339 an
561 4300 668 4338 non
712 4284 875 4340 etiam
922 4281 1218 4337 memorati
1256 4280 1566 4336 sacerdotes
1601 4281 1718 4350 ejus
1766 4280 1855 4346 qui

267 4391 392 4430 cum
416 4376 503 4430 illo
528 4375 737 4430 fuerunt
767 4373 983 4443 Ephesi,
1018 4371 1249 4428 maxime
1272 4387 1399 4427 vero
1423 4372 1685 4442 )Egyptii,
1719 4373 1857 4427 hanc

266 4466 621 4523 Orientalium
680 4466 748 4522 de
802 4464 1092 4520 Theodoro
1158 4463 1480 4534 sententiam
1538 4464 1858 4533 cognovisse

266 4558 524 4615 credendi
575 4566 721 4624 sunt,
761 4557 853 4628 qui
904 4566 1085 4611 tamen
1127 4569 1314 4611 omnes
1364 4553 1417 4608 in
1441 4554 1680 4624 ipsorum
1712 4567 1859 4608 com-

1963 3364 2092 3425 sint,
2135 3362 2279 3431 quod
2326 3360 2379 3415 in
2427 3360 2880 3416 condemuatione
2926 3361 3238 3431 dogmalutu
3281 3361 3556 3418 Theodori

1963 3468 2124 3523 quam
2172 3454 2225 3507 in
2258 3452 2628 3509 destructione
2671 3452 3128 3510 Chalcedonensis
3168 3454 3379 3511 concilii
3412 3472 3557 3526 quac-

1963 3546 2196 3611 sierunt,
2224 3543 2439 3599 illorum
2462 3559 2677 3614 quoque
2706 3546 2921 3601 Patrum
2951 3559 3087 3615 quos
3116 3546 3363 3602 venerari
3392 3563 3453 3603 se
3480 3547 3557 3601 dic

1963 3646 2110 3702 cunt,
2145 3637 2394 3693 doctrina
2423 3637 2730 3693 damnetur.
2768 3638 2965 3694 Verum
3006 3646 3062 3693 et
3103 3638 3187 3693 his
3222 3640 3438 3694 omissis
3469 3642 3550 3695 vel

1967 3731 2240 3804 paululum
2290 3732 2638 3797 intermissis,
2679 3731 3002 3799 reprehendi
3032 3747 3133 3784 non
3167 3740 3343 3798 potest
3370 3742 3555 3788 sancta

1963 3823 2224 3893 synodus,
2258 3823 2398 3890 quod
2446 3821 2773 3877 venerabilis
2824 3823 2927 3875 Ibat:
2966 3823 3248 3891 cpiStolam
3282 3837 3381 3891 pro
3424 3823 3553 3893 ejus

1963 3911 2120 3967 laude
2143 3911 2517 3979 nonjudicavit
2543 3912 2870 3967 hrerelicam.
2898 3912 3134 3967 Primum
3158 3914 3395 3981 quidem,
3420 3929 3555 3983 quo-

1962 4006 2105 4059 niam
2138 4012 2409 4059 tantorum
2444 4004 2657 4058 Patrum
2703 4004 3026 4059 sententiam
3054 4014 3237 4060 secuta
3272 4013 3374 4074 cst,
3410 4006 3554 4072 quod

1963 4097 2137 4151 solum
2170 4093 2287 4166 ejus
2318 4092 2615 4150 defensioni
2646 4093 2874 4159 sufficit;
2907 4093 3104 4149 deinde
3142 4094 3261 4164 quia
3296 4108 3397 4149 nec
3426 4094 3556 4151 illud

1960 4187 2374 4258 improhandum
2398 4196 2499 4251 est,
2530 4187 2575 4243 si
2606 4195 2700 4241 aut
2729 4201 2823 4242 eos
2853 4188 2945 4257 qui
2976 4188 3043 4242 de
3069 4188 3389 4257 quibusdam
3423 4191 3554 4244 scri-

1961 4281 2067 4349 ptis
2090 4280 2359 4337 Theodori
2403 4288 2779 4345 causarentur,
2821 4281 3054 4336 credidit
3097 4284 3432 4340 occasionem
3467 4284 3551 4340 fa-

1962 4386 2084 4427 nere
2125 4373 2409 4427 contrario
2449 4371 2686 4441 dogmati
2717 4386 2826 4442 quo
2854 4374 3195 4441 tenebantur,
3227 4377 3310 4430 vel
3352 4391 3415 4431 ea
3445 4378 3553 4431 mi-

1964 4480 2065 4519 nus
2095 4463 2445 4535 intelligendo
2465 4466 2705 4536 culpare,
2735 4477 2827 4520 aut
2854 4466 3029 4535 ipsum
3061 4467 3410 4525 Theodorum
3442 4472 3550 4525 mi-

1963 4570 2065 4610 nus
2091 4556 2392 4612 commodis
2414 4557 2713 4627 explicasse
2735 4559 2917 4614 verbis
2946 4575 3066 4629 qu:e
3096 4561 3381 4630 sentiebat,
3412 4564 3559 4632 quod

269 4656 529 4712 munione
578 4652 927 4709 manserunt?
982 4650 1137 4708 Unde
1190 4647 1495 4719 cognoscis,
1537 4648 1854 4718 imperator,
1889 4641 1938 4701 ι)
1968 4649 2152 4704 multis
2209 4659 2388 4719 potest
2428 4650 2710 4707 catholicis
2767 4651 3081 4710 doctoribus
3130 4657 3371 4711 evenire.
3424 4656 3557 4710 Nam

270 4749 363 4803 illa
416 4749 517 4803 tria
546 4761 666 4817 quae
712 4743 872 4815 hujus
916 4742 1095 4811 cperis
1142 4742 1413 4812 partitioni
1457 4739 1858 4810 sulojunximus,

272 4839 365 4894 hic
391 4838 585 4894 iterum
616 4846 775 4906 atque
806 4835 1001 4891 iterum
1031 4833 1192 4889 simul
1234 4833 1470 4888 ostendi.
1513 4830 1776 4899 Quoniam
1814 4831 1857 4885 si

271 4928 730 4984 Chalcedonensis
760 4926 999 4998 synodus
1025 4924 1111 4980 vel
1143 4939 1239 4993 pro
1270 4923 1425 4979 laude
1449 4922 1719 4978 Theodori
1748 4923 1853 4991 epi-

269 5023 466 5078 stolam
498 5021 821 5078 venerabilis
845 5020 950 5075 lba:
975 5004 1305 5084 damnasset,
1332 5015 1654 5071 excusasse’
1672 5015 1859 5070 Nesto-

270 5114 413 5169 rium
445 5123 497 5168 et
518 5114 763 5183 culpasse
792 5111 1005 5167 beatum
1030 5108 1285 5180 Cyrillum
1333 5116 1493 5178 atque
1533 5107 1859 5177 Ephesinutn

268 5206 561 5261 concilium
590 5201 927 5275 probaretur.
964 5202 1109 5269 Quas
1139 5200 1210 5255 ob
1234 5214 1320 5255 res
1347 5199 1569 5256 omnino
1597 5200 1682 5267 pie
1704 5208 1863 5267 atque

271 5298 566 5369 prudenter
588 5298 724 5368 egit,
754 5305 815 5351 ut
841 5295 1177 5351 discerneret
1218 5307 1248 5347 a
1285 5291 1521 5348 Nestorii
1547 5304 1707 5348 causa
1736 5304 1864 5345 cau-

344 5430 728 5501 “Synusiastze
771 5425 1316 5501 Sameque-gaidicti
1364 5432 1492 5501 sunt
1558 5422 1862 5494 Apolinari-

270 5509 391 5565 stac,
421 5496 559 5569 quod
596 5502 688 5555 Dei
720 5509 775 5553 et
801 5499 1029 5554 hominis
1048 5497 1248 5552 Christi
1272 5510 1429 5569 unam
1460 5496 1715 5551 docerent
1742 5509 1862 5569 esse

269 5568 520 5626 naturam
553 5573 862 5647 σύγκρατον,
908 5569 959 5623 id
991 5578 1072 5624 est
1100 5568 1448 5623 commixtam
1496 5576 1550 5621 et
1588 5568 1858 5635 composi-

346 5684 363 5715 ⁸
386 5683 751 5750 Cod.\'cron.,
766 5683 949 5736 somnii
969 5682 1197 5745 illorum,
1212 5682 1299 5749 qui
1323 5690 1442 5733 tunc
1464 5682 1601 5736 malo
1617 5698 1732 5747 suo,
1750 5692 1851 5737 etc.

339 5755 363 5787 ²
389 5754 532 5809 Idem
558 5754 705 5817 cod.,
732 5764 880 5815 sunt;
908 5753 951 5823 si
981 5752 1140 5804 noluit
1170 5753 1419 5823 ejilst'iﬁ,
1446 5760 1550 5807 etc.

340 5824 363 5855 ³
388 5826 529 5879 Idem
559 5825 703 5879 cod..
738 5822 1003 5894 epistolam
1034 5820 1331 5875 renerobilt‘s
1357 5820 1465 5875 Ibo!
1491 5827 1622 5879 velut
1644 5822 1855 5879 ‘Iurrctt‘c

269 5910 383 5948 cant
411 5898 685 5967 refutaret;
717 5895 833 5949 hinc
866 5896 1033 5964 potius
1066 5908 1356 5962 excusasse,
1383 5900 1487 5949 etc.

1967 4754 2111 4808 ωερε
2138 4740 2300 4794 etiam
2354 4739 2655 4797 intentione
2692 4743 3017 4799 adversariis
3060 4746 3346 4801 resistendi
3396 4747 3449 4801 in
3481 4748 3557 4800 di-

1967 4832 2138 4887 cendo
2166 4832 2359 4887 modus
2385 4834 2694 4900 exceditur;
2738 4851 2837 4891 nec
2865 4836 3019 4891 facile
3052 4848 3136 4892 est
3172 4838 3371 4891 homini
3412 4839 3555 4893 futu-

1968 4938 2053 4979 ras
2081 4925 2287 4979 evitare
2308 4924 2656 4995 quaestiones,
2684 4940 2806 4981 cum
2837 4928 3097 4982 adversus
3128 4936 3421 4996 pra-sentes
3446 4936 3558 4983 toto

1970 5018 2092 5071 nisu
2125 5018 2322 5074 mentis
2370 5019 2619 5091 insurgit.
2661 5021 2871 5090 Agebat
2897 5022 3042 5075 enim
3092 5022 3409 5077 Theodorus
3448 5023 3557 5079 frc~

1972 5123 2200 5182 quenter
2246 5124 2353 5169 tam
2404 5116 2555 5171 libris
2604 5132 2764 5186 quam
2808 5115 3152 5171 sermonibus
3202 5116 3252 5169 in
3306 5118 3559 5186 populum

1971 5213 2157 5260 contra
2190 5206 2534 5278 Synusiastas
2560 5217 2607 5271 κ,
2632 5209 2763 5274 sive,
2799 5216 2855 5261 ut
2876 5208 2944 5260 ah
2967 5208 3201 5263 auctoris
3228 5208 3307 5262 sui
3345 5210 3563 5265 nomine

1969 5306 2094 5353 sunt
2121 5300 2315 5365 vocati,
2349 5299 2756 5369 Apolinaristas,
2795 5298 3167 5369 progenitores
3212 5300 3557 5370 Eulychianzu

1972 5439 2099 5496 tam,
2124 5434 2411 5487 humanam
2441 5442 2494 5487 et
2522 5432 2758 5486 divinam
2786 5449 2798 5483 :
2828 5432 2967 5499 quod
3002 5432 3174 5499 ipsum
3202 5432 3323 5503 quia
3352 5432 3555 5486 dococ-

1972 5513 2094 5555 runt
2127 5514 2308 5567 postea
2342 5503 2688 5573 Entychiani,
2724 5503 2844 5556 inde
2875 5503 2993 5557 illos
3022 5504 3209 5557 horum
3252 5504 3558 5573 progenito-

1973 5587 2058 5627 res
2086 5585 2257 5628 vocat.
2304 5575 2405 5641 Qui
2450 5572 2715 5627 adversus
2743 5574 3135 5645 Apolinaristas
3172 5574 3298 5630 olim
3347 5572 3557 5633 scribe-

2040 5687 2061 5764 ξ
2084 5688 2230 5764 idem
2259 5689 2402 5764 cod.,
2431 5693 2810 5764 contempsisse.

2042 5758 2223 5837 “"3",”
2252 5761 2399 5829 εοάι,
2454 5758 2821 5837 νιταςὶδάαιιηι
2864 5781 2954 5837 pro
2992 5763 3220 5821 Ecclesia
3250 5764 3561 5833 rcspondcm.

1971 5830 2244 5900 haveticis,
2273 5842 2375 5889 etc.
