3962 6196
392 411 497 464 7‘25

1463 400 1753 456 FACUNDI
1800 397 2011 453 EPISC.
2053 388 2552 449 IIERMIANENSIS

3544 382 3641 434 γει

394 524 702 587 dementiae,
731 520 820 591 qui
855 518 1189 589 temporibus
1232 516 1348 585 ejus
1377 516 1549 571 exorti
1580 530 1738 568 unam
1772 512 1968 566 Christi
2002 513 2041 567 Α
2075 522 2237 573 caus,
2296 501 2837 569 eommixtionemque
2886 507 2941 553 et
2986 498 3351 553 confusionem
3402 508 3645 548 asserens

395 618 648 672 dicebant
686 628 808 668 esse
860 622 1103 666 naturam
1132 609 1364 679 :quihus
1411 621 1713 676 repugnans
1753 606 1796 659 si
1826 605 1967 658 forte

395 725 492 778 per
522 710 808 761 humanam
838 702 1176 773 fragilitatem
1206 703 1386 769 lapsus
1408 698 1675 753 invenitur
1704 698 1756 751 in
1777 696 1963 758 verbo,

392 798 521 869 quid
561 799 781 867 impium
830 793 1067 867 synodus
1104 792 1248 858 fecit,
1279 790 1421 861 quod
1470 804 1594 844 eum
1627 788 1787 843 tantis
1833 796 1968 840 atte—

337 870 348 882 ’
392 888 659 945 stantibus
713 885 945 941 credidit
1009 885 1062 937 in
1114 897 1279 938 sensu
1341 880 1605 937 mansisse
1656 874 1966 931 catholico?

392 982 631 1037 maxime
658 982 781 1050 quia
824 978 1052 1033 necdum
1097 974 1318 1046 perfidia
1367 971 1675 1029 Nestoriana
1718 983 1972 1023 surrexe-

397 1084 637 1142 rat,qu:e
656 1072 940 1128 sollicitum
965 1084 1178 1138 semper
1200 1083 1263 1123 ex
1289 1069 1453 1121 altera
1480 1074 1628 1129 parte
1649 1060 1965 1116 faceretdis-

395 1174 704 1234 putantem;
749 1162 841 1218 sed
892 1162 994 1217 hoc
1030 1162 1200 1215 solum
1250 1158 1391 1227 quod
1423 1158 1637 1209 vincere
1680 1167 1971 1223 proposue-

394 1270 477 1317 rat
505 1260 829 1316 attendebat.
866 1257 1019 1324 Quod
1044 1258 1088 1311 si
1116 1257 1295 1325 aliquo
1324 1252 1666 1309 inexcusabili
1700 1264 1971 1320 piaroecu-

394 1362 552 1423 palus
574 1364 761 1407 errore
779 1346 1097 1404 Theodorus
1118 1345 1449 1409 ostendatur,
1470 1358 1576 1397 non
1600 1342 1760 1409 impie
1785 1351 1967 1395 saneta

393 1442 633 1514 synodus
663 1439 809 1506 fecit,
834 1438 973 1509 quod
999 1438 1084 1508 pie
1112 1434 1399 1495 deChristi
1426 1434 1665 1489 Ecclesia
1708 1433 1967 1495 sentiens,

398 1532 630 1590 credidit
678 1546 799 1588 eum
830 1530 884 1585 in
930 1539 1175 1600 tempore
1205 1528 1533 1582 admonitum
1581 1522 1851 1592 corrigere
1877 1536 1969 1589 po.

399 1628 589 1692 tuisse,
622 1633 682 1679 ut
707 1625 759 1679 in
780 1639 847 1680 ea
873 1629 1211 1693 permaneret
1232 1622 1536 1689 episcopus,
1567 1626 1621 1671 et
1650 1615 1720 1670 ob
1748 1615 1847 1668 hoc
1877 1629 1971 1682 pro

400 1720 616 1777 caeteris
641 1715 1047 1787 quamplurimis
1073 1729 1194 1784 qua:
1238 1719 1385 1767 recte
1412 1710 1611 1778 sapuit,
1642 1722 1749 1763 non
1785 1707 1973 1761 imme-

396 1811 501 1867 rito
527 1810 646 1880 ejus
675 1807 972 1862 doctrinam
1003 1818 1126 1861 esse
1154 1801 1443 1858 laudatam.
1474 1800 1601 1854 llaec
1625 1812 1755 1853 sane
1783 1796 1971 1850 orien-

2069 599 2263 654 faetam
2281 638 2295 661 ,
2320 606 2375 651 et
2402 597 2688 650 salutarem
2715 591 3017 660 passionem
3062 589 3160 657 ipsi
3190 584 3647 643 ineontaminabili

2068 690 2249 745 deitati
2278 690 2603 751 adnectens,
2643 695 2696 740 et
2742 684 2839 737 hos
2885 682 2978 751 qui
3015 682 3277 736 columna:
3308 677 3555 734 veritatis
3598 686 3649 730 et

2071 788 2491 851 propugnatores
2521 776 2731 846 pietatis
2771 774 3011 835 fuerunt,
3059 782 3116 827 et
3142 770 3407 826 adversus
3432 783 3649 823 omnem

2069 872 2331 926 barresem
2360 869 2505 924 clare
2546 868 2793 921 virtutem
2839 873 3233 929 exercuerunt,
3267 860 3558 915 Diodorum
3601 867 3650 911 et

2068 961 2406 1017 Theodorum
2462 956 2914 1015 anathematizare
2965 953 3277 1023 prazsumit,
3329 962 3385 1007 et
3442 952 3497 1005 in
3549 951 3650 1004 hoc

2072 1054 2375 1120 Apolinaris
2412 1052 2603 1107 similis
2649 1049 2893 1105 vanitati.
2925 1048 3021 1103 Ille
3064 1048 3265 1103 etenim
3297 1046 3529 1115 linguam
3554 1044 3647 1098 ad.

2074 1162 2262 1202 versus
2305 1159 2555 1215 magnum
2628 1141 2923 1196 Diodorum
2972 1139 3176 1201 movit,
3220 1137 3470 1207 quoniam
3529 1151 3650 1189 eum

2071 1246 2320 1307 agentem
2344 1234 2506 1304 impie
2527 1231 2858 1303 objurgavit.
2885 1229 3099 1286 Clarum
3124 1237 3303 1283 autem
3325 1237 3380 1282 et
3409 1226 3514 1281 hoc
3538 1225 3650 1279 afli-

2072 1328 2254 1383 uitatis
2293 1326 2598 1395 dogmatum
2650 1322 2860 1390 signum
2907 1328 2989 1375 est
3028 1337 3042 1372 :
3086 1319 3178 1388 qui
3218 1316 3361 1373 enim
3405 1332 3651 1387 maguum

2074 1418 2286 1487 pietatis
2329 1425 2655 1473 certatorem
2699 1412 2991 1469 Diodorum
3019 1425 3139 1466 cum
3169 1409 3481 1479 Apolinario
3526 1424 3649 1462 ver-

2072 1511 2156 1567 bis
2172 1509 2502 1578 blasphemis
2528 1507 2734 1576 impetit
2752 1548 2765 1567 .
2791 1505 3091 1561 eeontrario
3109 1503 3453 1569 semetipsum
3472 1512 3654 1555 osten-

2074 1602 2151 1656 dit
2180 1600 2585 1656 similitudinem
2625 1598 2873 1653 vanitatis
2908 1597 3050 1661 illius
3075 1594 3507 1660 amplectentem.
3554 1593 3654 1648 iste

2074 1702 2251 1748 autem
2276 1707 2499 1761 magnus
2526 1690 2789 1745 Diodorus
2808 1696 3003 1744 testem
3026 1686 3240 1757 quidem
3270 1686 3482 1756 pietatis
3495 1686 3655 1741 habet

2074 1787 2452 1852 clarorumque
2483 1782 2859 1847 certaminum,
2890 1793 3137 1848 magnum
3182 1776 3330 1832 illum
3372 1776 3652 1830 Basiliam.

398 1866 580 1957 talium
608 1899 825 1955 Patrum
847 1899 1032 1961 verba,
1062 1895 1254 1967 quibus
1280 1893 1348 1949 de
1375 1891 1660 1947 Theodoro
1680 1887 1927 1943 dixerunt
1952 1905 1967 1943 :

2081 1874 2127 1928 lu
2158 1874 2252 1929 illo
2277 1874 2418 1928 enim
2450 1872 2642 1927 claruit
2670 1880 2911 1939 tempore
2941 1883 3048 1938 quo
3078 1867 3188 1922 Arii
3238 1866 3529 1936 impietatis
3559 1883 3653 1934 pa-

404 2010 424 2045 ι
455 1988 788 2060 Proponebat
832 1988 973 2042 enim
1026 1999 1147 2040 eum
1192 1992 1337 2039 totus
1376 1984 1427 2036 in
1459 1994 1746 2035 commune
1778 1978 1970 2033 Oriens

397 2084 539 2138 inter
566 2094 659 2136 eos
698 2079 785 2149 qui
818 2088 943 2137 ante
972 2090 1069 2131 nos
1099 2074 1329 2137 fuerunt,
1379 2072 1520 2126 sicut
1545 2071 1793 2125 virtutem
1833 2067 1971 2121 mul-

397 2183 505 2228 tam
530 2173 786 2228 doctrina;
815 2170 1099 2225 habentem
1123 2169 1386 2223 adversus
1416 2163 1648 2219 hmreses
1673 2179 1686 2216 :
1723 2181 1742 2215 ι
1777 2176 1970 2217 conve-

400 2264 515 2318 nire
544 2262 803 2317 serenitas
836 2269 922 2315 tua
966 2255 1243 2329 cognoscit
1288 2255 1530 2325 epistolae
1557 2253 1697 2309 beati
1725 2251 1969 2321 Gregorii

399 2353 743 2419 Nazianzeni,
770 2367 867 2423 per
892 2366 1049 2421 quam
1077 2349 1254 2405 eidem
1279 2346 1562 2402 Theodoro
1590 2344 1829 2399 scribens
1859 2344 1930 2396 ait
1954 2360 1967 2395 :

406 2469 423 2500 ι
456 2448 512 2505 Si
542 2447 755 2518 quidem
787 2444 929 2501 aliud
966 2451 1123 2513 caput
1153 2442 1374 2496 haberet
1400 2438 1694 2509 provincia,
1735 2437 1800 2492 ad
1840 2435 1971 2491 illud

400 2550 668 2612 oporteret
699 2540 932 2596 clamare
969 2547 1023 2593 et
1049 2535 1368 2599 contestari;
1403 2542 1490 2587 tua
1519 2546 1647 2587 vero
1678 2528 1972 2611 reverentia

402 2634 761 2705 superposita,
792 2632 857 2687 ad
898 2643 950 2685 te
991 2629 1271 2684 attendere
1320 2639 1542 2681 necesse
1581 2634 1685 2679 est.
1712 2641 1731 2674 ι
1763 2622 1830 2676 Et
1874 2622 1974 2676 ite-

403 2741 563 2780 rum:
593 2743 611 2776 ι
645 2724 771 2779 Haec
816 2720 1171 2791 comprimere
1211 2733 1315 2773 non
1363 2726 1444 2773 est
1483 2726 1680 2771 nostra:
1723 2714 1897 2769 etatis
1921 2721 1977 2768 et

404 2815 756 2880 inﬁrmitatis,
784 2812 881 2868 sed
919 2822 1023 2866 tua:
1054 2809 1348 2880 prudentia:
1388 2816 1547 2878 atque
1573 2806 1784 2861 virtutis
1807 2823 1822 2859 :
1844 2820 1976 2875 quo-

406 2912 547 2966 niam
569 2910 664 2966 tibi
691 2923 811 2963 cum
838 2907 957 2963 aliis
977 2906 1276 2961 facultatem
1302 2903 1517 2959 donavit
1539 2901 1890 2970 Omnipotens
1909 2898 1976 2954 ad

407 3016 743 3059 communem
761 2998 1126 3055 defensionem
1154 2995 1470 3067 Ecclesiae.»
1504 2993 1640 3061 Quid
1674 3007 1798 3048 vero
1817 2991 1976 3045 etiam

409 3097 594 3149 beatus
622 3092 852 3165 Cyrillus
877 3089 1213 3159 rescripserit
1247 3085 1493 3142 orientali
1538 3085 1765 3156 synodo,
1797 3082 1983 3152 prohi-

410 3188 540 3242 bens
568 3200 675 3239 nou
700 3192 905 3239 tantum
927 3195 1233 3251 personam,
1249 3193 1432 3234 verum
1458 3176 1619 3232 etiam
1638 3174 1775 3231 dicta
1800 3173 1977 3232 Theo-

416 3277 534 3334 dori
563 3274 939 3340 condemnari,
966 3274 1120 3328 tertio
1151 3267 1563 3325 memoravimus
1592 3267 1749 3322 libro.

1035 3409 1260 3465 CAPUT
1302 3409 1363 3461 V.

415 3526 568 3594 Quod
598 3525 829 3579 Domum
855 3524 1192 3578 Antiochenus
1220 3521 1532 3577 Theodorum
1561 3520 1731 3574 laudet
1757 3521 1807 3594 in
1833 3536 1985 3594 syno-

485 3597 600 3651 dica
644 3596 717 3649 ad
747 3595 1087 3650 Theodosium
1115 3594 1493 3660 imperatorem,
1552 3601 1598 3643 με
1652 3592 1787 3656 quod
1832 3591 1985 3643 fidem

494 3683 667 3721 omnes
699 3665 882 3719 Patres
909 3666 1125 3718 doceant
1163 3665 1374 3717 mortuis
1404 3664 1456 3717 in
1488 3660 1732 3715 Ecclesia:
1771 3677 1893 3729 pace
1922 3660 1984 3713 de

494 3738 797 3807 functianon
816 3752 922 3790 esse
942 3735 1312 3789 instillandum.

498 3870 647 3926 Nunc
673 3870 831 3940 igitur
857 3868 1043 3922 Domni
1075 3866 1392 3922 Antioclieni
1423 3865 1730 3936 synodicam
1774 3878 1979 3918 memn-

413 3977 593 4019 remus
619 3961 897 4033 epistolam
928 3968 956 3997 ι
983 3999 998 4024 ,
1030 3959 1118 4028 qui
1150 3957 1283 4013 sicut
1308 3957 1425 4027 ejus
1454 3956 1708 4013 decessor
1730 3955 1981 4021 Joannes,

411 4066 467 4111 et
496 4056 609 4125 ipse
654 4051 963 4121 imperatori
992 4048 1294 4105 Theodosio
1323 4046 1566 4103 scribens
1592 4065 1605 4101 :
1637 4067 1654 4097 ι
1693 4046 1938 4101 Vestram
1967 4087 1980 4109 ,

415 4146 611 4215 inquit,
634 4145 830 4200 docere
857 4141 1065 4211 cogitur
1094 4141 1364 4209 pietatem,
1394 4142 1646 4207 quoniam
1682 4138 1983 4205 Apolinaris

415 4238 791 4295 haaresiarehae
827 4235 1149 4302 impietatem
1199 4228 1467 4300 Eutychos
1513 4228 1791 4298 presbyter
1822 4245 1982 4282 reno-

414 4344 540 4384 vare
569 4334 855 4397 pertentat,
908 4335 961 4380 et
985 4322 1305 4393 apostolicas
1331 4320 1650 4375 labefactare
1679 4319 1948 4374 doctrinas
1967 4363 1982 4386 ,

415 4420 655 4489 mysterii
687 4415 1071 4471 incarnationis
1094 4413 1283 4481 dogma
1311 4425 1688 4479 corrumpens,
1717 4420 1770 4463 et
1797 4409 1985 4464 divini-

419 4520 585 4565 tatem
614 4507 881 4574 Unigeniti
912 4518 963 4561 et
993 4505 1373 4559 humanitatem
1405 4518 1563 4557 unam
1612 4513 1854 4556 naturam
1896 4519 1985 4557 vo-

2074 1966 2237 2029 troni,
2265 1974 2393 2018 tunc
2438 1964 2823 2031 imperatorum
2854 1962 3057 2015 animas
3087 1959 3418 2023 irretientes,
3450 1956 3647 2010 adver-

2072 2070 2163 2110 sus
2193 2055 2475 2110 veritatem
2507 2054 2721 2109 illorum
2751 2065 2968 2106 movere
2994 2049 3306 2119 potentiam.
3334 2047 3531 2102 ilahuit
3552 2063 3652 2100 au-

2076 2157 2183 2201 tem
2215 2148 2315 2203 iste
2344 2147 2395 2200 iu
2439 2144 2720 2201 Antiochia
2768 2142 3121 2198 certaminum
3166 2154 3354 2195 cursus
3397 2139 3659 2195 adversus

2075 2240 2446 2295 haereticorum
2468 2239 2835 2294 austeritatem
2852 2236 3157 2291 decertans.
3179 2233 3273 2289 Dei
3296 2248 3469 2287 autem
3496 2233 3661 2287 homo

2072 2341 2289 2386 sanctus
2317 2331 2595 2395 Meletius,
2627 2344 2657 2384 a
2705 2343 2810 2397 quo
2834 2326 3244 2398 appellationem
3276 2325 3469 2378 habent
3516 2339 3585 2392 ap
3625 2324 3661 2377 d

2076 2442 2175 2480 nos
2216 2427 2630 2495 apostolicorum
2679 2423 2927 2479 custodes
2972 2423 3280 2492 dogmatum
3312 2420 3659 2493 (Meletianos

2073 2520 2215 2573 enim
2244 2533 2341 2573 nos
2361 2526 2553 2572 vocant
2570 2516 2679 2570 Arii
2707 2517 3041 2582 sectatores),
3079 2514 3499 2568 sacratissimum
3534 2512 3653 2565 Dio-

2075 2608 2261 2661 dorum
2308 2606 2718 2677 gubernatorem
2749 2604 2943 2658 Cilicia:
2974 2604 3237 2657 universa:
3279 2602 3565 2670 praeposuit
3597 2600 3654 2665 ι),

2076 2701 2131 2749 et
2157 2693 2480 2748 Tarseorum
2512 2694 2559 2748 ei
2582 2694 2821 2761 regimen
2848 2692 3138 2747 commisit.
3165 2692 3266 2745 Iste
3308 2692 3359 2743 in
3410 2690 3557 2758 regia
3583 2690 3658 2741 ei-

2076 2786 2239 2841 vitate
2267 2800 2388 2839 cum
2420 2782 2681 2854 Gregorio
2705 2793 2759 2839 et
2780 2783 3000 2854 reliquis
3029 2783 3118 2851 qui
3142 2784 3259 2850 ejus
3289 2790 3444 2837 erant
3471 2780 3659 2841 Studii,

2079 2886 2161 2930 ter
2214 2876 2424 2931 beatum
2475 2875 2783 2930 Nectarium
2850 2875 3307 2943 archiepiscopum
3369 2871 3660 2926 ordinavit.

2081 2964 2185 3021 lste
2212 2965 2434 3021 Joannis
2463 2965 2639 3033 magni
2670 2963 2858 3017 doctor
2886 2963 2979 3032 qui
3010 2963 3192 3017 sedem
3240 2961 3399 3031 regia:
3428 2960 3661 3014 civitatis

2080 3056 2314 3122 ornavit,
2345 3065 2397 3108 et
2427 3055 2735 3110 universum
2763 3053 3020 3107 mundum
3072 3052 3314 3111 doctrina
3349 3050 3659 3120 complevit.

2082 3147 2186 3204 Iste
2211 3145 2700 3215 divulgatissimum
2723 3143 2870 3199 illum
2901 3143 3239 3199 Theodorum
3270 3144 3371 3212 piis
3399 3141 3664 3212 dogmati-

2006 3245 2052 3306 C
2086 3240 2184 3295 bus
2222 3238 2508 3301 enutrivit,
2535 3249 2591 3291 et
2615 3238 2761 3292 clare
2799 3247 2961 3304 atque
3000 3235 3208 3290 fortiter
3250 3234 3479 3289 edocens
3510 3233 3663 3288 labo-

2089 3348 2239 3396 rare,
2272 3330 2644 3384 bmreticorum
2672 3328 2898 3383 catervis
2918 3343 3042 3382 eum
3067 3327 3300 3380 immisit.
3326 3326 3389 3381 Et
3416 3326 3663 3379 saeratis-

2087 3426 2251 3479 simus
2277 3423 2491 3493 quidem
2539 3422 2801 3477 Diodorus
2832 3436 2952 3476 cum
3011 3419 3299 3475 Atliana~io
3347 3435 3540 3486 magno
3563 3457 3581 3485 ,
3613 3428 3665 3471 et

2091 3518 2245 3569 Petro
2267 3526 2319 3568 et
2346 3514 2627 3569 Timotheo
2651 3511 2934 3568 coutloroit
2961 3528 2976 3575 ;
3004 3511 3317 3565 Theodorus
3341 3520 3517 3563 autem
3545 3524 3665 3562 cum

2090 3606 2412 3676 Theophilo,
2442 3605 2571 3659 viris
2600 3604 2718 3658 vice
2764 3603 3103 3658 luminarium
3135 3604 3317 3655 orbem
3350 3602 3663 3655 illustrauti-

2089 3699 2187 3752 bus
2211 3737 2227 3761 ,
2260 3707 2313 3752 et
2352 3695 2440 3765 qui
2463 3698 2643 3750 sedem
2670 3693 3006 3749 Alexandria:
3037 3704 3395 3757 ornaverunt;
3427 3692 3519 3745 sed
3554 3692 3667 3743 lau-

2086 3786 2300 3841 datores
2325 3784 2538 3855 quidem
2570 3784 2757 3838 horum
2791 3784 2863 3836 illi
2898 3783 2947 3835 in
2992 3782 3136 3837 onmi
3170 3781 3276 3835 vita
3306 3780 3540 3844 fuerunt,
3573 3795 3663 3834 ac—

2086 3891 2275 3933 cusare
2301 3885 2477 3929 autem
2522 3888 2613 3928 eos
2640 3872 2816 3926 nullus
2847 3871 3039 3924 alicubi
3082 3870 3418 3939 prtesumpsit
3446 3870 3665 3924 eviden-

2088 3983 2189 4027 ter.
2224 3989 2243 4023 ι
2290 3971 2525 4038 Apparet
2554 3966 2714 4020 etiam
2765 3979 2834 4019 ex
2871 3964 2951 4017 his
2991 3978 3110 4033 qua:
3140 3978 3278 4017 nunc
3319 3962 3667 4029 protulimus,

2086 4061 2511 4129 condiscipulum
2545 4057 2710 4113 fuisse
2738 4056 2913 4126 magni
2942 4053 3163 4109 Joannis
3189 4054 3667 4121 divulgatissimum

2085 4153 2465 4218 Theodorum,
2517 4164 2637 4203 cum
2686 4162 2830 4217 quo,
2892 4154 2949 4199 ut
2997 4146 3232 4200 Domnus
3289 4153 3588 4207 attestatur,
3635 4162 3664 4197 a

2087 4254 2269 4301 saneto
2311 4256 2521 4312 quoque
2582 4239 2853 4306 Diodoro,
2910 4239 3045 4291 sicut
3090 4252 3120 4291 a
3170 4237 3423 4292 Flaviano
3467 4236 3663 4290 Antio-

2085 4336 2299 4399 chensi,
2351 4334 2448 4402 piis
2491 4331 2827 4400 dogmatibus
2875 4330 3144 4384 enutritus
3190 4337 3289 4383 est.
3337 4328 3447 4383 lioc
3495 4330 3661 4381 etiam

2085 4425 2242 4480 simul
2269 4433 2348 4477 est
2400 4421 2696 4493 proditum,
2725 4420 2863 4489 quod
2895 4419 3072 4473 odium
3104 4428 3287 4472 contra
3318 4417 3660 4472 Theodorum

2090 4514 2405 4587 Eutychiaui
2436 4515 2448 4544 ’
2481 4513 2548 4567 ab
2569 4509 2685 4581 ipso
2715 4509 2951 4582 Eutyche
2974 4519 3122 4580 patre
3138 4523 3235 4564 suo
3265 4509 3663 4576 contraxerint,

418 4622 568 4682 haut,
598 4618 834 4712 plerique
888 4619 1052 4702 libris
1073 4619 1184 4673 suis
1213 4615 1647 4712 titulumAdabar'tt
1696 4619 1823 4712 35::ch
1864 4626 1976 4712 ξυιυς

2084 4628 2317 4712 τιοζίιὶας
2347 4627 2401 4679 ἐκ
2443 4624 2705 4712 (exprec.
2727 4619 3064 4710 Ἠροξκλείδιγυ⁹
3095 4623 3219 4675 κατὰ
3254 4628 3664 4712 Samariam-922'

415 4685 727 4748 ηυσιαότῶν.
749 4690 822 4743 Ita
844 4692 984 4745 enim
1008 4691 1198 4743 eitatur
1218 4692 1269 4741 in
1293 4685 1497 4757 synodo
1514 4701 1545 4757 v
1565 4686 1973 4757 lilierTlieodori

417 4758 776 4830 Mopsuesteni
829 4771 1010 4813 contra
1065 4756 1403 4830 Synusiastas
1443 4756 1524 4811 vel
1568 4756 1973 4830 Apolinaristas.

416 4827 544 4889 Imm
579 4831 796 4886 Diodori
821 4827 1255 4885 Tarsettsis'zwra':
1286 4834 1675 4885 Συνουσιαστῶν.
1698 4842 1728 4879 a
1759 4827 1978 4882 Leontio

415 4902 669 4973 Byzantio
692 4902 781 4973 lib.
808 4917 885 4966 ιιι,
906 4902 1199 4973 eodemque
1200 4897 1371 4973 _tit_ulo
1392 4896 1722 4973 liberCyrilli
1750 4897 1979 4973 Alesan-

414 4968 554 5027 drini
584 4972 722 5041 apud
754 4971 1090 5026 Anastasittm
1124 4969 1175 5022 in
1200 4968 1392 5041 Ecloge
1422 4970 1683 5041 χρήσεων,
1704 4983 1824 5041 cap.
1854 4970 1904 5026 5.
1929 4978 1983 5021 et

416 5035 678 5099 Theodoti
724 5041 1044 5107 Antiochiae,
1094 5038 1235 5108 apud
1288 5035 1556 5101 eumdem,
1604 5035 1850 5092 Θεοδότου
1892 5046 1978 5091 Av-

483 5165 510 5193 ι
540 5155 707 5225 Hujus
730 5153 1017 5225 synodica:
1043 5150 1254 5212 Domni,
1287 5148 1375 5225 qui
1409 5145 1663 5225 Eutychi,
1697 5155 1758 5225 ut
1785 5146 1874 5199 lib.
1910 5164 1983 5201 xu

413 5217 656 5279 extremo
706 5217 849 5279 dicet
871 5264 885 5287 ,
918 5223 1121 5291 primos
1161 5222 1396 5273 omnium
1429 5217 1639 5291 restitit,
1691 5217 1881 5291 mirum
1902 5228 1984 5289 est

413 5304 623 5349 tantum
655 5309 775 5348 esse
802 5288 939 5359 apud
970 5293 1104 5347 alios
1130 5291 1419 5356 scriptores
1444 5288 1983 5359 silentium._Succes—

414 5375 555 5418 serat
584 5364 630 5417 is
655 5357 847 5417 Joauni
871 5363 1168 5423 avunculo,
1203 5362 1372 5414 haeres
1393 5374 1497 5412 non
1524 5358 1697 5413 solum
1740 5357 1977 5424 honoris,

417 5433 512 5487 sed
534 5435 695 5489 etiam
725 5432 908 5497 studii,
930 5441 987 5485 ut
1009 5434 1059 5485 in
1086 5430 1424 5487 Nestorianas
1455 5439 1629 5494 partes
1652 5429 1981 5497 prapensior.

417 5504 544 5559 lude
573 5513 655 5558 est
704 5502 850 5572 quod
889 5503 1113 5557 c’e'icos
1143 5502 1444 5555 Edessenos
1494 5498 1636 5553 Ibam
1680 5498 1983 5572 episcopum

418 5566 734 5627 accusantes
777 5571 960 5641 rejecit
989 5584 1040 5627 et
1073 5572 1341 5625 damnavit
1369 5611 1383 5633 ,
1402 5568 1741 5641 Aut.est_apud
1767 5566 1987 5623 Libera-

417 5655 526 5697 tum
548 5659 667 5713 cap.
711 5641 799 5698 10.
832 5638 885 5695 in
933 5643 1137 5713 synodo
1176 5649 1349 5694 autem
1396 5638 1665 5713 Ephesina
1693 5654 1725 5691 ιι
1756 5641 1986 5713 cireum-

416 5709 975 5781 ventus'episcOpatu'
1017 5711 1254 5779 dejectus
1304 5722 1421 5777 est,
1481 5709 1699 5778 prolatis
1748 5709 1986 5777 epistolis

2080 4702 2137 4750 Εἰ
2165 4690 2238 4753 3's.
2273 4696 2460 4761 inquit,
2491 4693 2563 4765 ἐφ’
2589 4690 2653 4747 ὧν
2676 4690 2875 4765 viatici“
2917 4696 3000 4745 mi
3028 4695 3118 4759 μία
3145 4693 3293 4752 αὐτὴ,
3326 4692 3376 4744 αἱ
3416 4690 3664 4751 ἰδιότητες

2079 4761 2553 4838 eademeadem-io
2598 4764 2836 4838 ἀκέραιοι,
2873 4765 3105 4838 penetro
3143 4762 3313 4834 πολλῷ
3356 4761 3666 4833 δικαιότερον

2081 4836 2152 4893 ὅτ’
2172 4832 2231 4889 ἂν
2256 4836 2348 4891 δύο
2367 4835 2594 4906 διάφοροι
2614 4832 2787 4906 ptiust;
2818 4832 2887 4901 ἐφ’
2907 4832 2975 4906 ἑνὶ
3007 4832 3293 4906 «(hominem
3315 4836 3664 4906 7wp_i§ovmt,

2083 4910 2293 5031 ἀκέραιὲ
2328 4925 2380 4959 τι
2426 4900 2525 4965 ritis
2551 4900 2822 4978 ὑπάρξεως
2851 4900 2929 4958 irai
2953 4922 3005 4958 τε
3034 4900 3132 4957 ἑῶν
3172 4900 3369 4974 otiosam
3406 4900 3662 4970 ἰδιώματι(

2085 4982 2247 5031 σώζεσ
2284 4998 2355 5030 αι.

2085 4982 2355 5041 σώζεσθαι.

2087 5165 2216 5217 quas
2268 5150 2331 5201 ad
2378 5148 2685 5202 Dio-eorum
2717 5147 3004 5215 scripserat
3048 5158 3233 5201 contra
3263 5147 3538 5199 du.uleciin
3572 5162 3659 5197 ca-

2090 5231 2195 5289 pita
2226 5219 2443 5289 Cyrilli,
2486 5229 2543 5274 ut
2578 5219 2848 5273 Liberatus
2888 5220 3027 5270 idem
3075 5230 3259 5271 auctor
3285 5228 3376 5289 est
3417 5232 3535 5289 cap.
3572 5220 3661 5270 L2.

2160 5288 2186 5326 ι’
2214 5285 2582 5345 Τιἰθυιιοτθιυε
2613 5289 2706 5343 lib.
2738 5304 2767 5341 v
2810 5289 3074 5349 Historiae,
3103 5303 3223 5355 cap.
3254 5290 3285 5339 4
3320 5304 3335 5337 :
3364 5286 3420 5341 Ὀ
3449 5285 3501 5341 δέ
3530 5289 3663 5347 Otia;

2088 5360 2313 5433 Melértog
2342 5359 2585 5433 Διόδωρον
2611 5360 2859 5433 Tarpeiam
2882 5363 3164 5433 κατέςςιςῃσε
3212 5359 3461 5433 ποιμέινιιιε
3492 5361 3577 5410 καὶ
3607 5362 3667 5411 τὸ

2092 5431 2290 5486 Κιλίκων
2316 5433 2454 5503 αὐτῷ
2481 5427 2787 5503 surripias»
2811 5427 2971 5489 ἔθνος.
2995 5428 3174 5482 Cilicia
3196 5427 3427 5503 nondum
3452 5427 3503 5478 in
3528 5427 3667 5479 duas

2093 5511 2271 5565 partes
2300 5490 2465 5554 divisa
2495 5543 2509 5564 ,
2558 5486 2759 5552 Taisus
2786 5486 2944 5566 caput
2973 5509 3087 5552 erat
3131 5498 3390 5551 universae
3445 5500 3666 5563 provin-

2091 5572 2189 5623 ciae
2219 5587 2233 5623 :
2265 5580 2383 5637 post
2407 5570 2753 5633 divisionem,
2797 5568 2997 5622 Tarsus
3024 5567 3208 5621 eadem
3227 5610 3240 5630 ,
3272 5566 3415 5637 quod
3441 5582 3503 5619 ex
3539 5566 3662 5619 Ilie-

2094 5642 2237 5693 rocle
2266 5636 2474 5695 constat
2500 5683 2514 5707 ,
2550 5638 2861 5706 metropolis
2915 5639 3009 5691 fuit
3058 5638 3239 5705 prima:
3268 5636 3491 5700 Cilici»,
3518 5640 3666 5691 Ana~

2094 5710 2282 5765 aarhus
2306 5753 2320 5776 ,
2351 5720 2409 5765 ut
2432 5709 2630 5765 dictum
2661 5720 2745 5765 est
2768 5748 2783 5772 ,
2823 5708 3089 5762 secundm.

491 5808 507 5837 ¹
535 5804 668 5859 Cod.
700 5805 918 5870 Veron.,
948 5815 1122 5858 contra
1166 5804 1504 5868 Theodorum,
1534 5806 1663 5860 sicut
1692 5809 1847 5859 etiam
1870 5812 2040 5855 contra
2068 5808 2358 5879 magistrum
2387 5808 2497 5877 ejus
2528 5803 2829 5860 Dioscorum
2864 5798 3200 5873 (Diodorum)
3247 5798 3553 5872 Eutychioni
3601 5801 3669 5853 ,ὠ

414 5880 549 5947 ipsa,
572 5884 673 5931 etc.
