3962 6196
383 393 481 445 727

1468 393 1764 449 FACUNDI
1811 394 2021 453 EPISC.
2063 391 2574 450 HERMIANENSIS

3561 397 3669 453 7'38

381 509 743 564 auctoritatem
793 508 882 563 tali
933 507 1306 563 bmreticorum
1357 517 1796 577 argumentorum
1828 509 1961 562 ‘de-
1993 517 2036 568 Λ
2070 523 2166 563 nos
2215 509 2236 537 ⁸
2281 514 2560 562 accusant.
2602 525 2619 556 ι
2677 506 2900 562 Proclus
2952 495 3112 562 etiam
3162 509 3240 564 sic
3284 510 3582 579 di-ploranti
3608 523 3665 568 et

381 611 606 658 struere.
638 601 769 656 Nam
799 601 882 656 cui
914 601 990 657 rei
1021 601 1322 655 necessaria
1350 611 1432 655 est
1463 601 1562 656 ista
1615 602 1781 656 multa
1809 601 1965 669 justi-

380 697 448 748 tia
471 735 486 758 ,
516 709 634 764 qua:
659 709 778 750 cum
812 694 949 748 male
971 695 1466 761 argumentantibus
1502 693 1767 748 bmreticis
1801 693 1966 757 lavet,

380 786 512 840 dure
537 795 699 856 atque
741 785 1031 840 crudeliter
1063 786 1112 839 in
1159 795 1473 842 sanctorum
1527 785 1740 839 Palmm
1772 792 1966 839 contu-

381 875 591 930 meliam
623 876 979 932 redundavit?
1007 875 1194 931 Nonne
1221 877 1439 946 proprie
1462 874 1670 931 videtur
1697 876 1750 928 in
1784 875 1969 930 Eccle-

380 966 543 1022 siaste
575 967 772 1022 talibus
816 967 1194 1033 interdictum,
1239 968 1330 1023 ubi
1371 969 1630 1037 scriptum
1661 976 1789 1024 est:
1845 968 1972 1022 Noli

380 1059 508 1128 (αἰεί
531 1062 705 1130 justus
735 1058 955 1112 multant
974 1101 990 1123 ,
1030 1068 1078 1113 et
1108 1061 1216 1114 noli
1245 1061 1597 1129 argumentari
1626 1059 1974 1120 abundantet.

382 1164 445 1202 ne
489 1148 621 1218 forte
651 1149 975 1220 Obstupescat
999 1194 1014 1215 ,
1061 1167 1123 1204 ue
1153 1151 1307 1220 impie
1334 1167 1457 1218 agas
1502 1151 1757 1216 multum;
1787 1159 1832 1204 e1
1866 1150 1990 1204 noli

381 1256 489 1296 esse
521 1243 719 1307 durus,
750 1258 814 1296 ne
857 1242 1094 1296 moriaris
1137 1242 1191 1296 in
1223 1252 1448 1310 tempore
1491 1259 1591 1296 non
1635 1253 1722 1298 tuo
1772 1242 1972 1314 (Eccle.

383 1347 484 1395 vn,
516 1334 626 1406 Π).
657 1333 723 1389 Ει
751 1334 871 1404 quia
905 1333 974 1388 ibi
999 1335 1240 1405 sequitur
1263 1336 1450 1390 dicens
1482 1353 1495 1388 :
1523 1334 1728 1390 Bonum
1758 1346 1828 1390 est
1855 1353 1977 1404 par-

383 1442 496 1480 cere
522 1436 568 1480 te
597 1428 649 1479 in
688 1425 780 1481 hoc
808 1427 1074 1496 equidem;
1103 1428 1166 1480 ab
1206 1428 1306 1482 hoc
1335 1429 1442 1482 noli
1485 1430 1836 1482 contaminare
1864 1445 1977 1482 rna-

384 1535 508 1571 nam
529 1529 702 1586 tuam,
734 1520 854 1589 quia
884 1520 927 1573 is
953 1521 1041 1588 qui
1065 1521 1206 1574 timet
1238 1520 1403 1576 Deum
1443 1523 1613 1576 evadit
1651 1524 1842 1576 omnia.
1870 1523 1977 1576 Ma-

386 1608 582 1664 luitnus
614 1624 750 1669 nos.
798 1626 892 1678 pro
935 1612 1029 1666 Dei
1076 1613 1298 1677 timore,
1337 1624 1394 1668 ut
1446 1616 1797 1668 evaderemus
1843 1615 1980 1667 hanc

385 1704 628 1772 culpam,
654 1718 876 1772 parcere
909 1704 1228 1759 venerandis
1269 1703 1517 1764 Patribus
1547 1721 1706 1774 quam
1742 1705 1848 1760 illis
1877 1707 1978 1759 ad-

387 1795 603 1851 misceri
649 1797 740 1866 qui
789 1811 979 1855 manus
1029 1811 1155 1852 suas
1207 1799 1743 1866 contaminaverunt,
1797 1799 1980 1854 incon-

2071 601 2419 670 couquerenti
2473 600 2728 669 praedicto
2777 602 3009 665 Joauoi,
3058 611 3114 656 et
3160 603 3368 673 synodo
3417 605 3664 660 orientali

2073 693 2348 762 respondit
2384 710 2395 744 :
2435 710 2453 743 ι
2477 693 2704 758 Quando
2735 694 2881 746 enim
2914 708 3015 764 ego
3045 695 3235 763 scripsi
3271 703 3376 750 tua:
3400 699 3666 751 sanctitati

2072 794 2322 853 oportere
2369 795 2460 836 aut
2510 783 2891 847 Theodorum,
2941 793 3031 837 aut
3082 785 3214 838 alios
3261 785 3522 854 quosdam
3578 790 3668 852 qui

2073 876 2224 946 prius
2253 875 2488 930 defuncti
2548 887 2670 928 sunt
2704 920 2718 942 ,
2752 877 3079 931 anathemati
3119 878 3309 931 subdi?
3340 899 3358 930 ι
3393 880 3458 934 Et
3489 881 3623 934 infra
3651 900 3665 934 :

2082 987 2102 1021 ι
2133 970 2316 1039 Neque
2341 979 2518 1024 autem
2549 969 2616 1024 de
2643 968 2930 1024 Theodoro
2963 986 3140 1039 neque
3168 972 3233 1026 de
3264 973 3370 1027 alio
3395 989 3670 1043 quoquam

2075 1061 2162 1128 qui
2187 1060 2298 1131 jam
2327 1060 2562 1114 defuncti
2591 1070 2747 1124 sunt,
2772 1062 2961 1130 scripsi
2995 1063 3111 1126 tibi,
3139 1063 3248 1118 Deo
3275 1067 3668 1133 amantissime,

2078 1161 2134 1205 ut
2162 1161 2254 1206 aut
2281 1153 2789 1217 anathematizetur,
2825 1163 2915 1207 aut
2961 1154 3258 1209 abdicetur.
3301 1175 3319 1207 ι
3355 1156 3481 1211 Item
3528 1163 3670 1214 scri-

2079 1240 2215 1294 bens
2257 1241 2491 1296 Maximo
2539 1240 2767 1297 diacono
2793 1243 2924 1297 dicit
2975 1259 2989 1297 :
3054 1261 3072 1294 ι
3109 1245 3384 1312 Quomodo
3413 1262 3541 1317 ergo
3574 1265 3672 1318 per

2080 1335 2284 1389 litteras
2331 1334 2491 1390 didici
2522 1349 2664 1390 nunc
2690 1378 2704 1402 ,
2754 1335 2877 1405 quia
2909 1335 3182 1390 Theodori
3214 1337 3568 1404 Morsuesteni
3611 1350 3672 1396 et

2079 1429 2304 1483 aliorum
2337 1430 2693 1494 quorumdam
2726 1428 2936 1482 nomina
2970 1430 3250 1498 pratposita
3276 1442 3400 1485 sunt
3422 1433 3671 1502 capitulis

2079 1521 2144 1574 ad
2177 1521 2732 1574 anatbernatizandum
2754 1562 2769 1584 ,
2801 1535 2923 1574 cum
2950 1520 3061 1590 jam
3089 1521 3164 1576 illi
3197 1523 3259 1575 ad
3287 1523 3448 1576 Donni
3475 1527 3677 1596 migra-

2083 1610 2274 1676 verint,
2291 1621 2342 1664 et
2362 1612 2552 1681 eesqni
2577 1611 2687 1680 jam
2719 1612 2880 1664 vitam
2915 1612 3262 1682 reliquerunt,
3279 1628 3669 1680 supervacuum

2081 1712 2163 1757 est
2193 1703 2434 1776 injuriari
2469 1712 2586 1772 post
2614 1712 2860 1767 mortem,
2891 1718 3025 1773 quos
3071 1719 3171 1759 nec
3201 1705 3347 1758 vivos
3377 1705 3672 1773 aliquando

2083 1798 2433 1867 culpavimus.
2463 1815 2480 1848 ι
2509 1796 2707 1866 Cyrillo
2729 1796 2891 1850 etiam
2914 1796 3156 1851 scribens
3180 1798 3675 1852 memoratusJoan-

388 1884 526 1938 sulta
557 1900 652 1940 eos
671 1885 1069 1954 subscriptione
1097 1886 1434 1942 damnantes.
1470 1888 1703 1943 Pertinet
1733 1888 1892 1956 igitur
1912 1889 1976 1944 ad
2009 1891 2058 1950 Β
2085 1904 2178 1945 nes
2207 1889 2570 1944 Autiocbenus
2599 1903 2724 1943 cum
2742 1887 2992 1943 orientali
3019 1888 3246 1942 concilio
3275 1888 3405 1942 dicit
3438 1907 3452 1943 :
3484 1907 3499 1941 ι
3528 1889 3674 1956 Quid

392 1977 608 2046 pietatis
651 1987 845 2034 vestrae
885 1979 1190 2050 justitiam,
1245 1980 1418 2050 utqui
1449 1996 1554 2036 non
1582 1982 1833 2054 judicatis
1881 1997 1976 2052 pa-

391 2081 559 2126 terna:
601 2073 881 2129 sententia:
909 2083 1308 2142 contemptores
1341 2077 1383 2142 ³,
1407 2075 1498 2144 qui
1524 2091 1584 2130 se
1620 2078 1784 2131 tantis
1809 2077 1980 2132 Patri-

392 2163 492 2218 bus
547 2164 861 2232 prudentius
891 2165 1252 2229 intellexisse,
1299 2175 1353 2221 et
1384 2167 1568 2221 utilius
1615 2167 1740 2222 fidei
1781 2182 1980 2222 consu-

391 2257 558 2313 luisse
601 2258 931 2330 gloriantur;
966 2259 1134 2313 multo
1165 2260 1340 2313 minus
1367 2274 1453 2317 me
1479 2259 1564 2316 vel
1590 2258 1659 2315 de
1684 2260 1983 2328 caeteroju-

391 2350 612 2415 dicetis,
645 2351 733 2421 qui
765 2366 869 2406 non
898 2365 1105 2420 meum,
1132 2351 1226 2406 sed
1261 2360 1528 2407 tantorum
1555 2351 1770 2407 Patrum
1803 2352 1984 2406 videor

394 2447 451 2502 in
481 2446 767 2501 Theodoro
785 2447 936 2516 sequi
959 2445 1222 2516 judicium
1257 2463 1268 2499 :
1305 2446 1451 2516 quod
1480 2447 1641 2502 etiam
1672 2454 1853 2500 sancta
1889 2461 1983 2516 sy-

395 2537 568 2592 nodus
597 2535 1052 2592 Chalcedonensis
1079 2547 1261 2592 secuta
1303 2548 1424 2602 est,
1459 2537 1635 2593 sciens
1687 2551 1810 2591 eum
1857 2545 1910 2591 et
1954 2552 1986 2592 a

394 2629 602 2683 Joanne
643 2626 1236 2697 Constantinopolitano
1281 2636 1441 2697 atque
1469 2627 1731 2697 Gregorio
1757 2626 1984 2681 Nazian-

395 2737 552 2789 zeno,
587 2720 928 2791 superstitem
981 2720 1362 2789 praedicatum,
1395 2733 1450 2777 et
1496 2731 1619 2790 post
1667 2720 1870 2775 obitum
1919 2719 1988 2774 ab

394 2814 604 2872 Joanne
627 2823 684 2869 et.
704 2815 912 2869 Damno
941 2814 1320 2880 Antiocbenis,
1354 2830 1416 2870 ac
1446 2824 1553 2870 tota
1577 2815 1784 2885 synodo
1805 2815 1990 2870 Orien-

396 2906 490 2972 tis,
522 2914 682 2974 atque
724 2903 926 2976 Cyrillo
957 2904 1324 2962 Alexandrino
1352 2915 1407 2961 et
1449 2906 1639 2962 Proclo
1684 2906 1990 2960 Constanti-

400 2996 736 3067 nopolitano,
769 3004 955 3050 contra
981 2995 1354 3052 haereticorum
1383 2997 1682 3053 calumnias
1707 2996 1990 3066 multiplici

397 3088 611 3144 ratione
631 3087 935 3146 defensum.
975 3087 1133 3145 Unde
1156 3090 1325 3158 magis
1358 3090 1613 3159 probatur
1645 3089 1786 3160 quod
1830 3091 1996 3144 stulte

398 3187 619 3248 prepter
651 3177 754 3233 boc
784 3188 1002 3248 putetur
1028 3177 1279 3233 haeretica
1303 3221 1317 3245 ,
1367 3180 1514 3248 quod
1541 3180 1591 3234 in
1624 3195 1784 3236 causa
1815 3180 1992 3235 Theo-

2082 1998 2186 2037 non
2220 1982 2306 2037 hic
2335 1982 2569 2036 ltesionis
2589 1981 2673 2035 vel
2702 1979 3064 2048 corruptionis
3095 1990 3148 2034 et
3174 1979 3502 2036 confusionis
3548 1983 3673 2049 ple-

2083 2092 2208 2133 num
2223 2083 2528 2146 generetur,
2544 2072 2590 2128 si
2613 2071 3139 2142 aperiamusjauuam
3163 2072 3243 2127 bis
3264 2073 3352 2143 qui
3371 2074 3556 2127 volunt
3572 2074 3678 2128 dic-

2084 2179 2167 2224 cta
2193 2167 2582 2223 transeuntium
2606 2166 2817 2221 Patrum
2831 2163 3538 2234 evertere?qualedamuum
3562 2181 3674 2219 non

2083 2269 2325 2330 apertum
2341 2259 2445 2314 erit
2465 2257 2609 2312 dicta
2637 2272 2745 2311 non
2767 2255 2941 2312 solum
2969 2253 3222 2321 refutare,
3242 2256 3334 2310 sed
3358 2257 3516 2310 etiam
3535 2272 3676 2309 ana-

2085 2351 2468 2410 tbematizare?
2522 2370 2540 2404 ι
2595 2349 2829 2421 Cyrillus
2885 2363 3100 2419 quoque
3141 2348 3444 2403 rescribens
3487 2349 3668 2403 eidem

2085 2446 2278 2502 Joauui
2302 2453 2358 2501 et
2411 2443 2530 2513 ejus
2557 2440 2788 2512 synodo,
2820 2440 2898 2495 sic
2929 2439 3001 2495 ait
3032 2457 3047 2494 :
3085 2459 3104 2492 ι
3135 2440 3244 2494 Nisi
3273 2438 3413 2495 forte
3441 2440 3490 2494 in
3521 2456 3679 2494 uten-

2089 2546 2194 2593 tem
2225 2535 2605 2592 assumendum
2655 2541 2741 2589 est
2777 2532 2921 2602 quod
2953 2533 3268 2588 continuare
3312 2533 3520 2598 volunt,
3549 2547 3680 2586 cum

2088 2629 2326 2686 maxime
2362 2642 2533 2698 neque
2567 2628 2618 2682 in
2649 2634 2896 2695 promptu
2926 2633 3009 2680 est
3049 2639 3278 2693 persona
3310 2639 3469 2694 quant
3500 2626 3682 2692 culpas

2088 2731 2418 2792 supponunt,
2446 2728 2503 2774 et
2530 2718 2888 2788 capitulorum
2915 2715 3223 2786 redargutio
3246 2716 3477 2780 incerta,
3507 2724 3563 2770 et
3584 2715 3680 2785 qui

2092 2813 2205 2868 haec
2222 2819 2387 2883 agunt
2417 2812 2471 2865 iu
2497 2815 2759 2864 incertum
2789 2816 3072 2864 currentes
3106 2815 3160 2862 et
3186 2820 3366 2861 acrem
3388 2807 3682 2862 verberan-

2093 2915 2173 2959 tes
2189 2905 2547 2961 inveniuntur.
2571 2919 2589 2954 ι
2614 2901 2680 2956 Et
2704 2899 2870 2955 infra:
2895 2919 2913 2952 ι
2938 2900 3042 2956 Sed
3061 2900 3204 2970 juste
3217 2899 3452 2964 audient,
3472 2909 3682 2953 tamen-

2093 2997 2190 3049 etsi
2237 2995 2446 3057 noluut,
2495 2992 2584 3062 qui
2626 2990 2931 3060 bujusmodi
2974 3005 3168 3046 causas
3219 2991 3481 3059 praebent,
3531 2990 3684 3044 Obli-

2095 3087 2358 3144 viscimini
2389 3099 2485 3140 vos
2542 3086 2710 3154 ipsos,
2743 3084 2992 3153 quoniam
3028 3083 3284 3138 adversus
3323 3085 3566 3151 putreres
3592 3100 3688 3136 ar-

2095 3196 2189 3236 cus
2219 3178 2510 3235 extenditis
2545 3194 2558 3230 :
2588 3193 2693 3231 non
2733 3179 2878 3231 enim
2907 3185 3154 3244 superest
3179 3175 3268 3243 qui
3297 3176 3441 3244 apud
3473 3190 3565 3228 vos
3592 3175 3686 3229 iu-

398 3273 515 3325 dori
563 3271 777 3326 illorum
822 3271 1036 3326 Patrum
1069 3272 1376 3326 testimonio
1407 3273 1564 3329 ﬁdem
1624 3273 1825 3338 habuit,
1860 3290 1990 3343 quo-
2018 3266 2062 3326 (Ζ
2099 3277 2328 3344 scriptus
2349 3282 2449 3327 est.
2502 3271 2566 3325 Et
2592 3285 2679 3326 me
2708 3270 2885 3324 nullus
2935 3269 3121 3336 culpet
3146 3269 3197 3321 in
3231 3269 3343 3321 luet:
3368 3268 3526 3322 verba
3561 3285 3687 3336 ιιι-ος

400 3378 518 3415 rum
552 3361 708 3421 fidem
761 3363 812 3415 in
862 3363 974 3417 suis
1002 3362 1409 3418 definitionibus
1465 3375 1649 3420 tenens
1705 3366 1987 3421 haereticos

402 3453 744 3521 improbavit.
778 3454 1322 3510 Animadvertendum
1354 3471 1485 3510 sane
1522 3457 1731 3510 videtur
1768 3467 1821 3511 et
1854 3458 1986 3512 fide-

402 3545 532 3598 lium
583 3543 838 3605 cordibus
901 3546 1314 3614 incnlcaudum,
1368 3562 1476 3602 non
1529 3558 1633 3602 tam
1685 3565 1779 3617 pro
1829 3565 1986 3604 causa

403 3638 766 3708 Mopsuesteni
807 3638 1108 3704 Theodori,
1140 3655 1298 3706 quam
1329 3655 1425 3710 pro
1453 3651 1767 3695 cunctorum
1798 3643 1887 3711 qui
1915 3643 1992 3696 vi-

405 3740 516 3782 tatu
547 3729 598 3784 in
632 3743 763 3797 pace
784 3728 1042 3785 Ecclesia:
1073 3731 1326 3786 finierunt
1347 3742 1506 3800 atque
1548 3732 1821 3795 ﬁnierint;
1852 3731 1991 3800 quod

402 3837 594 3876 omnes
643 3823 695 3876 hi
729 3822 912 3877 Patres
942 3837 1169 3892 quorum
1197 3825 1493 3879 sententias
1535 3825 1951 3880 memoravimus
1975 3869 1989 3893 ,

404 3915 635 3969 diversis
656 3914 871 3985 quidem
905 3915 1081 3969 verbis
1105 3957 1118 3980 ,
1155 3913 1249 3970 sed
1277 3915 1469 3970 eodem
1519 3931 1680 3972 sensu
1712 3957 1726 3979 ,
1759 3932 1998 3984 pronun-

407 4007 543 4061 tient
571 4007 823 4077 quoniatn
864 4007 1232 4076 unusquisque
1280 4008 1468 4062 invita
1519 4022 1613 4062 sua
1663 4009 1993 4078 corruptioui

411 4097 673 4152 Ecclesia:
721 4097 1070 4166 pertinaciter
1114 4113 1220 4152 non
1259 4099 1548 4162 resistens,
1598 4108 1716 4167 post
1765 4108 1993 4155 mortem

406 4207 530 4245 cum
563 4192 678 4249 suis
702 4191 863 4246 dictis
891 4207 994 4246 non
1026 4191 1221 4246 debeat
1242 4191 1495 4248 abdicari.
1529 4189 1760 4245 Sanctus
1787 4207 1999 4262 quoque

405 4281 642 4338 Joannes
675 4283 1046 4341 Antiochenus
1066 4292 1118 4336 et
1149 4290 1257 4338 tota
1284 4281 1523 4352 synodus
1544 4281 1776 4336 Orientis
1795 4323 1812 4348 ,
1842 4284 2000 4339 beato

414 4375 604 4429 l'roclo
645 4375 976 4442 scribentes,
1029 4376 1169 4429 inter
1196 4373 1298 4427 alia
1340 4375 1420 4429 sic
1475 4383 1818 4444 queruntur:
1879 4393 1898 4427 ι
1934 4375 2003 4431 Et

408 4467 538 4533 quid
570 4467 639 4521 de
667 4473 864 4522 caetero
892 4466 1126 4522 nominis
1156 4466 1296 4522 adsit
1325 4467 1584 4524 doctrinis
1603 4510 1618 4534 ,
1663 4469 1740 4524 sic
1769 4469 2002 4524 admira-

411 4555 606 4609 bilibus
633 4564 693 4609 et
719 4556 1094 4612 famosissimis
1122 4557 1253 4612 viris
1287 4569 1404 4627 post
1433 4571 1660 4614 mortem
1694 4559 2002 4615 damnatis?

2091 3368 2348 3436 gressori.
2385 3364 2559 3418 Grave
2605 3373 2688 3417 est
2726 3363 2868 3416 enim
2901 3361 3159 3415 insultare
3199 3361 3490 3426 defunctis,
3525 3363 3602 3414 vel
3636 3363 3690 3414 si

2092 3460 2211 3513 laici
2244 3456 2465 3522 fuerint,
2495 3459 2689 3511 nedum
2739 3456 2847 3509 illis
2873 3455 2960 3524 qui
3013 3455 3065 3508 iu
3095 3456 3406 3524 episcopatu
3440 3454 3575 3506 hanc
3605 3456 3687 3508 vi-

2093 3564 2198 3606 tam
2227 3551 2613 3619 deposuerunt.
2645 3549 3009 3603 Justissimum
3032 3547 3173 3600 enim
3205 3557 3424 3616 apparet
3457 3546 3688 3614 pruden-

2095 3646 2236 3698 tibus
2266 3645 2412 3708 viris,
2439 3644 2631 3697 cedere
2657 3643 2960 3711 praescienti
2993 3641 3411 3710 uniuscujusque
3442 3643 3690 3695 volunta-

2098 3745 2227 3800 tem,
2261 3745 2315 3790 et
2352 3736 2697 3804 cognoscenti
2731 3733 2906 3802 qualis
2927 3733 3297 3802 unusquisque
3321 3743 3566 3788 nostrum
3593 3732 3683 3787 fu-

2098 3839 2246 3883 turus
2279 3827 2364 3881 sit.
2408 3847 2426 3878 ι
2481 3827 2605 3880 llzec
2662 3827 2842 3880 animo
2900 3826 3054 3880 nobis
3110 3826 3363 3891 tenenda,
3414 3829 3526 3880 lucc
3581 3842 3690 3881 non

2099 3922 2271 3976 Solum
2304 3919 2679 3988 prmsentibus,
2728 3917 2820 3972 sed
2873 3919 3033 3972 etiam
3091 3918 3300 3982 futuris,
3353 3918 3398 3971 si
3429 3919 3516 3986 qui
3544 3916 3693 3973 forte

2102 4027 2288 4065 rursus
2321 4010 2664 4073 emerserint,
2713 4009 3196 4078 pr.esumptoribus
3229 4009 3546 4078 opponenda
3569 4049 3585 4072 ,
3618 4025 3696 4065 ne

2101 4102 2222 4170 quis
2250 4103 2613 4155 condemnare
2662 4100 2875 4163 audeat,
2909 4100 3011 4153 nisi
3039 4101 3368 4168 cerreptioni
3401 4102 3693 4169 pertinaci-

2101 4200 2186 4255 ter
2211 4191 2577 4245 resistentem.
2611 4189 2762 4255 Quod
2793 4190 2835 4243 si
2886 4189 3047 4243 etiam
3081 4189 3361 4259 quisquam
3380 4206 3442 4245 ex
3475 4190 3557 4245 bis
3589 4191 3693 4243 Pa-

2104 4284 2294 4347 tribus,
2320 4283 2411 4353 qui
2440 4296 2678 4337 consona
2722 4292 2775 4337 et
2821 4297 2922 4336 una
2955 4298 3086 4338 voce
3113 4283 3135 4315 ³
3167 4299 3261 4352 pro
3289 4283 3576 4338 Theodoro
3604 4300 3693 4338 re-

2104 4375 2457 4446 sponderunt,
2491 4375 2632 4446 quod
2664 4377 2804 4430 absit
2828 4391 2856 4429 a
2883 4377 3212 4432 conscientia
3237 4387 3290 4432 et
3316 4380 3541 4432 veritate
3563 4392 3695 4430 san-

2105 4479 2338 4533 ctorum,
2373 4468 2756 4538 prwvaricatus
2798 4469 2866 4522 ab
2891 4469 3132 4523 omnium
3162 4470 3435 4523 communi
3461 4481 3657 4524 senten
3683 4503 3701 4512 ο

2107 4564 2201 4626 tia,
2257 4563 2585 4617 contrarium
2644 4563 2745 4616 sibi
2801 4563 3066 4631 tantisque
3132 4564 3378 4617 Patribus
3433 4563 3698 4619 habuisse

408 4649 525 4704 Non
553 4663 728 4701 meum
757 4656 791 4697 α.
815 4663 943 4717 ergo
972 4659 1056 4704 est
1086 4650 1334 4720 gloriosis
1365 4667 1552 4706 eorum
1583 4653 1672 4721 qui
1705 4667 1997 4722 prtecesse-
2027 4641 2080 4700 D
2106 4667 2285 4725 postea
2309 4654 2569 4724 judicium
2597 4655 2942 4723 probaretur;
2970 4654 3137 4723 ipsius
3160 4656 3336 4723 potius
3367 4657 3457 4724 qui
3484 4655 3696 4709 discor-

408 4751 539 4796 runt
558 4740 900 4810 opinionibus
934 4741 1211 4806 insultare,
1265 4759 1438 4812 neque
1483 4745 1725 4812 judicare
1763 4761 1858 4801 eos
1901 4748 1992 4816 qui

407 4832 673 4888 honorate
721 4834 953 4888 defuncti
985 4845 1108 4888 sunt
1135 4879 1150 4904 ,
1199 4837 1293 4891 sed
1323 4838 1494 4892 solius
1519 4838 1713 4906 jndicis
1745 4839 1992 4895 vivorum

407 4934 464 4979 et
488 4935 876 4982 mortuorum.»
912 4926 1223 4986 Scribentcs
1248 4929 1408 4982 etiam
1434 4929 1738 4986 Theodosio
1765 4933 1998 5002 impera-

409 5017 511 5071 tori
535 5017 756 5071 dicunt:
789 5036 808 5069 ι
839 5018 892 5074 Si
924 5029 1102 5073 autem
1131 5020 1443 5088 quidquam,
1467 5031 1651 5076 sancte
1680 5024 1994 5092 imperator,

409 5109 694 5165 obscurum
741 5112 934 5181 aliquis
965 5113 1193 5168 inveniri
1222 5113 1365 5167 dicat
1397 5115 1447 5168 in
1494 5114 1613 5184 ejus
1644 5118 1728 5171 vel
1769 5117 1992 5173 aliorum

411 5203 627 5268 litteris,
677 5206 956 5260 retractari
985 5205 1008 5237 ³
1040 5206 1403 5265 necessarium
1454 5222 1559 5260 non
1614 5218 1715 5262 est.
1758 5209 1994 5277 Quorum

413 5292 553 5346 enim
597 5293 705 5347 vita
754 5299 806 5350 in
834 5297 1136 5354 sacerdotio
1165 5307 1218 5351 et
1266 5298 1565 5353 ministerio
1594 5300 1852 5368 optimum
1899 5301 1995 5354 ba-

371 5441 379 5466 q,
415 5388 524 5443 buit
549 5387 733 5453 finem,
769 5390 852 5442 his
883 5393 1153 5456 pra-latam
1180 5389 1409 5461 gloriam
1440 5391 1751 5446 dedicamus
1781 5410 1794 5459 ;
1821 5402 1996 5448 etnon

414 5493 480 5533 ex
534 5479 642 5532 illis
684 5494 778 5533 eos
813 5479 1156 5552 iudicamus,
1201 5483 1269 5538 de
1298 5483 1492 5553 quibus
1531 5484 1694 5554 aliqui
1742 5488 1997 5540 atrociter

487 5600 512 5628 "
548 5592 730 5656 Forte,
761 5602 1013 5650 nostrum.

490 5756 504 5786 '
537 5749 669 5808 Cod.
691 5746 927 5817 “Veron”
959 5768 1280 5824 argumento.

489 5829 508 5854 '
532 5827 674 5879 Idem
701 5826 850 5890 cod.,
880 5835 1178 5896 arrogantrs
1201 5840 1422 5892 paterna:
1457 5837 1734 5888 sentcnlin'.

490 5896 511 5930 ι
535 5898 678 5958 Idem
701 5899 842 5965 ςυίι,⁹
885 5897 978 5952 hoc
999 5901 1289 5955 retractari.

2101 4747 2252 4802 daret
2272 4746 2338 4798 ab
2363 4747 2634 4808 omnibus.
2663 4761 2769 4800 non
2790 4746 3032 4801 omnium
3053 4748 3355 4800 communis
3387 4764 3482 4815 pro
3507 4747 3695 4802 Theo-

2097 4841 2230 4894 doro
2284 4838 2384 4892 fuit
2436 4839 2750 4893 evacuanda
2806 4840 3094 4894 sententia.
3158 4841 3446 4909 Propterea
3494 4848 3539 4895 si
3595 4846 3689 4911 qui

2101 4942 2245 4997 sunt,
2275 4934 2364 5003 qui
2396 4935 2760 5003 vituperantes
2784 4936 2997 4991 beatum
3026 4937 3308 5008 Cyrillum,
3337 4939 3522 4993 dicunt
3551 4942 3695 5007 quod

2105 5028 2259 5082 aliter
2292 5036 2478 5097 postea
2509 5029 2578 5082 de
2619 5029 2904 5085 Theodoro
2932 5031 3311 5101 Mopsuesteno
3345 5033 3556 5086 locutus
3587 5043 3698 5094 est,

2103 5137 2261 5190 quam
2292 5121 2343 5174 in
2371 5121 2469 5176 hoc
2493 5121 2716 5191 judicio,
2746 5123 2886 5192 quod
2911 5139 3194 5179 commune
3219 5140 3338 5178 cum
3366 5124 3570 5179 Joanne
3592 5125 3700 5177 Au-

2108 5215 2354 5269 tiocbeno
2383 5223 2543 5284 atque
2570 5216 2821 5269 orientali
2845 5217 3054 5287 synodo
3078 5228 3132 5271 et
3164 5219 3353 5272 l’roclo
3375 5219 3659 5273 Constanti
3678 5247 3696 5258 ο

2107 5306 2420 5373 nopolitauo
2472 5307 2736 5372 habuerit,
2790 5308 2840 5361 in
2902 5323 3007 5378 quo
3060 5310 3316 5378 probatur
3361 5312 3524 5365 etiam
3577 5311 3702 5377 ejus

2106 5397 2472 5466 condiscipulo
2529 5397 2720 5452 Joauni
2784 5399 3401 5471 Constantinopolitano,
3431 5400 3701 5472 Gregorio

2107 5489 2444 5552 Naziauzcno
2475 5501 2527 5545 et
2559 5491 2766 5547 Domno
2815 5493 3147 5550 Antioclteno
3188 5509 3516 5563 congruere;
3553 5495 3699 5550 reci-

2186 5768 2202 5793 ³
2239 5764 2377 5818 Idem
2412 5765 2556 5829 eod.,
2589 5785 2672 5817 eos
2695 5778 2960 5819 acnuam.

2179 5835 2196 5865 ⁸
2222 5835 2362 5895 ldcut
2389 5837 2535 5903 (τοιιη
2574 5850 2618 5892 ct
2649 5839 2781 5892 velut
2809 5854 2908 5891 una
2932 5855 3073 5900 voce.
