3962 6196
256 380 363 437 729

1120 386 1252 443 ι’Βο
1294 385 1722 444 DEFENSIONE
1757 386 1969 443 TRIUM
2008 386 2323 444 CAPITUL.
2368 388 2493 445 LIB.
2530 388 2661 444 Vill.

3439 394 3541 449 756

204 542 213 545 ι
253 497 446 574 piendi
472 513 581 555 non
627 508 754 556 sunt
798 501 1059 558 adversus
1087 501 1339 555 eumdem
1372 500 1740 563 Theodorum,
1771 500 1850 554 vel
1885 504 1931 559 Λ
1958 501 2028 555 9.0
2055 510 2111 557 et
2135 502 2364 572 amplius
2383 501 2549 556 libros
2581 501 3127 571 irreprehensibiliter
3150 506 3386 563 scribere
3414 523 3542 563 cen-

253 594 441 666 potius
462 594 729 650 adversus
760 596 933 665 ipsqu
962 595 1176 649 beatum
1214 594 1501 664 Cyrillum,
1532 608 1691 661 quem
1723 594 1852 646 talia

253 687 514 752 dicendo,
535 696 794 757 quantum
821 688 875 742 iu
903 688 1007 742 illis
1028 697 1131 754 est,
1158 686 1551 741 inconstantem
1578 686 1744 740 videri
1775 684 1855 737 fa-

252 779 410 834 ciunt
434 788 596 849 atque
622 778 955 834 mutabilem.
991 778 1122 833 Nam
1153 776 1458 833 defensioni
1478 777 1667 847 synodi
1693 774 1855 829 Chal-

252 872 603 939 cedonensis,
665 886 785 942 quae
856 872 1203 927 Theodorum
1264 887 1370 926 non
1416 870 1681 939 judicavit
1733 884 1856 924 esse

253 963 650 1028 damnandum,
684 964 897 1018 tametsi
930 964 1132 1017 nullam
1164 979 1262 1032 pro
1287 978 1353 1017 eo
1383 963 1576 1034 Cyrilli
1609 963 1853 1032 episcopi

254 1054 589 1108 sententiam
646 1062 977 1118 teneremus,
1012 1052 1327 1109 sufﬁcerent
1370 1054 1556 1121 procul
1586 1053 1751 1109 dubio
1774 1061 1855 1108 tot

258 1142 495 1197 aliorum
546 1141 767 1197 Patrum
798 1143 1137 1208 testimonia;
1164 1142 1439 1198 sufﬁceret
1476 1152 1776 1211 postremo,
1808 1142 1854 1197 si

261 1231 377 1288 bzec
406 1234 571 1289 etiam
593 1231 914 1299 defuissent,
950 1233 1210 1289 Ecclesia:
1239 1234 1518 1289 catholica:
1547 1232 1855 1288 communi-

255 1327 421 1391 Catio,
455 1327 509 1381 in
540 1326 697 1395 cujus
723 1341 858 1397 pace
888 1342 993 1381 non
1018 1327 1190 1381 solum
1218 1328 1334 1383 sine
1359 1328 1465 1381 ulla
1498 1327 1737 1399 querela,
1761 1328 1853 1383 sed

256 1420 424 1474 etiam
452 1434 574 1475 cum
604 1420 773 1490 gloria
803 1434 992 1490 magna
1019 1418 1300 1476 defunctus
1326 1428 1425 1475 cst.

883 1575 1107 1632 CAPUT
1151 1575 1235 1629 Vl.

262 1689 420 1757 Quod
446 1690 639 1758 ofﬁcere
671 1687 936 1742 Theodoro
963 1706 1063 1741 non
1094 1688 1293 1750 debeat,
1324 1689 1369 1740 si
1389 1697 1566 1741 contra
1596 1690 1740 1741 illum
1768 1705 1857 1746 po-

331 1771 443 1813 steo
473 1760 733 1829 scripserit
758 1758 1009 1829 Cyrillus,
1037 1770 1082 1812 et
1110 1761 1245 1829 quod
1278 1760 1514 1814 dainmtri
1560 1759 1855 1814 Theodorus

340 1833 453 1885 sine
486 1830 714 1886 Diodoro
744 1847 847 1884 non
876 1832 1059 1900 possit.

333 1984 651 2054 Repellendi
683 1999 814 2053 ergo
840 1990 965 2037 sunt
988 1997 1050 2037 ac
1098 1984 1294 2038 merito
1323 1984 1608 2039 coercendi
1639 1984 1726 2053 qui
1752 1998 1849 2038 vo-

263 2080 440 2134 lentes
498 2079 550 2132 in
601 2076 981 2148 prmjudicium
1034 2086 1233 2132 sanctae
1281 2078 1469 2149 synodi
1503 2077 1851 2132 condemnari

263 2171 632 2235 Theodorum,
660 2169 821 2224 tantis
850 2169 1173 2224 venerandis
1200 2168 1461 2233 Patribus,
1495 2178 1545 2223 et
1571 2155 1849 2231 Ecclesim,

264 2262 479 2331 sibique
522 2261 622 2330 ipsi
672 2259 885 2315 beatum
916 2258 1175 2327 Cyrillum
1208 2260 1432 2328 po<tliae
1482 2258 1666 2313 dicunt
1688 2261 1853 2312 exsti-

265 2354 398 2407 tisse
428 2353 779 2407 contrarium.
804 2349 875 2405 Ut
903 2360 1081 2405 autem
1112 2364 1219 2403 non
1252 2359 1563 2415 suSpectum
1594 2350 1851 2405 lectorem

264 2444 348 2497 vel
378 2442 600 2497 dubium
647 2440 1038 2511 relinquamus,
1068 2440 1181 2495 sive
1220 2440 1500 2509 scripserit
1529 2440 1729 2510 aliquid
1761 2441 1855 2492 ad-

267 2553 456 2593 versus
476 2537 821 2593 Theodorum
851 2533 1109 2607 Cyrillus,
1144 2535 1261 2589 sive
1292 2551 1396 2589 non
1429 2536 1729 2605 scripserit,
1760 2535 1855 2590 dc-

268 2630 445 2686 fensio
472 2628 664 2702 synodi
691 2631 706 2660 ¹
742 2629 902 2684 debet
926 2628 1081 2684 nobis
1109 2644 1171 2684 ex
1202 2630 1348 2683 omni
1404 2637 1555 2697 parte
1582 2636 1852 2682 constare.

272 2723 341 2779 Et
366 2723 487 2779 ideo
514 2732 722 2779 certum
774 2722 969 2792 aliquid
998 2722 1065 2777 de
1092 2725 1193 2777 hoc
1226 2722 1433 2777 incerto
1457 2720 1849 2775 conﬁciendum

268 2823 382 2879 est,
413 2814 552 2886 quod
594 2822 743 2871 recte
772 2823 955 2870 secuta
1009 2814 1275 2878 videatur,
1306 2824 1364 2868 ut
1393 2812 1739 2867 Theodorum
1770 2814 1854 2868 vel

266 2907 390 2979 ejus
416 2907 663 2977 dogmata
710 2923 815 2962 non
874 2907 1173 2971 damnaret,
1221 2922 1341 2961 cum
1370 2905 1511 2975 apud
1534 2922 1593 2959 se
1639 2907 1855 2960 recitari

271 3002 460 3058 laudes
491 3004 607 3073 ejus
653 3002 1132 3057 animadverteret.
1180 3001 1527 3056 Inveniuntur
1578 3000 1758 3069 itaque
1790 3016 1855 3056 ex

271 3093 491 3149 nomine
539 3095 676 3149 beati
734 3093 917 3164 Cyrilli
970 3094 1216 3163 qumdnm
1260 3101 1445 3146 contra
1489 3089 1856 3149 Theodorum.

271 3190 517 3259 quadam
544 3206 639 3258 pro
666 3190 952 3243 Theodoro
983 3187 1203 3255 scripta.
1238 3187 1386 3241 Unde
1414 3200 1633 3240 necesse
1659 3194 1741 3239 est
1768 3194 1860 3238 aut

1961 604 2039 648 tra
2065 592 2350 649 hmreticos
2386 604 2589 664 posset,
2626 610 2799 665 neque
2822 598 3131 666 evangelica
3175 607 3229 653 et
3255 601 3543 669 apostolica

1958 685 2159 753 scripta
2187 696 2336 741 recte
2375 686 2738 755 interpretari,
2763 689 2807 741 si
2837 688 2977 743 male
2997 688 3283 760 quidquam
3304 692 3370 746 de
3390 692 3546 748 Chri-

1957 778 2131 833 stiana
2162 778 2265 833 fide
2293 778 2556 834 sentiret?
2602 778 2877 848 Siquidem
2907 794 3097 835 omnes
3127 782 3407 838 luereticos
3430 799 3537 837 non

1961 870 2177 925 aliunde
2226 870 2398 938 magis
2421 885 2580 939 quam
2609 870 2676 925 de
2699 870 2997 940 Scripturis
3023 873 3347 942 evangelicis
3376 882 3535 945 atque

1957 959 2269 1030 apostolicis
2296 957 2610 1015 refutamus.
2638 960 2799 1017 Etest
2817 964 3039 1017 omnino
3068 963 3167 1018 sibi
3190 966 3537 1029 contrarium,

1960 1060 2014 1105 ut
2043 1052 2205 1106 simul
2248 1053 2457 1107 dicatur
2485 1053 2768 1123 quisquam
2800 1062 2856 1108 ct
2905 1055 3211 1125 evangelica
3239 1064 3295 1112 et
3319 1067 3538 1127 aposto-

1960 1144 2062 1197 lica
2092 1144 2291 1214 scripta
2315 1154 2460 1200 recte
2487 1143 2866 1215 interpretatus
2888 1145 3071 1213 fuisse,
3108 1135 3163 1203 ei
3185 1163 3289 1202 non
3312 1158 3456 1204 recte
3479 1150 3547 1206 de

1958 1235 2259 1291 t.hristiana
2281 1236 2385 1292 ﬁde
2407 1237 2661 1293 sensisse.
2692 1237 2844 1306 Quod
2872 1238 2918 1293 si
2939 1249 2994 1294 et
3019 1239 3135 1295 haec
3162 1248 3349 1295 contra
3370 1241 3547 1296 Theo-

1958 1332 2147 1388 dorum
2203 1332 2422 1402 scripta,
2452 1346 2573 1402 quae
2614 1333 2728 1387 sola
2760 1341 3078 1395 putarentur
3102 1349 3225 1390 esse
3266 1336 3405 1390 beati
3436 1334 3546 1408 Cy~

1960 1428 2086 1491 rilli,
2110 1442 2217 1482 non
2268 1428 2557 1497 semetipsa
2589 1428 2951 1494 destruerent,
3006 1443 3166 1484 nemo
3196 1430 3299 1484 nisi
3350 1430 3547 1485 absur-

1958 1518 2213 1574 dissimus
2229 1519 2494 1590 iudicaret
2522 1520 2662 1591 quod
2701 1537 2806 1575 non
2834 1535 3021 1575 eorum
3042 1520 3257 1575 Patrum
3286 1523 3337 1575 in
3368 1521 3545 1577 Theo-

1957 1612 2090 1665 doro
2116 1612 2365 1667 debuerit
2407 1613 2555 1680 sequi
2603 1613 2953 1676 sententiam,
2985 1613 3074 1681 qui
3106 1628 3227 1666 cum
3253 1612 3346 1667 illo
3375 1614 3425 1666 iu
3450 1628 3543 1666 ea-

1958 1704 2077 1756 dem
2118 1703 2393 1772 provincia
2446 1703 2727 1771 degcntes.
2760 1711 2813 1757 et
2864 1702 3131 1772 frequenti
3180 1716 3241 1758 ac
3295 1701 3544 1756 familiari

1961 1794 2329 1847 moderatione
2378 1792 2497 1847 ﬁdei
2555 1792 2895 1848 conferentes
2936 1794 2980 1860 ',
3035 1793 3236 1862 optime
3287 1802 3547 1848 noverant

1890 1879 1932 1939 Β
1963 1902 2062 1955 qua
2082 1885 2377 1940 intentione
2400 1886 2602 1940 diceret
2618 1900 2735 1955 qua:
2759 1885 2966 1954 aliquos
2989 1885 3445 1954 hancignorantes
3469 1885 3549 1939 vi»

1955 1981 2150 2033 dentur
2174 1978 2472 2034 offendere.
2502 1979 2676 2033 Nimis
2702 1980 2847 2032 enim
2876 1994 3040 2046 grave
3065 1980 3241 2035 fuerat
3263 1994 3426 2034 sonos
3451 1995 3545 2035 εθ-

1955 2070 2042 2139 qui
2070 2068 2380 2134 verborum,
2410 2068 2517 2123 imo
2538 2070 2685 2137 signa
2709 2083 2963 2123 sonorqu
2992 2078 3293 2123 atramento
3316 2071 3366 2123 in
3388 2070 3547 2124 char-

1958 2159 2083 2213 tulis
2097 2161 2340 2231 figurata,
2354 2170 2407 2214 et
2421 2169 2766 2214 contemnere
2778 2169 3078 2214 sanctarum
3093 2159 3542 2215 conscientiarum

1960 2252 2287 2315 testimonia,
2305 2251 2502 2318 scripta
2526 2266 2630 2305 non
2646 2259 2967 2316 atramento,
2982 2251 3074 2305 sed
3098 2251 3396 2320 spiritchi
3416 2252 3546 2314 vivi,

1958 2357 2061 2394 non
2090 2343 2141 2396 in
2167 2341 2427 2395 chartulis
2447 2341 2540 2395 sed
2573 2343 2623 2395 in
2642 2341 2841 2396 tabulis
2866 2342 3170 2396 carnalibus
3192 2341 3236 2408 ³,
3259 2357 3380 2412 qure
3408 2342 3542 2397 doc-

1959 2434 2113 2487 trinae
2143 2432 2417 2488 Theodori
2444 2432 2810 2488 testimonium
2844 2435 3218 2503 praeferebant.
3256 2434 3388 2489 Illud
3420 2451 3547 2489 veru

1956 2524 2078 2594 quis
2108 2525 2209 2579 nisi
2241 2524 2674 2579 inconsideratus
2702 2526 2908 2593 credat,
2946 2527 3048 2581 nisi
3077 2526 3358 2596 impudens
3378 2527 3541 2589 dicat,

1959 2617 2059 2671 nisi
2089 2617 2390 2672 obstinatus
2418 2615 2675 2683 afﬁrmet,
2720 2618 2864 2686 quod
2893 2633 2924 2672 a
2956 2627 3143 2674 sancta
3182 2619 3391 2690 synodo
3443 2618 3547 2690 Cy-

1961 2709 2113 2764 rillus
2137 2710 2219 2765 vel
2243 2709 2347 2765 soli
2376 2710 2567 2764 Joanni
2598 2709 3212 2781 Constantinopolitano,
3244 2725 3350 2766 neu
3372 2710 3547 2766 dicam

1961 2795 2225 2866 praeferri,
2254 2800 2348 2855 sed
2382 2799 2616 2854 conferri
2644 2799 2912 2867 debuerit,
2940 2816 3046 2855 non
3070 2810 3272 2855 tantum
3301 2818 3399 2871 pro
3429 2816 3549 2857 ma-

1955 2889 2079 2960 jore
2107 2891 2420 2946 meritorum
2476 2891 2701 2946 Joannis
2750 2894 3094 2958 auctoritate,
3141 2909 3328 2949 verum
3384 2894 3547 2947 etiam

1961 2983 2103 3051 quod
2139 2981 2207 3037 de
2248 2982 2543 3037 Theodoro
2574 2983 2675 3051 ipsi
2706 2985 2898 3055 magis,
2930 2986 3069 3040 sicut
3122 2987 3345 3055 antiquo
3374 2987 3549 3041 amico

1962 3081 2017 3125 et.
2046 3088 2075 3126 a
2123 3074 2385 3143 principio
2416 3074 2810 3144 condiscipulo,
2858 3075 3085 3131 credere
3125 3077 3344 3145 debuit,
3385 3092 3545 3145 quam

1962 3164 2184 3236 Cyrillo,
2233 3180 2389 3233 quem
2426 3175 2646 3221 noverat
2684 3167 2847 3221 etiam
2882 3166 2947 3221 de
2970 3169 3085 3236 ipso
3113 3168 3317 3222 Joanne
3343 3168 3540 3221 simili-

274 3254 500 3352 ιςιηῳιε
526 3254 645 3336 έεεε
677 3280 818 3335 beati
842 3279 1051 3350 cyrn“,
1084 3254 1177 3331 τίηι
1207 3287 1416 3339 "cum,
1448 3286 1540 3329 aut
1568 3291 1751 3330 eurum
1775 3276 1854 3329 al-
1887 3254 1932 3314 Ο
1965 3267 2046 3309 ter
2069 3256 2177 3323 jam
2228 3254 2482 3310 defuncto
2521 3268 2711 3311 contra
2758 3257 3014 3326 judicium
3069 3261 3212 3314 sedis
3242 3259 3550 3327 apostolica:

276 3381 499 3426 terutra.
530 3370 583 3427 Si
612 3373 772 3442 igitur
798 3380 1025 3439 utraque
1066 3369 1207 3423 beati
1235 3367 1416 3440 Cyrilli
1450 3369 1711 3427 dicentur.
1738 3382 1857 3420 cum

274 3480 398 3519 eum
430 3466 481 3520 in
505 3466 748 3535 utrisque
778 3464 876 3518 sibi
901 3464 1258 3528 contrarium,
1287 3461 1369 3515 vel
1393 3461 1437 3514 si
1470 3460 1648 3522 vellet.
1678 3472 1859 3516 saneta

278 3555 515 3626 synodus
536 3556 686 3625 sequi
726 3572 831 3610 non
865 3562 1049 3621 posset
1078 3570 1090 3605 ε
1118 3554 1171 3607 in
1207 3553 1287 3607 his
1317 3568 1439 3606 cum
1473 3552 1623 3620 sequi
1656 3551 1859 3615 debuit,

280 3649 546 3718 inquibus
580 3665 685 3703 non
737 3649 1013 3718 impugnat
1060 3647 1287 3701 aliorum
1318 3646 1612 3700 sententias
1646 3645 1861 3698 Patrutu

283 3739 649 3809 Ecclesiaeque
692 3737 976 3808 judicium.
1008 3736 1062 3792 Si
1111 3752 1239 3791 vero
1286 3746 1470 3789 neutra
1501 3734 1643 3789 beati
1677 3733 1862 3803 Cyrilli

276 3846 403 3886 esse
430 3831 700 3895 dicentur,
747 3830 880 3884 nihil
909 3838 993 3885 est
1034 3843 1132 3884 cur
1170 3836 1355 3887 sancta
1389 3827 1627 3896 synodus
1650 3834 1866 3895 putetur

278 3922 593 3993 impugnare
640 3921 897 3981 debuisse
968 3929 1237 3974 tantorum
1282 3918 1591 3975 sententias
1647 3918 1865 3971 Patrum

280 4010 928 4081 Ecclesiazquejudicium.
944 4009 1037 4065 Sin
1056 4017 1233 4063 autem
1252 4008 1510 4062 alterutra
1523 4022 1710 4062 eorum
1728 4007 1866 4061 beati

278 4103 465 4173 Cyrilli
513 4118 635 4158 esse
674 4102 947 4169 dicentur,
981 4100 1243 4156 laudanda
1284 4110 1368 4155 est
1410 4108 1596 4154 sancta
1629 4099 1867 4170 synodus

279 4194 421 4264 quod
442 4192 526 4248 illa
550 4193 668 4264 ejus
696 4208 818 4249 esse
839 4191 1089 4255 credidit,
1114 4206 1234 4260 qua
1256 4205 1360 4244 non
1388 4189 1701 4258 impugnant
1728 4189 1866 4243 alio-

281 4302 401 4341 rum
442 4285 737 4340 sententias
759 4284 979 4340 Patrum
1013 4283 1378 4350 Eccleslaaque
1401 4280 1683 4351 judicium.
1716 4280 1865 4347 Quod

279 4378 325 4433 si
354 4376 513 4432 etiam
538 4378 718 4447 aliquo
747 4386 897 4432 certo
927 4386 983 4431 et
1012 4374 1295 4430 manifesto
1327 4374 1526 4429 iudicio
1550 4372 1870 4442 probaretur

280 4470 421 4538 quod
454 4469 541 4524 illa
568 4478 754 4523 contra
784 4468 1126 4523 Theodorum
1159 4466 1335 4535 potius
1360 4479 1520 4534 quam
1554 4480 1650 4533 pro
1684 4464 1765 4517 Th
1803 4480 1864 4517 o-

276 4566 409 4617 doro
465 4564 661 4632 scripta
712 4561 853 4617 beati
893 4559 1082 4631 Cyrilli
1110 4559 1241 4623 sint,
1284 4557 1445 4626 idque
1489 4555 1869 4611 ostenderetur

1963 3350 2265 3416 Stl‘ipSiSSO,
2320 3358 2378 3403 ut
2405 3365 2470 3403 ex
2532 3350 2775 3421 catalogo
2803 3351 3177 3421 episcoporum
3212 3368 3405 3406 nomen
3429 3354 3546 3418 ejus

1966 3445 2171 3499 AttiCtis
2200 3446 2484 3513 episc0pus
2506 3444 2722 3512 juberet
2748 3443 2969 3509 auferri,
2994 3445 3145 3514 quasi
3178 3444 3381 3514 profani
3405 3455 3459 3501 et
3480 3449 3549 3499 ah

1966 3535 2351 3589 ecclesiasticis
2400 3536 2566 3589 muris
2602 3534 2825 3599 exclusi,
2857 3550 2923 3590 eo
2964 3534 3105 3605 quod
3139 3552 3243 3590 nou
3274 3548 3551 3607 Oportcret

1969 3629 2278 3683 traditorem
2325 3629 2517 3683 Judam
2571 3630 2769 3684 ascribi
2793 3645 2913 3684 cum
2952 3631 3232 3701 apostolis,
3261 3648 3434 3701 neque
3462 3633 3552 3687 Je-

1966 3721 2217 3776 choniam
2272 3721 2551 3788 expulsum
2603 3722 2979 3777 euuuumerari
3026 3737 3145 3775 cum
3182 3723 3348 3779 David
3373 3733 3427 3778 et
3458 3726 3552 3779 Sa-

1970 3817 2147 3871 rnnele
2176 3824 2233 3870 et
2282 3813 2605 3884 prophetis?
2634 3830 2794 3885 quem
2845 3825 3069 3869 noverat
3097 3817 3258 3871 etiam
3299 3817 3554 3887 praedicto

1969 3907 2256 3962 Theodoro
2275 3907 2719 3973 communicasse,
2745 3906 2920 3961 donec
2943 3915 3287 3975 superesset,
3330 3923 3430 3963 nec
3456 3926 3552 3963 un-

1970 4014 2126 4069 quam
2178 3998 2508 4067 corripuisse
2554 3999 2847 4063 viventem,
2895 3999 3109 4067 quando
3136 4010 3191 4054 et
3245 4001 3361 4069 ipse
3388 4001 3553 4056 inter-

1974 4090 2171 4158 pretarl
2202 4089 2550 4156 semetipsum
2594 4098 2802 4159 posset,
2832 4098 2884 4142 et
2919 4098 3125 4144 certum
3155 4090 3333 4147 facere
3361 4092 3405 4146 si
3431 4094 3563 4162 quid

1973 4188 2023 4238 in
2056 4185 2151 4239 illo
2178 4184 2401 4239 dubium
2450 4183 2765 4239 videretur?
2795 4185 3063 4255 Religiose
3094 4187 3273 4258 itaque
3316 4189 3561 4260 synodus

1974 4284 2174 4348 ageret,
2202 4278 2268 4340 si,
2295 4277 2452 4333 fidem
2480 4276 2663 4349 Cyrilli
2689 4278 2991 4347 approbans
3014 4280 3067 4336 in
3089 4296 3191 4352 qua
3224 4296 3329 4337 non
3351 4283 3552 4338 disscn.

1972 4373 2041 4424 sit
2072 4385 2101 4423 a
2131 4369 2397 4434 Patribus,
2448 4369 2811 4436 suspicionem
2842 4371 2959 4440 ejus
2985 4387 3144 4441 quam
3174 4372 3241 4428 de
3268 4375 3561 4431 Theodoro

1971 4470 2157 4514 cmitra
2191 4468 2459 4513 tantorum
2495 4458 2712 4513 Patrum
2752 4462 3046 4517 sententias
3075 4462 3280 4531 habuit,
3309 4481 3412 4521 non
3438 4480 3557 4536 pro-

1978 4555 2159 4615 baret;
2193 4553 2334 4605 sicut
2381 4553 2542 4606 etiam
2576 4552 2734 4606 ﬁdem
2764 4551 2986 4608 Joannis
3018 4556 3338 4613 Antiocheni
3374 4567 3430 4613 et
3453 4574 3558 4614 eae.-

274 4653 415 4723 qnod
452 4655 694 4708 eamdem
723 4652 988 4723 synodum
1018 4652 1239 4705 minime
1265 4651 1433 4704 latere
1455 4647 1681 4717 potuerit
1712 4648 1864 4715 :qnis
1894 4632 1944 4691 Ι)
1974 4656 2207 4699 tet-orum
2257 4641 2617 4706 orientalium,
2690 4654 2851 4712 atque
2903 4644 3136 4700 aliorum
3175 4648 3264 4717 qui
3305 4664 3427 4703 cum
3475 4652 3558 4704 eis

272 4763 393 4803 eam
452 4747 530 4800 sic
571 4758 783 4814 quoque
823 4744 1086 4813 culparet,
1125 4742 1265 4812 quod
1298 4740 1643 4795 Theodorum
1676 4755 1779 4792 non
1812 4747 1865 4791 et

274 4841 385 4909 ipsa
436 4838 713 4909 culpavit?
759 4837 891 4892 Nam
932 4838 1110 4892 credis
1152 4836 1341 4907 Cyrilli
1387 4850 1507 4889 esse
1539 4834 1627 4889 illa
1678 4844 1861 4887 contra

274 4929 623 4985 Theodorum
678 4928 900 4997 scripta,
959 4929 1011 4983 in
1043 4926 1237 4996 quibus
1284 4935 1462 4981 tamen
1511 4926 1713 4981 dictum
1738 4933 1862 4979 est:

278 5040 297 5072 ι
336 5020 537 5090 Scripti
567 5028 747 5074 sunta
778 5034 971 5089 magno
1000 5016 1286 5071 'l‘heodoro
1313 5016 1574 5071 adversus
1632 5015 1864 5069 Ariano-

277 5126 396 5165 rum
426 5122 482 5166 et
537 5109 993 5165 Eunomianorum
1042 5109 1275 5163 luereses
1320 5108 1393 5162 ‘20
1426 5108 1560 5162 forte
1608 5116 1664 5163 et
1692 5108 1863 5161 adhuc

274 5202 507 5267 amplius
544 5201 695 5267 libri;
736 5213 789 5255 et
817 5201 923 5254 alia
961 5209 1154 5270 prteter
1185 5200 1300 5253 hanc
1329 5199 1633 5267 evangelica
1660 5209 1712 5253 et
1734 5213 1868 5265 apu-

273 5296 465 5350 stulica
494 5295 693 5365 scripta
749 5295 1132 5363 interpretatus
1163 5300 1266 5346 est.
1303 5292 1371 5344 Et
1419 5290 1518 5345 hos
1546 5290 1760 5356 quidem
1791 5292 1866 5341 Ia-

277 5392 437 5444 bnres
469 5388 648 5443 nullus
671 5403 834 5442 ausus
867 5396 950 5442 est
975 5387 1276 5455 increpare,
1309 5384 1402 5438 sed
1432 5384 1623 5437 dextro
1654 5382 1874 5436 decreto

278 5483 557 5535 honorare
582 5479 819 5535 studium
862 5488 1134 5532 recturum
1176 5476 1485 5545 dugmatum
1537 5474 1675 5542 quod
1712 5474 1763 5525 in
1792 5474 1873 5525 eis

273 5582 378 5626 est.
426 5590 450 5624 ι
480 5571 762 5639 Quomodo
791 5570 1134 5624 Theodorum
1167 5571 1433 5636 culparet,
1489 5568 1633 5621 velut
1685 5565 1876 5619 Nesto-

272 5668 452 5717 riana:
483 5662 568 5718 vel
596 5662 886 5733 cujuslibet
918 5660 1140 5719 haeresis
1160 5661 1522 5722 inventorem.
1555 5675 1675 5713 eum
1703 5673 1877 5725 neque

361 5844 374 5873 ¹
399 5842 534 5895 Cani.
566 5840 762 5897 Veron.
778 5881 791 5903 ,
816 5855 1011 5907 magna?
1032 5837 1235 5908 synodi.
1458 5906 1465 5909 _
1620 5906 1625 5909 ν

364 5912 386 5947 ⁸
413 5914 552 5973 [deut
582 5912 725 5970 cud..
779 5928 837 5965 ac
891 5904 1137 5981 [inuitaui
1174 5921 1401 5961 sermone
1434 5906 1493 5959 de
1530 5906 1725 5958 ratione
1752 5904 1876 5963 ﬁdei

1974 4737 2238 4803 Ephesum
2263 4749 2328 4787 ex
2354 4733 2584 4788 diversis
2611 4734 2897 4802 provinciis
2919 4748 3284 4793 convenerant
3305 4740 3558 4794 sacerdo-

1972 4839 2084 4883 tnm
2109 4826 2437 4899 approbans,
2468 4825 2523 4881 in
2552 4842 2655 4895 qua
2692 4842 2797 4881 non
2825 4826 3198 4896 dissenserunt
3221 4846 3251 4882 a
3283 4829 3555 4895 Patribus,

1973 4923 2333 4993 suspicionem
2372 4934 2558 4976 eorum
2606 4934 2765 4990 quam
2807 4921 2877 4977 de
2907 4922 3023 4989 ipso
3048 4922 3205 4978 beato
3228 4921 3428 4993 Cyrillo
3461 4923 3557 4977 ha-

1976 5018 2204 5071 buerant
2252 5013 2579 5085 improbavit
2617 5032 2630 5067 :
2672 5014 2968 5081 przesertim
3019 5016 3141 5083 quia
3168 5015 3211 5067 si
3262 5013 3558 5071 credidisse

1973 5109 2182 5164 dicatur
2226 5107 2316 5163 illa
2361 5106 2599 5178 synodus
2668 5106 3101 5174 Mopsuestenum
3132 5104 3475 5161 Theodorum
3527 5121 3561 5157 θ

1975 5201 2130 5255 beato
2150 5200 2351 5272 Cyrillo
2376 5202 2669 5270 culpatum,
2702 5198 2881 5267 negari
2907 5210 3012 5250 non
3045 5196 3213 5263 possit
3233 5196 3375 5266 quod
3392 5198 3561 5253 etiam

1974 5304 2217 5346 sanctum
2270 5291 2557 5346 Diodorum
2606 5289 2762 5343 simul
2794 5288 2862 5342 ab
2904 5302 2970 5342 eo
3019 5288 3406 5355 reprehensum
3442 5305 3563 5343 esse

1975 5382 2281 5438 crediderit.
2335 5382 2491 5446 Nam,
2547 5380 2686 5435 sicut
2736 5388 2929 5448 quarto
2959 5378 3098 5433 libro
3119 5383 3560 5444 memoravintun

1980 5489 2117 5528 unus
2146 5486 2227 5529 est
2251 5474 2557 5543 quicunque
2583 5472 2833 5526 credatur
2864 5470 3222 5540 reprehensor
3251 5472 3560 5535 amborum,

1983 5566 2034 5617 in
2060 5564 2248 5618 eodem
2280 5579 2447 5633 opere
2490 5572 2545 5619 ct
2576 5562 2628 5617 in
2682 5562 2867 5616 eadem
2931 5563 3053 5617 fidei
3082 5578 3242 5617 causa
3278 5564 3563 5631 utriusque

1983 5657 2180 5724 pariter
2232 5656 2457 5725 culpatis
2491 5674 2503 5709 :
2537 5666 2591 5712 et
2633 5654 2832 5709 ideirco
2884 5656 2927 5710 si
2977 5655 3139 5711 nullae
3196 5655 3424 5713 fuissent
3466 5670 3561 5724 pro

1981 5831 2307 5891 (ηηίιοντηιίθδ.

2059 5907 2071 5933 ‘
2105 5904 2245 5955 idem
2276 5902 2420 5957 oud”
2446 5902 2612 5954 cordis
2644 5904 2947 5956 (uirtutibus.
