3962 6196
430 361 528 419 73l

1496 362 1789 421 FACUNDI
1831 359 2042 417 EPlSC.
2083 359 2581 421 llEllbllANENSlS
2836 381 2841 385 ‘
3573 374 3685 431 πε

429 483 714 541 Theodoro
743 484 957 538 Patrum
1006 482 1304 548 sententiae,
1335 496 1465 550 quas
1507 481 1689 550 procul
1718 480 1881 534 dubio
1909 493 1996 547 sy-
2028 474 2081 535 Δ
2107 476 2418 535 Nestoriano
2438 484 2683 552 dogmate
2705 486 3015 541 criminari?
3040 488 3153 543 Non
3171 490 3677 562 arbitrorquodhoc

432 575 605 630 nodus
629 575 980 643 impugnaret,
1006 573 1050 627 si
1082 588 1202 628 eum
1240 571 1604 626 condemnare
1627 577 2000 639 praesumeret;

432 666 770 733 perspicuum
816 674 898 718 est
940 665 1081 733 quod
1127 664 1267 730 justo
1318 680 1424 718 non
1461 672 1640 729 posset
1667 662 1867 729 absftue
1892 674 2002 713 ma-

429 755 597 824 gistro
647 770 744 808 suo
773 754 1004 809 Diodoro
1050 754 1362 809 Theodorus
1405 752 1694 822 discipulus
1723 766 1785 805 ex
1817 749 2001 821 Cyrilli

428 846 745 900 auctoritate
796 845 1060 901 damnari.
1111 844 1399 900 Diodorum
1430 858 1562 920 vero
1604 843 1856 894 damnare
1896 853 2000 892 non

428 947 610 1004 posset
636 950 665 989 a
695 935 900 1003 magnis
931 934 1184 989 Ecclesiae
1236 935 1542 997 luminibus,
1594 932 1735 985 sicut
1762 928 2001 984 ostendi-

428 1041 569 1090 tnus,
600 1025 966 1094 praedicatum,
998 1026 1049 1078 id
1081 1032 1164 1079 est
1191 1025 1257 1080 ab
1291 1024 1603 1087 Athanasio,
1636 1020 1794 1075 Petro
1822 1032 1877 1074 et
1916 1018 2004 1072 'l‘i-

429 1120 647 1175 Inotheo
693 1118 1071 1174 AleXandrinis
1127 1119 1412 1186 episcopis,
1465 1133 1491 1169 a
1520 1116 1718 1169 Basilio
1740 1113 2001 1168 Ctesarete

426 1211 800 1281 Cappadociae,
830 1224 861 1263 a
894 1210 1100 1265 Joanne
1141 1207 1751 1273 Constantinoyolitano,
1782 1206 1849 1258 ab
1880 1202 2006 1269 Epi-

428 1300 627 1370 phanio
656 1300 872 1370 Cyprio,
908 1298 976 1353 ab
1015 1299 1281 1368 episcopis
1322 1296 1559 1367 Egyptiis
1609 1293 2002 1350 confessoribus

427 1388 529 1442 sub
560 1389 780 1443 Valente
830 1387 1151 1453 imperatore
1183 1386 1234 1440 in
1265 1386 1507 1440 exsilium
1558 1382 1769 1447 missis;
1801 1380 2002 1434 haben-

426 1485 531 1531 tem
559 1474 719 1531 etiam
753 1490 1003 1545 magnum
1034 1475 1395 1530 testimonium
1423 1468 1999 1539 Constantinopolitani

427 1570 685 1625 adversus
729 1570 1095 1625 Macedonium
1148 1569 1451 1639 congregati
1480 1568 1726 1633 concilii,
1758 1566 1844 1621 cui
1876 1580 1997 1619 eum

426 1660 737 1715 interfuisse
778 1661 1113 1715 manifestum
1160 1670 1276 1724 est;
1314 1669 1366 1713 et
1394 1659 1764 1727 religiosorum
1797 1656 1997 1725 princi-

424 1767 550 1821 pum
597 1752 858 1819 Gratiani,
914 1751 1269 1806 Valentiniani
1311 1762 1364 1806 et
1407 1749 1623 1819 majoris
1676 1746 1996 1812 Theodosii;

2107 580 2289 636 aperte
2320 573 2599 643 palamque
2648 587 2993 643 praesumant.
3021 579 3170 634 Sicut
3200 596 3328 649 ergo
3356 583 3438 639 lex
3464 593 3674 641 natura-

2107 661 2171 715 lis
2201 679 2301 716 nna
2324 673 2379 718 et
2434 676 2539 719 tota
2580 666 2632 719 in
2685 668 2915 723 hominis
2946 680 3123 725 mente
3152 672 3345 736 defixa,
3375 675 3532 742 cujus
3561 693 3674 731 me-

2107 751 2261 805 tniuit
2290 753 2542 806 Dominus
2572 756 2623 809 in
2654 755 2940 825 Evangelio
2962 758 3146 814 dicens
3178 779 3191 813 :
3220 761 3405 817 Omnia
3429 782 3676 834 quercum-

2102 857 2198 908 que
2227 842 2379 896 vultis
2411 852 2464 895 ut
2506 846 2699 912 {ac'ant
2738 847 2872 899 vobis
2900 847 3148 910 homines.
3182 860 3228 902 et
3250 867 3333 904 ros
3381 854 3537 921 facile
3563 858 3672 908 eis:

2104 930 2210 985 Ita-c
2238 942 2310 986 est
2341 935 2473 987 enim
2514 937 2595 989 lca:
2618 945 2666 989 et
2704 936 2963 1005 propheta:
2985 938 3195 1005 (Jlauh.
3229 956 3321 1004 vn,
3348 941 3470 1012 12);
3505 945 3675 999 tnulto

2105 1023 2298 1079 fortior
2321 1025 2587 1080 invenitur
2607 1043 2763 1095 quam
2811 1043 2877 1082 ea
2905 1045 3023 1098 qua:
3052 1028 3187 1084 foris
3237 1033 3464 1088 habetur
3495 1035 3549 1089 in
3580 1037 3674 1091 lit-

2107 1116 2234 1170 teris
2268 1135 2279 1169 :
2314 1117 2380 1171 ab
2405 1118 2493 1171 illa
2522 1119 2718 1187 quippe
2758 1118 3015 1175 interiore
3045 1122 3226 1190 regula
3251 1122 3671 1193 de~cenderunt,

2103 1214 2157 1261 et
2184 1207 2325 1261 illius
2356 1218 2535 1275 partes
2557 1218 2683 1261 sunt
2704 1208 2914 1277 singula
2936 1226 3160 1280 quaeque
3183 1214 3336 1267 nobis
3364 1213 3669 1271 forinsecus

2103 1296 2378 1367 inscripto
2425 1298 2546 1351 data
2600 1313 2695 1366 pro
2726 1299 2869 1368 lege;
2899 1316 2998 1357 nec
3031 1302 3208 1356 omnia
3232 1305 3449 1359 collecta
3480 1308 3665 1375 simul,

2103 1389 2185 1443 vel
2209 1389 2367 1442 etiam
2402 1389 2771 1458 multiplicata,
2802 1402 3023 1458 possunt
3069 1409 3373 1450 mensuram
3414 1399 3557 1453 illius
3584 1402 3671 1455 in.

2104 1481 2319 1536 terioris
2347 1482 2625 1537 excedere.
2655 1483 2728 1537 lta
2758 1485 2943 1538 fortius
2965 1494 3048 1539 est
3070 1503 3229 1541 unum
3253 1488 3381 1543 illud
3408 1495 3666 1559 generale

2105 1573 2465 1626 testimonium
2495 1572 2653 1628 Eccle
2671 1575 2772 1636 tiae,
2798 1588 2919 1643 quas
2948 1574 3214 1630 neminem
3237 1593 3467 1648 unquam
3499 1595 3667 1648 eapu-

2105 1663 2164 1716 lit
2191 1673 2280 1714 aut
2295 1661 2556 1731 judicavit
2585 1662 2919 1729 haereticum,
2946 1665 3047 1718 nisi
3075 1667 3400 1734 correptioni
3426 1672 3671 1737 pertina-

2102 1756 2238 1810 citer
2270 1757 2639 1821 resistentem;
2670 1772 2828 1826 quam
2863 1759 3025 1812 multa
3075 1774 3195 1828 qua:
3222 1771 3424 1817 semoto
3450 1778 3517 1817 ac
3558 1766 3668 1831 pri-

425 1847 621 1903 Juliani
650 1848 882 1918 denique
910 1847 1252 1916 imperatoris
1289 1855 1566 1914 apostatm,
1598 1842 1995 1912 reprehenden-
2028 1823 2071 1885 Β
2103 1848 2262 1901 vatim
2293 1856 2560 1902 certarum
2592 1862 2939 1917 personarum
2967 1864 3062 1920 pro
3095 1823 3325 1907 biodoro
3350 1823 3663 1908 Theodoro-

424 1939 491 1992 tis
514 1938 653 2008 quod
688 1939 852 1992 Deum
903 1949 1084 1991 natum
1129 1936 1195 1991 de
1227 1935 1428 2004 virgine
1476 1932 1756 1996 fateretur,
1782 1942 1835 1987 et
1857 1932 1996 2002 quod

423 2030 604 2085 Jesum
638 2031 913 2084 Galilaeam
965 2042 1018 2084 et
1059 2029 1221 2083 Deum
1276 2036 1535 2081 :eternum
1592 2026 1904 2095 praedicaret
1942 2034 1997 2078 et

422 2132 710 2176 mortuum.
741 2121 968 2176 Proinde
993 2136 1115 2174 cum
1138 2129 1319 2173 sancta
1349 2119 1584 2190 synodus
1604 2127 1785 2173 contra
1809 2117 1998 2172 horum

423 2212 725 2267 testimonia
756 2212 1042 2266 Diodorum
1076 2213 1437 2266 condemnare
1465 2210 1768 2265 nullatenus
1793 2216 1995 2279 posset,

423 2304 690 2371 quomodo
714 2303 1053 2358 Theodorum
1081 2303 1196 2370 ejus
1225 2301 1563 2370 discipulum,
1597 2301 1680 2355 vel
1710 2301 1779 2369 si,
1810 2311 1865 2355 ut
1885 2300 2000 2355 dic-

428 2409 538 2451 tum
564 2405 667 2461 est,
697 2397 858 2452 nullis
906 2396 1185 2450 fulciretur
1233 2394 1447 2449 Patrum
1491 2393 1833 2458 testimoniis,
1863 2407 1994 2448 con-

424 2487 722 2551 demnaret,
756 2503 912 2557 quem
945 2487 1059 2540 sine
1091 2487 1344 2555 magistro
1376 2485 1492 2538 ha-c
1520 2484 1707 2539 eadem
1729 2483 1998 2539 sentiente

421 2580 563 2650 ju-te
593 2578 951 2633 condemnare
983 2594 1086 2631 non
1140 2576 1358 2646 posset?
1404 2575 1584 2643 itaque
1633 2575 1764 2629 nihil
1797 2583 1879 2629 est
1903 2590 1999 2629 cur

423 2686 488 2723 ex
522 2669 603 2724 his
645 2685 764 2739 qua:
800 2668 993 2723 dicitur
1013 2668 1201 2723 beatus
1229 2666 1459 2736 Cyrillus
1502 2656 1781 2733 scripsisse
1812 2674 1997 2720 contra

423 2760 763 2815 Theodorum
804 2760 1037 2831 synodus
1083 2757 1522 2828 reprehendatur,
1579 2756 1717 2827 quod
1752 2756 1852 2812 lbte
1884 2759 1998 2826 epi-

423 2851 620 2905 stolam
664 2850 848 2905 laudes
894 2851 1010 2919 ejus
1041 2850 1403 2903 continentem
1432 2846 1790 2917 pronuntiavit
1815 2848 2000 2901 ortho-

422 2940 610 2997 doxam
646 2959 657 2993 :
688 2942 900 3011 quando
925 2942 967 2994 si
997 2941 1155 2995 etiam
1178 2950 1363 2995 contra
1393 2938 1730 2993 Theodorum
1754 2937 1998 2994 scribens

420 3032 655 3103 Cyrillus
682 3030 813 3085 nihil
845 3044 940 3098 pro
963 3028 1245 3083 Theodoro
1267 3028 1547 3093 scriberet,
1570 3026 1831 3081 laudanda
1853 3037 1997 3081 esset

424 3139 554 3178 sana
586 3123 719 3179 ratio
754 3122 1077 3189 libertasque
1104 3118 1316 3176 concilii
1345 3118 1818 3185 Chalcedonensis,
1849 3121 1989 3187 quod

421 3232 526 3272 non
550 3216 598 3269 in
626 3223 736 3270 toto
759 3214 1016 3287 Cyrillum
1035 3210 1382 3281 approbaret;
1411 3227 1531 3265 cum
1563 3212 1808 3265 laudetur
1828 3213 1987 3266 etiam
2017 3190 2065 3252 ϐ

425 3306 573 3360 Pauli
606 3304 814 3359 minimi
845 3303 1210 3373 apostolorum
1235 3314 1362 3355 sana
1394 3302 1525 3353 ratio
1555 3309 1712 3368 atque
1746 3300 1985 3368 libertas,

424 3398 566 3468 quod
602 3397 817 3452 Petrum
850 3394 1211 3464 apostolorum
1244 3393 1470 3461 primum
1502 3391 1787 3446 adductum
1815 3391 1865 3444 in
1898 3394 1994 3463 hy.

424 3488 671 3556 pocrisim
695 3495 749 3541 ct
780 3502 882 3539 non
927 3494 1071 3539 recta
1099 3484 1179 3538 via
1233 3482 1570 3538 incedentem
1621 3482 1684 3535 ad
1714 3483 1990 3537 veritatem

429 3576 703 3645 Evangelii
734 3575 957 3629 fidenter
984 3574 1314 3642 improbans,
1340 3574 1392 3627 in
1440 3572 1630 3627 faciem
1663 3573 1739 3627 illi
1765 3574 1988 3643 restitit,

423 3681 655 3737 rumque
684 3680 861 3720 coram
895 3664 1140 3719 omnibus
1167 3678 1344 3719 coram
1374 3663 1693 3732 objurgavit.
1725 3663 1836 3718 Non
1868 3680 1995 3734 ergo

423 3775 617 3815 novum
664 3757 951 3823 videretur,
1003 3772 1100 3811 nec
1146 3755 1385 3826 religioni
1431 3757 1748 3811 Christiana:
1776 3768 1990 3812 contra.

423 3854 581 3916 rium,
614 3858 669 3904 ut
699 3858 883 3906 contra
931 3859 1192 3902 tantorum
1238 3849 1451 3903 Patrum
1498 3851 1791 3905 sententias
1818 3850 1994 3923 Cyril-

423 3941 531 3996 lum
564 3950 747 3995 sancta
776 3950 830 3993 et
881 3956 1070 4009 magna
1104 3940 1191 3994 illa
1219 3939 1456 4009 synodus
1496 3955 1603 3994 non
1654 3942 1920 4009 acciperet
1944 3943 1993 3997 in

422 4054 584 4093 causa
616 4033 910 4102 Theodori,
943 4036 1081 4091 sicut
1127 4050 1296 4104 neque
1323 4034 1377 4090 iu
1423 4050 1582 4091 causa
1613 4033 1995 4093 Constantino-

422 4131 643 4201 politani
670 4129 890 4185 Joannis
920 4129 1285 4196 accipiendum
1309 4142 1429 4182 esse
1458 4128 1575 4196 quis
1606 4127 1752 4181 dicit.

1020 4238 1245 4293 CAPUT
1289 4237 1396 4289 νη.

420 4333 572 4399 Quod
600 4334 643 4385 εἰ
667 4341 926 4401 suspectus
966 4332 1027 4401 de
1067 4329 1248 4401 liter-esi
1302 4329 1479 4401 fuisset
1523 4326 1842 4401 Theodorus,
1889 4332 2001 4401 ejus

488 4403 726 4468 temporis
759 4400 940 4453 Patres
969 4400 1020 4451 id
1051 4399 1254 4468 minime
1306 4397 1760 4468 dissimulassent,
1794 4408 1839 4450 et
1861 4397 1997 4468 quod

490 4465 694 4525 illorum
723 4472 890 4540 potius
919 4485 1074 4535 quam
1101 4467 1282 4538 Cyrilli
1312 4470 1462 4522 unius
1497 4469 1562 4521 de
1585 4465 1858 4522 Theodoro
1873 4465 2000 4525 m-

489 4545 659 4595 tentia:
682 4541 987 4596 credendum
1016 4542 1101 4593 sit.

488 4650 640 4719 Quod
669 4650 713 4705 si
744 4650 900 4705 nobis
922 4650 974 4703 in
997 4648 1359 4704 defensionem
1383 4650 1551 4719 ipsius
1575 4664 1779 4720 magna:
1801 4651 1990 4722 synodi

416 4746 577 4801 etiam
611 4742 823 4797 illorum
844 4741 1055 4795 Patrum
1086 4742 1137 4794 in
1168 4742 1367 4809 scripto
1388 4741 1687 4795 teStimonia
1716 4742 1988 4808 deessent,

416 4835 608 4905 quibus
642 4832 1047 4889 commendatur
1079 4832 1211 4886 fides
1264 4841 1421 4899 atque
1451 4832 1692 4885 doctrina
1745 4832 1985 4899 Diodori,

414 4930 530 4983 sine
550 4940 657 4995 quo
695 4923 1034 4978 Theodorum
1062 4921 1339 4976 docuimus
1361 4921 1505 4989 jnste
1529 4937 1632 4976 non
1659 4938 1814 4991 posse
1838 4922 1988 4977 dam-

416 5020 530 5073 nari
561 5036 573 5069 :
604 5016 839 5085 nunquid
868 5013 1717 5083 culpabilisjudicaridehetquod
1736 5016 1988 5071 Ecclesiae

417 5109 774 5163 testimonium
790 5122 895 5162 non
910 5104 1248 5173 contempsit,
1266 5104 1315 5156 in
1326 5103 1474 5171 cujus
1489 5115 1735 5173 perpetua
1752 5120 1881 5173 pace
1896 5119 1989 5158 ex-

415 5199 628 5254 cellenti
643 5200 841 5253 honore
854 5194 1529 5263 Diodorus'l‘heodorusque
1553 5196 1891 5249 manserunt?
1902 5203 1993 5249 aut

419 5290 560 5343 illius
582 5290 836 5357 temporis
851 5289 1163 5354 Ecclesiam,
1192 5302 1312 5341 cum
1327 5300 1498 5355 neque
1513 5284 1687 5340 adhuc
1702 5285 1989 5355 Eutyches,

416 5394 593 5450 neque
604 5378 878 5434 Nestorius
890 5391 1029 5436 esset
1042 5391 1277 5445 exortus,
1295 5379 1606 5451 Emychiaui
1637 5378 1902 5432 audebunt
1924 5379 1992 5433 de

494 5534 509 5564 ⁸
540 5532 671 5586 Cod.
692 5530 919 5592 γεω..
943 5536 1243 5587 naturalem.

489 5602 514 5633 ¹
535 5602 673 5655 Idem
705 5603 850 5666 cod.,
880 5607 1223 5670 particulatim
1249 5606 1528 5670 forinsecus
1575 5606 1838 5659 adinoueri
1869 5610 1979 5661 :t'la

416 5690 511 5746 nos
534 5686 728 5746 quoque
752 5675 1090 5746 necessarium
1114 5676 1351 5746 uincimus
1379 5686 1741 5741 contemptores
1772 5693 1982 5746 generu-

417 5745 481 5797 lt's
507 5754 553 5795 et
578 5744 790 5811 publica:
839 5744 1150 5797 auctoritatis
1196 5743 1433 5798 Ecclesia:
1479 5743 1823 5813 particulatim
1873 5749 1978 5816 pri-

417 5825 553 5877 vata,
579 5824 682 5867 etc.

2026 4565 2077 4625 D

2100 1952 2202 2006 que
2250 1938 2567 2006 protulimus
2607 1957 2619 1991 :
2662 1949 2843 2008 partes
2894 1942 3033 1994 enim
3067 1951 3191 1995 sunt
3238 1949 3294 1995 et
3339 1942 3455 2008 ipsa
3510 1943 3671 1997 unius

2103 2029 2391 2086 testimonii
2414 2031 2679 2096 generalis
2712 2031 2985 2097 Ecclesite,
3017 2040 3071 2087 et
3111 2034 3505 2102 quantumlibet
3533 2040 3669 2089 mul-

2099 2118 2427 2189 tiplicemur,
2477 2118 2593 2188 ejus
2622 2122 2992 2176 auctoritatem
3021 2138 3081 2177 ac
3107 2124 3389 2178 terminum
3440 2142 3547 2180 non
3578 2142 3673 2181 ex~

2099 2212 2312 2267 cedent.
2340 2212 2447 2268 Sed
2488 2214 2955 2282 quemadmodum,
2985 2230 3108 2270 cum
3136 2214 3278 2270 illam
3306 2227 3548 2273 naturam
3579 2221 3592 2248 ί
3620 2229 3672 2272 i-t

2102 2303 2413 2358 interiorem
2462 2303 2659 2374 legem,
2688 2320 2804 2375 quae
2834 2314 2942 2360 tota
2973 2307 3134 2362 simul
3182 2318 3283 2374 cst,
3318 2309 3479 2364 homo
3505 2310 3665 2365 dese-

2099 2402 2245 2448 reret
2297 2394 2351 2448 in
2380 2395 2644 2450 exteriora
2696 2394 2984 2466 delapsus;
3038 2413 3171 2467 Opus
3208 2408 3326 2454 erat
3354 2400 3668 2456 intimorum

2099 2496 2523 2555 contemptorem
2569 2488 2923 2557 particulatim
2956 2492 2976 2520 ³
3003 2491 3208 2559 privata
3237 2493 3561 2560 scriptorum
3592 2503 3666 2547 tc-

2094 2577 2420 2634 stificatione
2475 2580 2794 2636 convincere
2832 2596 2847 2635 :
2880 2596 2983 2637 non
3034 2583 3176 2653 quod
3222 2599 3400 2653 partes
3428 2594 3568 2649 toto,
3616 2597 3671 2639 et

2101 2670 2343 2725 membra
2372 2670 2621 2727 universo
2652 2687 2750 2727 suo
2777 2673 2988 2742 corpori
3011 2673 3388 2742 praeferamus;
3420 2676 3516 2729 sed
3546 2677 3672 2746 quia

2100 2760 2505 2816 convenientius
2546 2762 2648 2817 hoc
2698 2762 2856 2818 modo
2910 2763 3317 2820 calumniitores
3345 2782 3553 2835 magnae
3583 2783 3671 2839 sy-

2100 2853 2223 2907 nodi
2238 2853 2593 2923 judicavimus
2610 2852 2932 2911 refellendos
2953 2872 2968 2909 :
2993 2857 3069 2911 sic
3085 2871 3185 2911 nec
3206 2855 3226 2887 ³
3256 2858 3494 2927 generali
3521 2874 3669 2930 sym-

2099 2946 2226 3000 bolo
2258 2945 2381 3000 fidei
2414 2946 2737 3001 Christiana:
2766 2962 2871 3017 qua
2898 2945 2921 2978 ⁸
2946 2947 3241 3015 initiamur,
3270 2948 3562 3020 quidquam
3592 2961 3671 3007 est

2102 3038 2312 3103 fortius,
2339 3039 2586 3108 quamvis
2616 3041 2816 3109 scripto
2838 3056 2940 3095 nou
2976 3040 3211 3095 tradatur
3237 3058 3253 3108 ;
3295 3050 3664 3097 verumtamen

2102 3133 2357 3188 adversus
2430 3142 2774 3201 corruptores
2846 3132 3206 3203 intelligentia:
3265 3146 3318 3190 et
3385 3136 3602 3190 virtutis
3654 3141 3669 3163 ‘

2097 3227 2236 3295 ejus,
2268 3226 2466 3279 utimur
2502 3225 2663 3279 etiam
2697 3224 2915 3293 privatis
2955 3225 3274 3280 testimoniis
3304 3226 3520 3281 Patrum
3546 3243 3664 3297 qua:

2094 3316 2437 3372 continentur
2466 3317 2517 3370 in
2546 3317 2898 3386 scripto,cum
2923 3318 3165 3372 etomnia
3188 3317 3274 3372 illa
3305 3317 3395 3373 uni
3422 3322 3659 3389 generali

2095 3408 2339 3479 symbolo
2388 3409 2643 3474 serviant,
2675 3424 2773 3465 nec
2816 3409 3061 3479 praefixos
3085 3410 3341 3465 terminos
3363 3411 3481 3481 ejus
3504 3428 3660 3467 exce-

2095 3504 2242 3558 dant.
2276 3503 2345 3558 Et
2369 3502 2506 3566 ideo,
2540 3501 2677 3557 sicut
2699 3502 2899 3558 dictum
2929 3513 3033 3568 est,
3064 3505 3148 3559 vel
3179 3505 3223 3559 si
3248 3503 3402 3559 nobis
3421 3504 3667 3560 deessent

2099 3596 2215 3650 hasc
2240 3596 2543 3663 testimonia
2593 3595 2806 3650 Patrum
2834 3594 3026 3650 litteris
3048 3595 3434 3661 commendata,
3466 3611 3585 3666 qua:
3615 3597 3666 3651 in

2100 3691 2573 3760 propugnationem
2599 3691 2620 3721 ³
2638 3688 2826 3761 synodi
2854 3688 3302 3745 Chalcedonensis
3321 3705 3416 3758 pro
3434 3687 3665 3743 Diodoro

2097 3784 2485 3854 Theodoroque
2513 3781 2849 3852 protulimus,
2873 3797 3029 3838 nemo
3048 3781 3261 3851 sapiens
3281 3782 3503 3847 diceret,
3523 3783 3669 3853 quod

2099 3884 2192 3928 aut
2213 3873 2604 3945 religiosiorem
2627 3888 2686 3930 se
2713 3882 2807 3929 aut
2834 3873 3215 3943 sapientiorem
3242 3872 3446 3928 eisdem
3468 3876 3670 3928 sanctis

2102 3967 2345 4026 Patrihus
2373 3976 2427 4024 et
2471 3967 2654 4025 multis
2680 3966 2801 4021 aliis
2829 3965 3053 4021 credere
3092 3965 3387 4037 debuisset,
3415 3966 3504 4039 qui
3538 3977 3670 4020 tein.

2101 4063 2316 4132 poribus
2359 4061 2572 4117 Diodori
2613 4071 2770 4132 atque
2796 4052 3065 4115 Theodori
3107 4060 3359 4115 Ecclesiae
3384 4060 3477 4115 Dei
3507 4061 3665 4114 lumi-

2102 4156 2309 4211 narium
2337 4154 2454 4210 vice
2494 4155 2781 4221 fulserunt;
2815 4161 2873 4207 ut
2900 4168 3035 4222 quos
3081 4151 3157 4208 illi
3181 4154 3419 4208 viventes
3447 4169 3551 4207 non
3580 4167 3671 4207 ex-

2100 4249 2393 4313 cluserunt,
2426 4245 2638 4315 quando
2667 4245 2832 4313 magis
2860 4252 3077 4312 possent
3104 4242 3235 4298 alios
3260 4258 3608 4311 corrumpere
3627 4244 3675 4299 si

2101 4341 2327 4394 fuissent
2354 4336 2615 4402 haeretici,
2650 4336 2733 4405 pia
2761 4334 2999 4406 synodus
3052 4351 3114 4390 ac
3155 4334 3401 4404 religiosa
3430 4344 3670 4389 mortuos

2102 4431 2343 4486 crederet
2372 4427 2739 4485 excludendos
2771 4443 2788 4482 :
2812 4441 2932 4482 cum
2962 4425 3009 4480 si
3038 4425 3236 4494 aliquid
3258 4425 3310 4478 in
3334 4440 3519 4481 eorum
3549 4427 3688 4479 ver-‘

2101 4523 2183 4578 bis
2222 4521 2481 4592 quosdam
2526 4520 2800 4576 videretur
2848 4516 3143 4584 oﬂendere,
3198 4517 3304 4570 alia
3360 4516 3536 4585 potius
3576 4531 3668 4570 es

2099 4614 2322 4669 credere
2345 4611 2592 4668 debuerit
2633 4609 2927 4664 intentione
2950 4609 3171 4675 dixisse,
3212 4618 3303 4661 aut
3331 4605 3666 4661 familiariter

2094 4704 2395 4759 admonitos
2427 4703 2479 4755 in
2503 4703 2619 4769 ipso
2648 4712 2886 4769 tempore
2921 4701 3252 4759 correxisse;
3284 4711 3444 4766 quam
3470 4707 3667 4771 senet-

2098 4800 2270 4865 ipsum
2296 4796 2319 4828 ‘
2347 4796 2603 4867 religione
2652 4794 2739 4847 vel
2764 4790 3021 4861 sapientia
3059 4801 3161 4861 tam
3195 4790 3374 4843 multis
3406 4804 3667 4842 venerati:

2093 4886 2175 4942 dis
2208 4886 2452 4940 Patribus
2492 4880 2782 4939 anteferre.
2813 4881 3094 4968 Nunquam
3124 4881 3284 4943 enim,
3313 4882 3451 4933 sicut
3480 4880 3665 4934 didici-

2094 4993 2233 5047 mus,
2267 4987 2441 5031 tantos
2466 4991 2529 5029 ac
2559 4975 2692 5030 tales
2722 4973 2881 5028 simul
2916 4972 3101 5026 habuit
3128 4971 3379 5025 doctores
3406 4970 3661 5035 Ecclesia,

2097 5085 2322 5147 quantos
2344 5083 2395 5129 et
2426 5073 2611 5143 quales
2642 5068 2859 5124 Diodori
2904 5050 3280 5135 Theoderique
3315 5066 3659 5133 temporibus.

2098 5168 2166 5225 Ut
2196 5167 2335 5220 enim
2379 5172 2595 5234 propter
2640 5161 2831 5227 lingua:
2884 5157 3245 5211 diversitatem
3282 5155 3662 5223 scientissimos

2097 5258 2241 5313 viros
2312 5252 2561 5309 Ecclesiae
2628 5247 2972 5303 occidentalis
3027 5246 3306 5309 omittam,
3365 5258 3661 5314 quanquam

2099 5348 2251 5404 multi
2282 5363 2344 5402 ex
2372 5346 2476 5401 illis
2504 5343 2663 5397 etiam
2696 5341 2749 5393 in
2780 5337 2966 5393 Graeco
2992 5337 3184 5393 eruditi
3216 5346 3396 5393 essent
3424 5335 3665 5405 eloquio,

2162 5531 2181 5560 ³
2214 5529 2355 5583 Idem
2387 5524 2531 5587 cod.,
2563 5521 2694 5573 sicut
2716 5537 2823 5572 nec.

2161 5600 2178 5629 δ
2210 5602 2350 5654 ματη,
2379 5592 2524 5656 cod.,
2551 5609 2648 5654 quo
2672 5589 2981 5659 (symbolo).

2162 5672 2184 5702 ⁵
2212 5669 2349 5722 Idem
2378 5664 2525 5725 cod.,
2562 5662 2935 5731 purgationem.

2166 5742 2186 5773 ⁸
2211 5740 2349 5791 ltlt-m
2374 5735 2519 5792 cod.,
2548 5733 2886 5798 semetipsum.

2163 5817 2176 5832 ⁹
2211 5815 2289 5864 Au
2321 5806 2544 5860 vct’llulls
2559 5808 2580 5855 ξ’
