3962 6196
196 371 312 435 753

1042 371 1178 427 PIlO
1220 368 1654 427 DEFENSIONE
1694 366 1909 423 TRIUM
1950 363 2267 421 CAPITUL.
2314 363 2444 419 LIB.
2493 363 2629 419 VIII.

3386 363 3491 418 7'54

194 502 252 544 ttt
351 485 567 543 Diodori
656 495 815 556 atque
898 485 1172 541 Theodori
1260 487 1459 557 scripta
1554 485 1793 553 legentes
1821 483 1871 541 Α
1902 490 2056 547 taret,
2102 481 2242 547 quod
2292 481 2504 533 illorum
2551 479 2797 548 dogmata
2845 476 3145 547 intelligere
3194 493 3299 531 non
3341 478 3488 533 Vale-

198 580 561 635 intcntionexn
639 592 826 632 eorum
920 591 1247 647 cognoscere
1315 578 1668 645 potuissent;
1744 583 1801 628 ut

198 684 528 745 praeteream
558 679 612 726 et
640 671 761 725 illos
796 670 1016 725 Graecia:
1054 670 1398 725 doctissimos
1427 669 1517 739 qui
1562 668 1797 736 episcopi

201 784 316 821 non
359 766 596 831 fuerunt,
651 779 775 819 cum
807 763 886 818 eis
932 763 1259 817 Athanasius
1306 764 1531 827 interea,
1576 760 1796 829 Petrus,

202 861 527 915 Timotheus
586 871 648 913 ac
712 857 1043 927 Theophilus
1120 857 1469 911 Alexandrini
1531 857 1583 910 in
1650 854 1799 907 verbi

201 949 594 1019 praedicatione
651 949 949 1017 degerunt;
1018 948 1210 1002 deinde
1264 947 1511 1003 llleletius
1567 957 1623 1002 ct
1678 946 1803 1001 Fla-

202 1042 401 1095 vianus
447 1039 817 1105 Antiocheni;
868 1037 1148 1093 Nectarins
1190 1054 1424 1108 quoque,
1456 1046 1508 1092 et
1536 1036 1795 1099 Joannes,

203 1141 259 1185 et
291 1132 502 1186 Atticus
532 1130 1151 1198 Constantinopolitani;
1194 1128 1601 1197 Amphilochius
1639 1126 1799 1182 etiam

205 1220 528 1286 lconicnsis,
573 1220 906 1291 Epiphanius
936 1220 1187 1290 Cyprius,
1240 1221 1469 1275 Basilius
1505 1220 1803 1275 (lazsarien-

205 1315 286 1367 sis
317 1311 690 1383 Cappadocia,
736 1319 792 1366 et
821 1311 935 1379 ejus
966 1310 1127 1365 frater
1171 1310 1459 1380 Gregorius
1504 1310 1799 1379 Nyssenus,

209 1402 511 1470 Gregorius
540 1400 911 1456 Nazianzenus
943 1399 1205 1465 Gelasius,
1260 1402 1607 1456 Cmsaricnsis
1639 1401 1805 1455 Palm-

206 1492 405 1557 stinae,
453 1489 770 1546 Theotimns
818 1492 1154 1547 Tomitianus
1182 1493 1213 1527 ἰ
1258 1491 1494 1563 Scythia:
1530 1510 1543 1545 :
1573 1507 1803 1562 quorum

212 1600 384 1640 nemo
434 1584 722 1640 Diodorum
753 1593 777 1621 ο
807 1584 1095 1655 aliquando
1130 1586 1145 1616 ²
1180 1586 1490 1640 haeretieum
1529 1586 1802 1655 judirasse

213 1685 555 1731 monstratur
588 1691 601 1728 :
633 1675 760 1745 quin
808 1676 987 1745 potius
1018 1690 1119 1730 una
1163 1691 1288 1730 cum
1334 1677 1413 1732 eis
1442 1676 1511 1731 ab
1540 1676 1808 1731 haereticis

214 1754 601 1839 Apolinaristis
637 1766 1007 1822 sustinuerunt
1045 1766 1299 1822 invidiam
1327 1808 1341 1833 ,
1391 1776 1641 1838 tanquam
1672 1768 1805 1822 duos

1908 572 2069 624 haut?
2101 571 2215 625 Non
2237 572 2380 625 enim
2408 571 2473 624 de
2503 570 2745 639 personis
2778 568 3098 638 ignobilibus
3123 568 3480 638 disputamus,

1902 678 2125 732 quarum
2153 664 2256 718 dici
2301 650 2471 733 possit
2506 663 2730 717 latuisse
2763 663 3026 727 doctrina,
3057 678 3178 717 cum
3214 663 3279 716 de
3310 662 3491 716 Theo~

1902 757 2035 809 doro
2063 756 2318 823 scriptum
2360 755 2449 821 sit,
2498 754 2638 824 quod
2669 764 2722 808 et
2751 754 2820 808 40
2850 756 3007 809 annis
3030 755 3051 785 ⁵
3077 755 3224 809 clare
3273 756 3326 808 in
3358 756 3487 809 doc-

1906 849 2041 902 trina
2100 846 2441 917 prrefulserit,
2489 856 2543 900 et
2570 862 2786 900 omnem
2838 845 3100 900 hzeresem
3154 861 3493 917 expugnave-

1905 941 1994 1003 rit,
2048 950 2100 994 et
2148 940 2333 994 decem
2388 939 2551 993 millia
2598 939 2985 1008 conscripserit
3029 938 3196 993 libros
3237 938 3494 994 adversus

1904 1044 2149 1095 errores,
2196 1038 2383 1083 contra
2416 1045 2550 1099 quos
2574 1045 2696 1084 eum
2728 1039 2870 1085 totus
2902 1028 2953 1082 in
2985 1044 3270 1083 commune
3299 1028 3492 1083 Oriens

1907 1124 2257 1189 proponebat,
2284 1131 2533 1191 tanquam
2579 1121 2830 1176 virtutem
2856 1121 3078 1174 multant
3107 1119 3364 1174 doctrina:
3395 1119 3489 1173 ha-

1906 1214 2121 1268 bentem
2153 1224 2242 1267 :et
2272 1214 2413 1281 quod
2460 1218 2513 1269 in
2553 1214 3001 1283 expositionibus,
3034 1228 3167 1283 quas
3219 1213 3271 1267 in
3319 1216 3493 1268 omni-

1906 1303 2005 1358 bus
2044 1303 2288 1360 ecclesiis
2337 1305 2688 1361 orientalibus
2730 1314 2784 1360 et
2832 1305 2885 1358 in
2943 1303 3043 1357 hac
3090 1306 3232 1374 regia
3279 1304 3494 1359 civitate

1907 1396 2153 1457 faciebat,
2207 1398 2461 1465 probatus
2506 1398 2662 1452 fuerit
2708 1399 2761 1452 in
2793 1406 3084 1466 Conspectu
3129 1396 3490 1463 sacerdotum,

1907 1496 1961 1541 et
1992 1488 2394 1556 imperatorum,
2431 1496 2485 1542 et
2530 1489 2871 1557 populorum.
2921 1488 3202 1555 Quomodo
3232 1487 3253 1517 ⁶
3284 1486 3326 1541 si
3358 1488 3493 1542 tales

1908 1591 2089 1636 sancta
2154 1581 2391 1652 synodus
2454 1580 2767 1647 abdicaret,
2834 1596 2980 1649 non,
3028 1581 3171 1635 sicut
3221 1579 3491 1644 diximus,

1908 1686 2098 1727 omnes
2131 1673 2467 1728 venerabiles
2500 1673 2640 1728 illius
2673 1674 2932 1743 temporis
2965 1673 3150 1727 Patres
3191 1681 3283 1726 aut
3325 1671 3495 1725 haere-

1913 1765 2046 1819 ticos
2072 1764 2276 1821 diceret
2308 1774 2401 1820 aut
2439 1766 2689 1834 ignaros?
2721 1765 2858 1839 Quid
2889 1765 3068 1835 itaque
3090 1762 3286 1821 horum
3318 1764 3496 1819 dicere

220 1863 583 1931 prmdiearent
627 1858 785 1925 ﬁlios,
818 1859 949 1914 duas
977 1857 1177 1913 Christi
1215 1858 1479 1928 perfectas
1514 1860 1805 1915 asserenda
1836 1851 1882 1909 B
1910 1857 2094 1913 mallet
2118 1856 2339 1928 ignoro;
2379 1857 2521 1926 quod
2552 1864 2732 1913 autem
2764 1871 2989 1913 necesse
3033 1866 3117 1912 est
3147 1858 3336 1912 horum
3364 1855 3497 1911 alte-

216 1963 463 2006 naturas.
496 1953 832 2020 Quapmpter
863 1949 949 2004 vel
971 1950 1017 2003 si
1050 1950 1228 2004 minus
1250 1958 1453 2005 attente
1478 1950 1654 2018 legere
1680 1964 1805 2019 pos-

212 2053 341 2098 sent
376 2043 574 2109 scripta
617 2042 835 2095 Diodori
876 2050 1037 2109 atque
1064 2040 1359 2109 Theodori,
1394 2040 1656 2096 admoniti
1697 2042 1802 2095 sal-

215 2146 328 2188 tem
357 2132 736 2188 hazreticorum
766 2132 1052 2186 calumniis
1082 2133 1404 2188 attentiores
1429 2133 1615 2201 procul
1644 2133 1807 2188 dubio

214 2224 593 2281 redderentur.
654 2224 789 2290 Quid
840 2224 1001 2293 igitur
1048 2235 1184 2292 opus
1238 2233 1372 2290 erat,
1427 2226 1479 2279 in
1534 2232 1803 2282 tantorum

217 2321 439 2376 Patrum
475 2318 877 2384 contumeliam,
926 2317 1243 2386 sacrilegum
1286 2327 1340 2372 et
1369 2318 1591 2387 impium
1622 2333 1684 2373 ac
1715 2334 1808 2388 pe-

211 2414 392 2484 jorem
442 2408 779 2464 daemonibus
812 2411 1155 2477 pronuntiare
1184 2408 1561 2476 Theodorum,
1608 2423 1729 2463 eum
1760 2411 1804 2464 si

216 2501 384 2557 etiam
412 2502 465 2555 in
497 2499 765 2570 aliquibus
804 2497 1063 2568 probetur
1091 2514 1303 2555 errasse
1323 2542 1339 2567 ,
1369 2500 1522 2571 pejor
1549 2500 1809 2556 daemoni-

218 2592 324 2647 bus
348 2591 578 2661 judicari
608 2605 714 2645 non
758 2590 947 2645 debuit
980 2590 1032 2644 in
1069 2590 1325 2645 Ecclesia:
1354 2604 1487 2659 pace
1515 2602 1676 2662 atque
1708 2593 1808 2646 ho-

219 2701 357 2741 nere
376 2684 699 2740 defunctus?
743 2683 819 2738 De
864 2683 1017 2752 cujus
1060 2683 1216 2737 laude
1244 2697 1342 2738 nec
1383 2685 1807 2740 reverentissimi

219 2776 449 2832 Photius
480 2785 537 2831 ut
585 2774 902 2830 Eustachius
952 2784 1115 2844 atque
1150 2773 1381 2829 Uranius
1423 2774 1631 2845 judices
1661 2774 1805 2830 Ibam

187 2868 536 2937 'CPISCOpUID
583 2866 1069 2936 reprehenderunt,
1120 2867 1258 2935 apud
1290 2881 1424 2937 quos
1470 2868 1520 2922 ei
1564 2883 1659 2922 sua
1693 2868 1808 2937 epi-

220 2961 367 3015 stola
395 2961 542 3030 prius
562 2958 772 3029 objecta
802 2968 885 3014 est
918 2968 1077 3028 atque
1107 2959 1372 3015 discussa.
1417 2959 1526 3017 Sed
1572 2977 1670 3016 nec
1708 2962 1808 3032 ipsi

221 3054 346 3121 ejus
383 3062 744 3118 accusatores,
794 3053 883 3106 vel
938 3066 1060 3106 eum
1112 3054 1493 3124 imperatorem
1547 3056 1807 3110 adversus

220 3161 347 3199 eum
391 3144 628 3209 adirent,
676 3144 760 3198 vel
804 3158 926 3198 cum
969 3144 1149 3199 elicita
1185 3146 1529 3202 accusatione
1557 3146 1807 3219 ’judices

1910 1965 2028 2002 rum
2068 1948 2248 2003 dicere
2296 1963 2401 2003 non
2442 1948 2650 2018 ignoro.
2704 1948 2871 2003 Multo
2897 1948 3059 2019 igitur
3105 1949 3275 2019 magis
3326 1962 3491 2009 nunc,

1910 2042 2030 2111 quia
2069 2053 2175 2096 non
2206 2040 2401 2094 desunt
2435 2054 2625 2094 eorum
2673 2039 2977 2094 testimonia
3016 2056 3111 2108 pro
3154 2038 3385 2093 Diodoro
3417 2049 3497 2091 at-

1912 2147 2014 2201 que
2041 2131 2348 2196 Theodoro,
2393 2130 2584 2185 litteris
2611 2131 2772 2187 etiam
2816 2132 3211 2197 commendata,
3246 2134 3291 2186 si
3323 2133 3498 2187 Theo~

1911 2225 2099 2278 dorum
2130 2222 2181 2277 id
2215 2222 2355 2292 quod
2399 2222 2667 2277 Diodorus
2698 2224 3022 2279 sentientem
3065 2224 3323 2301 damnare
3358 2240 3498 2293 prae-

1911 2326 2173 2382 sumeret,
2194 2325 2284 2369 aut
2312 2314 2603 2370 haereticos
2626 2314 2791 2369 fuisse
2818 2328 3007 2370 Omnes
3038 2315 3137 2370 hos
3172 2315 3381 2381 Patres,
3408 2325 3498 2370 aut

1912 2409 2126 2479 ignaros
2157 2418 2212 2464 et
2240 2409 2436 2464 inscios
2469 2408 2648 2463 dicere
2677 2418 2980 2480 cogeretur.
3020 2409 3125 2465 Sed
3157 2409 3391 2477 nunquid
3422 2409 3497 2463 ita

1914 2501 2113 2554 mundo
2150 2499 2397 2555 Christus
2436 2500 2706 2565 irascitur,
2761 2510 2818 2554 ut
2868 2515 3026 2555 aures
3068 2499 3497 2555 Christianoru‘u

1913 2591 2107 2657 ferant,
2153 2590 2200 2647 si
2252 2592 2460 2646 dicatur
2506 2592 2648 2660 quod
2700 2590 2789 2646 illa
2830 2593 3068 2662 synodus
3124 2591 3494 2656 Athanasium,

1914 2683 2190 2748 Basilium,
2222 2692 2277 2737 et
2303 2692 2587 2749 utrumque
2620 2681 2959 2752 Gregorium,
2989 2695 3044 2740 et
3072 2684 3354 2749 Joannem,
3387 2684 3498 2737 Ine-

1916 2778 2116 2830 reticos
2151 2774 2395 2844 judicare
2421 2774 2690 2841 debuerit,
2723 2783 2782 2828 ut
2811 2775 3082 2831 temerarii
3110 2776 3496 2831 condemnato-

1913 2880 2000 2921 res
2029 2864 2303 2921 Theodori
2332 2865 2618 2921 orthodoxi
2639 2867 2984 2936 judicentur?
3009 2884 3099 2930 an,
3130 2869 3271 2937 quod
3300 2879 3382 2925 est
3407 2884 3496 2922 sa—

1913 2957 2038 3028 tius,
2070 2958 2314 3015 indoctos
2343 2974 2438 3014 eos
2464 2960 2703 3025 judicare
2729 2942 2979 3017 debuisse
3013 2962 3241 3031 dicetur,
3275 2972 3331 3017 ut
3362 2965 3495 3019 isto-

1912 3067 2029 3107 rum
2057 3051 2324 3107 mirabilis
2354 3052 2568 3122 peritia,
2599 3053 2743 3122 quod
2787 3055 3024 3110 maxime
3054 3066 3337 3125 appetunt,
3370 3056 3499 3111 et‘l‘e—

1912 3144 2095 3199 ratur?
2118 3143 2224 3199 Sed
2257 3153 2315 3199 ut
2339 3145 2442 3199 hoc
2482 3146 2674 3201 iterum
2698 3146 2780 3201 vel
2812 3147 3040 3218 amplius
3069 3148 3265 3216 aliquid
3298 3148 3493 3215 dicam,

222 3248 556 3296 memoratos
578 3237 929 3300 adducerent,
961 3246 1017 3292 et
1047 3236 1097 3291 in
1132 3252 1321 3292 eorum
1353 3240 1600 3295 examine
1626 3241 1808 3297 multis
1840 3232 1885 3294 C
1917 3236 2151 3306 nunquid
2186 3236 2256 3291 ita
2287 3236 2486 3293 mundo
2516 3237 2763 3293 Christus
2800 3239 3068 3303 irascitur,
3117 3251 3175 3294 ut
3201 3256 3355 3295 aures
3390 3257 3492 3295 non

225 3344 284 3387 et
330 3333 536 3403 magnis
578 3341 634 3386 et
670 3332 924 3387 inauditis
969 3346 1089 3388 eum
1132 3332 1597 3389 criminationibus
1642 3333 1809 3403 impe-

229 3434 424 3488 tentes,
457 3437 598 3491 smpe
628 3437 691 3477 ac
719 3422 808 3476 diu
836 3425 1209 3494 conﬂigerent,
1255 3424 1453 3492 aliquid
1483 3425 1530 3479 ei
1559 3426 1625 3480 de
1655 3425 1809 3482 laude

232 3514 509 3570 Theodori
548 3530 823 3585 opponere
854 3526 1190 3571 lettlaverunl
1224 3517 1402 3586 :quod
1436 3518 1619 3587 procul
1647 3518 1813 3573 dubio

231 3609 486 3674 lacerent,
519 3607 563 3661 si
587 3608 654 3659 ab
688 3607 924 3661 Ecclesia
948 3607 1146 3660 Christi
1175 3607 1489 3663 Theodorus
1519 3609 1810 3679 aliquando

227 3700 558 3772 judicaretur
598 3701 904 3755 haereticus.
949 3700 1102 3756 Unde
1156 3700 1502 3770 Eutychiauis
1556 3702 1808 3770 dicimus,

229 3806 285 3847 ut
317 3796 439 3864 quia
469 3793 797 3848 dissentiunt
824 3808 852 3846 a
885 3792 1112 3864 synodo,
1160 3809 1280 3862 qua:
1320 3804 1671 3849 memoratam
1700 3798 1813 3866 epi-

227 3886 447 3950 stolam,
495 3884 628 3939 duas
657 3884 857 3939 Christi
905 3888 1123 3939 naturas
1170 3896 1222 3939 et
1267 3902 1423 3940 unam
1465 3886 1811 3943 conﬁtentem

228 3989 354 4029 esse
390 3989 693 4043 personam,
744 3978 1108 4043 pronuntiavit
1144 3976 1517 4041 orthodoxam,
1569 3978 1814 4033 refutatis

227 4067 297 4120 ab
323 4079 389 4121 ea
434 4065 625 4121 saltem
672 4065 1075 4120 accusatoribus
1104 4066 1424 4120 venerabilis
1453 4067 1558 4121 lbaa
1585 4082 1815 4123 consen-

230 4158 387 4221 tiant,
442 4170 541 4212 nec
591 4157 646 4210 in
684 4170 746 4211 ea
787 4155 1076 4227 quidquam
1130 4156 1358 4223 amplius
1403 4172 1560 4225 quam
1604 4156 1685 4211 illi
1725 4172 1814 4211 ca-

228 4247 656 4312 lumniosissimi,
702 4246 1155 4313 impudentissimi
1201 4254 1362 4311 atque
1398 4246 1811 4302 obstinatissimi

226 4340 599 4395 criminentur.
671 4337 957 4406 Quomodo
1005 4352 1133 4392 vero
1180 4336 1523 4392 Theodorum
1576 4340 1813 4408 synodus

227 4429 481 4499 praedicta
529 4429 920 4495 condemnatis,
975 4429 1062 4483 vel
1105 4429 1173 4495 si,
1218 4439 1275 4481 ut
1316 4427 1517 4483 dictum
1561 4437 1664 4497 est,
1710 4443 1814 4486 tam

226 4522 520 4576 multorum
553 4523 767 4581 Patrum
799 4521 1121 4577 testimoniis
1150 4520 1205 4574 in
1243 4518 1444 4590 scripto
1476 4523 1815 4578 manentibus

1915 3328 2089 3406 dicam
2119 3328 2570 3394 Christianorum,
2598 3328 2691 3384 sed
2719 3344 3050 3401 quorumque
3086 3331 3391 3402 hominum,
3423 3332 3500 3387 Ie-

1916 3429 2037 3475 rant
2064 3420 2333 3475 doctiores
2362 3420 2498 3475 istos
2530 3432 2747 3476 nostros
2791 3421 2893 3476 dici
2928 3423 3121 3478 talibus
3150 3422 3496 3478 doctoribus?

1914 3511 1997 3566 An
2040 3513 2177 3568 forte
2204 3511 2473 3581 potabitur
2501 3513 2641 3582 quod
2675 3527 2773 3568 nec
2797 3513 3036 3569 hairetici
3080 3515 3289 3569 dicendi
3322 3522 3502 3570 essent

1914 3619 1945 3659 a
1989 3604 2195 3674 synodo
2242 3604 2316 3658 illi
2373 3605 2581 3669 Patres.
2635 3606 2885 3675 quoniam
2936 3622 3041 3661 non
3094 3606 3503 3663 consentiebant

1915 3693 2257 3765 dogmatibus
2307 3694 2529 3750 Diodori
2575 3702 2735 3766 atque
2772 3696 3077 3759 Theodori;
3128 3714 3228 3754 nec
3276 3699 3503 3765 indocti,

1916 3787 2168 3857 quoniam
2216 3788 2461 3842 sciebant
2498 3804 2557 3844 ea
2592 3800 2736 3843 recta
2779 3804 2885 3843 non
2926 3803 3087 3853 esse;
3131 3791 3226 3845 sed
3271 3800 3503 3844 tantum-

1918 3879 2078 3934 modo
2106 3881 2461 3948 negligentes,
2518 3881 2659 3947 quod
2687 3894 2783 3934 eos
2811 3882 3083 3949 corrigere
3114 3890 3207 3933 aut
3236 3882 3304 3936 ab
3330 3883 3502 3937 eccle-

1915 3973 1992 4025 sia
2035 3971 2231 4041 pellere
2276 3972 2452 4024 minus
2489 3973 2836 4026 curaverint?
2884 3976 2952 4027 At
2992 3973 3095 4028 hoc
3142 3974 3314 4043 ipsum
3360 3975 3501 4043 quod

1919 4072 2199 4119 tacuerunt
2232 4068 2283 4118 in
2314 4073 2588 4133 tempore,
2621 4080 2742 4119 eum
2774 4065 2852 4119 eis
2895 4075 2947 4121 et
2990 4066 3055 4120 ad
3099 4067 3502 4137 intelligendum

1918 4173 2109 4227 magna
2136 4158 2384 4225 scientia,
2412 4168 2467 4212 et
2491 4158 2556 4212 ad
2599 4158 3033 4228 respondendum
3063 4168 3241 4215 sermo
3275 4176 3381 4215 non
3409 4161 3504 4215 dea

1919 4250 2380 4315 fuiSsetidoneus,
2429 4265 2524 4319 pro
2552 4264 2822 4305 consensu
2870 4251 3038 4305 teneri
3081 4251 3271 4306 merito
3304 4260 3501 4320 poti-st.

1919 4342 2083 4412 Igitur
2130 4344 2293 4397 etiam
2338 4342 2417 4395 sic
2466 4355 2571 4395 non
2615 4340 2763 4395 aliud
2808 4339 3136 4408 efﬁceretur,
3188 4340 3285 4397 nisi
3330 4352 3389 4396 ut
3426 4342 3503 4397 ili

1918 4434 2088 4489 sancti
2144 4433 2332 4487 Patres
2386 4431 2626 4488 hmretici
2682 4432 3081 4488 afﬁrmareutur
3138 4449 3166 4487 a
3220 4436 3428 4505 synodo
3458 4435 3502 4489 ".

1919 4525 2174 4592 Quamvis
2210 4524 2390 4593 itaque
2428 4524 2481 4577 in
2521 4523 2610 4577 tali
2649 4538 2809 4578 causa
2859 4525 3133 4595 negligens
3176 4527 3507 4582 tolerabilior

226 4616 450 4670 minime
497 4624 857 4686 repugnaret,
906 4630 969 4670 ac
1006 4630 1113 4670 non
1163 4615 1411 4684 superius
1434 4615 1454 4646 ⁸
1487 4629 1811 4673 memoratos
1842 4610 1895 4669 D
1919 4617 2142 4671 forsitan
2175 4616 2438 4669 indicetur
2468 4614 2753 4681 ltmretico,
2805 4617 2993 4685 procul
3026 4617 3188 4672 dubio
3219 4626 3396 4675 tamen
3426 4620 3507 4672 in-

226 4717 318 4760 aut
366 4706 647 4762 hazreticos
692 4706 947 4763 diceret‘
978 4707 1119 4776 quod
1173 4707 1529 4777 intelligentes
1578 4724 1809 4765 consen-

227 4796 434 4850 Lebant
475 4798 673 4866 pravis,
709 4806 767 4850 ιιι
791 4798 959 4863 aiunt,
991 4796 1334 4867 dogmatibus
1366 4798 1584 4853 Diodori
1627 4800 1814 4855 Theo-

228 4887 871 4956 dorique‘eonuuunibus,
904 4899 994 4940 aut
1022 4888 1181 4964 nimis
1209 4887 1475 4957 indoctos,
1512 4891 1555 4943 si
1588 4891 1688 4946 hoc
1715 4909 1810 4961 pu-

304 5035 331 5065 ι
355 5026 672 5081 Addendutu
703 5026 912 5080 videtur
937 5042 1083 5080 nemo
1115 5026 1463 5082 Theodorum.

309 5141 470 5193 ’Cud.
505 5140 701 5196 Veron.
724 5183 739 5208 ,
774 5140 1057 5194 Diodorum
1098 5141 1176 5196 vel
1206 5141 1526 5197 Theodorum
1582 5146 1813 5215 tliquan-

227 5216 315 5274 do,
351 5224 455 5264 etc.

299 5284 317 5312 '
354 5282 492 5335 Idem
521 5281 640 5335 cod.
666 5325 680 5347 ,
714 5284 1058 5335 excusatione.

296 5352 318 5382 ³
353 5353 492 5405 Idem
523 5354 668 5415 cod.,
697 5369 867 5405 omnes
884 5354 1140 5421 superius.

299 5423 319 5451 ’⁸
350 5422 489 5494 Idem
519 5421 666 5494 cod.,
696 5424 901 5488 diceret,
934 5424 978 5477 si
1005 5434 1223 5489 putaret,
1257 5426 1415 5494 quod.

301 5494 322 5523 ⁸
351 5491 490 5565 Idem
517 5492 665 5565 _cod.,
682 5491 1307 5565 quinqueetquadraginta
1321 5496 1487 5549 annis.
1504 5496 1604 5551 Tot
1625 5514 1807 5552 nume-

230 5573 311 5617 rat
340 5561 562 5628 epistola
591 5561 778 5632 synbdi
803 5561 1149 5620 Antiochense
1169 5561 1276 5618 sub
1303 5566 1506 5620 Joanne
1528 5582 1669 5621 anno
1696 5568 1804 5625 455

232 5635 534 5697 Celebratae,
552 5636 615 5686 ad
632 5635 873 5689 Proclum
892 5636 1564 5704 Constantinopolitannm,
1582 5650 1635 5691 nt
1653 5651 1801 5708 patet

306 5727 324 5745 ⁹
353 5726 470 5806 Non
498 5729 660 5806 bene.
684 5728 941 5806 Rescribe
957 5733 1285 5789 Tomitanus.
1315 5735 1638 5806 Scytharum
1669 5740 1812 5794 enim

245 5798 577 5877 μητρρπολις
607 5803 723 5877 test
747 5804 940 5877 Τὸμις,
974 5807 1128 5866 πόλις
1159 5807 1370 5877 perdia)
1390 5798 1511 5859 ’καὶ
1536 5810 1809 5877 εὐδαίμων

237 5870 526 5938 ampliari;
577 5882 635 5925 ut
684 5870 846 5928 habet
880 5870 1214 5932 Sozotncnus
1246 5870 1389 5932 llist‘.
1428 5879 1564 5934 eccl.
1605 5870 1704 5934 Ib.‘
1736 5897 1808 5945 \‘t,

1922 4710 2080 4763 docto
2105 4707 2357 4762 deterior.
2393 4705 2737 4760 Venerabiles
2778 4716 2956 4761 autem
3004 4707 3212 4774 Patres,
3263 4724 3398 4779 quos
3424 4711 3506 4763 in-

1924 4804 2110 4856 doctos
2132 4800 2221 4854 illa
2249 4798 2484 4870 synodus
2512 4798 2694 4853 dicere
2719 4814 2824 4853 non
2855 4799 3105 4865 audebat,
3132 4802 3301 4853 multo
3332 4800 3507 4854 minus

1925 4894 2275 4963 negligentes,
2307 4891 2451 4960 quod
2477 4900 2558 4944 eat
2580 4889 2840 4956 deterius,
2865 4890 3110 4958 judicare
3133 4899 3507 4960 priesumeret.

1924 5164 1986 5205 ex
2017 5150 2313 5219 fragmento
2340 5151 2589 5212 superius
2610 5165 2729 5217 cap.
2764 5150 2788 5201 1
2821 5150 2967 5204 citat.

1995 5221 2016 5252 ‘
2043 5221 2182 5275 Idem
2205 5221 2351 5289 cod.,
2377 5221 2644 5285 Quomodo
2672 5235 2792 5290 ergo
2822 5220 2895 5273 si.

1992 5292 2014 5324 ⁷
2040 5290 2183 5345 Idem
2214 5292 2357 5357 cod.,
2400 5308 2430 5342 a
2468 5290 2689 5362 synodo,
2735 5291 2823 5356 qui
2852 5306 3010 5357 neque
3039 5292 3199 5359 ipsos,
3236 5309 3393 5362 neque
3438 5292 3510 5345 il-

1921 5362 2087 5417 lorum
2113 5363 2356 5432 dogmata
2384 5377 2506 5432 quae
2541 5361 2700 5429 impia
2725 5370 2986 5426 noverant,
3040 5379 3153 5413 cum
3182 5361 3384 5431 possent
3418 5379 3510 5415 vo-

1918 5433 2124 5486 luerunt
2162 5430 2420 5485 abdicare.
2464 5430 2659 5503 Verum
2700 5440 2807 5483 esto
2849 5442 3027 5485 contra
3072 5430 3336 5486 veritatem
3378 5449 3510 5503 ιιι-αν-

1917 5504 2259 5569 sumptoribus
2286 5502 2381 5555 hoc
2409 5502 2560 5554 etiam
2604 5505 2734 5555 sicut
2769 5504 2930 5556 ututta
2957 5504 3219 5569 cedamus,
3253 5520 3355 5557 non
3381 5502 3507 5556 tta:-

1918 5575 2059 5627 retici
2085 5574 2402 5642 a/ﬁrmantur
2422 5588 2454 5625 a
2475 5573 2690 5642 synodo.
2732 5571 2976 5637 Qunnvis
3000 5615 3013 5639 ,
3053 5585 3155 5630 etc.

1913 5766 2031 5815 cap.
2062 5747 2493 5851 ξιλνιεςεῆυκρ.
2522 5749 2585 5803 ad
2624 5748 2737 5804 Vel.
2767 5748 2991 5805 Roman.
3015 5750 3199 5807 Itiner.
3232 5765 3352 5824 pag.
3382 5750 3508 5812 9.27,

1916 5826 1993 5851 n..l

1916 5826 2015 5874 CUI.
2062 5826 2105 5874 ἐ.
