3962 6196
177 328 289 385 757

1084 317 1215 375 PRO
1263 315 1695 373 DEFENSIONE
1737 312 1947 368 TRIUM
1991 313 2304 370 C.\f’lTliL.
2349 315 2476 371 LIB.
2520 316 2609 371 IX.

3369 314 3473 369 733

175 458 241 499 ac
302 455 396 513 per
440 446 539 493 hoc
585 438 795 507 utrique
832 435 1043 491 diversa
1084 435 1151 490 de
1201 433 1484 490 Theodoro
1541 432 1779 487 sentien-
1813 431 1857 491 Α
1886 438 1937 482 et
1962 428 2133 499 ipsum
2164 429 2377 484 beatum
2406 428 2665 500 Cyrillum
2698 428 3036 482 afﬁrmabant
3062 443 3165 485 non
3195 429 3354 485 aliter
3374 430 3471 486 do-

176 548 299 601 tes,
346 530 574 589 Nestorii
631 528 1133 583 condemnationem
1201 529 1319 581 sine
1375 527 1481 580 ulla
1544 524 1771 579 diversi-

176 635 296 680 tate
323 624 628 679 ﬁrmabant.
670 622 806 689 Quid
846 635 975 690 ergo
1017 620 1363 675 Nestor-ianos
1400 620 1639 688 adjuvet,
1685 618 1773 687 qui

177 716 455 771 Theodori
496 712 677 775 dictis,
727 713 865 768 sicut
911 727 969 768 et
1012 713 1241 767 aliorum
1296 714 1385 783 qui
1438 713 1490 768 in
1540 710 1777 767 Ecclesia

177 806 520 872 claruerunt,
571 804 714 859 male
763 804 841 859 uti
883 804 1156 870 dicuntur,
1205 805 1249 859 si
1300 819 1401 873 qua
1442 804 1510 859 de
1546 804 1641 858 illo
1681 802 1780 855 fuit

178 896 402 952 diversa
437 896 654 949 Patrum
685 895 950 949 sententia
979 912 990 946 :
1022 909 1144 949 cum
1172 903 1229 949 et
1268 895 1391 950 ideo
1422 894 1578 949 fuerit
1623 908 1780 948 accu-

181 996 365 1049 satus,
410 984 535 1056 quia
573 983 768 1038 similia
800 985 1089 1053 putabatur
1135 985 1379 1055 sapuisse
1422 984 1691 1051 Nestorio,
1724 994 1779 1038 et

182 1077 346 1131 aliter
375 1091 484 1131 non
524 1075 760 1145 potuerit
784 1074 1051 1137 excusari,
1096 1076 1197 1130 nisi
1230 1075 1546 1144 probaretur
1571 1076 1780 1129 alienus

184 1168 257 1225 ab
302 1184 489 1225 errore
538 1166 815 1223 Nestorii?
860 1167 973 1221 Hoc
1002 1183 1220 1239 quoque
1268 1168 1580 1223 meminisse
1618 1168 1777 1222 iidem

185 1258 494 1314 Nestoriani
538 1258 771 1325 debent,
816 1258 1071 1327 quoniam
1104 1260 1160 1313 in
1198 1260 1278 1313 eis
1308 1258 1505 1313 litteris
1542 1261 1779 1313 orienta-

187 1352 323 1407 lium
357 1352 572 1407 Patrum
604 1352 763 1406 beato
795 1351 988 1405 Proclo
1016 1350 1427 1405 rescribentium
1461 1349 1780 1404 Theodorus

185 1454 502 1507 excusatur,
552 1445 606 1497 in
660 1443 855 1512 quibus
909 1443 1183 1507 firmatur,
1233 1442 1371 1496 sicut
1424 1441 1781 1504 ostendimus,

188 1550 361 1589 unum
404 1535 471 1590 de
500 1535 762 1590 Trinitate
790 1550 886 1603 pro
915 1535 1069 1591 nobis
1111 1533 1457 1600 cruciﬁxum;
1509 1534 1562 1589 in
1589 1534 1782 1604 quibus

188 1626 437 1681 dicitur:
485 1643 504 1677 ι
540 1626 691 1693 Quod
748 1636 926 1681 autem
966 1641 1128 1681 omne
1175 1625 1440 1681 orientale
1487 1624 1777 1680 concilium

189 1715 427 1771 Nestorii
478 1718 744 1771 novitates
769 1717 1061 1785 abdicavit,
1108 1716 1258 1771 novit
1283 1726 1337 1772 et
1366 1726 1454 1771 tua
1486 1718 1775 1781 sanctitas,

1881 523 2079 588 cuisse,
2121 522 2362 577 dicentes
2384 523 2455 587 ei,
2488 522 2627 576 sicut
2653 536 2809 590 supra
2843 525 3261 578 memoravimus
3295 540 3308 575 :
3341 522 3474 578 Sunt

1880 611 2024 668 enim
2040 614 2199 668 etiam
2219 629 2338 683 qua:
2353 623 2407 669 et
2431 623 2517 667 tua
2539 614 2794 668 sanctitas
2821 614 2889 667 ita
2908 614 3211 682 conﬁtetur,
3233 625 3288 669 et
3322 630 3472 668 emn-

1881 703 2003 759 dcm
2039 704 2108 758 de
2146 705 2250 759 illis
2287 704 2449 760 habet
2492 705 2843 760 intellectum.
2893 706 3009 769 Qua
3051 706 3117 760 de
3167 720 3227 761 re
3267 706 3312 760 si
3366 706 3473 758 lia-.-

1882 796 1989 850 rcsi
2045 795 2379 852 Nestorianre
2421 798 2582 854 debet
2636 797 2829 853 ascribi
2888 798 3021 855 duas
3075 798 3275 864 Christi
3332 815 3472 868 prie-

1883 888 2064 945 dicare
2108 900 2354 956 naturas,
2404 891 2591 948 beatus
2637 891 2904 963 Cyrillus,
2966 894 3056 961 qui
3114 893 3246 948 nihil
3288 905 3476 949 contra

1883 983 2090 1052 retulit,
2135 998 2386 1049 magnum
2428 985 2480 1039 in
2515 999 2575 1039 se
2601 991 2804 1039 crimen
2837 1002 2931 1040 sua
2968 986 3336 1041 taciturnitate
3386 988 3476 1039 fir—

1884 1074 2049 1129 mavit
2079 1092 2093 1139 ;
2124 1074 2292 1145 aquo
2320 1076 2534 1145 purgari
2577 1092 2682 1130 non
2733 1078 2958 1147 poterit,
3002 1077 3104 1132 nisi
3150 1079 3473 1134 catholicum

1878 1164 2149 1233 judicetur
2198 1167 2329 1221 duas
2375 1167 2575 1223 Christi
2627 1178 2845 1222 naturas
2896 1183 3162 1225 asserere.
3216 1169 3477 1236 lttleiligis

1884 1260 2066 1327 igitur,
2100 1260 2408 1327 imperator,
2439 1259 2579 1329 quod
2610 1261 2652 1313 si
2684 1276 2785 1329 qua
2811 1258 3027 1314 Patrum
3055 1261 3378 1329 disceptatio
3406 1262 3479 1316 de

1883 1350 2174 1405 Theodoro
2200 1350 2366 1406 fuisse
2394 1350 2627 1416 dicatur,
2669 1351 3015 1406 Nestorianos
3046 1354 3248 1421 pariter
3277 1361 3331 1406 et
3364 1353 3478 1407 Eu-

1885 1442 2165 1514 tycbianos
2196 1443 2508 1499 confundat.
2562 1445 2755 1499 Sancta
2784 1459 2913 1499 vero
2952 1444 3190 1514 synodus
3226 1460 3383 1499 unam
3423 1455 3478 1499 et

1882 1550 2228 1589 communem
2262 1536 2586 1601 accusantis,
2620 1537 2663 1589 si
2692 1544 2869 1590 tamen
2898 1551 3023 1591 vere
3054 1536 3269 1601 dicitur,
3296 1552 3358 1590 ac
3384 1538 3478 1592 de-

1888 1624 2219 1682 fendentium
2266 1628 2557 1683 Diodorum
2589 1630 2609 1658 ³
2643 1627 3049 1695 lidemtcncns,
3080 1629 3203 1684 illos
3237 1644 3477 1699 sequen-

1888 1718 1986 1772 dos
2018 1719 2071 1773 in
2106 1733 2334 1788 persona
2368 1718 2638 1773 Theodori
2665 1718 2945 1789 judicavit,
2977 1734 3203 1787 quorum
3228 1730 3277 1774 et
3308 1722 3478 1788 major

190 1826 318 1878 qua:
357 1821 570 1865 nostras
600 1825 765 1880 super
804 1812 906 1867 hoc
934 1813 1141 1868 litteras
1179 1813 1416 1868 secundo
1453 1811 1564 1881 jam
1597 1814 1782 1868 tertio-
1815 1813 1860 1872 Β
1889 1811 1987 1866 fuit
2014 1812 2324 1875 auctoritas,
2348 1821 2402 1867 et
2424 1812 2512 1882 qui
2554 1826 2672 1866 cum
2698 1812 2792 1867 illo
2809 1811 3085 1881 degentes,
3107 1812 3357 1868 diuturna
3398 1813 3480 1868 fa-

190 1916 301 1968 que
341 1903 596 1971 Suscepit.
631 1921 649 1953 ι
697 1902 803 1958 Sed
849 1918 949 1958 nec
997 1902 1314 1975 Eutycbiani
1357 1904 1440 1959 vel
1484 1904 1787 1975 Semieuty-

192 1995 380 2050 chiani
449 1995 790 2051 dissimulent
853 1996 995 2067 quod
1054 1997 1269 2051 interim
1336 1996 1468 2050 nihil
1528 1996 1789 2052 adversus

194 2083 544 2140 Theodorum
584 2101 653 2139 ex
691 2087 909 2140 nomine
939 2086 1081 2141 beati
1110 2086 1332 2158 Cyrilii,
1370 2102 1531 2155 quem
1558 2086 1707 2156 sequi
1731 2101 1791 2141 se

193 2177 403 2242 dicunt,
437 2179 682 2245 proferre
713 2181 950 2249 potuerit
982 2180 1031 2233 in
1059 2194 1165 2249 quo
1205 2180 1454 2250 culpetur
1485 2180 1537 2232 in
1575 2179 1787 2232 duabus

194 2272 473 2327 Christum
518 2273 835 2339 prmdicasse
879 2272 1104 2327 naturis.
1147 2273 1277 2329 Sive
1316 2274 1461 2327 enim
1485 2287 1639 2337 vere,
1678 2272 1792 2326 sive

197 2364 340 2420 false
387 2365 732 2433 perhibeatur
783 2366 1102 2421 Theodorus
1143 2367 1211 2421 ab
1251 2382 1317 2422 eo
1355 2366 1600 2436 cnlpatus
1650 2367 1789 2435 quod

197 2452 337 2510 duos
378 2456 670 2511 crediderit
701 2457 861 2522 ﬁlios,
900 2458 1158 2512 hactenus
1190 2458 1371 2511 ﬁctum
1422 2474 1525 2512 non
1572 2468 1654 2512 est
1692 2458 1793 2513 hoc

197 2562 324 2601 eum
379 2548 795 2617 reprehendisse
851 2550 904 2603 in
958 2550 1116 2605 dictis
1170 2549 1481 2613 Theodori,
1533 2551 1785 2618 quoniam

198 2639 337 2694 duis
385 2641 694 2707 pnedicavit
747 2640 947 2697 Christi
997 2658 1116 2698 esse
1170 2651 1425 2708 naturas;
1473 2642 1615 2711 quod
1666 2658 1789 2697 cum

200 2733 528 2803 Eutycliiani
585 2736 908 2803 pra-dicasse
964 2752 1069 2792 non
1131 2744 1364 2805 negant,
1411 2750 1571 2804 quem
1625 2736 1785 2789 etiam

200 2824 336 2878 duas
359 2825 687 2881 mentiuntur
728 2839 942 2896 putasse
983 2842 1261 2897 personas.
1305 2827 1415 2881 Cur
1466 2827 1624 2895 igitur
1670 2842 1792 2880 eum

201 2920 395 2973 beatus
423 2918 654 2989 Cyrillus
674 2935 779 2973 non
812 2920 969 2974 simul
998 2919 1065 2974 de
1086 2919 1309 2973 duarum
1333 2932 1550 2987 quoque
1579 2927 1794 2971 natura—

201 3024 324 3062 rum
374 3009 752 3077 praedicatione
802 3011 1057 3079 culpavit,
1107 3011 1153 3065 si
1207 3010 1402 3065 hmresi
1452 3008 1787 3065 Nestoriana:

202 3099 568 3168 deputandum
601 3111 684 3156 est
713 3101 844 3155 duas
871 3102 1068 3157 Christi
1108 3101 1333 3157 credere
1367 3115 1429 3155 ac
1464 3099 1663 3156 docere
1695 3115 1790 3155 na-

1894 1902 2203 1957 miliaritate
2233 1903 2368 1957 bene
2397 1913 2758 1973 cognoverant
2787 1918 2889 1973 qua
2920 1902 3217 1958 intentione
3244 1906 3479 1973 scripse-

1892 1993 2045 2048 rit‘in
2091 1994 2287 2063 quibus
2337 1994 2625 2062 putabatur
2653 1993 2723 2047 ab
2752 1994 3122 2063 ignorantibus
3152 1997 3480 2065 arguendos.

1894 2084 2005 2139 lloc
2020 2085 2240 2153 justitia:
2265 2083 2619 2153 congruebat,
2639 2084 2742 2139 hoc
2763 2086 2924 2139 etiam
2950 2086 3158 2154 pietati,
3180 2103 3297 2156 qua:
3314 2104 3478 2156 quan-

1895 2186 2005 2230 tum
2032 2176 2168 2230 ratio
2200 2176 2397 2243 patitur
2426 2176 2587 2230 debet
2615 2176 2949 2231 excusatiuni
2997 2176 3165 2245 magis
3194 2193 3352 2247 quam
3386 2194 3481 2233 ac-

1893 2267 2155 2321 cusationi
2189 2266 2370 2322 favere
2400 2282 2663 2336 personaz.
2696 2267 2809 2322 Hoc
2837 2269 2999 2323 etiam
3030 2272 3358 2325 conveniens
3388 2271 3483 2326 fuit

1894 2359 2179 2413 assertioni
2212 2373 2353 2413 vera:
2382 2359 2525 2422 fidei,
2551 2373 2711 2427 quam
2736 2367 2922 2414 contra
2949 2358 3254 2414 Nestorium
3283 2369 3339 2415 et
3378 2361 3483 2415 Eu-

1898 2450 2110 2519 tycliem
2160 2449 2400 2520 synodus
2448 2450 2537 2503 illa
2570 2460 2904 2519 ευδυεριξι-ιιι,
2956 2467 3025 2506 ne
3076 2460 3168 2505 aut
3214 2451 3487 2507 diceretur

1896 2539 2171 2594 Nestorius
2195 2542 2389 2595 similia
2418 2542 2663 2608 sapuisse
2683 2542 2968 2598 Theodoro
2993 2557 3022 2596 a
3053 2545 3215 2597 tantis
3241 2544 3483 2599 l‘atribus

1902 2635 2212 2703 pra-dicato,
2243 2645 2333 2688 aut
2363 2650 2456 2703 per
2484 2635 2585 2689 hoc
2610 2632 2725 2703 ejus
2742 2636 2912 2690 errori
2933 2635 3151 2689 daretur
3171 2634 3487 2701 auctoritas,

1898 2734 1992 2779 aut
2042 2725 2520 2795 Apolinaristarum
2564 2726 2962 2795 progenitorum
3006 2727 3349 2797 Eutycliiana:
3392 2727 3485 2781 de-

1900 2818 2133 2880 mentizn,
2168 2818 2251 2872 vel
2301 2817 2468 2885 ipsius
2512 2818 2772 2888 Eutychis
2816 2820 2867 2872 in
2899 2818 3185 2873 Theodoro
3216 2820 3485 2873 videretur

1902 2920 2083 2964 secuta
2108 2910 2391 2979 judicium,
2432 2919 2490 2963 nt
2518 2911 2586 2964 de
2625 2910 2736 2978 ipsa
2783 2925 2995 2979 quoque
3024 2912 3319 2966 secundum
3364 2926 3487 2965 seu-

1904 3003 2119 3058 leuliattt
2148 3004 2289 3057 beati
2319 3002 2501 3074 Cyrilii
2535 3003 2729 3055 merito
2750 3002 3043 3072 diceretur,
3075 3004 3218 3072 quod
3249 3015 3489 3074 propter-

1903 3110 1963 3148 ea
1994 3109 2052 3149 se
2083 3095 2227 3147 circa
2245 3093 2612 3155 Theodorum,
2636 3094 2809 3147 virum
2840 3093 3210 3148 admirabilem
3242 3103 3298 3148 et
3320 3095 3486 3148 maxi~

202 3193 390 3247 turas?
438 3194 577 3260 Quin
624 3195 801 3262 potius
844 3193 967 3248 hinc
1012 3192 1445 3262 sapientissimus
1475 3192 1712 3248 Joannes
1740 3203 1794 3248 et
1824 3187 1866 3248 C
1906 3201 2045 3240 mani
2077 3185 2299 3254 gloriam
2330 3193 2643 3248 merentem,
2667 3184 2874 3239 infense
2896 3184 3137 3250 haberet,
3164 3194 3223 3239 ut
3250 3187 3489 3241 occasio-

204 3284 472 3339 orientale
505 3284 817 3349 concilium,
844 3284 1144 3340 scribentes
1171 3286 1347 3341 eidem
1383 3285 1542 3339 beato
1568 3284 1794 3355 Cyrillo,

206 3373 549 3429 Theodorum
581 3385 828 3445 purgant,
867 3375 1008 3445 quod
1034 3376 1292 3431 adversus
1328 3375 1612 3430 barreticos
1641 3385 1794 3429 natu-

208 3476 392 3518 rarum
439 3464 793 3533 proprietates
858 3465 1090 3533 amplius
1159 3464 1445 3529 dividens,
1515 3475 1795 3532 putaretur

211 3556 371 3609 etiam
416 3554 548 3609 duas
583 3553 783 3611 Christi
828 3557 1130 3612 asseruisse
1179 3572 1458 3626 personas.
1512 3560 1794 3624 Quomodo

210 3645 373 3713 igitur
410 3647 494 3699 vel
539 3647 828 3703 orientales
869 3648 1058 3703 Patres
1101 3664 1168 3702 ex
1211 3663 1277 3702 eo
1313 3648 1484 3717 magis
1530 3664 1794 3703 excusan-

209 3733 336 3787 dum
368 3735 709 3792 Theodorum
766 3752 795 3792 a
836 3738 1158 3794 Nestoriano
1196 3740 1424 3794 crimine
1470 3740 1796 3807 jndicarent,

210 3824 353 3892 quod
411 3834 718 3881 naturarum
770 3828 1126 3896 proiirietates
1156 3829 1384 3896 amplius
1435 3828 1720 3896 divideret,
1754 3832 1798 3885 si

212 3914 511 3971 Nestoriani
553 3926 638 3974 est
678 3918 920 3973 criminis
960 3920 1096 3973 duas
1132 3918 1335 3973 Christi
1384 3929 1604 3974 naturas
1649 3934 1803 3975 asse-

212 4008 369 4063 rere?
392 4009 472 4065 vel
499 4010 771 4080 quomodo
799 4011 913 4079 ipse
948 4025 1161 4081 quoque
1190 4011 1373 4066 beatus
1402 4009 1634 4082 Cyrillus
1684 4027 1793 4067 non

213 4100 435 4157 eosdem
487 4103 821 4161 orientales‘
858 4104 1150 4162 haereticos
1197 4118 1251 4159 et
1306 4105 1528 4159 nimium
1581 4107 1797 4171 stultos,

214 4192 305 4261 qni
334 4191 679 4250 Theodorum
727 4196 994 4251 incertum
1021 4199 1227 4252 crimen
1257 4198 1609 4252 sustinentem
1650 4207 1801 4253 certo

216 4281 440 4336 crimine
469 4282 759 4340 defendere
800 4285 1154 4340 nitebantur?
1197 4285 1505 4341 Prmsertim
1545 4287 1797 4357 quoniam

290 4415 304 4444 ⁸
334 4413 467 4469 Cod.
504 4415 729 4478 \'eron.,
749 4418 1004 4483 judicare!
1030 4416 1319 4471 orientales.

1419 4670 1757 4753 LIBER
1833 4667 2265 4752 NONUS.

737 4907 962 4963 CAPUT
1004 4907 1292 4966 PRIMUM.

216 5049 366 5120 Quod
393 5064 463 5123 ex
488 5049 691 5116 scriptis
726 5048 988 5123 Theodori
1016 5052 1256 5119 probetur
1300 5052 1469 5119 ipsum
1517 5054 1677 5123 fuisse
1723 5072 1810 5109 ra-

285 5120 540 5192 tirolicunt
560 5158 574 5180 ,
608 5129 655 5171 et
684 5122 835 5173 unius
863 5123 1047 5188 psalmi
1078 5138 1199 5176 κων
1232 5120 1548 5192 expositione
1567 5127 1809 5192 refellan-

284 5210 367 5247 tur
393 5191 570 5247 omnia
595 5206 707 5257 qua:
732 5202 911 5244 contra
938 5192 1049 5263 ejus
1081 5191 1367 5247 doctrinam
1390 5195 1590 5267 objecta
1614 5191 1751 5250 sum.

288 5350 680 5410 Promissionis
712 5366 1002 5417 memores,
1032 5355 1355 5423 competenti
1388 5357 1504 5411 loco
1528 5356 1640 5425 jam
1688 5370 1809 5425 pro.

212 5458 477 5513 ponamus
510 5447 525 5476 ¹
571 5441 636 5501 de
697 5441 968 5497 Theodori
1016 5446 1229 5513 scriptis
1278 5460 1383 5499 non
1426 5460 1615 5515 pauca,
1672 5445 1811 5499 sicut

220 5537 377 5590 tertio
406 5536 542 5591 libro
572 5551 636 5591 ex
672 5520 958 5588 occasione
1001 5535 1380 5591 convincenda:
1430 5537 1675 5593 falsitatis
1708 5536 1809 5591 ad-

216 5626 575 5681 versariorum
604 5629 857 5691 fecimus;
891 5624 983 5679 sed
1008 5627 1175 5683 multo
1201 5628 1370 5699 plura,
1389 5629 1581 5700 quibus
1603 5630 1813 5687 abunde

293 5739 312 5771 ⁸
339 5738 471 5795 Cod.
507 5740 725 5810 Verum,
763 5738 1104 5809 proferamus.

1907 3294 2026 3334 nem
2060 3280 2257 3333 faceret
2285 3278 2555 3333 contrario
2584 3278 2819 3347 dogmati
2861 3292 2968 3347 quo
3004 3280 3302 3344 tenebatur,
3337 3295 3488 3347 quze-

1906 3387 2030 3426 rens
2058 3369 2290 3440 capitula
2317 3371 2560 3439 qna-datu
2603 3368 2721 3439 ejus
2758 3384 2863 3423 non
2893 3385 2956 3422 ex
2990 3369 3300 3424 tueliuribus
3332 3371 3488 3424 intel-

1904 3464 2040 3517 lecta
2066 3462 2332 3517 damnari.
2365 3461 2570 3527 Quibus
2598 3462 2668 3515 ita
2704 3461 3008 3515 constitutis
3048 3472 3207 3530 atque
3242 3462 3489 3527 ﬁrmatis,

1902 3554 2043 3623 quod
2079 3567 2247 3623 nuper
2273 3568 2303 3606 a
2336 3552 2651 3622 quibusdam
2682 3553 3077 3607 condemnatus
3108 3562 3210 3618 ψει,
3236 3556 3487 3609 cohiben-

1913 3644 1997 3697 tite
2027 3658 2184 3713 quam
2216 3643 2457 3711 praebent
2490 3642 2859 3713 Eutycliianis,
2886 3652 2938 3696 ct
2960 3643 3331 3697 abominanda:
3359 3660 3492 3711 prac~

1909 3734 2197 3804 sumptioni
2227 3734 2391 3788 debet
2420 3733 2652 3797 ascribi;
2680 3745 2735 3787 ct
2781 3734 2898 3787 ideo
2944 3735 3084 3789 sicut
3132 3736 3228 3787 hos
3260 3744 3491 3789 temera-

1911 3826 2020 3879 rios
2047 3836 2232 3879 contra
2261 3833 2570 3879 sanctormn
2601 3823 2816 3877 Patrum
2853 3824 3217 3892 Ecclesimque
3244 3814 3489 3879 testimo1

1910 3918 2054 3971 nium
2085 3915 2389 3970 nullatenus
2411 3915 2711 3982 approbare
2736 3914 3015 3983 quisquam
3044 3917 3257 3985 sapiens
3294 3924 3491 3985 potest,

1911 4009 1981 4062 ita
2013 4022 2257 4075 magnam
2302 4005 2570 4076 synodum
2597 4005 3089 4060 Cbalcedonensem
3137 4021 3257 4061 cum
3302 4009 3491 4063 iisdem

1908 4100 2158 4156 Patribus
2186 4108 2242 4153 et
2275 4099 2517 4153 Ecclesia
2558 4100 2610 4154 in
2643 4114 2742 4168 qua
2774 4098 2816 4152 Τ
2823 4099 3088 4155 heodorus
3116 4101 3331 4165 mansit,
3384 4118 3493 4159 non

1908 4203 2084 4264 potest
2111 4194 2441 4262 improbare.

1986 4418 2009 4450 ²
2039 4418 2181 4473 Idem
2209 4416 2353 4484 cod.,
2381 4414 2664 4470 Diodorum
2690 4428 2737 4470 cl
2764 4416 3084 4471 Theodorum
3109 4418 3282 4487 ﬁdem.

2847 4568 3499 4586 —————-—_—.-‘

1838 4893 1893 4953 D
1920 4902 2255 4947 monstretur
2283 4901 2538 4962 quantum
2568 4891 2637 4947 ab
2663 4890 2728 4945 iis
2760 4906 2879 4962 qua:
2908 4891 2960 4947 in
2991 4892 3355 4962 prmjudicium
3386 4908 3501 4949 ma-

1913 5002 2033 5057 gna:
2062 4985 2253 5056 synodi
2297 4984 2754 5041 Chalcedonensis
2800 4985 2869 5041 de
2923 4986 3016 5041 illo
3071 4987 3298 5041 conﬁcta
3351 5000 3503 5057 sunt,

1913 5078 2075 5134 fuerit
2102 5078 2345 5133 alienus:
2374 5085 2429 5132 ut
2460 5079 2571 5147 jam
2623 5093 2729 5133 non
2771 5077 2987 5132 Patrum
3031 5077 3358 5143 testimonio,
3406 5081 3503 5136 sed

1916 5171 2047 5240 ipsis
2076 5170 2235 5225 rebus
2267 5169 2583 5225 ostendatur
2611 5168 2755 5239 quod
2784 5168 3194 5223 conturbatorcs
3224 5169 3501 5242 Ecclesim,

1916 5264 2007 5333 qui
2036 5264 2317 5334 epistolam
2349 5263 2669 5317 venerabilis
2701 5260 2805 5315 lbw
2831 5260 2898 5316 de
2922 5260 3165 5317 laudibus
3184 5263 3301 5333 ejus
3324 5264 3504 5324 Theo-

1920 5354 2036 5410 dori
2063 5357 2299 5425 culpmi,
2332 5370 2440 5409 non
2470 5354 2620 5423 quasi
2670 5355 2925 5409 latentem
2957 5352 3208 5410 invenire
3254 5371 3360 5411 non
3409 5372 3504 5427 po-

1922 5452 2142 5515 tuerint,
2173 5448 2267 5503 sed
2315 5444 2648 5501 manifestam
2680 5444 2863 5500 videre
2911 5445 3369 5502 dissimulaverint
3408 5463 3503 5503 ve-

1922 5542 2154 5597 ritatem.
2191 5540 2356 5610 Igitur
2387 5539 2485 5594 tria
2516 5546 2639 5593 sunt
2683 5536 2734 5591 in
2763 5537 2955 5607 quibus
2979 5539 3097 5607 ejus
3123 5537 3263 5592 dicta
3301 5539 3502 5595 catum-

1923 5633 2157 5699 niantur,
2215 5632 2352 5686 sicut
2404 5630 2510 5701 j'im
2541 5630 2801 5686 diximus.
2837 5627 3012 5685 Unum
3052 5639 3156 5697 est,
3185 5629 3327 5700 quod
3376 5645 3499 5689 cum
