3998 6194
548 274 653 333 759

1651 272 1939 329 FACUNDI
1984 268 2196 328 EPISC.
2242 272 2756 331 HERMIANENSIS
3650 288 3735 343 τίο

545 389 895 446 eriminantur
924 392 1156 457 unicam,
1202 389 1349 458 juxta
1386 385 1609 445 Sabellii
1659 387 2009 452 dementiam,
2042 386 2205 447 di-A
2232 400 2421 442 sancto
2464 388 2687 457 Spiritui
2739 383 3059 453 condignam
3109 385 3474 446 adoratiouem.
3523 391 3741 461 Quocirca

548 484 686 536 vium
713 482 989 538 Trinitatis
1019 481 1315 537 credidisse
1341 494 1648 549 personant.
1684 478 1958 545 Alterum,
1989 479 2129 548 quod

546 573 863 640 semetipsos
904 572 1246 628 destruentes
1292 570 1600 626 econtrario
1637 584 1823 624 rursus
1860 568 2137 624 afﬁrmant

544 664 686 731 quod
734 664 1144 732 quaternitatem
1177 662 1570 726 introduxerit,
1593 662 1729 716 duos
1760 661 1900 715 filios
1945 660 2137 728 pradi-

548 754 719 807 cando
744 763 792 821 ι,
829 754 879 808 id
911 764 993 811 est
1020 756 1177 811 aliam
1207 755 1301 810 Dei
1337 754 1497 811 Verbi
1523 764 1577 809 et
1606 754 1767 807 aliain
1796 751 1999 808 Christi
2044 767 2138 806 as-

548 845 777 901 serendo
803 861 1108 915 personam,
1124 849 1211 918 qui
1235 847 1397 904 homo
1422 856 1627 917 tantum
1651 846 1951 911 fuerit,non
1972 847 2134 899 etiam

551 935 710 1002 Deus,
741 938 880 992 sicut
908 947 1166 1007 putavere
1200 939 1392 993 Judaei.
1428 938 1665 994 Tertium
1716 952 1844 991 vero
1871 945 1974 1002 est,
1997 935 2138 1005 quod

550 1041 671 1080 eum
718 1026 903 1082 dicunt
956 1043 1257 1084 evacuassc
1312 1044 1502 1084 omnes
1557 1030 1611 1083 in
1665 1028 1933 1083 Christum
1975 1029 2140 1081 faetas

552 1115 892 1185 prOpbetias;
940 1118 1082 1187 quod
1130 1117 1545 1173 Manichaeorum
1599 1118 1800 1173 erroris
1844 1126 1947 1183 est,
2004 1131 2142 1185 quos

549 1207 794 1262 novimus
831 1208 1067 1263 Judaicze
1108 1210 1409 1265 intidelitati
1449 1209 1591 1265 male
1630 1208 1947 1264 contrarios.
2004 1207 2140 1261 Nam

549 1298 627 1352 illi
675 1314 873 1354 novum
924 1301 1274 1367 detestantes,
1328 1313 1485 1358 vetus
1532 1317 1590 1357 se
1621 1301 1810 1357 dicunt
1852 1300 2140 1370 accipere;

551 1389 637 1443 isti
669 1400 822 1445 vetus
846 1391 1201 1459 detestantes,
1225 1409 1421 1449 novum
1451 1408 1511 1449 se
1537 1393 1723 1448 dicunt
1768 1391 2011 1462 accipere
2036 1392 2141 1446 Te-

551 1490 894 1534 stamentum.
938 1484 1067 1547 Qum
1105 1485 1341 1552 quidem,
1376 1496 1430 1537 ut
1462 1494 1738 1539 ostensum
1784 1491 1889 1547 est,
1935 1483 2015 1537 sic
2052 1482 2146 1535 ab-

550 1569 710 1623 surda
753 1581 877 1626 sunt
923 1572 1133 1643 sibique
1164 1574 1456 1640 contraria,
1490 1586 1550 1629 ut
1580 1574 1757 1628 nullus
1800 1589 1865 1629 ea
1896 1573 2145 1629 refellere

553 1660 639 1715 v.-l
672 1662 951 1719 attendere
1000 1665 1331 1734 dignaretur.
1384 1664 1739 1733 Despicienda
1786 1666 1931 1720 enim
1976 1664 2145 1733 magis

551 1752 667 1803 time
716 1763 870 1807 erant
920 1764 975 1809 et
1021 1755 1235 1811 silentio
1265 1758 1678 1821 contemnenda,
1727 1754 1830 1809 nisi
1862 1764 2128 1810 tantorum
2167 1745 2211 1802 Β

551 1844 926 1914 episcoporum
954 1858 1136 1903 coacta
1160 1850 1479 1918 subscriptio
1505 1851 1658 1920 nugis
1680 1850 1877 1905 talibus
1906 1863 2003 1904 nos
2044 1864 2130 1903 re-

552 1934 819 2002 spondere
847 1939 1215 2007 compelleret.
1248 1940 1377 1994 Nam
1414 1940 1542 2011 quid
1580 1941 1703 1995 hinc
1729 1940 2135 1994 metueremus?

552 2043 620 2080 an
656 2027 795 2082 forte
823 2030 1151 2085 credendum
1183 2043 1267 2086 est
1297 2032 1439 2102 quod
1466 2033 1547 2087 his
1578 2032 1843 2097 ridiculis,
1873 2041 2059 2088 mutuo
2078 2047 2137 2086 se

552 2119 954 2178 destruentibus
995 2116 1213 2180 nemine
1244 2128 1257 2156 '
1290 2126 1585 2191 refellente,
1621 2126 1901 2198 quisquam
1931 2126 2017 2183 vel
2046 2141 2139 2195 pa-

552 2226 671 2264 rum
704 2211 956 2267 cordatus
984 2216 1251 2283 praeberet
1274 2215 1589 2271 assensum?
1636 2216 1918 2283 Quomodo
1956 2228 2135 2273 autem

552 2315 734 2373 posset
761 2307 1061 2364 evidentius
1102 2311 1353 2365 omnibus
1379 2325 1663 2380 apparere,
1695 2310 1881 2381 quales
1912 2310 2020 2365 sint
2047 2326 2137 2365 re-

551 2401 911 2466 prehensores
950 2402 1145 2471 synodi
1184 2402 1672 2466 Chalcedonensis,
1714 2403 1804 2471 qui
1852 2416 1909 2455 se
1943 2400 2138 2455 Joanni

552 2490 1168 2564 ConstantinOpolitano,
1204 2497 1463 2569 Gregorio
1486 2499 1841 2562 Nazianzeno,
1864 2495 2058 2553 Joanni
2086 2503 2141 2550 et

555 2585 762 2640 Domno
788 2589 1134 2644 Antiochenis
1164 2599 1324 2659 atque
1353 2590 1603 2645 orientali
1624 2589 1879 2654 concilio,
1904 2602 2004 2644 nec
2032 2603 2139 2642 non

552 2683 607 2728 et
660 2674 856 2730 Proclo
913 2678 1042 2733 item
1112 2678 1753 2749 Constantinopolitano,
1810 2689 1866 2734 et
1940 2678 2142 2749 Cyrillo

553 2762 918 2822 Alexandrino
964 2769 1222 2839 religione
1252 2778 1410 2841 atque
1440 2771 1665 2826 scientia
1697 2769 2012 2840 praeferunt,
2038 2770 2143 2825 nisi

554 2857 912 2925 probarentur
944 2871 998 2916 et
1027 2861 1188 2916 nimis
1232 2863 1533 2935 irreligioso
1573 2878 1756 2920 amare
1784 2862 2142 2925 mendacium.

555 2956 609 3000 et
641 2964 814 3019 neque
840 2950 940 3006 hoc
963 2952 1152 3007 saltem
1184 2953 1321 3009 scire
1350 2953 1621 3024 quomodo
1648 2953 2012 3010 mentiantur?
2039 2956 2141 3007 Ac-

553 3042 670 3110 cipe
727 3056 857 3098 vcro
899 3045 1033 3114 jam,
1084 3047 1430 3102 serenissime
1480 3047 1795 3116 imperator,
1833 3046 1963 3117 quid
2002 3045 2144 3100 idem

2238 490 2345 532 tres
2386 480 2699 533 Theodorus
2752 477 2983 533 credidit
3030 485 3085 529 et
3136 475 3309 530 docuit
3355 493 3465 534 esse
3507 497 3739 553 personas,

2237 573 2399 625 alium
2446 573 2633 626 dicens
2680 572 2914 634 Patrem,
2949 568 3106 637 cujus
3137 569 3205 621 sit
3234 569 3367 623 filius
3392 586 3535 641 quem
3578 582 3747 636 vocavit

2240 663 2606 733 Uuigenitum,
2629 671 2683 719 et
2711 664 2874 718 alium
2906 662 3166 729 Spiritum
3206 673 3435 717 sanctum
3461 668 3501 732 ²,
3527 670 3600 723 cui
3642 686 3746 727 con.

2238 757 2475 825 dignam,
2504 754 2555 810 id
2581 764 2663 809 est
2694 755 2857 809 talem
2912 751 3123 822 qualem
3164 751 3320 806 etiam
3364 753 3508 822 Filio,
3530 758 3751 817 adoratio—

2247 862 2371 902 nem
2395 846 2685 901 exhibeant
2704 848 2793 917 qui
2824 844 3036 914 pietatis
3065 854 3224 914 atque
3254 845 3454 901 virtutis
3476 849 3751 920 diligentiam

2243 938 2443 992 habere
2497 938 2767 993 festinant.
2827 937 2936 993 Sed
2995 950 3169 1004 neque
3220 934 3491 992 Christum
3530 940 3753 1002 hominem

2243 1029 2613 1084 tantummodo
2644 1027 2980 1098 praedicavit,
3011 1026 3164 1096 cujus
3196 1027 3438 1093 operibus
3472 1030 3589 1085 nihil
3620 1036 3758 1104 majus

2242 1136 2363 1177 esse
2393 1121 2659 1190 perhibet,
2699 1118 2963 1175 confitens
2993 1132 3116 1173 eum
3159 1117 3327 1171 Deum
3363 1120 3709 1192 universorum,
3735 1144 3758 1180 ιι

2242 1228 2350 1282 quo
2368 1220 2510 1265 tanta
2542 1211 2726 1268 mundi
2762 1210 3113 1265 commutatio
3155 1207 3288 1262 facta
3328 1210 3417 1263 sit.
3443 1210 3579 1278 Quod
3618 1225 3759 1271 autem

2245 1318 2344 1359 nec
2371 1312 2595 1358 evacuet
2641 1315 2831 1357 omnes
2870 1303 2922 1355 in
2970 1301 3244 1358 Christum
3287 1304 3448 1360 factas
3487 1309 3761 1379 prophetias,

2246 1396 2421 1465 palam
2452 1404 2559 1461 est,
2600 1395 2722 1464 quia
2773 1408 2962 1448 rursus
3014 1394 3065 1448 in
3103 1394 3345 1463 ejusdem
3373 1397 3550 1463 psalmi
3596 1403 3766 1469 exposi-

2247 1489 2391 1543 tione
2438 1488 2574 1543 dixit
2617 1502 2632 1539 :
2689 1505 2707 1537 ι
2738 1485 3003 1552 Quoniam
3042 1486 3263 1555 quidem
3325 1488 3467 1558 prius
3514 1489 3582 1544 ait
3620 1507 3761 1561 regna,

2246 1590 2432 1653 postea
2446 1590 2624 1637 autem
2644 1588 2972 1636 memoratus
2992 1589 3074 1634 est
3097 1580 3430 1636 inimicorum
3452 1584 3763 1651 perditionem,

2248 1684 2304 1730 et
2348 1674 2680 1743 reliquorum
2733 1670 3127 1741 subiectionem
3153 1712 3170 1738 ,
3219 1689 3287 1728 ne
3323 1673 3508 1743 aliquis
3553 1675 3768 1730 existimet

2243 1780 2415 1836 nuper
2442 1767 2492 1820 ei
2522 1763 2819 1820 accessisse
2850 1777 3095 1833 regnum,
3126 1764 3215 1819 vel
3245 1775 3388 1821 certe
3416 1781 3562 1836 posse
3583 1782 3683 1823 eum
3702 1770 3771 1821 de-

2244 1874 2351 1913 nuo
2382 1855 2579 1924 privari
2603 1854 2789 1911 eadem
2816 1862 3109 1924 potestate.
3144 1855 3274 1910 Post
3306 1856 3417 1911 hzec
3444 1857 3621 1912 infert:
3648 1859 3772 1915 Sedet

2241 1959 2350 2012 tua,
2384 1948 2544 2016 Deus,
2576 1948 2630 2000 in
2658 1947 2904 2001 sarculum
2935 1946 3118 2000 «nouli
3150 1946 3346 2020 (Ibid.,
3370 1950 3449 2017 7),
3476 1951 3568 2006 hoc
3584 1961 3655 2006 est
3677 1968 3773 2007 con—

2241 2052 2532 2112 sequenter
2606 2038 2821 2109 quidem
2898 2037 3282 2095 interimentur
3349 2042 3575 2105 inimici,
3627 2044 3775 2115 reliqui

2240 2147 2371 2187 vero
2398 2145 2587 2185 omnes
2617 2129 2990 2197 subjicientur.
3016 2130 3290 2197 Quoniam
3321 2132 3527 2201 quidem
3555 2150 3646 2189 non
3682 2136 3777 2189 sub-

2244 2225 2610 2280 intromissum
2669 2222 2840 2277 habes
2905 2238 3127 2292 regnum
3157 2264 3175 2287 ,
3229 2224 3324 2279 sed
3395 2240 3458 2279 ex
3511 2226 3778 2295 sempiterno

2246 2317 2487 2373 omnium
2517 2329 2732 2386 regnas,
2762 2323 2815 2368 et
2846 2312 2897 2367 in
2951 2324 3213 2369 mternum
3258 2330 3469 2385 regnas,
3511 2326 3559 2371 et
3603 2331 3777 2386 regnum

2244 2420 2391 2464 tnum
2423 2414 2604 2463 manet
2630 2406 2682 2460 in
2723 2412 3003 2460 :eternum.
3039 2405 3165 2460 Haec
3194 2405 3368 2462 Judaai
3400 2415 3458 2461 ut
3484 2406 3670 2462 fabulas
3692 2408 3780 2459 ina-

2245 2518 2339 2557 nes
2385 2498 2706 2568 intelligunt,
2750 2497 3115 2552 existimantes
3162 2497 3237 2551 de
3279 2498 3489 2552 homine
3514 2512 3624 2568 rege
3646 2498 3784 2552 dicta.

2243 2593 2340 2648 Cui
2368 2590 2509 2647 enim
2544 2590 2815 2644 hominum
2843 2596 3046 2642 tantum
3078 2589 3184 2643 hoc
3217 2590 3424 2660 insigne
3452 2591 3695 2652 virtutum,
3715 2595 3785 2641 aut

2246 2684 2433 2738 talium
2463 2679 2772 2749 magnitudo
2815 2678 3121 2731 dictorum?
3170 2679 3262 2733 cui
3291 2694 3417 2733 vero
3459 2681 3726 2745 conveniet,
3748 2688 3785 2731 et

2245 2776 2462 2829 deducet
2495 2786 2542 2829 te
2571 2772 2868 2825 mirabiliter
2911 2771 3121 2825 dextera
3166 2781 3261 2825 tua
3311 2771 3495 2842 (Ibid.,
3518 2772 3568 2842 5)
3601 2770 3787 2825 idivina

2245 2870 2522 2941 Scriptura
2559 2868 2629 2923 de
2672 2869 2923 2923 omnibus
2969 2869 3131 2939 justis
3186 2885 3400 2939 semper
3449 2869 3514 2923 ita
3558 2869 3783 2938 loquente,

2245 2964 2371 3033 quia
2399 2980 2463 3019 ex
2509 2962 2694 3018 divino
2722 2963 2991 3033 adjutorio
3020 2964 3276 3019 virtu'em
3320 2962 3629 3035 possideant.
3655 2961 3791 3015 Mani-

2251 3055 2444 3109 festum
2476 3062 2652 3108 autem
2687 3054 2775 3108 hic
2800 3063 2854 3108 et
2893 3053 3021 3108 illud
3067 3062 3173 3118 est,
3223 3054 3351 3125 quia
3403 3069 3504 3109 non
3548 3052 3608 3107 de
3647 3052 3791 3120 aliquo

555 3132 872 3193 Theodorus
902 3139 969 3192 de
996 3140 1405 3210 quadragesimo
1429 3150 1484 3194 et
1518 3149 1714 3210 quarto
1737 3140 1942 3209 psalmo
1963 3138 2149 3207 dispu-
2178 3130 2222 3190 C
2257 3146 2420 3215 impio
2448 3146 2693 3214 loquatur
2724 3146 2775 3199 in
2807 3145 3017 3215 propria
3048 3146 3253 3200 νῑτιυιε
3306 3144 3521 3201 ﬁdente.
3567 3144 3636 3198 Ad
3671 3157 3794 3211 quem

556 3236 673 3282 tans
701 3229 845 3284 dicat
876 3248 889 3284 :
927 3249 945 3282 ι
975 3232 1113 3298 Quid
1154 3231 1333 3302 itaque
1378 3234 1681 3289 invenietur
1710 3233 1881 3302 majus
1911 3232 1993 3286 his
2023 3248 2142 3301 qua:

555 3337 582 3373 a
621 3324 832 3378 Christo
879 3328 1016 3381 facta
1043 3338 1170 3383 sunt
1208 3329 1262 3382 in
1309 3339 1452 3384 tanta
1496 3329 1680 3385 mundi
1726 3332 2143 3386 commutatione

556 3416 805 3470 omnibus
830 3420 1265 3487 agnoscentibus,
1293 3421 1459 3477 Deum
1497 3423 1867 3478 universorum
1894 3432 1948 3478 et
1974 3425 2142 3491 pieta-

557 3502 624 3555 tis
665 3513 828 3573 atque
886 3507 1101 3563 virtutis
1143 3509 1471 3578 diligentiam
1511 3512 1712 3567 habere
1750 3511 2137 3579 festinantium,

557 3601 611 3645 et
633 3593 1046 3662 glorificantium
1098 3598 1315 3668 quidem
1363 3600 1456 3654 Dei
1487 3600 1850 3671 llnigenitum,
1880 3601 2145 3655 exhiben-

557 3683 686 3738 tium
721 3701 849 3740 vero
878 3696 1064 3742 sancto
1100 3688 1325 3757 Spiritui
1369 3692 1688 3760 condignam
1731 3693 2139 3747 adorationum:

557 3794 654 3850 pro
694 3781 887 3850 quibus
936 3783 1120 3837 beatus
1174 3784 1337 3840 David
1388 3788 1498 3840 ait:
1531 3786 1798 3841 Eructuvit
1842 3802 1931 3840 cor
1976 3803 2146 3841 meum

558 3873 761 3928 uerbum
789 3875 975 3927 bonum
997 3875 1169 3946 (Psal.
1206 3893 1348 3944 auv,
1374 3878 1465 3948 1)?
1487 3897 1507 3930 ι
1539 3880 1724 3934 Cernit
1755 3880 1842 3934 hic
1864 3888 1951 3934 tua
1976 3880 2146 3947 pietas

559 3980 748 4020 euntes
777 3965 941 4021 simul
962 3965 1338 4023 hmreticorum
1368 3968 1663 4024 calumnias
1685 3983 1807 4025 esse
1823 3971 2141 4025 destructas.

558 4054 689 4109 Nam
722 4055 843 4126 quis
870 4070 1028 4110 unam
1060 4056 1235 4111 Patris
1264 4067 1316 4113 et
1344 4058 1465 4114 Filii
1495 4070 1548 4114 et
1579 4061 1809 4128 Spiritus
1833 4062 2003 4115 sancti
2029 4076 2147 4115 ere.-

559 4146 691 4200 deus
722 4162 842 4203 esse
869 4162 1178 4217 personam,
1206 4148 1413 4205 diceret
1438 4152 1579 4221 quod
1612 4153 1827 4221 pietatis
1851 4161 2014 4223 atque
2041 4155 2148 4209 vir-

562 4240 691 4292 tutis
744 4239 1075 4309 diligentiam
1123 4241 1442 4298 festinantes
1485 4243 1685 4300 habere
1734 4246 1813 4300 sic
1848 4245 2150 4316 glorificent

566 4329 905 4400 Unigenitum
940 4332 1056 4399 Dei,
1100 4344 1158 4388 ut
1189 4334 1345 4389 simul
1389 4336 1551 4390 etiam
1579 4336 1903 4406 condignam
1951 4339 2146 4395 adora-

567 4423 768 4477 tionem
811 4424 1105 4480 exhibeant
1158 4426 1382 4496 Spiritui
1430 4431 1660 4485 sancto?
1707 4429 1763 4487 Si
1800 4432 1941 4487 enim
1972 4422 2144 4502 ipsum

2250 3239 2431 3307 itaque
2459 3238 2733 3292 hominum
2764 3238 2987 3307 loquens
3019 3235 3207 3303 infert,
3242 3237 3404 3294 Sedes
3450 3246 3552 3302 tua,
3599 3235 3729 3296 Deus,
3756 3232 3794 3283 in

2250 3328 2493 3385 sreculum
2521 3329 2739 3382 siccati?
2782 3328 2837 3381 Si
2877 3338 3052 3382 autem
3097 3327 3168 3382 de
3215 3344 3345 3398 rege
3374 3328 3481 3382 Deo
3508 3327 3642 3389 dicit,
3666 3323 3798 3378 niani-

2250 3424 2446 3476 festum
2475 3421 2732 3487 quoniam
2774 3431 2827 3474 et
2859 3420 2926 3473 de
2953 3421 3135 3489 regina
3168 3435 3282 3474 non
3328 3420 3567 3481 muliere,
3604 3416 3683 3471 sed
3720 3417 3796 3468 i'c-

2249 3514 2437 3577 etesia,
2488 3528 2645 3582 quam
2699 3512 2946 3565 Christus
2992 3512 3094 3565 sibi
3129 3527 3234 3579 per
3286 3513 3444 3567 fidem
3493 3507 3797 3578 desponsavit.

2253 3620 2348 3671 per
2375 3601 2625 3657 affectum
2651 3601 2842 3657 anima)
2872 3601 3078 3655 scilicet
3106 3602 3215 3657 sibi
3244 3600 3589 3672 jungendum.
3633 3599 3797 3652 Etenim

2253 3694 2416 3749 moris
2457 3704 2541 3748 est
2590 3694 2887 3762 Scriptura:
2933 3693 3154 3758 divinas,
3188 3709 3289 3749 eos
3340 3694 3429 3762 qui
3460 3708 3549 3762 per
3574 3687 3804 3746 scientiam

2251 3786 2613 3855 adjunguntur
2634 3785 2765 3850 Deo,
2782 3782 3066 3853 coniugem
3096 3782 3224 3851 ejus
3241 3797 3466 3851 vocare,
3481 3782 3545 3835 ad
3561 3778 3802 3835 ostenden-

2250 3878 2373 3931 dam
2405 3890 2591 3931 eorum
2618 3890 2743 3929 cum
2784 3875 2893 3928 Deo
2941 3874 3314 3941 plenissimam
3370 3872 3735 3943 copulationem
3767 3875 3809 3921 ct

2254 3972 2536 4027 unitatem.
2567 3989 2585 4021 ι
2615 3969 2682 4023 Ει
2715 3969 2870 4036 paulo
2898 3978 3047 4037 post:
3071 3986 3091 4021 ι
3116 3969 3278 4024 Sicut
3298 3979 3353 4023 et
3374 3968 3602 4023 Joannes
3621 3963 3809 4033 Baptista

2257 4065 2426 4119 dicit:
2464 4062 2563 4128 Qui
2592 4060 2742 4115 habet
2765 4077 3006 4128 sponsam
3035 4076 3263 4127 sponsus
3291 4073 3369 4117 est
3410 4060 3584 4132 (Joan.
3613 4073 3685 4127 tu,
3718 4052 3810 4122 99).

2251 4155 2512 4222 Quoniam
2546 4153 2709 4222 igitur
2731 4166 2948 4222 semper
2977 4152 3069 4206 Dei
3094 4153 3301 4221 conqu
3343 4153 3537 4208 dicitur
3566 4161 3812 4218 congrega-

2253 4247 2329 4300 tio
2357 4245 2631 4298 hominum
2660 4242 2749 4311 qui
2781 4244 2830 4296 ei
2864 4256 2958 4309 per
2984 4244 3276 4296 scientiam
3301 4242 3639 4309 copulantur,
3668 4250 3811 4307 regem

2250 4348 2426 4393 autem
2451 4336 2719 4390 Christum
2765 4333 3148 4390 convenienter
3193 4336 3528 4406 appellavit:
3561 4329 3816 4389 necessario

2251 4445 2379 4499 ergo
2407 4437 2487 4485 est
2516 4426 2721 4497 regina,
2751 4440 2870 4495 quae
2898 4426 3041 4494 regia
3076 4441 3218 4480 uxor
3247 4435 3356 4491 est,
3379 4442 3487 4482 non
3514 4426 3612 4479 alia
3640 4436 3817 4494 promo-

564 4530 685 4570 esse
710 4516 956 4573 crederet
986 4517 1081 4574 Dei
1129 4519 1493 4591 Uuigenitum,
1540 4538 1700 4593 quem
1723 4522 1979 4592 Spiritum
2016 4539 2146 4580 san-
2177 4538 2229 4597 ι)
2252 4521 2397 4573 tione
2426 4519 2569 4572 circa
2600 4516 2687 4570 illa
2737 4514 3080 4584 procedente,
3125 4530 3297 4585 quam
3338 4532 3402 4571 ea
3454 4532 3610 4588 quam
3641 4514 3701 4569 de
3745 4513 3819 4563 liti

559 4618 740 4671 ctum,
774 4607 1053 4675 suffecerat
1090 4611 1315 4677 dixisse,
1349 4613 1758 4683 glorificantium
1804 4614 2019 4684 quidem
2062 4616 2154 4670 Dei

565 4700 923 4771 Uuigenitum,
954 4717 1053 4757 nec
1082 4714 1197 4757 erat
1225 4718 1362 4773 Opus
1390 4706 1591 4770 dicere,
1616 4706 1987 4761 exhibentiuin
2024 4723 2152 4762 vero

635 4848 660 4876 ἰ
688 4839 801 4893 lioc
830 4838 1155 4907 prmcipuum
1198 4838 1294 4893 fuit
1322 4848 1483 4907 caput
1508 4839 1891 4895 Theodorianae
1926 4855 2155 4895 accusa-

567 4911 728 4964 tionis
758 4926 772 4962 :
799 4909 937 4977 quod
967 4908 1049 4963 his
1077 4908 1253 4963 verbis
1276 4908 1540 4977 designat,
1568 4920 1617 4964 et
1641 4912 1982 4964 anathemate
2005 4911 2155 4964 dam-

564 4990 654 5034 nat
677 4981 1006 5055 Justitiianus
1031 4983 1083 5033 in
1108 4980 1324 5055 edicto:
1353 4981 1413 5037 εἴ
1433 5002 1511 5055 τιέ
1536 4981 2151 5055 ἀντιποιεῖταιθιοδώρου

563 5059 652 5105 τοῦ
683 5052 1055 5123 Μοψᾳνεστὶας.
1078 5056 1167 5106 τοῦ
1194 5051 1424 5112 εἰπόντος
1455 5050 1599 5106 ἄλλον
1626 5050 1751 5123 εἶναι
1780 5056 1864 5107 τὸν
1895 5055 2016 5107 Θεὸν
2050 5050 2151 5105 λό-

559 5144 666 5193 γον,
699 5120 779 5177 καῖ
805 5120 946 5195 ἄλλον
967 5123 1333 5195 τὸν-Χριᾳτόνι
1368 5124 1593 5195 ἀνᾴγθεμα
1638 5122 1669 5177 ἶ
1672 5144 1801 5177 στω.
1831 5124 2150 5195 Theodorus

562 5192 689 5246 sane
737 5194 1014 5262 presbyter
1061 5192 1391 5259 itaitbensis,
1426 5192 1856 5261 Mopsuestenum
1910 5192 2067 5247 docet
2096 5199 2145 5245 in

565 5264 663 5317 hac
720 5264 908 5315 haeres:
958 5264 1141 5326 fuisse,
1193 5274 1246 5316 ut
1298 5264 1569 5318 Christum
1618 5263 1821 5317 diceret
1876 5262 2143 5316 hominem

564 5347 727 5386 unum
749 5332 817 5385 de
841 5332 1040 5396 multis,
1069 5334 1159 5397 qui
1207 5334 1539 5388 inhabitants
1587 5334 1638 5388 in
1683 5348 1748 5388 eo
1778 5334 1887 5387 κατ’
1916 5332 2145 5388 εὐδοκίαν

567 5403 658 5457 [)ei
694 5401 862 5455 Verbo
884 5405 1045 5462 suae;
1074 5405 1216 5467 ἀξίας
1248 5405 1515 5473 particeps
1538 5404 1706 5458 factus
1733 5405 1823 5458 sit.
1859 5404 2000 5457 Duas
2025 5421 2145 5471 pro-

565 5474 687 5526 inde
719 5474 858 5526 ineo
889 5484 1109 5526 naturas
1141 5474 1303 5528 fuisse
1332 5475 1611 5539 discretas,
1644 5483 1804 5542 atque
1836 5474 2145 5528 habitudine

564 5544 677 5597 sola
710 5544 845 5597 inter
866 5556 924 5597 sc
944 5546 1270 5611 eonjunctas.
1302 5548 1398 5599 Δύο
1420 5543 1616 5616 φύσεις,
1652 5545 1839 5614 inquit,
1870 5544 2143 5622 ἱδιοπεριο-

638 5658 655 5688 ¹
686 5656 813 5711 Cod.
843 5655 1064 5722 Veron"
1097 5658 1248 5712 etiam
1275 5661 1474 5713 nemine

2262 4614 2517 4684 dignitate
2583 4608 2965 4665 communicat.
3035 4607 3460 4680 Consequentur
3525 4624 3648 4679 ergo
3710 4606 3819 4675 regi-

2267 4722 2386 4758 nam
2443 4712 2600 4757 vocat
2662 4701 3001 4764 Ecelesiam,
3068 4703 3378 4757 ostendens
3437 4712 3681 4773 quantam
3733 4714 3823 4751 sor.

2259 4843 2468 4911 ρᾷστιυς
2496 4841 2644 4909 φησὶν
2696 4836 2868 4892 εἰδέναι
2890 4839 2945 4911 ἐν
2973 4845 3202 4910 Χριστῷ,
3228 4840 3452 4911 ,σχέσει
3479 4860 3572 4911 {ut
3596 4840 3675 4892 καὶ
3706 4837 3823 4908 μῖξαν

2260 4907 2851 4980 ἀλλήλαις-ᾠκειωμένας.
2881 4907 3031 4973 Quod
3062 4915 3176 4960 erat
3206 4907 3349 4961 duas
3388 4910 3441 4962 in
3476 4907 3822 4980 Chri5toualu-

2260 4995 2346 5033 ras
2375 4978 2558 5042 verbo,
2611 4978 2843 5032 re'duas
2886 4992 3140 5045 personas
3172 4981 3448 5045 protiteri.
3500 4981 3565 5032 Et
3602 4978 3714 5047 quia
3745 4984 3824 5023 hoc

2260 5050 2431 5118 ipsum
2464 5058 2645 5117 postea
2679 5050 2774 5102 fuit
2826 5049 3015 5116 dogma
3048 5048 3315 5118 Nestorii,
3370 5050 3496 5104 ideo
3524 5048 3824 5118 Theodorum

2263 5116 2417 5193 vocat
2464 5116 2716 5193 ὴρόγονοεί
2749 5120 3034 5193 Νεστρειου.
3082 5117 3209 5193 Haec
3240 5136 3412 5193 porro
3460 5128 3618 5189 atque
3644 5119 3734 5193 alia
3763 5116 3826 5165 his

2257 5191 2436 5244 aftinia
2470 5187 2660 5257 placita
2693 5188 2855 5243 fuis-e
2884 5190 3176 5261 Theodori,
3213 5191 3510 5244 confirmat
3536 5187 3759 5261 synodus
3783 5198 3826 5243 ν.

2257 5264 2467 5315 actione
2499 5263 2552 5323 2i,
2586 5272 2695 5313 tum
2726 5276 2790 5314 ex
2846 5261 3010 5313 variis
3040 5260 3308 5313 librorum
3343 5262 3512 5328 ipsius
3562 5260 3827 5328 locisptuin

2255 5346 2322 5385 ex
2351 5332 2533 5401 Cyrilli
2556 5330 2887 5402 aliorumque
2917 5329 3253 5384 testimonio.
3288 5327 3665 5385 At'Faeundus
3684 5327 3825 5402 Theo-

2257 5397 2445 5456 doruin
2470 5409 2545 5456 sic
2569 5399 2826 5464 defendit,
2859 5410 2917 5453 ut
2952 5410 3150 5453 rectam
3179 5409 3381 5454 contra
3413 5402 3572 5455 fidem
3597 5402 3644 5453 in
3674 5397 3828 5452 multis

2255 5472 2372 5541 ejus
2397 5473 2545 5527 libris
2576 5472 2859 5525 osmndt-re
2891 5470 3131 5535 studeat;
3163 5481 3223 5524 et
3253 5471 3302 5524 si
3333 5470 3460 5540 quid
3496 5486 3651 5526 secus
3688 5472 3827 5541 inter-

2255 5538 2379 5597 dum
2414 5543 2634 5607 excidit,
2669 5544 2947 5611 benignius
2970 5538 3450 5610 interpretandum
3478 5538 3769 5597 contendat.

636 5730 656 5760 ¹
683 5730 821 5784 idem
849 5729 993 5794 cod.,
1037 5739 1086 5783 et
1114 5729 1275 5784 alium
1303 5727 1497 5785 Filium
1527 5732 1690 5794 ipsum
1730 5733 2068 5801 unigenitum,
2094 5740 2139 5785 et
2161 5731 2319 5785 alium
2353 5729 2603 5797 Spiritum
2633 5736 2908 5793 sanctum,
