  <div class='ocr_page' id='page_1' title='image "/cluster/home/n/w/nwhite01/storage/ocr_20150623/67/hvd.32044073505273/378.png"; bbox 0 0 3962 6196; ppageno 0'>
   <div class='ocr_carea' id='block_1_1' title="bbox 184 292 292 349">
    <p class='ocr_par' dir='ltr' id='par_1_1' title="bbox 184 292 292 349">
     <span class='ocr_line' id='line_1_1' title="bbox 184 292 292 349; baseline -0.037 0"><span class='ocrx_word' id='word_1_1' title='bbox 184 292 292 349; x_wconf 65' lang='grc'><strong>,741</strong></span> 
     </span>
    </p>
   </div>
   <div class='ocr_carea' id='block_1_2' title="bbox 1055 286 2553 350">
    <p class='ocr_par' dir='ltr' id='par_1_2' title="bbox 1055 286 2553 350">
     <span class='ocr_line' id='line_1_2' title="bbox 1055 286 2553 350; baseline -0.005 0"><span class='ocrx_word' id='word_1_2' title='bbox 1055 292 1188 350; x_wconf 73' lang='grc' dir='ltr'><strong>Ρῐὶῡ</strong></span> <span class='ocrx_word' id='word_1_3' title='bbox 1226 290 1658 349; x_wconf 72' lang='lat' dir='ltr'><strong>DEFENSIONE</strong></span> <span class='ocrx_word' id='word_1_4' title='bbox 1691 287 1902 345; x_wconf 73' lang='lat' dir='ltr'><strong>TRIUM</strong></span> <span class='ocrx_word' id='word_1_5' title='bbox 1942 286 2257 342; x_wconf 74' lang='lat' dir='ltr'><strong>CAPITUL.</strong></span> <span class='ocrx_word' id='word_1_6' title='bbox 2300 286 2426 342; x_wconf 79' lang='lat' dir='ltr'><strong>LIB.</strong></span> <span class='ocrx_word' id='word_1_7' title='bbox 2463 287 2553 344; x_wconf 77' lang='lat' dir='ltr'><strong>iX.</strong></span> 
     </span>
    </p>
   </div>
   <div class='ocr_carea' id='block_1_3' title="bbox 3362 294 3464 350">
    <p class='ocr_par' dir='ltr' id='par_1_3' title="bbox 3362 294 3464 350">
     <span class='ocr_line' id='line_1_3' title="bbox 3362 294 3464 350; baseline 0 -1"><span class='ocrx_word' id='word_1_8' title='bbox 3362 294 3464 350; x_wconf 65' lang='grc'><strong>749.</strong></span> 
     </span>
    </p>
   </div>
   <div class='ocr_carea' id='block_1_4' title="bbox 180 401 3461 478">
    <p class='ocr_par' dir='ltr' id='par_1_4' title="bbox 180 401 3461 478">
     <span class='ocr_line' id='line_1_4' title="bbox 180 401 3461 478; baseline 0 -17"><span class='ocrx_word' id='word_1_9' title='bbox 180 409 290 464; x_wconf 89' lang='lat' dir='ltr'><strong>.tita</strong></span> <span class='ocrx_word' id='word_1_10' title='bbox 337 406 409 461; x_wconf 89' lang='lat' dir='ltr'><strong>sit</strong></span> <span class='ocrx_word' id='word_1_11' title='bbox 466 420 532 461; x_wconf 82' lang='lat' dir='ltr'><strong>ex</strong></span> <span class='ocrx_word' id='word_1_12' title='bbox 603 406 797 463; x_wconf 91' lang='lat' dir='ltr'><strong>Christi</strong></span> <span class='ocrx_word' id='word_1_13' title='bbox 864 406 1186 463; x_wconf 87' lang='lat' dir='ltr'><strong>adunatione</strong></span> <span class='ocrx_word' id='word_1_14' title='bbox 1249 408 1561 478; x_wconf 84' lang='lat' dir='ltr'><strong>dignitatem</strong></span> <span class='ocrx_word' id='word_1_15' title='bbox 1588 449 1602 472; x_wconf 91' lang='lat'><strong>,</strong></span> <span class='ocrx_word' id='word_1_16' title='bbox 1658 422 1777 475; x_wconf 81' lang='lat' dir='ltr'><strong>quae</strong></span> <span class='ocrx_word' id='word_1_17' title='bbox 1808 418 1851 473; x_wconf 73' lang='grc' dir='ltr'>Α</span> <span class='ocrx_word' id='word_1_18' title='bbox 1886 402 2260 470; x_wconf 75' lang='lat' dir='ltr'><strong>terpretatione</strong></span> <span class='ocrx_word' id='word_1_19' title='bbox 2292 417 2386 471; x_wconf 89' lang='lat' dir='ltr'><strong>pro</strong></span> <span class='ocrx_word' id='word_1_20' title='bbox 2418 402 2637 457; x_wconf 82' lang='lat' dir='ltr'><strong>istorum</strong></span> <span class='ocrx_word' id='word_1_21' title='bbox 2667 401 2946 458; x_wconf 77' lang='lat' dir='ltr'><strong>calumniis</strong></span> <span class='ocrx_word' id='word_1_22' title='bbox 2990 403 3208 459; x_wconf 81' lang='lat' dir='ltr'><strong>forsitan</strong></span> <span class='ocrx_word' id='word_1_23' title='bbox 3261 406 3461 464; x_wconf 80' lang='lat' dir='ltr'><strong>videre~</strong></span> 
     </span>
    </p>
   </div>
   <div class='ocr_carea' id='block_1_5' title="bbox 201 496 1778 566">
    <p class='ocr_par' dir='ltr' id='par_1_5' title="bbox 201 496 1778 566">
     <span class='ocr_line' id='line_1_5' title="bbox 201 496 1778 566; baseline -0.003 -12"><span class='ocrx_word' id='word_1_24' title='bbox 201 500 245 555; x_wconf 84' lang='lat' dir='ltr'><strong>ei</strong></span> <span class='ocrx_word' id='word_1_25' title='bbox 305 497 531 552; x_wconf 88' lang='lat' dir='ltr'><strong>accessit</strong></span> <span class='ocrx_word' id='word_1_26' title='bbox 607 511 672 552; x_wconf 87' lang='lat' dir='ltr'><strong>ex</strong></span> <span class='ocrx_word' id='word_1_27' title='bbox 743 496 867 553; x_wconf 81' lang='lat' dir='ltr'><strong>ﬁde.</strong></span> <span class='ocrx_word' id='word_1_28' title='bbox 921 500 1184 566; x_wconf 77' lang='lat' dir='ltr'><strong>Quoniam</strong></span> <span class='ocrx_word' id='word_1_29' title='bbox 1260 509 1351 552; x_wconf 86' lang='lat' dir='ltr'><strong>aut</strong></span> <span class='ocrx_word' id='word_1_30' title='bbox 1416 498 1485 551; x_wconf 88' lang='lat' dir='ltr'><strong>de</strong></span> <span class='ocrx_word' id='word_1_31' title='bbox 1564 499 1673 551; x_wconf 83' lang='lat' dir='ltr'><strong>Deo</strong></span> <span class='ocrx_word' id='word_1_32' title='bbox 1724 509 1778 552; x_wconf 88' lang='lat' dir='ltr'><strong>et</strong></span> 
     </span>
    </p>
   </div>
   <div class='ocr_carea' id='block_1_6' title="bbox 200 585 1779 659">
    <p class='ocr_par' dir='ltr' id='par_1_6' title="bbox 200 585 1779 659">
     <span class='ocr_line' id='line_1_6' title="bbox 200 585 1779 659; baseline -0.002 -14"><span class='ocrx_word' id='word_1_33' title='bbox 200 585 350 645; x_wconf 81' lang='lat' dir='ltr'><strong>Patre</strong></span> <span class='ocrx_word' id='word_1_34' title='bbox 399 586 517 641; x_wconf 63' lang='lat' dir='ltr'><strong>haec</strong></span> <span class='ocrx_word' id='word_1_35' title='bbox 586 586 691 641; x_wconf 87' lang='lat' dir='ltr'><strong>diei</strong></span> <span class='ocrx_word' id='word_1_36' title='bbox 766 603 871 643; x_wconf 91' lang='lat' dir='ltr'><strong>non</strong></span> <span class='ocrx_word' id='word_1_37' title='bbox 928 599 1157 658; x_wconf 89' lang='lat' dir='ltr'><strong>possunt</strong></span> <span class='ocrx_word' id='word_1_38' title='bbox 1210 591 1261 655; x_wconf 77' lang='lat'><strong>‘,</strong></span> <span class='ocrx_word' id='word_1_39' title='bbox 1311 605 1432 659; x_wconf 68' lang='lat' dir='ltr'><strong>quae</strong></span> <span class='ocrx_word' id='word_1_40' title='bbox 1484 600 1779 659; x_wconf 80' lang='lat' dir='ltr'><strong>sequuntur</strong></span> 
     </span>
    </p>
   </div>
   <div class='ocr_carea' id='block_1_7' title="bbox 198 676 1779 749">
    <p class='ocr_par' dir='ltr' id='par_1_7' title="bbox 198 676 1779 749">
     <span class='ocr_line' id='line_1_7' title="bbox 198 676 1779 749; baseline 0 -16"><span class='ocrx_word' id='word_1_41' title='bbox 198 686 434 733; x_wconf 76' lang='lat' dir='ltr'><strong>astruunt</strong></span> <span class='ocrx_word' id='word_1_42' title='bbox 460 676 763 734; x_wconf 73' lang='lat' dir='ltr'><strong>manifeste.</strong></span> <span class='ocrx_word' id='word_1_43' title='bbox 791 696 809 730; x_wconf 76' lang='grc' dir='ltr'><strong><em>ι</em></strong></span> <span class='ocrx_word' id='word_1_44' title='bbox 844 678 981 747; x_wconf 85' lang='lat' dir='ltr'><strong>Quid</strong></span> <span class='ocrx_word' id='word_1_45' title='bbox 1003 680 1161 734; x_wconf 89' lang='lat' dir='ltr'><strong>etiam</strong></span> <span class='ocrx_word' id='word_1_46' title='bbox 1190 680 1244 734; x_wconf 91' lang='lat' dir='ltr'><strong>in</strong></span> <span class='ocrx_word' id='word_1_47' title='bbox 1270 682 1519 749; x_wconf 57' lang='lat' dir='ltr'><strong>pressenti</strong></span> <span class='ocrx_word' id='word_1_48' title='bbox 1541 680 1779 749; x_wconf 89' lang='lat' dir='ltr'><strong>capitulo</strong></span> 
     </span>
    </p>
   </div>
   <div class='ocr_carea' id='block_1_8' title="bbox 204 768 1779 842">
    <p class='ocr_par' dir='ltr' id='par_1_8' title="bbox 204 768 1779 842">
     <span class='ocr_line' id='line_1_8' title="bbox 204 768 1779 842; baseline 0.001 -19"><span class='ocrx_word' id='word_1_49' title='bbox 204 784 391 838; x_wconf 82' lang='lat' dir='ltr'><strong>nempe</strong></span> <span class='ocrx_word' id='word_1_50' title='bbox 436 768 690 823; x_wconf 90' lang='lat' dir='ltr'><strong>videntur</strong></span> <span class='ocrx_word' id='word_1_51' title='bbox 737 770 970 825; x_wconf 79' lang='lat' dir='ltr'><strong>haeretici</strong></span> <span class='ocrx_word' id='word_1_52' title='bbox 1023 772 1380 842; x_wconf 85' lang='lat' dir='ltr'><strong>nequidquam</strong></span> <span class='ocrx_word' id='word_1_53' title='bbox 1409 771 1477 827; x_wconf 89' lang='lat' dir='ltr'><strong>de</strong></span> <span class='ocrx_word' id='word_1_54' title='bbox 1508 771 1779 826; x_wconf 83' lang='lat' dir='ltr'><strong>Theodori</strong></span> 
     </span>
    </p>
   </div>
   <div class='ocr_carea' id='block_1_9' title="bbox 200 858 1779 929">
    <p class='ocr_par' dir='ltr' id='par_1_9' title="bbox 200 858 1779 929">
     <span class='ocr_line' id='line_1_9' title="bbox 200 858 1779 929; baseline 0 -14"><span class='ocrx_word' id='word_1_55' title='bbox 200 875 417 929; x_wconf 79' lang='lat' dir='ltr'><strong>persona</strong></span> <span class='ocrx_word' id='word_1_56' title='bbox 489 858 886 928; x_wconf 80' lang='lat' dir='ltr'><strong>reprehendere</strong></span> <span class='ocrx_word' id='word_1_57' title='bbox 957 861 1398 918; x_wconf 85' lang='lat' dir='ltr'><strong>Chalcedonense</strong></span> <span class='ocrx_word' id='word_1_58' title='bbox 1449 862 1779 917; x_wconf 85' lang='lat' dir='ltr'><strong>concilium?</strong></span> 
     </span>
    </p>
   </div>
   <div class='ocr_carea' id='block_1_10' title="bbox 197 952 1781 1025">
    <p class='ocr_par' dir='ltr' id='par_1_10' title="bbox 197 952 1781 1025">
     <span class='ocr_line' id='line_1_10' title="bbox 197 952 1781 1025; baseline 0.003 -20"><span class='ocrx_word' id='word_1_59' title='bbox 197 952 322 1005; x_wconf 76' lang='lat' dir='ltr'><strong>Nam</strong></span> <span class='ocrx_word' id='word_1_60' title='bbox 354 965 543 1006; x_wconf 90' lang='lat' dir='ltr'><strong>omnes</strong></span> <span class='ocrx_word' id='word_1_61' title='bbox 580 967 766 1007; x_wconf 88' lang='lat' dir='ltr'><strong>eorum</strong></span> <span class='ocrx_word' id='word_1_62' title='bbox 807 954 1101 1010; x_wconf 82' lang='lat' dir='ltr'><strong>calumnias</strong></span> <span class='ocrx_word' id='word_1_63' title='bbox 1129 971 1281 1025; x_wconf 69' lang='lat' dir='ltr'><strong>mque</strong></span> <span class='ocrx_word' id='word_1_64' title='bbox 1320 956 1371 1009; x_wconf 92' lang='lat' dir='ltr'><strong>in</strong></span> <span class='ocrx_word' id='word_1_65' title='bbox 1417 955 1506 1009; x_wconf 89' lang='lat' dir='ltr'><strong>ilio</strong></span> <span class='ocrx_word' id='word_1_66' title='bbox 1539 955 1781 1010; x_wconf 80' lang='lat' dir='ltr'><strong>videmus</strong></span> 
     </span>
    </p>
   </div>
   <div class='ocr_carea' id='block_1_11' title="bbox 199 1042 1779 1118">
    <p class='ocr_par' dir='ltr' id='par_1_11' title="bbox 199 1042 1779 1118">
     <span class='ocr_line' id='line_1_11' title="bbox 199 1042 1779 1118; baseline 0.004 -22"><span class='ocrx_word' id='word_1_67' title='bbox 199 1042 459 1097; x_wconf 65' lang='lat' dir='ltr'><strong>exclusas.</strong></span> <span class='ocrx_word' id='word_1_68' title='bbox 494 1042 611 1097; x_wconf 85' lang='lat' dir='ltr'><strong>Non</strong></span> <span class='ocrx_word' id='word_1_69' title='bbox 655 1043 801 1098; x_wconf 89' lang='lat' dir='ltr'><strong>enim</strong></span> <span class='ocrx_word' id='word_1_70' title='bbox 831 1047 1078 1102; x_wconf 89' lang='lat' dir='ltr'><strong>eumdem</strong></span> <span class='ocrx_word' id='word_1_71' title='bbox 1120 1048 1349 1102; x_wconf 74' lang='lat' dir='ltr'><strong>credidit</strong></span> <span class='ocrx_word' id='word_1_72' title='bbox 1379 1046 1590 1103; x_wconf 88' lang='lat' dir='ltr'><strong>Patrem</strong></span> <span class='ocrx_word' id='word_1_73' title='bbox 1621 1063 1779 1118; x_wconf 87' lang='lat' dir='ltr'><strong>qucm</strong></span> 
     </span>
    </p>
   </div>
   <div class='ocr_carea' id='block_1_12' title="bbox 203 1132 1781 1204">
    <p class='ocr_par' dir='ltr' id='par_1_12' title="bbox 203 1132 1781 1204">
     <span class='ocr_line' id='line_1_12' title="bbox 203 1132 1781 1204; baseline 0.006 -19"><span class='ocrx_word' id='word_1_74' title='bbox 203 1132 413 1199; x_wconf 83' lang='lat' dir='ltr'><strong>Filium,</strong></span> <span class='ocrx_word' id='word_1_75' title='bbox 445 1135 536 1202; x_wconf 91' lang='lat' dir='ltr'><strong>qui</strong></span> <span class='ocrx_word' id='word_1_76' title='bbox 562 1135 675 1189; x_wconf 90' lang='lat' dir='ltr'><strong>ait:</strong></span> <span class='ocrx_word' id='word_1_77' title='bbox 714 1136 975 1203; x_wconf 84' lang='lat' dir='ltr'><strong>Quoniam</strong></span> <span class='ocrx_word' id='word_1_78' title='bbox 1001 1138 1101 1193; x_wconf 91' lang='lat' dir='ltr'><strong>hoc</strong></span> <span class='ocrx_word' id='word_1_79' title='bbox 1136 1140 1277 1204; x_wconf 91' lang='lat' dir='ltr'><strong>quod</strong></span> <span class='ocrx_word' id='word_1_80' title='bbox 1315 1139 1383 1194; x_wconf 90' lang='lat' dir='ltr'><strong>de</strong></span> <span class='ocrx_word' id='word_1_81' title='bbox 1417 1139 1555 1195; x_wconf 83' lang='lat' dir='ltr'><strong>Filio</strong></span> <span class='ocrx_word' id='word_1_82' title='bbox 1581 1140 1781 1194; x_wconf 79' lang='lat' dir='ltr'><strong>dirtum</strong></span> 
     </span>
    </p>
   </div>
   <div class='ocr_carea' id='block_1_13' title="bbox 188 1223 1780 1299">
    <p class='ocr_par' dir='ltr' id='par_1_13' title="bbox 188 1223 1780 1299">
     <span class='ocr_line' id='line_1_13' title="bbox 188 1223 1780 1299; baseline 0.005 -24"><span class='ocrx_word' id='word_1_83' title='bbox 188 1234 297 1289; x_wconf 84' lang='lat' dir='ltr'><strong>est,</strong></span> <span class='ocrx_word' id='word_1_84' title='bbox 328 1224 396 1279; x_wconf 89' lang='lat' dir='ltr'><strong>de</strong></span> <span class='ocrx_word' id='word_1_85' title='bbox 440 1223 547 1279; x_wconf 87' lang='lat' dir='ltr'><strong>Deo</strong></span> <span class='ocrx_word' id='word_1_86' title='bbox 574 1236 629 1280; x_wconf 91' lang='lat' dir='ltr'><strong>et</strong></span> <span class='ocrx_word' id='word_1_87' title='bbox 674 1226 831 1283; x_wconf 84' lang='lat' dir='ltr'><strong>Patre</strong></span> <span class='ocrx_word' id='word_1_88' title='bbox 860 1228 965 1283; x_wconf 92' lang='lat' dir='ltr'><strong>dici</strong></span> <span class='ocrx_word' id='word_1_89' title='bbox 1012 1244 1117 1284; x_wconf 93' lang='lat' dir='ltr'><strong>non</strong></span> <span class='ocrx_word' id='word_1_90' title='bbox 1166 1230 1351 1298; x_wconf 90' lang='lat' dir='ltr'><strong>possit.</strong></span> <span class='ocrx_word' id='word_1_91' title='bbox 1401 1229 1584 1299; x_wconf 85' lang='lat' dir='ltr'><strong>Neque</strong></span> <span class='ocrx_word' id='word_1_92' title='bbox 1617 1230 1780 1285; x_wconf 89' lang='lat' dir='ltr'><strong>Deum</strong></span> 
     </span>
    </p>
   </div>
   <div class='ocr_carea' id='block_1_14' title="bbox 208 1316 1783 1395">
    <p class='ocr_par' dir='ltr' id='par_1_14' title="bbox 208 1316 1783 1395">
     <span class='ocr_line' id='line_1_14' title="bbox 208 1316 1783 1395; baseline 0.006 -28"><span class='ocrx_word' id='word_1_93' title='bbox 208 1316 430 1369; x_wconf 73' lang='lat' dir='ltr'><strong>Verbum</strong></span> <span class='ocrx_word' id='word_1_94' title='bbox 462 1316 681 1371; x_wconf 84' lang='lat' dir='ltr'><strong>alterius</strong></span> <span class='ocrx_word' id='word_1_95' title='bbox 716 1319 950 1373; x_wconf 73' lang='lat' dir='ltr'><strong>eredzdit</strong></span> <span class='ocrx_word' id='word_1_96' title='bbox 998 1335 1118 1374; x_wconf 89' lang='lat' dir='ltr'><strong>esse</strong></span> <span class='ocrx_word' id='word_1_97' title='bbox 1162 1335 1430 1395; x_wconf 72' lang='lat' dir='ltr'><strong>personzc,</strong></span> <span class='ocrx_word' id='word_1_98' title='bbox 1482 1331 1536 1375; x_wconf 91' lang='lat' dir='ltr'><strong>et</strong></span> <span class='ocrx_word' id='word_1_99' title='bbox 1564 1322 1783 1377; x_wconf 78' lang='lat' dir='ltr'><strong>alterius</strong></span> 
     </span>
    </p>
   </div>
   <div class='ocr_carea' id='block_1_15' title="bbox 201 1404 1786 1479">
    <p class='ocr_par' dir='ltr' id='par_1_15' title="bbox 201 1404 1786 1479">
     <span class='ocr_line' id='line_1_15' title="bbox 201 1404 1786 1479; baseline 0.006 -21"><span class='ocrx_word' id='word_1_100' title='bbox 201 1404 488 1471; x_wconf 85' lang='lat' dir='ltr'><strong>Christum,</strong></span> <span class='ocrx_word' id='word_1_101' title='bbox 512 1409 597 1462; x_wconf 86' lang='lat' dir='ltr'><strong>cui</strong></span> <span class='ocrx_word' id='word_1_102' title='bbox 627 1408 830 1464; x_wconf 79' lang='lat' dir='ltr'><strong>dictum</strong></span> <span class='ocrx_word' id='word_1_103' title='bbox 883 1426 913 1464; x_wconf 90' lang='lat' dir='ltr'><strong>a</strong></span> <span class='ocrx_word' id='word_1_104' title='bbox 969 1410 1226 1479; x_wconf 80' lang='lat' dir='ltr'><strong>propheta</strong></span> <span class='ocrx_word' id='word_1_105' title='bbox 1258 1410 1542 1466; x_wconf 68' lang='lat' dir='ltr'><strong>conﬁtetar</strong></span> <span class='ocrx_word' id='word_1_106' title='bbox 1576 1431 1592 1468; x_wconf 91' lang='lat'><strong>:</strong></span> <span class='ocrx_word' id='word_1_107' title='bbox 1626 1414 1786 1467; x_wconf 86' lang='lat' dir='ltr'><strong>Sedes</strong></span> 
     </span>
    </p>
   </div>
   <div class='ocr_carea' id='block_1_16' title="bbox 202 1497 1787 1573">
    <p class='ocr_par' dir='ltr' id='par_1_16' title="bbox 202 1497 1787 1573">
     <span class='ocr_line' id='line_1_16' title="bbox 202 1497 1787 1573; baseline 0.007 -25"><span class='ocrx_word' id='word_1_108' title='bbox 202 1506 309 1562; x_wconf 76' lang='lat' dir='ltr'><strong>tua,</strong></span> <span class='ocrx_word' id='word_1_109' title='bbox 344 1497 499 1564; x_wconf 82' lang='lat' dir='ltr'><strong>Deus,</strong></span> <span class='ocrx_word' id='word_1_110' title='bbox 532 1500 586 1553; x_wconf 85' lang='lat' dir='ltr'><strong>in</strong></span> <span class='ocrx_word' id='word_1_111' title='bbox 634 1502 880 1555; x_wconf 66' lang='lat' dir='ltr'><strong>sarculum</strong></span> <span class='ocrx_word' id='word_1_112' title='bbox 928 1503 1106 1555; x_wconf 68' lang='lat' dir='ltr'><strong>sa&#39;culi</strong></span> <span class='ocrx_word' id='word_1_113' title='bbox 1158 1501 1330 1573; x_wconf 84' lang='lat' dir='ltr'><strong>(Psal.</strong></span> <span class='ocrx_word' id='word_1_114' title='bbox 1380 1517 1529 1566; x_wconf 81' lang='lat' dir='ltr'><strong>xuv,</strong></span> <span class='ocrx_word' id='word_1_115' title='bbox 1584 1504 1679 1573; x_wconf 88' lang='lat'><strong>7);</strong></span> <span class='ocrx_word' id='word_1_116' title='bbox 1732 1515 1787 1559; x_wconf 91' lang='lat' dir='ltr'><strong>et</strong></span> 
     </span>
    </p>
   </div>
   <div class='ocr_carea' id='block_1_17' title="bbox 200 1592 1785 1664">
    <p class='ocr_par' dir='ltr' id='par_1_17' title="bbox 200 1592 1785 1664">
     <span class='ocr_line' id='line_1_17' title="bbox 200 1592 1785 1664; baseline 0.005 -22"><span class='ocrx_word' id='word_1_117' title='bbox 200 1603 355 1657; x_wconf 85' lang='lat' dir='ltr'><strong>quem</strong></span> <span class='ocrx_word' id='word_1_118' title='bbox 390 1600 545 1660; x_wconf 67' lang='lat' dir='ltr'><strong>negat</strong></span> <span class='ocrx_word' id='word_1_119' title='bbox 565 1592 1031 1648; x_wconf 88' lang='lat' dir='ltr'><strong>subintromissnm</strong></span> <span class='ocrx_word' id='word_1_120' title='bbox 1055 1609 1277 1664; x_wconf 83' lang='lat' dir='ltr'><strong>regnum</strong></span> <span class='ocrx_word' id='word_1_121' title='bbox 1304 1595 1521 1659; x_wconf 85' lang='lat' dir='ltr'><strong>habere,</strong></span> <span class='ocrx_word' id='word_1_122' title='bbox 1546 1604 1599 1650; x_wconf 92' lang='lat' dir='ltr'><strong>et</strong></span> <span class='ocrx_word' id='word_1_123' title='bbox 1627 1596 1785 1651; x_wconf 89' lang='lat' dir='ltr'><strong>docet</strong></span> 
     </span>
    </p>
   </div>
   <div class='ocr_carea' id='block_1_18' title="bbox 200 1681 1785 1752">
    <p class='ocr_par' dir='ltr' id='par_1_18' title="bbox 200 1681 1785 1752">
     <span class='ocr_line' id='line_1_18' title="bbox 200 1681 1785 1752; baseline 0.004 -19"><span class='ocrx_word' id='word_1_124' title='bbox 200 1696 259 1733; x_wconf 85' lang='lat' dir='ltr'><strong>ex</strong></span> <span class='ocrx_word' id='word_1_125' title='bbox 284 1681 614 1748; x_wconf 90' lang='lat' dir='ltr'><strong>sempiterno</strong></span> <span class='ocrx_word' id='word_1_126' title='bbox 636 1696 881 1751; x_wconf 79' lang='lat' dir='ltr'><strong>regnare.</strong></span> <span class='ocrx_word' id='word_1_127' title='bbox 910 1682 1025 1738; x_wconf 85' lang='lat' dir='ltr'><strong>Non</strong></span> <span class='ocrx_word' id='word_1_128' title='bbox 1051 1698 1181 1752; x_wconf 73' lang='lat' dir='ltr'><strong>ergo</strong></span> <span class='ocrx_word' id='word_1_129' title='bbox 1210 1685 1526 1739; x_wconf 83' lang='lat' dir='ltr'><strong>Theodorus</strong></span> <span class='ocrx_word' id='word_1_130' title='bbox 1549 1684 1785 1739; x_wconf 72' lang='lat' dir='ltr'><strong>Judaica:</strong></span> 
     </span>
    </p>
   </div>
   <div class='ocr_carea' id='block_1_19' title="bbox 1884 494 3469 564">
    <p class='ocr_par' dir='ltr' id='par_1_19' title="bbox 1884 494 3469 564">
     <span class='ocr_line' id='line_1_19' title="bbox 1884 494 3469 564; baseline 0.005 -17"><span class='ocrx_word' id='word_1_131' title='bbox 1884 502 1989 562; x_wconf 87' lang='lat' dir='ltr'><strong>tur,</strong></span> <span class='ocrx_word' id='word_1_132' title='bbox 2012 494 2132 563; x_wconf 86' lang='lat' dir='ltr'><strong>quia</strong></span> <span class='ocrx_word' id='word_1_133' title='bbox 2152 494 2307 560; x_wconf 84' lang='lat' dir='ltr'><strong>dixit,</strong></span> <span class='ocrx_word' id='word_1_134' title='bbox 2330 504 2383 547; x_wconf 82' lang='lat' dir='ltr'><strong>et</strong></span> <span class='ocrx_word' id='word_1_135' title='bbox 2406 504 2625 549; x_wconf 87' lang='lat' dir='ltr'><strong>naturas</strong></span> <span class='ocrx_word' id='word_1_136' title='bbox 2653 494 2832 549; x_wconf 82' lang='lat' dir='ltr'><strong>divisit</strong></span> <span class='ocrx_word' id='word_1_137' title='bbox 2863 505 2917 549; x_wconf 90' lang='lat' dir='ltr'><strong>et</strong></span> <span class='ocrx_word' id='word_1_138' title='bbox 2940 511 3181 564; x_wconf 73' lang='lat' dir='ltr'><strong>persona:</strong></span> <span class='ocrx_word' id='word_1_139' title='bbox 3207 498 3469 555; x_wconf 86' lang='lat' dir='ltr'><strong>unitatem</strong></span> 
     </span>
    </p>
   </div>
   <div class='ocr_carea' id='block_1_20' title="bbox 1880 584 3469 661">
    <p class='ocr_par' dir='ltr' id='par_1_20' title="bbox 1880 584 3469 661">
     <span class='ocr_line' id='line_1_20' title="bbox 1880 584 3469 661; baseline 0.006 -26"><span class='ocrx_word' id='word_1_140' title='bbox 1880 584 2287 650; x_wconf 80' lang='lat' dir='ltr'><strong>demonstravit,</strong></span> <span class='ocrx_word' id='word_1_141' title='bbox 2323 585 2423 661; x_wconf 84' lang='lat' dir='ltr'><strong>nisi</strong></span> <span class='ocrx_word' id='word_1_142' title='bbox 2457 586 2571 654; x_wconf 88' lang='lat' dir='ltr'><strong>ipse</strong></span> <span class='ocrx_word' id='word_1_143' title='bbox 2604 588 2958 657; x_wconf 75' lang='lat' dir='ltr'><strong>interpretns</strong></span> <span class='ocrx_word' id='word_1_144' title='bbox 2988 590 3334 658; x_wconf 84' lang='lat' dir='ltr'><strong>semetipsum</strong></span> <span class='ocrx_word' id='word_1_145' title='bbox 3368 594 3469 645; x_wconf 90' lang='lat' dir='ltr'><strong>do-</strong></span> 
     </span>
    </p>
   </div>
   <div class='ocr_carea' id='block_1_21' title="bbox 1880 678 3470 745">
    <p class='ocr_par' dir='ltr' id='par_1_21' title="bbox 1880 678 3470 745">
     <span class='ocr_line' id='line_1_21' title="bbox 1880 678 3470 745; baseline 0.005 -17"><span class='ocrx_word' id='word_1_146' title='bbox 1880 683 2025 729; x_wconf 89' lang='lat' dir='ltr'><strong>ceret</strong></span> <span class='ocrx_word' id='word_1_147' title='bbox 2049 683 2310 745; x_wconf 80' lang='lat' dir='ltr'><strong>quatenus</strong></span> <span class='ocrx_word' id='word_1_148' title='bbox 2344 678 2541 732; x_wconf 78' lang='lat' dir='ltr'><strong>dixerit</strong></span> <span class='ocrx_word' id='word_1_149' title='bbox 2566 692 2686 732; x_wconf 86' lang='lat' dir='ltr'><strong>esse</strong></span> <span class='ocrx_word' id='word_1_150' title='bbox 2730 678 2950 745; x_wconf 88' lang='lat' dir='ltr'><strong>divisas,</strong></span> <span class='ocrx_word' id='word_1_151' title='bbox 2985 693 3105 733; x_wconf 90' lang='lat' dir='ltr'><strong>cum</strong></span> <span class='ocrx_word' id='word_1_152' title='bbox 3149 682 3470 736; x_wconf 76' lang='lat' dir='ltr'><strong>subsecutus</strong></span> 
     </span>
    </p>
   </div>
   <div class='ocr_carea' id='block_1_22' title="bbox 1880 766 3472 841">
    <p class='ocr_par' dir='ltr' id='par_1_22' title="bbox 1880 766 3472 841">
     <span class='ocr_line' id='line_1_22' title="bbox 1880 766 3472 841; baseline 0.004 -22"><span class='ocrx_word' id='word_1_153' title='bbox 1880 766 2077 834; x_wconf 78' lang='lat' dir='ltr'><strong>adjecit</strong></span> <span class='ocrx_word' id='word_1_154' title='bbox 2107 784 2121 821; x_wconf 88' lang='lat'><strong>:</strong></span> <span class='ocrx_word' id='word_1_155' title='bbox 2160 786 2178 818; x_wconf 75' lang='grc' dir='ltr'>ι</span> <span class='ocrx_word' id='word_1_156' title='bbox 2228 766 2295 822; x_wconf 81' lang='lat' dir='ltr'><strong>Et</strong></span> <span class='ocrx_word' id='word_1_157' title='bbox 2323 779 2537 822; x_wconf 86' lang='lat' dir='ltr'><strong>naturas</strong></span> <span class='ocrx_word' id='word_1_158' title='bbox 2567 768 2779 837; x_wconf 84' lang='lat' dir='ltr'><strong>quidem</strong></span> <span class='ocrx_word' id='word_1_159' title='bbox 2810 769 2990 823; x_wconf 64' lang='lat' dir='ltr'><strong>divisit</strong></span> <span class='ocrx_word' id='word_1_160' title='bbox 3015 771 3067 824; x_wconf 90' lang='lat' dir='ltr'><strong>in</strong></span> <span class='ocrx_word' id='word_1_161' title='bbox 3108 785 3195 836; x_wconf 91' lang='lat' dir='ltr'><strong>eo,</strong></span> <span class='ocrx_word' id='word_1_162' title='bbox 3224 773 3363 841; x_wconf 85' lang='lat' dir='ltr'><strong>quod</strong></span> <span class='ocrx_word' id='word_1_163' title='bbox 3390 772 3472 826; x_wconf 87' lang='lat' dir='ltr'><strong>di-</strong></span> 
     </span>
    </p>
   </div>
   <div class='ocr_carea' id='block_1_23' title="bbox 1882 860 3469 929">
    <p class='ocr_par' dir='ltr' id='par_1_23' title="bbox 1882 860 3469 929">
     <span class='ocr_line' id='line_1_23' title="bbox 1882 860 3469 929; baseline 0.004 -21"><span class='ocrx_word' id='word_1_164' title='bbox 1882 872 2156 912; x_wconf 84' lang='lat' dir='ltr'><strong>versarum</strong></span> <span class='ocrx_word' id='word_1_165' title='bbox 2189 860 2661 929; x_wconf 87' lang='lat' dir='ltr'><strong>intelligentiarum</strong></span> <span class='ocrx_word' id='word_1_166' title='bbox 2693 860 3043 916; x_wconf 79' lang='lat' dir='ltr'><strong>declarativas</strong></span> <span class='ocrx_word' id='word_1_167' title='bbox 3086 878 3242 917; x_wconf 88' lang='lat' dir='ltr'><strong>voces</strong></span> <span class='ocrx_word' id='word_1_168' title='bbox 3267 870 3469 918; x_wconf 75' lang='lat' dir='ltr'><strong>etnisd.</strong></span> 
     </span>
    </p>
   </div>
   <div class='ocr_carea' id='block_1_24' title="bbox 1882 950 3472 1021">
    <p class='ocr_par' dir='ltr' id='par_1_24' title="bbox 1882 950 3472 1021">
     <span class='ocr_line' id='line_1_24' title="bbox 1882 950 3472 1021; baseline 0.004 -19"><span class='ocrx_word' id='word_1_169' title='bbox 1882 950 2102 1003; x_wconf 80' lang='lat' dir='ltr'><strong>Multum</strong></span> <span class='ocrx_word' id='word_1_170' title='bbox 2133 952 2275 1005; x_wconf 87' lang='lat' dir='ltr'><strong>enim</strong></span> <span class='ocrx_word' id='word_1_171' title='bbox 2306 951 2478 1005; x_wconf 71' lang='lat' dir='ltr'><strong>differt</strong></span> <span class='ocrx_word' id='word_1_172' title='bbox 2508 952 2575 1006; x_wconf 87' lang='lat' dir='ltr'><strong>ab</strong></span> <span class='ocrx_word' id='word_1_173' title='bbox 2618 951 2869 1017; x_wconf 75' lang='lat' dir='ltr'><strong>invicem,</strong></span> <span class='ocrx_word' id='word_1_174' title='bbox 2905 954 3063 1007; x_wconf 84' lang='lat' dir='ltr'><strong>Sedes</strong></span> <span class='ocrx_word' id='word_1_175' title='bbox 3085 963 3196 1021; x_wconf 87' lang='lat' dir='ltr'><strong>tua,</strong></span> <span class='ocrx_word' id='word_1_176' title='bbox 3227 954 3383 1021; x_wconf 82' lang='lat' dir='ltr'><strong>Deus,</strong></span> <span class='ocrx_word' id='word_1_177' title='bbox 3419 958 3472 1009; x_wconf 88' lang='lat' dir='ltr'><strong>in</strong></span> 
     </span>
    </p>
   </div>
   <div class='ocr_carea' id='block_1_25' title="bbox 1882 1040 3471 1113">
    <p class='ocr_par' dir='ltr' id='par_1_25' title="bbox 1882 1040 3471 1113">
     <span class='ocr_line' id='line_1_25' title="bbox 1882 1040 3471 1113; baseline 0.006 -22"><span class='ocrx_word' id='word_1_178' title='bbox 1882 1040 2127 1093; x_wconf 80' lang='lat' dir='ltr'><strong>swculum</strong></span> <span class='ocrx_word' id='word_1_179' title='bbox 2174 1042 2372 1106; x_wconf 80' lang='lat' dir='ltr'><strong>suculi,</strong></span> <span class='ocrx_word' id='word_1_180' title='bbox 2424 1053 2499 1107; x_wconf 90' lang='lat' dir='ltr'><strong>et,</strong></span> <span class='ocrx_word' id='word_1_181' title='bbox 2532 1042 2811 1113; x_wconf 81' lang='lat' dir='ltr'><strong>Propterea</strong></span> <span class='ocrx_word' id='word_1_182' title='bbox 2844 1046 2987 1097; x_wconf 76' lang='lat' dir='ltr'><strong>unxit</strong></span> <span class='ocrx_word' id='word_1_183' title='bbox 3038 1057 3084 1098; x_wconf 87' lang='lat' dir='ltr'><strong>te</strong></span> <span class='ocrx_word' id='word_1_184' title='bbox 3139 1046 3296 1111; x_wconf 80' lang='lat' dir='ltr'><strong>Deus,</strong></span> <span class='ocrx_word' id='word_1_185' title='bbox 3335 1048 3471 1102; x_wconf 86' lang='lat' dir='ltr'><strong>Deus</strong></span> 
     </span>
    </p>
   </div>
   <div class='ocr_carea' id='block_1_26' title="bbox 1883 1132 3473 1205">
    <p class='ocr_par' dir='ltr' id='par_1_26' title="bbox 1883 1132 3473 1205">
     <span class='ocr_line' id='line_1_26' title="bbox 1883 1132 3473 1205; baseline 0.006 -24"><span class='ocrx_word' id='word_1_186' title='bbox 1883 1140 2035 1197; x_wconf 9' lang='lat' dir='ltr'><strong>tuus.»</strong></span> <span class='ocrx_word' id='word_1_187' title='bbox 2057 1150 2074 1181; x_wconf 78' lang='grc' dir='ltr'><strong><em>ι</em></strong></span> <span class='ocrx_word' id='word_1_188' title='bbox 2116 1133 2353 1186; x_wconf 77' lang='lat' dir='ltr'><strong>Eatenus</strong></span> <span class='ocrx_word' id='word_1_189' title='bbox 2382 1132 2541 1200; x_wconf 80' lang='lat' dir='ltr'><strong>igitur</strong></span> <span class='ocrx_word' id='word_1_190' title='bbox 2566 1133 2799 1187; x_wconf 82' lang='lat' dir='ltr'><strong>asseruit</strong></span> <span class='ocrx_word' id='word_1_191' title='bbox 2820 1148 2939 1186; x_wconf 80' lang='lat' dir='ltr'><strong>esse</strong></span> <span class='ocrx_word' id='word_1_192' title='bbox 2960 1136 3179 1198; x_wconf 85' lang='lat' dir='ltr'><strong>divisas,</strong></span> <span class='ocrx_word' id='word_1_193' title='bbox 3210 1149 3473 1205; x_wconf 73' lang='lat' dir='ltr'><strong>quatenus</strong></span> 
     </span>
    </p>
   </div>
   <div class='ocr_carea' id='block_1_27' title="bbox 1886 1212 3473 1296">
    <p class='ocr_par' dir='ltr' id='par_1_27' title="bbox 1886 1212 3473 1296">
     <span class='ocr_line' id='line_1_27' title="bbox 1886 1212 3473 1296; baseline 0.006 -22"><span class='ocrx_word' id='word_1_194' title='bbox 1886 1222 2233 1291; x_wconf 80' lang='lat' dir='ltr'><strong>intelligentia</strong></span> <span class='ocrx_word' id='word_1_195' title='bbox 2267 1224 2358 1278; x_wconf 85' lang='lat' dir='ltr'><strong>Dei</strong></span> <span class='ocrx_word' id='word_1_196' title='bbox 2390 1225 2489 1278; x_wconf 82' lang='lat' dir='ltr'><strong>vivi</strong></span> <span class='ocrx_word' id='word_1_197' title='bbox 2520 1212 2852 1278; x_wconf 88' lang='lat' dir='ltr'><strong>dividuntur.</strong></span> <span class='ocrx_word' id='word_1_198' title='bbox 2906 1223 2975 1278; x_wconf 85' lang='lat' dir='ltr'><strong>Et</strong></span> <span class='ocrx_word' id='word_1_199' title='bbox 3017 1228 3184 1281; x_wconf 88' lang='lat' dir='ltr'><strong>claret</strong></span> <span class='ocrx_word' id='word_1_200' title='bbox 3236 1228 3377 1296; x_wconf 83' lang='lat' dir='ltr'><strong>quod</strong></span> <span class='ocrx_word' id='word_1_201' title='bbox 3404 1229 3473 1283; x_wconf 88' lang='lat' dir='ltr'><strong>ab</strong></span> 
     </span>
    </p>
   </div>
   <div class='ocr_carea' id='block_1_28' title="bbox 1890 1315 3472 1387">
    <p class='ocr_par' dir='ltr' id='par_1_28' title="bbox 1890 1315 3472 1387">
     <span class='ocr_line' id='line_1_28' title="bbox 1890 1315 3472 1387; baseline 0.004 -22"><span class='ocrx_word' id='word_1_202' title='bbox 1890 1315 2114 1369; x_wconf 82' lang='lat' dir='ltr'><strong>invicem</strong></span> <span class='ocrx_word' id='word_1_203' title='bbox 2145 1316 2397 1370; x_wconf 85' lang='lat' dir='ltr'><strong>dill&#39;erant</strong></span> <span class='ocrx_word' id='word_1_204' title='bbox 2423 1333 2436 1370; x_wconf 90' lang='lat'><strong>:</strong></span> <span class='ocrx_word' id='word_1_205' title='bbox 2472 1332 2574 1369; x_wconf 94' lang='lat' dir='ltr'><strong>non</strong></span> <span class='ocrx_word' id='word_1_206' title='bbox 2605 1318 2743 1385; x_wconf 85' lang='lat' dir='ltr'><strong>quod</strong></span> <span class='ocrx_word' id='word_1_207' title='bbox 2776 1316 2908 1370; x_wconf 88' lang='lat' dir='ltr'><strong>duas</strong></span> <span class='ocrx_word' id='word_1_208' title='bbox 2935 1332 3192 1386; x_wconf 89' lang='lat' dir='ltr'><strong>personas</strong></span> <span class='ocrx_word' id='word_1_209' title='bbox 3217 1320 3472 1387; x_wconf 72' lang='lat' dir='ltr'><strong>ellieant,</strong></span> 
     </span>
    </p>
   </div>
   <div class='ocr_carea' id='block_1_29' title="bbox 1886 1405 3474 1476">
    <p class='ocr_par' dir='ltr' id='par_1_29' title="bbox 1886 1405 3474 1476">
     <span class='ocr_line' id='line_1_29' title="bbox 1886 1405 3474 1476; baseline 0.004 -18"><span class='ocrx_word' id='word_1_210' title='bbox 1886 1405 2028 1459; x_wconf 88' lang='lat' dir='ltr'><strong>sicut</strong></span> <span class='ocrx_word' id='word_1_211' title='bbox 2052 1407 2213 1460; x_wconf 70' lang='lat' dir='ltr'><strong>edam</strong></span> <span class='ocrx_word' id='word_1_212' title='bbox 2244 1408 2398 1476; x_wconf 87' lang='lat' dir='ltr'><strong>paulo</strong></span> <span class='ocrx_word' id='word_1_213' title='bbox 2429 1407 2653 1461; x_wconf 80' lang='lat' dir='ltr'><strong>inferius</strong></span> <span class='ocrx_word' id='word_1_214' title='bbox 2683 1408 3036 1473; x_wconf 69' lang='lat' dir='ltr'><strong>Ostendimus,</strong></span> <span class='ocrx_word' id='word_1_215' title='bbox 3094 1410 3251 1462; x_wconf 90' lang='lat' dir='ltr'><strong>etiam</strong></span> <span class='ocrx_word' id='word_1_216' title='bbox 3295 1411 3345 1462; x_wconf 92' lang='lat' dir='ltr'><strong>in</strong></span> <span class='ocrx_word' id='word_1_217' title='bbox 3375 1414 3474 1464; x_wconf 84' lang='lat' dir='ltr'><strong>hu-</strong></span> 
     </span>
    </p>
   </div>
   <div class='ocr_carea' id='block_1_30' title="bbox 1890 1499 3474 1568">
    <p class='ocr_par' dir='ltr' id='par_1_30' title="bbox 1890 1499 3474 1568">
     <span class='ocr_line' id='line_1_30' title="bbox 1890 1499 3474 1568; baseline 0.003 -17"><span class='ocrx_word' id='word_1_218' title='bbox 1890 1499 2032 1552; x_wconf 89' lang='lat' dir='ltr'><strong>mine</strong></span> <span class='ocrx_word' id='word_1_219' title='bbox 2062 1513 2167 1553; x_wconf 91' lang='lat' dir='ltr'><strong>uno</strong></span> <span class='ocrx_word' id='word_1_220' title='bbox 2201 1500 2399 1553; x_wconf 82' lang='lat' dir='ltr'><strong>dixisse</strong></span> <span class='ocrx_word' id='word_1_221' title='bbox 2428 1514 2659 1553; x_wconf 83' lang='lat' dir='ltr'><strong>annnam</strong></span> <span class='ocrx_word' id='word_1_222' title='bbox 2688 1513 2718 1551; x_wconf 89' lang='lat' dir='ltr'><strong>a</strong></span> <span class='ocrx_word' id='word_1_223' title='bbox 2767 1515 2865 1552; x_wconf 81' lang='lat' dir='ltr'><strong>suo</strong></span> <span class='ocrx_word' id='word_1_224' title='bbox 2893 1513 3117 1568; x_wconf 76' lang='lat' dir='ltr'><strong>corpore</strong></span> <span class='ocrx_word' id='word_1_225' title='bbox 3161 1503 3474 1555; x_wconf 87' lang='lat' dir='ltr'><strong>naturaliter</strong></span> 
     </span>
    </p>
   </div>
   <div class='ocr_carea' id='block_1_31' title="bbox 1887 1592 3477 1663">
    <p class='ocr_par' dir='ltr' id='par_1_31' title="bbox 1887 1592 3477 1663">
     <span class='ocr_line' id='line_1_31' title="bbox 1887 1592 3477 1663; baseline 0.003 -17"><span class='ocrx_word' id='word_1_226' title='bbox 1887 1605 2006 1646; x_wconf 81' lang='lat' dir='ltr'><strong>esse</strong></span> <span class='ocrx_word' id='word_1_227' title='bbox 2036 1592 2282 1646; x_wconf 75' lang='lat' dir='ltr'><strong>divisam.</strong></span> <span class='ocrx_word' id='word_1_228' title='bbox 2321 1593 2467 1647; x_wconf 81' lang='lat' dir='ltr'><strong>L&#39;nde</strong></span> <span class='ocrx_word' id='word_1_229' title='bbox 2495 1592 2653 1646; x_wconf 90' lang='lat' dir='ltr'><strong>simul</strong></span> <span class='ocrx_word' id='word_1_230' title='bbox 2702 1593 2820 1647; x_wconf 64' lang='lat' dir='ltr'><strong>haec</strong></span> <span class='ocrx_word' id='word_1_231' title='bbox 2849 1608 3059 1663; x_wconf 90' lang='lat' dir='ltr'><strong>quoque</strong></span> <span class='ocrx_word' id='word_1_232' title='bbox 3102 1592 3393 1663; x_wconf 80' lang='lat' dir='ltr'><strong>subjuuxit,</strong></span> <span class='ocrx_word' id='word_1_233' title='bbox 3425 1604 3477 1649; x_wconf 84' lang='lat' dir='ltr'><strong>ct</strong></span> 
     </span>
    </p>
   </div>
   <div class='ocr_carea' id='block_1_32' title="bbox 1892 1684 3479 1754">
    <p class='ocr_par' dir='ltr' id='par_1_32' title="bbox 1892 1684 3479 1754">
     <span class='ocr_line' id='line_1_32' title="bbox 1892 1684 3479 1754; baseline 0.002 -18"><span class='ocrx_word' id='word_1_234' title='bbox 1892 1684 2002 1736; x_wconf 85' lang='lat' dir='ltr'><strong>ait:</strong></span> <span class='ocrx_word' id='word_1_235' title='bbox 2042 1702 2059 1735; x_wconf 86' lang='grc'><em>‹</em></span> <span class='ocrx_word' id='word_1_236' title='bbox 2111 1684 2379 1738; x_wconf 88' lang='lat' dir='ltr'><strong>Unitatem</strong></span> <span class='ocrx_word' id='word_1_237' title='bbox 2408 1698 2535 1738; x_wconf 89' lang='lat' dir='ltr'><strong>vero</strong></span> <span class='ocrx_word' id='word_1_238' title='bbox 2562 1685 2793 1738; x_wconf 88' lang='lat' dir='ltr'><strong>ostendit</strong></span> <span class='ocrx_word' id='word_1_239' title='bbox 2822 1700 3088 1753; x_wconf 81' lang='lat' dir='ltr'><strong>personae,</strong></span> <span class='ocrx_word' id='word_1_240' title='bbox 3142 1701 3203 1739; x_wconf 86' lang='lat' dir='ltr'><strong>ea</strong></span> <span class='ocrx_word' id='word_1_241' title='bbox 3252 1702 3369 1754; x_wconf 82' lang='lat' dir='ltr'><strong>qua:</strong></span> <span class='ocrx_word' id='word_1_242' title='bbox 3395 1687 3479 1739; x_wconf 82' lang='lat' dir='ltr'><strong>di-</strong></span> 
     </span>
    </p>
   </div>
   <div class='ocr_carea' id='block_1_33' title="bbox 201 1771 3476 1847">
    <p class='ocr_par' dir='ltr' id='par_1_33' title="bbox 201 1771 3476 1847">
     <span class='ocr_line' id='line_1_33' title="bbox 201 1771 3476 1847; baseline 0.002 -23"><span class='ocrx_word' id='word_1_243' title='bbox 201 1771 489 1840; x_wconf 82' lang='lat' dir='ltr'><strong>impietatis</strong></span> <span class='ocrx_word' id='word_1_244' title='bbox 518 1775 821 1843; x_wconf 78' lang='lat' dir='ltr'><strong>arguendus</strong></span> <span class='ocrx_word' id='word_1_245' title='bbox 850 1784 954 1844; x_wconf 84' lang='lat' dir='ltr'><strong>est,</strong></span> <span class='ocrx_word' id='word_1_246' title='bbox 981 1786 1230 1844; x_wconf 88' lang='lat' dir='ltr'><strong>tanquam</strong></span> <span class='ocrx_word' id='word_1_247' title='bbox 1259 1776 1531 1831; x_wconf 85' lang='lat' dir='ltr'><strong>hominem</strong></span> <span class='ocrx_word' id='word_1_248' title='bbox 1555 1784 1784 1830; x_wconf 82' lang='lat' dir='ltr'><strong>tantuut-</strong></span> <span class='ocrx_word' id='word_1_249' title='bbox 1818 1788 1865 1847; x_wconf 76' lang='grc' dir='ltr'><strong>Β</strong></span> <span class='ocrx_word' id='word_1_250' title='bbox 1891 1791 2045 1832; x_wconf 89' lang='lat' dir='ltr'><strong>versa</strong></span> <span class='ocrx_word' id='word_1_251' title='bbox 2074 1787 2198 1832; x_wconf 91' lang='lat' dir='ltr'><strong>sunt</strong></span> <span class='ocrx_word' id='word_1_252' title='bbox 2224 1777 2478 1846; x_wconf 88' lang='lat' dir='ltr'><strong>colligens</strong></span> <span class='ocrx_word' id='word_1_253' title='bbox 2520 1778 2571 1830; x_wconf 92' lang='lat' dir='ltr'><strong>in</strong></span> <span class='ocrx_word' id='word_1_254' title='bbox 2623 1775 2879 1831; x_wconf 84' lang='lat' dir='ltr'><strong>unitatem</strong></span> <span class='ocrx_word' id='word_1_255' title='bbox 2914 1791 3176 1844; x_wconf 66' lang='lat' dir='ltr'><strong>personaa.</strong></span> <span class='ocrx_word' id='word_1_256' title='bbox 3214 1795 3231 1827; x_wconf 73' lang='grc' dir='ltr'><strong><em>ι</em></strong></span> <span class='ocrx_word' id='word_1_257' title='bbox 3264 1776 3476 1845; x_wconf 71' lang='lat' dir='ltr'><strong>Cogno-</strong></span> 
     </span>
    </p>
   </div>
   <div class='ocr_carea' id='block_1_34' title="bbox 203 1865 1788 1935">
    <p class='ocr_par' dir='ltr' id='par_1_34' title="bbox 203 1865 1788 1935">
     <span class='ocr_line' id='line_1_34' title="bbox 203 1865 1788 1935; baseline 0.003 -19"><span class='ocrx_word' id='word_1_258' title='bbox 203 1869 360 1918; x_wconf 85' lang='lat' dir='ltr'><strong>modo</strong></span> <span class='ocrx_word' id='word_1_259' title='bbox 392 1867 656 1933; x_wconf 66' lang='lat' dir='ltr'><strong>putaverit</strong></span> <span class='ocrx_word' id='word_1_260' title='bbox 700 1865 995 1934; x_wconf 85' lang='lat' dir='ltr'><strong>Christum,</strong></span> <span class='ocrx_word' id='word_1_261' title='bbox 1027 1882 1148 1922; x_wconf 88' lang='lat' dir='ltr'><strong>cum</strong></span> <span class='ocrx_word' id='word_1_262' title='bbox 1181 1872 1355 1935; x_wconf 74' lang='lat' dir='ltr'><strong>pot‘us</strong></span> <span class='ocrx_word' id='word_1_263' title='bbox 1403 1869 1619 1925; x_wconf 67' lang='lat' dir='ltr'><strong>Iudaeos</strong></span> <span class='ocrx_word' id='word_1_264' title='bbox 1668 1869 1788 1921; x_wconf 84' lang='lat' dir='ltr'><strong>irri-</strong></span> 
     </span>
    </p>
   </div>
   <div class='ocr_carea' id='block_1_35' title="bbox 202 1958 1783 2015">
    <p class='ocr_par' dir='ltr' id='par_1_35' title="bbox 202 1958 1783 2015">
     <span class='ocr_line' id='line_1_35' title="bbox 202 1958 1783 2015; baseline 0.002 -5"><span class='ocrx_word' id='word_1_265' title='bbox 202 1958 323 2012; x_wconf 86' lang='lat' dir='ltr'><strong>deat</strong></span> <span class='ocrx_word' id='word_1_266' title='bbox 352 1960 581 2014; x_wconf 83' lang='lat' dir='ltr'><strong>dicens:</strong></span> <span class='ocrx_word' id='word_1_267' title='bbox 620 1959 743 2015; x_wconf 67' lang='lat' dir='ltr'><strong>llam</strong></span> <span class='ocrx_word' id='word_1_268' title='bbox 788 1959 960 2015; x_wconf 67' lang='lat' dir='ltr'><strong>Judaei</strong></span> <span class='ocrx_word' id='word_1_269' title='bbox 1003 1968 1058 2015; x_wconf 90' lang='lat' dir='ltr'><strong>ut</strong></span> <span class='ocrx_word' id='word_1_270' title='bbox 1105 1960 1308 2014; x_wconf 80' lang='lat' dir='ltr'><strong>fabulas</strong></span> <span class='ocrx_word' id='word_1_271' title='bbox 1357 1961 1541 2015; x_wconf 88' lang='lat' dir='ltr'><strong>inanes</strong></span> <span class='ocrx_word' id='word_1_272' title='bbox 1586 1960 1783 2014; x_wconf 91' lang='lat' dir='ltr'><strong>intelli-</strong></span> 
     </span>
    </p>
   </div>
   <div class='ocr_carea' id='block_1_36' title="bbox 203 2050 1787 2122">
    <p class='ocr_par' dir='ltr' id='par_1_36' title="bbox 203 2050 1787 2122">
     <span class='ocr_line' id='line_1_36' title="bbox 203 2050 1787 2122; baseline 0.004 -21"><span class='ocrx_word' id='word_1_273' title='bbox 203 2061 353 2118; x_wconf 81' lang='lat' dir='ltr'><strong>gunt,</strong></span> <span class='ocrx_word' id='word_1_274' title='bbox 387 2050 755 2106; x_wconf 78' lang='lat' dir='ltr'><strong>existimantes</strong></span> <span class='ocrx_word' id='word_1_275' title='bbox 810 2052 877 2106; x_wconf 90' lang='lat' dir='ltr'><strong>de</strong></span> <span class='ocrx_word' id='word_1_276' title='bbox 926 2051 1143 2106; x_wconf 66' lang='lat' dir='ltr'><strong>homine</strong></span> <span class='ocrx_word' id='word_1_277' title='bbox 1189 2066 1315 2121; x_wconf 87' lang='lat' dir='ltr'><strong>rege</strong></span> <span class='ocrx_word' id='word_1_278' title='bbox 1357 2052 1526 2116; x_wconf 79' lang='lat' dir='ltr'><strong>dicta;</strong></span> <span class='ocrx_word' id='word_1_279' title='bbox 1579 2050 1787 2122; x_wconf 88' lang='lat' dir='ltr'><strong>etquid</strong></span> 
     </span>
    </p>
   </div>
   <div class='ocr_carea' id='block_1_37' title="bbox 203 2142 1787 2211">
    <p class='ocr_par' dir='ltr' id='par_1_37' title="bbox 203 2142 1787 2211">
     <span class='ocr_line' id='line_1_37' title="bbox 203 2142 1787 2211; baseline 0.002 -17"><span class='ocrx_word' id='word_1_280' title='bbox 203 2143 316 2209; x_wconf 81' lang='lat' dir='ltr'><strong>ipse</strong></span> <span class='ocrx_word' id='word_1_281' title='bbox 374 2142 559 2196; x_wconf 85' lang='lat' dir='ltr'><strong>credat</strong></span> <span class='ocrx_word' id='word_1_282' title='bbox 615 2143 892 2197; x_wconf 83' lang='lat' dir='ltr'><strong>insinuans</strong></span> <span class='ocrx_word' id='word_1_283' title='bbox 937 2142 1090 2209; x_wconf 87' lang='lat' dir='ltr'><strong>dicit,</strong></span> <span class='ocrx_word' id='word_1_284' title='bbox 1127 2144 1272 2211; x_wconf 89' lang='lat' dir='ltr'><strong>quod</strong></span> <span class='ocrx_word' id='word_1_285' title='bbox 1324 2145 1457 2198; x_wconf 91' lang='lat' dir='ltr'><strong>nulli</strong></span> <span class='ocrx_word' id='word_1_286' title='bbox 1512 2145 1787 2198; x_wconf 85' lang='lat' dir='ltr'><strong>hominum</strong></span> 
     </span>
    </p>
   </div>
   <div class='ocr_carea' id='block_1_38' title="bbox 204 2233 1789 2303">
    <p class='ocr_par' dir='ltr' id='par_1_38' title="bbox 204 2233 1789 2303">
     <span class='ocr_line' id='line_1_38' title="bbox 204 2233 1789 2303; baseline 0.004 -20"><span class='ocrx_word' id='word_1_287' title='bbox 204 2233 485 2285; x_wconf 74' lang='lat' dir='ltr'><strong>CunVCllial</strong></span> <span class='ocrx_word' id='word_1_288' title='bbox 526 2241 728 2286; x_wconf 84' lang='lat' dir='ltr'><strong>tantum</strong></span> <span class='ocrx_word' id='word_1_289' title='bbox 778 2233 881 2288; x_wconf 92' lang='lat' dir='ltr'><strong>hoc</strong></span> <span class='ocrx_word' id='word_1_290' title='bbox 926 2233 1131 2303; x_wconf 81' lang='lat' dir='ltr'><strong>insigne</strong></span> <span class='ocrx_word' id='word_1_291' title='bbox 1187 2234 1460 2300; x_wconf 88' lang='lat' dir='ltr'><strong>virtutum,</strong></span> <span class='ocrx_word' id='word_1_292' title='bbox 1515 2234 1789 2289; x_wconf 58' lang='lat' dir='ltr'><strong>et&#39;talium</strong></span> 
     </span>
    </p>
   </div>
   <div class='ocr_carea' id='block_1_39' title="bbox 206 2322 1793 2395">
    <p class='ocr_par' dir='ltr' id='par_1_39' title="bbox 206 2322 1793 2395">
     <span class='ocr_line' id='line_1_39' title="bbox 206 2322 1793 2395; baseline 0.004 -21"><span class='ocrx_word' id='word_1_293' title='bbox 206 2322 511 2391; x_wconf 78' lang='lat' dir='ltr'><strong>magnitudo</strong></span> <span class='ocrx_word' id='word_1_294' title='bbox 542 2324 827 2391; x_wconf 89' lang='lat' dir='ltr'><strong>dictorum,</strong></span> <span class='ocrx_word' id='word_1_295' title='bbox 880 2325 1072 2395; x_wconf 90' lang='lat' dir='ltr'><strong>quibus</strong></span> <span class='ocrx_word' id='word_1_296' title='bbox 1120 2325 1315 2380; x_wconf 86' lang='lat' dir='ltr'><strong>dicitur</strong></span> <span class='ocrx_word' id='word_1_297' title='bbox 1361 2326 1576 2381; x_wconf 81' lang='lat' dir='ltr'><strong>Christo</strong></span> <span class='ocrx_word' id='word_1_298' title='bbox 1621 2343 1633 2378; x_wconf 94' lang='lat'><strong>:</strong></span> <span class='ocrx_word' id='word_1_299' title='bbox 1692 2326 1793 2380; x_wconf 83' lang='lat' dir='ltr'><strong>De-</strong></span> 
     </span>
    </p>
   </div>
   <div class='ocr_carea' id='block_1_40' title="bbox 205 2419 1794 2494">
    <p class='ocr_par' dir='ltr' id='par_1_40' title="bbox 205 2419 1794 2494">
     <span class='ocr_line' id='line_1_40' title="bbox 205 2419 1794 2494; baseline 0.006 -27"><span class='ocrx_word' id='word_1_300' title='bbox 205 2419 352 2471; x_wconf 69' lang='lat' dir='ltr'><strong>duxit</strong></span> <span class='ocrx_word' id='word_1_301' title='bbox 383 2428 431 2472; x_wconf 87' lang='lat' dir='ltr'><strong>te</strong></span> <span class='ocrx_word' id='word_1_302' title='bbox 455 2421 753 2474; x_wconf 76' lang='lat' dir='ltr'><strong>mirabiliter</strong></span> <span class='ocrx_word' id='word_1_303' title='bbox 773 2422 981 2476; x_wconf 69' lang='lat' dir='ltr'><strong>dextera</strong></span> <span class='ocrx_word' id='word_1_304' title='bbox 1003 2430 1092 2475; x_wconf 86' lang='lat' dir='ltr'><strong>tua</strong></span> <span class='ocrx_word' id='word_1_305' title='bbox 1116 2422 1307 2490; x_wconf 84' lang='lat' dir='ltr'><strong>(Ibid.,</strong></span> <span class='ocrx_word' id='word_1_306' title='bbox 1338 2422 1429 2494; x_wconf 86' lang='lat'><strong>5):</strong></span> <span class='ocrx_word' id='word_1_307' title='bbox 1462 2423 1794 2493; x_wconf 88' lang='lat' dir='ltr'><strong>quandoqui-</strong></span> 
     </span>
    </p>
   </div>
   <div class='ocr_carea' id='block_1_41' title="bbox 204 2510 1792 2585">
    <p class='ocr_par' dir='ltr' id='par_1_41' title="bbox 204 2510 1792 2585">
     <span class='ocr_line' id='line_1_41' title="bbox 204 2510 1792 2585; baseline 0.004 -22"><span class='ocrx_word' id='word_1_308' title='bbox 204 2510 347 2564; x_wconf 61' lang='lat' dir='ltr'><strong>dem&#39;</strong></span> <span class='ocrx_word' id='word_1_309' title='bbox 376 2511 549 2566; x_wconf 78' lang='lat' dir='ltr'><strong>divina</strong></span> <span class='ocrx_word' id='word_1_310' title='bbox 578 2513 856 2582; x_wconf 83' lang='lat' dir='ltr'><strong>Scriptura</strong></span> <span class='ocrx_word' id='word_1_311' title='bbox 888 2529 1077 2569; x_wconf 87' lang='lat' dir='ltr'><strong>omnes</strong></span> <span class='ocrx_word' id='word_1_312' title='bbox 1128 2514 1375 2570; x_wconf 87' lang='lat' dir='ltr'><strong>homines</strong></span> <span class='ocrx_word' id='word_1_313' title='bbox 1413 2515 1589 2585; x_wconf 80' lang='lat' dir='ltr'><strong>juStos</strong></span> <span class='ocrx_word' id='word_1_314' title='bbox 1618 2533 1683 2571; x_wconf 87' lang='lat' dir='ltr'><strong>ex</strong></span> <span class='ocrx_word' id='word_1_315' title='bbox 1714 2517 1792 2570; x_wconf 85' lang='lat' dir='ltr'><strong>di-</strong></span> 
     </span>
    </p>
   </div>
   <div class='ocr_carea' id='block_1_42' title="bbox 205 2601 1792 2674">
    <p class='ocr_par' dir='ltr' id='par_1_42' title="bbox 205 2601 1792 2674">
     <span class='ocr_line' id='line_1_42' title="bbox 205 2601 1792 2674; baseline 0.004 -19"><span class='ocrx_word' id='word_1_316' title='bbox 205 2602 328 2655; x_wconf 81' lang='lat' dir='ltr'><strong>vino</strong></span> <span class='ocrx_word' id='word_1_317' title='bbox 377 2601 645 2672; x_wconf 87' lang='lat' dir='ltr'><strong>adjutorio</strong></span> <span class='ocrx_word' id='word_1_318' title='bbox 673 2604 815 2659; x_wconf 89' lang='lat' dir='ltr'><strong>dicat</strong></span> <span class='ocrx_word' id='word_1_319' title='bbox 869 2604 1147 2674; x_wconf 90' lang='lat' dir='ltr'><strong>possidere</strong></span> <span class='ocrx_word' id='word_1_320' title='bbox 1188 2606 1481 2671; x_wconf 80' lang='lat' dir='ltr'><strong>virtutem;</strong></span> <span class='ocrx_word' id='word_1_321' title='bbox 1521 2606 1792 2661; x_wconf 85' lang='lat' dir='ltr'><strong>Christum</strong></span> 
     </span>
    </p>
   </div>
   <div class='ocr_carea' id='block_1_43' title="bbox 207 2696 1794 2767">
    <p class='ocr_par' dir='ltr' id='par_1_43' title="bbox 207 2696 1794 2767">
     <span class='ocr_line' id='line_1_43' title="bbox 207 2696 1794 2767; baseline 0.004 -22"><span class='ocrx_word' id='word_1_322' title='bbox 207 2708 356 2755; x_wconf 80' lang='lat' dir='ltr'><strong>vero,</strong></span> <span class='ocrx_word' id='word_1_323' title='bbox 392 2706 642 2765; x_wconf 80' lang='lat' dir='ltr'><strong>tanquam</strong></span> <span class='ocrx_word' id='word_1_324' title='bbox 668 2696 834 2752; x_wconf 90' lang='lat' dir='ltr'><strong>Deum</strong></span> <span class='ocrx_word' id='word_1_325' title='bbox 865 2706 1139 2753; x_wconf 87' lang='lat' dir='ltr'><strong>asseverat</strong></span> <span class='ocrx_word' id='word_1_326' title='bbox 1167 2698 1349 2751; x_wconf 89' lang='lat' dir='ltr'><strong>divino</strong></span> <span class='ocrx_word' id='word_1_327' title='bbox 1385 2698 1656 2767; x_wconf 89' lang='lat' dir='ltr'><strong>adjutorio</strong></span> <span class='ocrx_word' id='word_1_328' title='bbox 1688 2714 1794 2751; x_wconf 87' lang='lat' dir='ltr'><strong>non</strong></span> 
     </span>
    </p>
   </div>
   <div class='ocr_carea' id='block_1_44' title="bbox 206 2784 1797 2857">
    <p class='ocr_par' dir='ltr' id='par_1_44' title="bbox 206 2784 1797 2857">
     <span class='ocr_line' id='line_1_44' title="bbox 206 2784 1797 2857; baseline 0.004 -21"><span class='ocrx_word' id='word_1_329' title='bbox 206 2799 383 2851; x_wconf 69' lang='lat' dir='ltr'><strong>egi-re.</strong></span> <span class='ocrx_word' id='word_1_330' title='bbox 410 2784 647 2855; x_wconf 89' lang='lat' dir='ltr'><strong>Itemque</strong></span> <span class='ocrx_word' id='word_1_331' title='bbox 677 2787 901 2842; x_wconf 81' lang='lat' dir='ltr'><strong>inferius</strong></span> <span class='ocrx_word' id='word_1_332' title='bbox 929 2787 1005 2841; x_wconf 88' lang='lat' dir='ltr'><strong>ait</strong></span> <span class='ocrx_word' id='word_1_333' title='bbox 1038 2803 1051 2841; x_wconf 93' lang='lat'><strong>:</strong></span> <span class='ocrx_word' id='word_1_334' title='bbox 1100 2786 1155 2842; x_wconf 90' lang='lat' dir='ltr'><strong>Si</strong></span> <span class='ocrx_word' id='word_1_335' title='bbox 1185 2799 1363 2841; x_wconf 86' lang='lat' dir='ltr'><strong>autem</strong></span> <span class='ocrx_word' id='word_1_336' title='bbox 1415 2788 1483 2842; x_wconf 88' lang='lat' dir='ltr'><strong>de</strong></span> <span class='ocrx_word' id='word_1_337' title='bbox 1534 2802 1658 2857; x_wconf 86' lang='lat' dir='ltr'><strong>rege</strong></span> <span class='ocrx_word' id='word_1_338' title='bbox 1687 2788 1797 2842; x_wconf 90' lang='lat' dir='ltr'><strong>Deo</strong></span> 
     </span>
    </p>
   </div>
   <div class='ocr_carea' id='block_1_45' title="bbox 206 2877 1793 2950">
    <p class='ocr_par' dir='ltr' id='par_1_45' title="bbox 206 2877 1793 2950">
     <span class='ocr_line' id='line_1_45' title="bbox 206 2877 1793 2950; baseline 0.007 -26"><span class='ocrx_word' id='word_1_339' title='bbox 206 2877 361 2942; x_wconf 88' lang='lat' dir='ltr'><strong>dicit,</strong></span> <span class='ocrx_word' id='word_1_340' title='bbox 392 2878 731 2934; x_wconf 77' lang='lat' dir='ltr'><strong>manifestum</strong></span> <span class='ocrx_word' id='word_1_341' title='bbox 760 2880 1009 2950; x_wconf 86' lang='lat' dir='ltr'><strong>quoniam</strong></span> <span class='ocrx_word' id='word_1_342' title='bbox 1033 2889 1085 2934; x_wconf 92' lang='lat' dir='ltr'><strong>et</strong></span> <span class='ocrx_word' id='word_1_343' title='bbox 1115 2879 1181 2933; x_wconf 87' lang='lat' dir='ltr'><strong>de</strong></span> <span class='ocrx_word' id='word_1_344' title='bbox 1213 2880 1393 2947; x_wconf 84' lang='lat' dir='ltr'><strong>regina</strong></span> <span class='ocrx_word' id='word_1_345' title='bbox 1420 2896 1524 2933; x_wconf 89' lang='lat' dir='ltr'><strong>non</strong></span> <span class='ocrx_word' id='word_1_346' title='bbox 1549 2881 1793 2944; x_wconf 88' lang='lat' dir='ltr'><strong>muliere,</strong></span> 
     </span>
    </p>
   </div>
   <div class='ocr_carea' id='block_1_46' title="bbox 204 2966 1799 3040">
    <p class='ocr_par' dir='ltr' id='par_1_46' title="bbox 204 2966 1799 3040">
     <span class='ocr_line' id='line_1_46' title="bbox 204 2966 1799 3040; baseline 0.005 -23"><span class='ocrx_word' id='word_1_347' title='bbox 204 2966 296 3019; x_wconf 86' lang='lat' dir='ltr'><strong>sed</strong></span> <span class='ocrx_word' id='word_1_348' title='bbox 333 2967 599 3034; x_wconf 71' lang='lat' dir='ltr'><strong>Ecclesia,</strong></span> <span class='ocrx_word' id='word_1_349' title='bbox 624 2984 782 3038; x_wconf 88' lang='lat' dir='ltr'><strong>quam</strong></span> <span class='ocrx_word' id='word_1_350' title='bbox 821 2970 922 3024; x_wconf 89' lang='lat' dir='ltr'><strong>sibi</strong></span> <span class='ocrx_word' id='word_1_351' title='bbox 966 2971 1213 3025; x_wconf 77' lang='lat' dir='ltr'><strong>Clirisms</strong></span> <span class='ocrx_word' id='word_1_352' title='bbox 1247 2985 1339 3039; x_wconf 77' lang='lat' dir='ltr'><strong>per</strong></span> <span class='ocrx_word' id='word_1_353' title='bbox 1377 2972 1535 3024; x_wconf 85' lang='lat' dir='ltr'><strong>tidem</strong></span> <span class='ocrx_word' id='word_1_354' title='bbox 1567 2969 1799 3040; x_wconf 81' lang='lat' dir='ltr'><strong>despon-</strong></span> 
     </span>
    </p>
   </div>
   <div class='ocr_carea' id='block_1_47' title="bbox 208 3056 1797 3131">
    <p class='ocr_par' dir='ltr' id='par_1_47' title="bbox 208 3056 1797 3131">
     <span class='ocr_line' id='line_1_47' title="bbox 208 3056 1797 3131; baseline 0.006 -26"><span class='ocrx_word' id='word_1_355' title='bbox 208 3056 367 3119; x_wconf 77' lang='lat' dir='ltr'><strong>savit,</strong></span> <span class='ocrx_word' id='word_1_356' title='bbox 420 3072 514 3127; x_wconf 90' lang='lat' dir='ltr'><strong>per</strong></span> <span class='ocrx_word' id='word_1_357' title='bbox 553 3058 799 3114; x_wconf 82' lang='lat' dir='ltr'><strong>all&#39;ectuut</strong></span> <span class='ocrx_word' id='word_1_358' title='bbox 828 3060 1022 3115; x_wconf 81' lang='lat' dir='ltr'><strong>anima:</strong></span> <span class='ocrx_word' id='word_1_359' title='bbox 1062 3062 1269 3116; x_wconf 87' lang='lat' dir='ltr'><strong>scilicet</strong></span> <span class='ocrx_word' id='word_1_360' title='bbox 1312 3060 1413 3115; x_wconf 89' lang='lat' dir='ltr'><strong>sibi</strong></span> <span class='ocrx_word' id='word_1_361' title='bbox 1450 3060 1797 3131; x_wconf 78' lang='lat' dir='ltr'><strong>jungendum.</strong></span> 
     </span>
    </p>
   </div>
   <div class='ocr_carea' id='block_1_48' title="bbox 1892 1870 3480 1940">
    <p class='ocr_par' dir='ltr' id='par_1_48' title="bbox 1892 1870 3480 1940">
     <span class='ocr_line' id='line_1_48' title="bbox 1892 1870 3480 1940; baseline -0.002 -15"><span class='ocrx_word' id='word_1_362' title='bbox 1892 1871 2000 1925; x_wconf 90' lang='lat' dir='ltr'><strong>scis</strong></span> <span class='ocrx_word' id='word_1_363' title='bbox 2021 1886 2170 1940; x_wconf 84' lang='lat' dir='ltr'><strong>ergo,</strong></span> <span class='ocrx_word' id='word_1_364' title='bbox 2216 1870 2530 1940; x_wconf 80' lang='lat' dir='ltr'><strong>imperatur,</strong></span> <span class='ocrx_word' id='word_1_365' title='bbox 2572 1871 2824 1939; x_wconf 88' lang='lat' dir='ltr'><strong>quoniam</strong></span> <span class='ocrx_word' id='word_1_366' title='bbox 2860 1870 3121 1931; x_wconf 84' lang='lat' dir='ltr'><strong>veraciter</strong></span> <span class='ocrx_word' id='word_1_367' title='bbox 3149 1871 3480 1938; x_wconf 78' lang='lat' dir='ltr'><strong>sapientissi-</strong></span> 
     </span>
    </p>
   </div>
   <div class='ocr_carea' id='block_1_49' title="bbox 1894 1963 3478 2033">
    <p class='ocr_par' dir='ltr' id='par_1_49' title="bbox 1894 1963 3478 2033">
     <span class='ocr_line' id='line_1_49' title="bbox 1894 1963 3478 2033; baseline -0.001 -16"><span class='ocrx_word' id='word_1_368' title='bbox 1894 1978 2012 2017; x_wconf 89' lang='lat' dir='ltr'><strong>mus</strong></span> <span class='ocrx_word' id='word_1_369' title='bbox 2042 1964 2276 2018; x_wconf 86' lang='lat' dir='ltr'><strong>Joannes</strong></span> <span class='ocrx_word' id='word_1_370' title='bbox 2305 1980 2425 2018; x_wconf 90' lang='lat' dir='ltr'><strong>cum</strong></span> <span class='ocrx_word' id='word_1_371' title='bbox 2450 1964 2697 2017; x_wconf 80' lang='lat' dir='ltr'><strong>orientali</strong></span> <span class='ocrx_word' id='word_1_372' title='bbox 2728 1964 2978 2030; x_wconf 89' lang='lat' dir='ltr'><strong>concilio,</strong></span> <span class='ocrx_word' id='word_1_373' title='bbox 3024 1963 3089 2016; x_wconf 90' lang='lat' dir='ltr'><strong>ad</strong></span> <span class='ocrx_word' id='word_1_374' title='bbox 3119 1963 3327 2016; x_wconf 88' lang='lat' dir='ltr'><strong>beattttn</strong></span> <span class='ocrx_word' id='word_1_375' title='bbox 3370 1964 3478 2033; x_wconf 67' lang='lat' dir='ltr'><strong>Cy-</strong></span> 
     </span>
    </p>
   </div>
   <div class='ocr_carea' id='block_1_50' title="bbox 1893 2052 3480 2118">
    <p class='ocr_par' dir='ltr' id='par_1_50' title="bbox 1893 2052 3480 2118">
     <span class='ocr_line' id='line_1_50' title="bbox 1893 2052 3480 2118; baseline -0.001 -9"><span class='ocrx_word' id='word_1_376' title='bbox 1893 2056 2071 2109; x_wconf 87' lang='lat' dir='ltr'><strong>rillqu</strong></span> <span class='ocrx_word' id='word_1_377' title='bbox 2102 2055 2169 2108; x_wconf 89' lang='lat' dir='ltr'><strong>de</strong></span> <span class='ocrx_word' id='word_1_378' title='bbox 2198 2055 2352 2107; x_wconf 88' lang='lat' dir='ltr'><strong>beato</strong></span> <span class='ocrx_word' id='word_1_379' title='bbox 2397 2052 2681 2107; x_wconf 86' lang='lat' dir='ltr'><strong>&#39;lheodoro</strong></span> <span class='ocrx_word' id='word_1_380' title='bbox 2726 2054 2989 2118; x_wconf 81' lang='lat' dir='ltr'><strong>scribens,</strong></span> <span class='ocrx_word' id='word_1_381' title='bbox 3022 2053 3213 2105; x_wconf 76' lang='lat' dir='ltr'><strong>dixerit</strong></span> <span class='ocrx_word' id='word_1_382' title='bbox 3246 2070 3259 2106; x_wconf 89' lang='lat'><strong>:</strong></span> <span class='ocrx_word' id='word_1_383' title='bbox 3297 2073 3315 2104; x_wconf 68' lang='grc' dir='ltr'>ί</span> <span class='ocrx_word' id='word_1_384' title='bbox 3354 2053 3480 2108; x_wconf 81' lang='lat' dir='ltr'><strong>Pro-</strong></span> 
     </span>
    </p>
   </div>
   <div class='ocr_carea' id='block_1_51' title="bbox 1895 2144 3481 2214">
    <p class='ocr_par' dir='ltr' id='par_1_51' title="bbox 1895 2144 3481 2214">
     <span class='ocr_line' id='line_1_51' title="bbox 1895 2144 3481 2214; baseline -0.003 -15"><span class='ocrx_word' id='word_1_385' title='bbox 1895 2147 2127 2214; x_wconf 89' lang='lat' dir='ltr'><strong>ponebat</strong></span> <span class='ocrx_word' id='word_1_386' title='bbox 2152 2145 2291 2199; x_wconf 88' lang='lat' dir='ltr'><strong>enim</strong></span> <span class='ocrx_word' id='word_1_387' title='bbox 2321 2158 2441 2197; x_wconf 87' lang='lat' dir='ltr'><strong>enin</strong></span> <span class='ocrx_word' id='word_1_388' title='bbox 2472 2154 2614 2196; x_wconf 88' lang='lat' dir='ltr'><strong>totus</strong></span> <span class='ocrx_word' id='word_1_389' title='bbox 2642 2144 2696 2195; x_wconf 95' lang='lat' dir='ltr'><strong>in</strong></span> <span class='ocrx_word' id='word_1_390' title='bbox 2745 2158 3028 2196; x_wconf 87' lang='lat' dir='ltr'><strong>commune</strong></span> <span class='ocrx_word' id='word_1_391' title='bbox 3076 2144 3288 2206; x_wconf 84' lang='lat' dir='ltr'><strong>Uriens,</strong></span> <span class='ocrx_word' id='word_1_392' title='bbox 3343 2158 3368 2195; x_wconf 91' lang='lat' dir='ltr'><strong>s</strong></span> <span class='ocrx_word' id='word_1_393' title='bbox 3390 2155 3481 2197; x_wconf 84' lang='lat' dir='ltr'><strong>cut</strong></span> 
     </span>
    </p>
   </div>
   <div class='ocr_carea' id='block_1_52' title="bbox 1897 2235 3482 2291">
    <p class='ocr_par' dir='ltr' id='par_1_52' title="bbox 1897 2235 3482 2291">
     <span class='ocr_line' id='line_1_52' title="bbox 1897 2235 3482 2291; baseline 0 0"><span class='ocrx_word' id='word_1_394' title='bbox 1897 2239 2144 2291; x_wconf 86' lang='lat' dir='ltr'><strong>virtutem</strong></span> <span class='ocrx_word' id='word_1_395' title='bbox 2176 2237 2396 2291; x_wconf 79' lang='lat' dir='ltr'><strong>multam</strong></span> <span class='ocrx_word' id='word_1_396' title='bbox 2422 2235 2682 2290; x_wconf 71' lang='lat' dir='ltr'><strong>doctrina:</strong></span> <span class='ocrx_word' id='word_1_397' title='bbox 2711 2235 2993 2290; x_wconf 86' lang='lat' dir='ltr'><strong>habentem</strong></span> <span class='ocrx_word' id='word_1_398' title='bbox 3026 2236 3284 2290; x_wconf 74' lang='lat' dir='ltr'><strong>adVersiis</strong></span> <span class='ocrx_word' id='word_1_399' title='bbox 3313 2240 3482 2291; x_wconf 65' lang='lat' dir='ltr'><strong>lure-</strong></span> 
     </span>
    </p>
   </div>
   <div class='ocr_carea' id='block_1_53' title="bbox 1894 2331 3483 2399">
    <p class='ocr_par' dir='ltr' id='par_1_53' title="bbox 1894 2331 3483 2399">
     <span class='ocr_line' id='line_1_53' title="bbox 1894 2331 3483 2399; baseline -0.001 -14"><span class='ocrx_word' id='word_1_400' title='bbox 1894 2345 2003 2399; x_wconf 91' lang='lat' dir='ltr'><strong>ses,</strong></span> <span class='ocrx_word' id='word_1_401' title='bbox 2025 2342 2209 2386; x_wconf 88' lang='lat' dir='ltr'><strong>contra</strong></span> <span class='ocrx_word' id='word_1_402' title='bbox 2237 2345 2368 2399; x_wconf 86' lang='lat' dir='ltr'><strong>quas</strong></span> <span class='ocrx_word' id='word_1_403' title='bbox 2398 2344 2641 2399; x_wconf 78' lang='lat' dir='ltr'><strong>pugnans</strong></span> <span class='ocrx_word' id='word_1_404' title='bbox 2664 2337 2719 2385; x_wconf 90' lang='lat' dir='ltr'><strong>et</strong></span> <span class='ocrx_word' id='word_1_405' title='bbox 2742 2331 3025 2393; x_wconf 88' lang='lat' dir='ltr'><strong>dimicans,</strong></span> <span class='ocrx_word' id='word_1_406' title='bbox 3058 2332 3220 2383; x_wconf 90' lang='lat' dir='ltr'><strong>multa</strong></span> <span class='ocrx_word' id='word_1_407' title='bbox 3252 2333 3483 2399; x_wconf 85' lang='lat' dir='ltr'><strong>quadam</strong></span> 
     </span>
    </p>
   </div>
   <div class='ocr_carea' id='block_1_54' title="bbox 1895 2424 3485 2493">
    <p class='ocr_par' dir='ltr' id='par_1_54' title="bbox 1895 2424 3485 2493">
     <span class='ocr_line' id='line_1_54' title="bbox 1895 2424 3485 2493; baseline -0.003 -14"><span class='ocrx_word' id='word_1_408' title='bbox 1895 2424 2160 2479; x_wconf 84' lang='lat' dir='ltr'><strong>divisione</strong></span> <span class='ocrx_word' id='word_1_409' title='bbox 2186 2438 2313 2479; x_wconf 89' lang='lat' dir='ltr'><strong>usus</strong></span> <span class='ocrx_word' id='word_1_410' title='bbox 2344 2434 2447 2490; x_wconf 88' lang='lat' dir='ltr'><strong>est,</strong></span> <span class='ocrx_word' id='word_1_411' title='bbox 2479 2440 2583 2478; x_wconf 92' lang='lat' dir='ltr'><strong>non</strong></span> <span class='ocrx_word' id='word_1_412' title='bbox 2608 2439 2671 2479; x_wconf 85' lang='lat' dir='ltr'><strong>ex</strong></span> <span class='ocrx_word' id='word_1_413' title='bbox 2721 2438 2887 2493; x_wconf 82' lang='lat' dir='ltr'><strong>pravo</strong></span> <span class='ocrx_word' id='word_1_414' title='bbox 2937 2424 3208 2478; x_wconf 85' lang='lat' dir='ltr'><strong>intellecm</strong></span> <span class='ocrx_word' id='word_1_415' title='bbox 3236 2424 3485 2489; x_wconf 54' lang='lat' dir='ltr'><strong>veniens,</strong></span> 
     </span>
    </p>
   </div>
   <div class='ocr_carea' id='block_1_55' title="bbox 1896 2514 3484 2584">
    <p class='ocr_par' dir='ltr' id='par_1_55' title="bbox 1896 2514 3484 2584">
     <span class='ocr_line' id='line_1_55' title="bbox 1896 2514 3484 2584; baseline -0.001 -14"><span class='ocrx_word' id='word_1_416' title='bbox 1896 2518 1991 2571; x_wconf 90' lang='lat' dir='ltr'><strong>sed</strong></span> <span class='ocrx_word' id='word_1_417' title='bbox 2021 2516 2291 2573; x_wconf 76' lang='lat' dir='ltr'><strong>efﬁcacius</strong></span> <span class='ocrx_word' id='word_1_418' title='bbox 2320 2516 2577 2571; x_wconf 85' lang='lat' dir='ltr'><strong>adversus</strong></span> <span class='ocrx_word' id='word_1_419' title='bbox 2607 2517 2887 2571; x_wconf 70' lang='lat' dir='ltr'><strong>lia-retices</strong></span> <span class='ocrx_word' id='word_1_420' title='bbox 2911 2516 3004 2569; x_wconf 91' lang='lat' dir='ltr'><strong>illo</strong></span> <span class='ocrx_word' id='word_1_421' title='bbox 3027 2517 3184 2569; x_wconf 89' lang='lat' dir='ltr'><strong>modo</strong></span> <span class='ocrx_word' id='word_1_422' title='bbox 3203 2518 3289 2568; x_wconf 86' lang='lat' dir='ltr'><strong>.uti</strong></span> <span class='ocrx_word' id='word_1_423' title='bbox 3315 2531 3374 2569; x_wconf 84' lang='lat' dir='ltr'><strong>se</strong></span> <span class='ocrx_word' id='word_1_424' title='bbox 3398 2514 3484 2584; x_wconf 73' lang='lat' dir='ltr'><strong>ju~</strong></span> 
     </span>
    </p>
   </div>
   <div class='ocr_carea' id='block_1_56' title="bbox 1897 2608 3484 2679">
    <p class='ocr_par' dir='ltr' id='par_1_56' title="bbox 1897 2608 3484 2679">
     <span class='ocr_line' id='line_1_56' title="bbox 1897 2608 3484 2679; baseline -0.002 -15"><span class='ocrx_word' id='word_1_425' title='bbox 1897 2611 2102 2664; x_wconf 88' lang='lat' dir='ltr'><strong>dicans.</strong></span> <span class='ocrx_word' id='word_1_426' title='bbox 2148 2609 2330 2679; x_wconf 84' lang='lat' dir='ltr'><strong>Neque</strong></span> <span class='ocrx_word' id='word_1_427' title='bbox 2361 2610 2618 2664; x_wconf 87' lang='lat' dir='ltr'><strong>unitatem</strong></span> <span class='ocrx_word' id='word_1_428' title='bbox 2664 2624 2929 2662; x_wconf 87' lang='lat' dir='ltr'><strong>summam</strong></span> <span class='ocrx_word' id='word_1_429' title='bbox 2980 2608 3229 2679; x_wconf 73' lang='lat' dir='ltr'><strong>ignorans</strong></span> <span class='ocrx_word' id='word_1_430' title='bbox 3261 2611 3341 2663; x_wconf 77' lang='lat' dir='ltr'><strong>vel</strong></span> <span class='ocrx_word' id='word_1_431' title='bbox 3389 2624 3484 2661; x_wconf 79' lang='lat' dir='ltr'><strong>ne-</strong></span> 
     </span>
    </p>
   </div>
   <div class='ocr_carea' id='block_1_57' title="bbox 1897 2698 3487 2771">
    <p class='ocr_par' dir='ltr' id='par_1_57' title="bbox 1897 2698 3487 2771">
     <span class='ocr_line' id='line_1_57' title="bbox 1897 2698 3487 2771; baseline 0.001 -18"><span class='ocrx_word' id='word_1_432' title='bbox 1897 2715 2051 2771; x_wconf 88' lang='lat' dir='ltr'><strong>gans,</strong></span> <span class='ocrx_word' id='word_1_433' title='bbox 2084 2701 2242 2767; x_wconf 79' lang='lat' dir='ltr'><strong>absit,</strong></span> <span class='ocrx_word' id='word_1_434' title='bbox 2279 2702 2417 2770; x_wconf 72' lang='lat' dir='ltr'><strong>pit-ni</strong></span> <span class='ocrx_word' id='word_1_435' title='bbox 2448 2703 2589 2756; x_wconf 90' lang='lat' dir='ltr'><strong>enim</strong></span> <span class='ocrx_word' id='word_1_436' title='bbox 2620 2698 2924 2770; x_wconf 82' lang='lat' dir='ltr'><strong>hujusn&#39;iodi</strong></span> <span class='ocrx_word' id='word_1_437' title='bbox 2976 2711 3099 2755; x_wconf 88' lang='lat' dir='ltr'><strong>sunt</strong></span> <span class='ocrx_word' id='word_1_438' title='bbox 3154 2715 3340 2755; x_wconf 89' lang='lat' dir='ltr'><strong>omnes</strong></span> <span class='ocrx_word' id='word_1_439' title='bbox 3369 2701 3487 2770; x_wconf 84' lang='lat' dir='ltr'><strong>ejus</strong></span> 
     </span>
    </p>
   </div>
   <div class='ocr_carea' id='block_1_58' title="bbox 1901 2793 3481 2863">
    <p class='ocr_par' dir='ltr' id='par_1_58' title="bbox 1901 2793 3481 2863">
     <span class='ocr_line' id='line_1_58' title="bbox 1901 2793 3481 2863; baseline -0.002 -15"><span class='ocrx_word' id='word_1_440' title='bbox 1901 2795 2056 2859; x_wconf 88' lang='lat' dir='ltr'><strong>libri;</strong></span> <span class='ocrx_word' id='word_1_441' title='bbox 2088 2793 2183 2848; x_wconf 90' lang='lat' dir='ltr'><strong>sed</strong></span> <span class='ocrx_word' id='word_1_442' title='bbox 2210 2801 2521 2848; x_wconf 85' lang='lat' dir='ltr'><strong>naturarum</strong></span> <span class='ocrx_word' id='word_1_443' title='bbox 2554 2796 2930 2863; x_wconf 89' lang='lat' dir='ltr'><strong>proprietatem</strong></span> <span class='ocrx_word' id='word_1_444' title='bbox 2960 2793 3187 2861; x_wconf 87' lang='lat' dir='ltr'><strong>amplius</strong></span> <span class='ocrx_word' id='word_1_445' title='bbox 3214 2793 3481 2857; x_wconf 87' lang='lat' dir='ltr'><strong>dividens,</strong></span> 
     </span>
    </p>
   </div>
   <div class='ocr_carea' id='block_1_59' title="bbox 1901 2886 3487 2958">
    <p class='ocr_par' dir='ltr' id='par_1_59' title="bbox 1901 2886 3487 2958">
     <span class='ocr_line' id='line_1_59' title="bbox 1901 2886 3487 2958; baseline -0.002 -17"><span class='ocrx_word' id='word_1_446' title='bbox 1901 2888 2039 2943; x_wconf 90' lang='lat' dir='ltr'><strong>sicut</strong></span> <span class='ocrx_word' id='word_1_447' title='bbox 2083 2888 2131 2942; x_wconf 91' lang='lat' dir='ltr'><strong>ei</strong></span> <span class='ocrx_word' id='word_1_448' title='bbox 2162 2902 2335 2958; x_wconf 86' lang='lat' dir='ltr'><strong>pugna</strong></span> <span class='ocrx_word' id='word_1_449' title='bbox 2362 2903 2519 2956; x_wconf 84' lang='lat' dir='ltr'><strong>quam</strong></span> <span class='ocrx_word' id='word_1_450' title='bbox 2549 2888 2805 2941; x_wconf 87' lang='lat' dir='ltr'><strong>adversus</strong></span> <span class='ocrx_word' id='word_1_451' title='bbox 2837 2886 3121 2939; x_wconf 70' lang='lat' dir='ltr'><strong>haereticos</strong></span> <span class='ocrx_word' id='word_1_452' title='bbox 3150 2886 3353 2949; x_wconf 87' lang='lat' dir='ltr'><strong>habuit,</strong></span> <span class='ocrx_word' id='word_1_453' title='bbox 3406 2888 3487 2938; x_wconf 72' lang='lat' dir='ltr'><strong>ra-</strong></span> 
     </span>
    </p>
   </div>
   <div class='ocr_carea' id='block_1_60' title="bbox 1900 2974 3488 3045">
    <p class='ocr_par' dir='ltr' id='par_1_60' title="bbox 1900 2974 3488 3045">
     <span class='ocr_line' id='line_1_60' title="bbox 1900 2974 3488 3045; baseline -0.004 -12"><span class='ocrx_word' id='word_1_454' title='bbox 1900 2979 2148 3034; x_wconf 89' lang='lat' dir='ltr'><strong>ciendum</strong></span> <span class='ocrx_word' id='word_1_455' title='bbox 2170 2978 2424 3032; x_wconf 85' lang='lat' dir='ltr'><strong>dictabat.</strong></span> <span class='ocrx_word' id='word_1_456' title='bbox 2459 2996 2477 3028; x_wconf 75' lang='lat'><strong>)</strong></span> <span class='ocrx_word' id='word_1_457' title='bbox 2509 2977 2635 3045; x_wconf 87' lang='lat' dir='ltr'><strong>Quis</strong></span> <span class='ocrx_word' id='word_1_458' title='bbox 2661 2977 2801 3030; x_wconf 87' lang='lat' dir='ltr'><strong>enim</strong></span> <span class='ocrx_word' id='word_1_459' title='bbox 2829 2990 2891 3028; x_wconf 76' lang='lat' dir='ltr'><strong>ex</strong></span> <span class='ocrx_word' id='word_1_460' title='bbox 2919 2974 3000 3029; x_wconf 91' lang='lat' dir='ltr'><strong>his</strong></span> <span class='ocrx_word' id='word_1_461' title='bbox 3026 2989 3145 3042; x_wconf 73' lang='lat' dir='ltr'><strong>qua:</strong></span> <span class='ocrx_word' id='word_1_462' title='bbox 3169 2976 3488 3028; x_wconf 86' lang='lat' dir='ltr'><strong>memoravi-</strong></span> 
     </span>
    </p>
   </div>
   <div class='ocr_carea' id='block_1_61' title="bbox 1906 3065 3487 3141">
    <p class='ocr_par' dir='ltr' id='par_1_61' title="bbox 1906 3065 3487 3141">
     <span class='ocr_line' id='line_1_61' title="bbox 1906 3065 3487 3141; baseline -0.004 -15"><span class='ocrx_word' id='word_1_463' title='bbox 1906 3087 2025 3126; x_wconf 88' lang='lat' dir='ltr'><strong>mus</strong></span> <span class='ocrx_word' id='word_1_464' title='bbox 2056 3088 2159 3126; x_wconf 89' lang='lat' dir='ltr'><strong>non</strong></span> <span class='ocrx_word' id='word_1_465' title='bbox 2188 3080 2497 3141; x_wconf 84' lang='lat' dir='ltr'><strong>cognoscat,</strong></span> <span class='ocrx_word' id='word_1_466' title='bbox 2530 3068 2673 3137; x_wconf 91' lang='lat' dir='ltr'><strong>quod</strong></span> <span class='ocrx_word' id='word_1_467' title='bbox 2702 3081 2889 3121; x_wconf 90' lang='lat' dir='ltr'><strong>omnes</strong></span> <span class='ocrx_word' id='word_1_468' title='bbox 2918 3066 3039 3119; x_wconf 92' lang='lat' dir='ltr'><strong>libri</strong></span> <span class='ocrx_word' id='word_1_469' title='bbox 3082 3065 3349 3119; x_wconf 86' lang='lat' dir='ltr'><strong>Theodori</strong></span> <span class='ocrx_word' id='word_1_470' title='bbox 3392 3066 3487 3119; x_wconf 43' lang='lat' dir='ltr'><strong>hu‘</strong></span> 
     </span>
    </p>
   </div>
   <div class='ocr_carea' id='block_1_62' title="bbox 210 3145 3489 3232">
    <p class='ocr_par' dir='ltr' id='par_1_62' title="bbox 210 3145 3489 3232">
     <span class='ocr_line' id='line_1_62' title="bbox 210 3145 3489 3232; baseline 0.003 -31"><span class='ocrx_word' id='word_1_471' title='bbox 210 3145 383 3216; x_wconf 75' lang='lat' dir='ltr'><strong>thue</strong></span> <span class='ocrx_word' id='word_1_472' title='bbox 412 3160 738 3205; x_wconf 84' lang='lat' dir='ltr'><strong>monstraret</strong></span> <span class='ocrx_word' id='word_1_473' title='bbox 779 3152 972 3207; x_wconf 90' lang='lat' dir='ltr'><strong>iterum</strong></span> <span class='ocrx_word' id='word_1_474' title='bbox 997 3152 1140 3222; x_wconf 86' lang='lat' dir='ltr'><strong>quod</strong></span> <span class='ocrx_word' id='word_1_475' title='bbox 1178 3152 1449 3208; x_wconf 80' lang='lat' dir='ltr'><strong>Christum</strong></span> <span class='ocrx_word' id='word_1_476' title='bbox 1480 3155 1643 3209; x_wconf 87' lang='lat' dir='ltr'><strong>Deum</strong></span> <span class='ocrx_word' id='word_1_477' title='bbox 1673 3170 1797 3211; x_wconf 86' lang='lat' dir='ltr'><strong>cre-</strong></span> <span class='ocrx_word' id='word_1_478' title='bbox 1828 3157 1872 3217; x_wconf 89' lang='lat' dir='ltr'><strong>C</strong></span> <span class='ocrx_word' id='word_1_479' title='bbox 1905 3162 2137 3232; x_wconf 88' lang='lat' dir='ltr'><strong>jusmudi</strong></span> <span class='ocrx_word' id='word_1_480' title='bbox 2169 3161 2449 3217; x_wconf 87' lang='lat' dir='ltr'><strong>sententiis</strong></span> <span class='ocrx_word' id='word_1_481' title='bbox 2476 3159 2617 3229; x_wconf 91' lang='lat' dir='ltr'><strong>pleni</strong></span> <span class='ocrx_word' id='word_1_482' title='bbox 2646 3160 2774 3224; x_wconf 91' lang='lat' dir='ltr'><strong>sint,</strong></span> <span class='ocrx_word' id='word_1_483' title='bbox 2805 3173 2924 3211; x_wconf 86' lang='lat' dir='ltr'><strong>cum</strong></span> <span class='ocrx_word' id='word_1_484' title='bbox 2947 3171 3010 3211; x_wconf 85' lang='lat' dir='ltr'><strong>ex</strong></span> <span class='ocrx_word' id='word_1_485' title='bbox 3042 3170 3147 3209; x_wconf 87' lang='lat' dir='ltr'><strong>uno</strong></span> <span class='ocrx_word' id='word_1_486' title='bbox 3170 3157 3489 3224; x_wconf 86' lang='lat' dir='ltr'><strong>scriptorum</strong></span> 
     </span>
    </p>
   </div>
   <div class='ocr_carea' id='block_1_63' title="bbox 210 3238 1792 3313">
    <p class='ocr_par' dir='ltr' id='par_1_63' title="bbox 210 3238 1792 3313">
     <span class='ocr_line' id='line_1_63' title="bbox 210 3238 1792 3313; baseline 0.008 -24"><span class='ocrx_word' id='word_1_487' title='bbox 210 3238 393 3293; x_wconf 87' lang='lat' dir='ltr'><strong>deret:</strong></span> <span class='ocrx_word' id='word_1_488' title='bbox 436 3239 669 3305; x_wconf 71' lang='lat' dir='ltr'><strong>Etenim,</strong></span> <span class='ocrx_word' id='word_1_489' title='bbox 701 3242 889 3311; x_wconf 89' lang='lat' dir='ltr'><strong>inquit,</strong></span> <span class='ocrx_word' id='word_1_490' title='bbox 932 3244 1094 3297; x_wconf 87' lang='lat' dir='ltr'><strong>moris</strong></span> <span class='ocrx_word' id='word_1_491' title='bbox 1120 3256 1203 3298; x_wconf 90' lang='lat' dir='ltr'><strong>est</strong></span> <span class='ocrx_word' id='word_1_492' title='bbox 1246 3243 1538 3313; x_wconf 77' lang='lat' dir='ltr'><strong>Scriptor-ae</strong></span> <span class='ocrx_word' id='word_1_493' title='bbox 1577 3247 1792 3311; x_wconf 67' lang='lat' dir='ltr'><strong>divinae,</strong></span> 
     </span>
    </p>
   </div>
   <div class='ocr_carea' id='block_1_64' title="bbox 211 3332 1798 3405">
    <p class='ocr_par' dir='ltr' id='par_1_64' title="bbox 211 3332 1798 3405">
     <span class='ocr_line' id='line_1_64' title="bbox 211 3332 1798 3405; baseline 0.005 -24"><span class='ocrx_word' id='word_1_494' title='bbox 211 3345 301 3384; x_wconf 87' lang='lat' dir='ltr'><strong>eos</strong></span> <span class='ocrx_word' id='word_1_495' title='bbox 335 3332 427 3400; x_wconf 89' lang='lat' dir='ltr'><strong>qui</strong></span> <span class='ocrx_word' id='word_1_496' title='bbox 460 3347 553 3398; x_wconf 86' lang='lat' dir='ltr'><strong>per</strong></span> <span class='ocrx_word' id='word_1_497' title='bbox 593 3334 872 3388; x_wconf 81' lang='lat' dir='ltr'><strong>scientiam</strong></span> <span class='ocrx_word' id='word_1_498' title='bbox 917 3333 1282 3404; x_wconf 79' lang='lat' dir='ltr'><strong>adjungnntur</strong></span> <span class='ocrx_word' id='word_1_499' title='bbox 1340 3333 1469 3402; x_wconf 89' lang='lat' dir='ltr'><strong>Deo,</strong></span> <span class='ocrx_word' id='word_1_500' title='bbox 1513 3336 1798 3405; x_wconf 76' lang='lat' dir='ltr'><strong>coajugem</strong></span> 
     </span>
    </p>
   </div>
   <div class='ocr_carea' id='block_1_65' title="bbox 214 3427 1800 3499">
    <p class='ocr_par' dir='ltr' id='par_1_65' title="bbox 214 3427 1800 3499">
     <span class='ocr_line' id='line_1_65' title="bbox 214 3427 1800 3499; baseline 0.003 -19"><span class='ocrx_word' id='word_1_501' title='bbox 214 3427 325 3494; x_wconf 85' lang='lat' dir='ltr'><strong>rjus</strong></span> <span class='ocrx_word' id='word_1_502' title='bbox 369 3443 589 3491; x_wconf 88' lang='lat' dir='ltr'><strong>vocare,</strong></span> <span class='ocrx_word' id='word_1_503' title='bbox 626 3428 692 3481; x_wconf 90' lang='lat' dir='ltr'><strong>ad</strong></span> <span class='ocrx_word' id='word_1_504' title='bbox 739 3428 1126 3484; x_wconf 76' lang='lat' dir='ltr'><strong>ostendendam</strong></span> <span class='ocrx_word' id='word_1_505' title='bbox 1177 3444 1362 3483; x_wconf 86' lang='lat' dir='ltr'><strong>eorum</strong></span> <span class='ocrx_word' id='word_1_506' title='bbox 1393 3445 1514 3482; x_wconf 84' lang='lat' dir='ltr'><strong>cum</strong></span> <span class='ocrx_word' id='word_1_507' title='bbox 1549 3430 1656 3484; x_wconf 88' lang='lat' dir='ltr'><strong>Deo</strong></span> <span class='ocrx_word' id='word_1_508' title='bbox 1686 3430 1800 3499; x_wconf 80' lang='lat' dir='ltr'><strong>ple-</strong></span> 
     </span>
    </p>
   </div>
   <div class='ocr_carea' id='block_1_66' title="bbox 221 3520 1800 3590">
    <p class='ocr_par' dir='ltr' id='par_1_66' title="bbox 221 3520 1800 3590">
     <span class='ocr_line' id='line_1_66' title="bbox 221 3520 1800 3590; baseline 0.003 -20"><span class='ocrx_word' id='word_1_509' title='bbox 221 3520 501 3574; x_wconf 80' lang='lat' dir='ltr'><strong>nissitnatn</strong></span> <span class='ocrx_word' id='word_1_510' title='bbox 548 3520 943 3589; x_wconf 85' lang='lat' dir='ltr'><strong>copulationem</strong></span> <span class='ocrx_word' id='word_1_511' title='bbox 976 3535 992 3573; x_wconf 86' lang='lat'><strong>:</strong></span> <span class='ocrx_word' id='word_1_512' title='bbox 1030 3521 1194 3575; x_wconf 89' lang='lat' dir='ltr'><strong>Deum</strong></span> <span class='ocrx_word' id='word_1_513' title='bbox 1243 3522 1596 3590; x_wconf 83' lang='lat' dir='ltr'><strong>prOnuntians</strong></span> <span class='ocrx_word' id='word_1_514' title='bbox 1638 3536 1800 3590; x_wconf 88' lang='lat' dir='ltr'><strong>quem</strong></span> 
     </span>
    </p>
   </div>
   <div class='ocr_carea' id='block_1_67' title="bbox 214 3611 1802 3680">
    <p class='ocr_par' dir='ltr' id='par_1_67' title="bbox 214 3611 1802 3680">
     <span class='ocr_line' id='line_1_67' title="bbox 214 3611 1802 3680; baseline 0.002 -16"><span class='ocrx_word' id='word_1_515' title='bbox 214 3612 468 3680; x_wconf 79' lang='lat' dir='ltr'><strong>Superius</strong></span> <span class='ocrx_word' id='word_1_516' title='bbox 495 3611 763 3667; x_wconf 88' lang='lat' dir='ltr'><strong>Christunt</strong></span> <span class='ocrx_word' id='word_1_517' title='bbox 789 3614 941 3668; x_wconf 75' lang='lat' dir='ltr'><strong>dixit.</strong></span> <span class='ocrx_word' id='word_1_518' title='bbox 986 3613 1111 3667; x_wconf 84' lang='lat' dir='ltr'><strong>ideo</strong></span> <span class='ocrx_word' id='word_1_519' title='bbox 1157 3615 1231 3667; x_wconf 90' lang='lat' dir='ltr'><strong>ait</strong></span> <span class='ocrx_word' id='word_1_520' title='bbox 1277 3624 1332 3667; x_wconf 90' lang='lat' dir='ltr'><strong>et</strong></span> <span class='ocrx_word' id='word_1_521' title='bbox 1382 3613 1625 3677; x_wconf 78' lang='lat' dir='ltr'><strong>inferius,</strong></span> <span class='ocrx_word' id='word_1_522' title='bbox 1659 3613 1802 3679; x_wconf 89' lang='lat' dir='ltr'><strong>quod</strong></span> 
     </span>
    </p>
   </div>
   <div class='ocr_carea' id='block_1_68' title="bbox 215 3704 1799 3775">
    <p class='ocr_par' dir='ltr' id='par_1_68' title="bbox 215 3704 1799 3775">
     <span class='ocr_line' id='line_1_68' title="bbox 215 3704 1799 3775; baseline -0.001 -16"><span class='ocrx_word' id='word_1_523' title='bbox 215 3721 430 3773; x_wconf 68' lang='lat' dir='ltr'><strong>Semper</strong></span> <span class='ocrx_word' id='word_1_524' title='bbox 483 3706 573 3761; x_wconf 90' lang='lat' dir='ltr'><strong>Dei</strong></span> <span class='ocrx_word' id='word_1_525' title='bbox 619 3707 814 3775; x_wconf 80' lang='lat' dir='ltr'><strong>conjux</strong></span> <span class='ocrx_word' id='word_1_526' title='bbox 865 3704 1072 3762; x_wconf 88' lang='lat' dir='ltr'><strong>dicatur</strong></span> <span class='ocrx_word' id='word_1_527' title='bbox 1131 3706 1472 3775; x_wconf 77' lang='lat' dir='ltr'><strong>congregatio</strong></span> <span class='ocrx_word' id='word_1_528' title='bbox 1504 3706 1799 3773; x_wconf 89' lang='lat' dir='ltr'><strong>hominum,</strong></span> 
     </span>
    </p>
   </div>
   <div class='ocr_carea' id='block_1_69' title="bbox 217 3793 1806 3864">
    <p class='ocr_par' dir='ltr' id='par_1_69' title="bbox 217 3793 1806 3864">
     <span class='ocr_line' id='line_1_69' title="bbox 217 3793 1806 3864; baseline 0.002 -20"><span class='ocrx_word' id='word_1_529' title='bbox 217 3797 300 3862; x_wconf 83' lang='lat' dir='ltr'><strong>qui</strong></span> <span class='ocrx_word' id='word_1_530' title='bbox 330 3798 377 3847; x_wconf 89' lang='lat' dir='ltr'><strong>ei</strong></span> <span class='ocrx_word' id='word_1_531' title='bbox 412 3793 465 3847; x_wconf 92' lang='lat' dir='ltr'><strong>in</strong></span> <span class='ocrx_word' id='word_1_532' title='bbox 494 3795 713 3849; x_wconf 66' lang='lat' dir='ltr'><strong>st-icntia</strong></span> <span class='ocrx_word' id='word_1_533' title='bbox 737 3795 1081 3864; x_wconf 86' lang='lat' dir='ltr'><strong>c0pulantur.</strong></span> <span class='ocrx_word' id='word_1_534' title='bbox 1116 3795 1247 3862; x_wconf 85' lang='lat' dir='ltr'><strong>Quia</strong></span> <span class='ocrx_word' id='word_1_535' title='bbox 1280 3810 1411 3849; x_wconf 86' lang='lat' dir='ltr'><strong>vero</strong></span> <span class='ocrx_word' id='word_1_536' title='bbox 1436 3809 1541 3849; x_wconf 92' lang='lat' dir='ltr'><strong>non</strong></span> <span class='ocrx_word' id='word_1_537' title='bbox 1582 3803 1806 3849; x_wconf 86' lang='lat' dir='ltr'><strong>evacuat</strong></span> 
     </span>
    </p>
   </div>
   <div class='ocr_carea' id='block_1_70' title="bbox 217 3886 1804 3956">
    <p class='ocr_par' dir='ltr' id='par_1_70' title="bbox 217 3886 1804 3956">
     <span class='ocr_line' id='line_1_70' title="bbox 217 3886 1804 3956; baseline 0 -18"><span class='ocrx_word' id='word_1_538' title='bbox 217 3901 407 3940; x_wconf 78' lang='lat' dir='ltr'><strong>omnes</strong></span> <span class='ocrx_word' id='word_1_539' title='bbox 454 3886 504 3941; x_wconf 86' lang='lat' dir='ltr'><strong>in</strong></span> <span class='ocrx_word' id='word_1_540' title='bbox 553 3887 824 3943; x_wconf 77' lang='lat' dir='ltr'><strong>Christum</strong></span> <span class='ocrx_word' id='word_1_541' title='bbox 867 3888 1032 3942; x_wconf 78' lang='lat' dir='ltr'><strong>iactas</strong></span> <span class='ocrx_word' id='word_1_542' title='bbox 1084 3886 1414 3956; x_wconf 84' lang='lat' dir='ltr'><strong>propltetias,</strong></span> <span class='ocrx_word' id='word_1_543' title='bbox 1460 3901 1527 3943; x_wconf 81' lang='lat' dir='ltr'><strong>ex</strong></span> <span class='ocrx_word' id='word_1_544' title='bbox 1568 3901 1635 3942; x_wconf 89' lang='lat' dir='ltr'><strong>eo</strong></span> <span class='ocrx_word' id='word_1_545' title='bbox 1693 3901 1804 3940; x_wconf 83' lang='lat' dir='ltr'><strong>ma-</strong></span> 
     </span>
    </p>
   </div>
   <div class='ocr_carea' id='block_1_71' title="bbox 218 3976 1807 4047">
    <p class='ocr_par' dir='ltr' id='par_1_71' title="bbox 218 3976 1807 4047">
     <span class='ocr_line' id='line_1_71' title="bbox 218 3976 1807 4047; baseline 0 -18"><span class='ocrx_word' id='word_1_546' title='bbox 218 3977 478 4032; x_wconf 72' lang='lat' dir='ltr'><strong>nifestum</strong></span> <span class='ocrx_word' id='word_1_547' title='bbox 511 3988 592 4032; x_wconf 88' lang='lat' dir='ltr'><strong>cst</strong></span> <span class='ocrx_word' id='word_1_548' title='bbox 624 3979 764 4047; x_wconf 89' lang='lat' dir='ltr'><strong>quod</strong></span> <span class='ocrx_word' id='word_1_549' title='bbox 797 3978 933 4032; x_wconf 87' lang='lat' dir='ltr'><strong>hanc</strong></span> <span class='ocrx_word' id='word_1_550' title='bbox 979 3978 1148 4047; x_wconf 77' lang='lat' dir='ltr'><strong>ipsum</strong></span> <span class='ocrx_word' id='word_1_551' title='bbox 1194 3977 1528 4045; x_wconf 62' lang='lat' dir='ltr'><strong>irophetiani</strong></span> <span class='ocrx_word' id='word_1_552' title='bbox 1564 3977 1615 4031; x_wconf 91' lang='lat' dir='ltr'><strong>in</strong></span> <span class='ocrx_word' id='word_1_553' title='bbox 1655 3976 1807 4030; x_wconf 88' lang='lat' dir='ltr'><strong>Chri-</strong></span> 
     </span>
    </p>
   </div>
   <div class='ocr_carea' id='block_1_72' title="bbox 212 4069 1809 4142">
    <p class='ocr_par' dir='ltr' id='par_1_72' title="bbox 212 4069 1809 4142">
     <span class='ocr_line' id='line_1_72' title="bbox 212 4069 1809 4142; baseline -0.002 -17"><span class='ocrx_word' id='word_1_554' title='bbox 212 4082 360 4126; x_wconf 62' lang='lat' dir='ltr'><strong>stum</strong></span> <span class='ocrx_word' id='word_1_555' title='bbox 409 4086 531 4127; x_wconf 79' lang='lat' dir='ltr'><strong>csse</strong></span> <span class='ocrx_word' id='word_1_556' title='bbox 582 4073 777 4128; x_wconf 82' lang='lat' dir='ltr'><strong>dictant</strong></span> <span class='ocrx_word' id='word_1_557' title='bbox 831 4082 884 4127; x_wconf 85' lang='lat' dir='ltr'><strong>et</strong></span> <span class='ocrx_word' id='word_1_558' title='bbox 942 4072 992 4127; x_wconf 87' lang='lat' dir='ltr'><strong>in</strong></span> <span class='ocrx_word' id='word_1_559' title='bbox 1055 4069 1341 4142; x_wconf 81' lang='lat' dir='ltr'><strong>conjugetn</strong></span> <span class='ocrx_word' id='word_1_560' title='bbox 1389 4072 1508 4138; x_wconf 85' lang='lat' dir='ltr'><strong>ejtzs</strong></span> <span class='ocrx_word' id='word_1_561' title='bbox 1558 4072 1578 4100; x_wconf 80' lang='grc'>¹</span> <span class='ocrx_word' id='word_1_562' title='bbox 1640 4070 1809 4124; x_wconf 87' lang='lat' dir='ltr'><strong>conli-</strong></span> 
     </span>
    </p>
   </div>
   <div class='ocr_carea' id='block_1_73' title="bbox 218 4159 1812 4234">
    <p class='ocr_par' dir='ltr' id='par_1_73' title="bbox 218 4159 1812 4234">
     <span class='ocr_line' id='line_1_73' title="bbox 218 4159 1812 4234; baseline -0.001 -20"><span class='ocrx_word' id='word_1_563' title='bbox 218 4170 385 4217; x_wconf 77' lang='lat' dir='ltr'><strong>tetur.</strong></span> <span class='ocrx_word' id='word_1_564' title='bbox 416 4164 600 4219; x_wconf 90' lang='lat' dir='ltr'><strong>Denuo</strong></span> <span class='ocrx_word' id='word_1_565' title='bbox 649 4180 859 4234; x_wconf 75' lang='lat' dir='ltr'><strong>quoque</strong></span> <span class='ocrx_word' id='word_1_566' title='bbox 901 4164 1178 4232; x_wconf 88' lang='lat' dir='ltr'><strong>sequentia</strong></span> <span class='ocrx_word' id='word_1_567' title='bbox 1219 4161 1459 4229; x_wconf 88' lang='lat' dir='ltr'><strong>ejusdem</strong></span> <span class='ocrx_word' id='word_1_568' title='bbox 1491 4159 1679 4228; x_wconf 89' lang='lat' dir='ltr'><strong>psalmi</strong></span> <span class='ocrx_word' id='word_1_569' title='bbox 1727 4160 1812 4213; x_wconf 87' lang='lat' dir='ltr'><strong>in-</strong></span> 
     </span>
    </p>
   </div>
   <div class='ocr_carea' id='block_1_74' title="bbox 218 4250 1813 4327">
    <p class='ocr_par' dir='ltr' id='par_1_74' title="bbox 218 4250 1813 4327">
     <span class='ocr_line' id='line_1_74' title="bbox 218 4250 1813 4327; baseline -0.001 -20"><span class='ocrx_word' id='word_1_570' title='bbox 218 4268 366 4327; x_wconf 89' lang='lat' dir='ltr'><strong>terpr</strong></span> <span class='ocrx_word' id='word_1_571' title='bbox 404 4266 520 4311; x_wconf 80' lang='lat' dir='ltr'><strong>tans</strong></span> <span class='ocrx_word' id='word_1_572' title='bbox 574 4256 743 4311; x_wconf 86' lang='lat' dir='ltr'><strong>dicit:</strong></span> <span class='ocrx_word' id='word_1_573' title='bbox 806 4255 1080 4327; x_wconf 79' lang='lat' dir='ltr'><strong>PrOpterea</strong></span> <span class='ocrx_word' id='word_1_574' title='bbox 1134 4255 1282 4308; x_wconf 72' lang='lat' dir='ltr'><strong>unxit</strong></span> <span class='ocrx_word' id='word_1_575' title='bbox 1330 4263 1377 4308; x_wconf 86' lang='lat' dir='ltr'><strong>te</strong></span> <span class='ocrx_word' id='word_1_576' title='bbox 1444 4250 1622 4319; x_wconf 79' lang='lat' dir='ltr'><strong>Deus,</strong></span> <span class='ocrx_word' id='word_1_577' title='bbox 1674 4251 1813 4306; x_wconf 85' lang='lat' dir='ltr'><strong>Deus</strong></span> 
     </span>
    </p>
   </div>
   <div class='ocr_carea' id='block_1_75' title="bbox 217 4343 1814 4415">
    <p class='ocr_par' dir='ltr' id='par_1_75' title="bbox 217 4343 1814 4415">
     <span class='ocr_line' id='line_1_75' title="bbox 217 4343 1814 4415; baseline -0.001 -18"><span class='ocrx_word' id='word_1_578' title='bbox 217 4358 339 4399; x_wconf 80' lang='lat' dir='ltr'><strong>tuus</strong></span> <span class='ocrx_word' id='word_1_579' title='bbox 370 4346 546 4410; x_wconf 81' lang='lat' dir='ltr'><strong>(ibid.,</strong></span> <span class='ocrx_word' id='word_1_580' title='bbox 573 4344 651 4415; x_wconf 76' lang='lat'><strong>8).</strong></span> <span class='ocrx_word' id='word_1_581' title='bbox 714 4347 786 4400; x_wconf 91' lang='lat' dir='ltr'><strong>De</strong></span> <span class='ocrx_word' id='word_1_582' title='bbox 816 4346 923 4401; x_wconf 89' lang='lat' dir='ltr'><strong>Deo</strong></span> <span class='ocrx_word' id='word_1_583' title='bbox 962 4358 1090 4401; x_wconf 87' lang='lat' dir='ltr'><strong>vero</strong></span> <span class='ocrx_word' id='word_1_584' title='bbox 1138 4344 1254 4399; x_wconf 75' lang='lat' dir='ltr'><strong>haec</strong></span> <span class='ocrx_word' id='word_1_585' title='bbox 1283 4343 1458 4398; x_wconf 91' lang='lat' dir='ltr'><strong>denuo</strong></span> <span class='ocrx_word' id='word_1_586' title='bbox 1486 4344 1590 4397; x_wconf 88' lang='lat' dir='ltr'><strong>dici</strong></span> <span class='ocrx_word' id='word_1_587' title='bbox 1643 4345 1814 4397; x_wconf 89' lang='lat' dir='ltr'><strong>mani-</strong></span> 
     </span>
    </p>
   </div>
   <div class='ocr_carea' id='block_1_76' title="bbox 219 4436 1812 4508">
    <p class='ocr_par' dir='ltr' id='par_1_76' title="bbox 219 4436 1812 4508">
     <span class='ocr_line' id='line_1_76' title="bbox 219 4436 1812 4508; baseline -0.002 -15"><span class='ocrx_word' id='word_1_588' title='bbox 219 4440 417 4494; x_wconf 72' lang='lat' dir='ltr'><strong>festum</strong></span> <span class='ocrx_word' id='word_1_589' title='bbox 458 4450 537 4495; x_wconf 87' lang='lat' dir='ltr'><strong>est</strong></span> <span class='ocrx_word' id='word_1_590' title='bbox 569 4456 584 4495; x_wconf 86' lang='lat'><strong>:</strong></span> <span class='ocrx_word' id='word_1_591' title='bbox 618 4439 763 4495; x_wconf 66' lang='lat' dir='ltr'><strong>(Sed</strong></span> <span class='ocrx_word' id='word_1_592' title='bbox 805 4441 927 4508; x_wconf 88' lang='lat' dir='ltr'><strong>quia</strong></span> <span class='ocrx_word' id='word_1_593' title='bbox 987 4441 1101 4495; x_wconf 67' lang='lat' dir='ltr'><strong>haec</strong></span> <span class='ocrx_word' id='word_1_594' title='bbox 1147 4438 1259 4493; x_wconf 91' lang='lat' dir='ltr'><strong>Deo</strong></span> <span class='ocrx_word' id='word_1_595' title='bbox 1308 4436 1455 4491; x_wconf 89' lang='lat' dir='ltr'><strong>Patri</strong></span> <span class='ocrx_word' id='word_1_596' title='bbox 1514 4451 1620 4491; x_wconf 91' lang='lat' dir='ltr'><strong>non</strong></span> <span class='ocrx_word' id='word_1_597' title='bbox 1679 4451 1812 4491; x_wconf 87' lang='lat' dir='ltr'><strong>con-</strong></span> 
     </span>
    </p>
   </div>
   <div class='ocr_carea' id='block_1_77' title="bbox 1903 3248 3490 3326">
    <p class='ocr_par' dir='ltr' id='par_1_77' title="bbox 1903 3248 3490 3326">
     <span class='ocr_line' id='line_1_77' title="bbox 1903 3248 3490 3326; baseline -0.004 -16"><span class='ocrx_word' id='word_1_598' title='bbox 1903 3258 2020 3326; x_wconf 88' lang='lat' dir='ltr'><strong>ejus</strong></span> <span class='ocrx_word' id='word_1_599' title='bbox 2052 3256 2193 3320; x_wconf 89' lang='lat' dir='ltr'><strong>loco,</strong></span> <span class='ocrx_word' id='word_1_600' title='bbox 2229 3258 2330 3309; x_wconf 85' lang='lat' dir='ltr'><strong>hoc</strong></span> <span class='ocrx_word' id='word_1_601' title='bbox 2359 3264 2442 3309; x_wconf 91' lang='lat' dir='ltr'><strong>est</strong></span> <span class='ocrx_word' id='word_1_602' title='bbox 2474 3268 2539 3309; x_wconf 80' lang='lat' dir='ltr'><strong>ex</strong></span> <span class='ocrx_word' id='word_1_603' title='bbox 2573 3253 2739 3320; x_wconf 70' lang='lat' dir='ltr'><strong>prima</strong></span> <span class='ocrx_word' id='word_1_604' title='bbox 2763 3259 2909 3321; x_wconf 88' lang='lat' dir='ltr'><strong>parte</strong></span> <span class='ocrx_word' id='word_1_605' title='bbox 2940 3248 3395 3317; x_wconf 74' lang='lat' dir='ltr'><strong>interpretationis</strong></span> <span class='ocrx_word' id='word_1_606' title='bbox 3421 3263 3490 3303; x_wconf 73' lang='lat' dir='ltr'><strong>XI.</strong></span> 
     </span>
    </p>
   </div>
   <div class='ocr_carea' id='block_1_78' title="bbox 1900 3338 3490 3418">
    <p class='ocr_par' dir='ltr' id='par_1_78' title="bbox 1900 3338 3490 3418">
     <span class='ocr_line' id='line_1_78' title="bbox 1900 3338 3490 3418; baseline -0.007 -14"><span class='ocrx_word' id='word_1_607' title='bbox 1900 3357 1957 3404; x_wconf 87' lang='lat' dir='ltr'><strong>et</strong></span> <span class='ocrx_word' id='word_1_608' title='bbox 1983 3363 2033 3402; x_wconf 89' lang='lat' dir='ltr'><strong>tv</strong></span> <span class='ocrx_word' id='word_1_609' title='bbox 2061 3347 2248 3418; x_wconf 86' lang='lat' dir='ltr'><strong>psalmi</strong></span> <span class='ocrx_word' id='word_1_610' title='bbox 2278 3346 2457 3402; x_wconf 89' lang='lat' dir='ltr'><strong>omnia</strong></span> <span class='ocrx_word' id='word_1_611' title='bbox 2488 3344 2646 3400; x_wconf 88' lang='lat' dir='ltr'><strong>simul</strong></span> <span class='ocrx_word' id='word_1_612' title='bbox 2692 3343 2814 3408; x_wconf 85' lang='lat' dir='ltr'><strong>tria,</strong></span> <span class='ocrx_word' id='word_1_613' title='bbox 2846 3358 2962 3410; x_wconf 82' lang='lat' dir='ltr'><strong>quae</strong></span> <span class='ocrx_word' id='word_1_614' title='bbox 2994 3340 3238 3409; x_wconf 88' lang='lat' dir='ltr'><strong>improbe</strong></span> <span class='ocrx_word' id='word_1_615' title='bbox 3286 3339 3354 3394; x_wconf 89' lang='lat' dir='ltr'><strong>de</strong></span> <span class='ocrx_word' id='word_1_616' title='bbox 3399 3338 3490 3394; x_wconf 92' lang='lat' dir='ltr'><strong>illo</strong></span> 
     </span>
    </p>
   </div>
   <div class='ocr_carea' id='block_1_79' title="bbox 1899 3430 3492 3509">
    <p class='ocr_par' dir='ltr' id='par_1_79' title="bbox 1899 3430 3492 3509">
     <span class='ocr_line' id='line_1_79' title="bbox 1899 3430 3492 3509; baseline -0.005 -17"><span class='ocrx_word' id='word_1_617' title='bbox 1899 3440 2095 3509; x_wconf 86' lang='lat' dir='ltr'><strong>jactata</strong></span> <span class='ocrx_word' id='word_1_618' title='bbox 2125 3447 2271 3503; x_wconf 90' lang='lat' dir='ltr'><strong>sunt,</strong></span> <span class='ocrx_word' id='word_1_619' title='bbox 2297 3438 2427 3491; x_wconf 82' lang='lat' dir='ltr'><strong>falsa</strong></span> <span class='ocrx_word' id='word_1_620' title='bbox 2456 3452 2577 3492; x_wconf 80' lang='lat' dir='ltr'><strong>esse</strong></span> <span class='ocrx_word' id='word_1_621' title='bbox 2603 3436 2757 3490; x_wconf 88' lang='lat' dir='ltr'><strong>tertio</strong></span> <span class='ocrx_word' id='word_1_622' title='bbox 2786 3431 3174 3503; x_wconf 81' lang='lat' dir='ltr'><strong>probavimus?</strong></span> <span class='ocrx_word' id='word_1_623' title='bbox 3197 3432 3283 3487; x_wconf 86' lang='lat' dir='ltr'><strong>Sic</strong></span> <span class='ocrx_word' id='word_1_624' title='bbox 3311 3430 3331 3461; x_wconf 86' lang='grc'><em>³</em></span> <span class='ocrx_word' id='word_1_625' title='bbox 3362 3444 3492 3501; x_wconf 84' lang='lat' dir='ltr'><strong>ergo</strong></span> 
     </span>
    </p>
   </div>
   <div class='ocr_carea' id='block_1_80' title="bbox 1904 3526 3493 3601">
    <p class='ocr_par' dir='ltr' id='par_1_80' title="bbox 1904 3526 3493 3601">
     <span class='ocr_line' id='line_1_80' title="bbox 1904 3526 3493 3601; baseline -0.006 -14"><span class='ocrx_word' id='word_1_626' title='bbox 1904 3533 2116 3601; x_wconf 75' lang='lat' dir='ltr'><strong>Sapiens</strong></span> <span class='ocrx_word' id='word_1_627' title='bbox 2146 3532 2312 3587; x_wconf 87' lang='lat' dir='ltr'><strong>lector</strong></span> <span class='ocrx_word' id='word_1_628' title='bbox 2358 3528 2617 3599; x_wconf 86' lang='lat' dir='ltr'><strong>intelligat</strong></span> <span class='ocrx_word' id='word_1_629' title='bbox 2655 3536 2856 3597; x_wconf 89' lang='lat' dir='ltr'><strong>quanta</strong></span> <span class='ocrx_word' id='word_1_630' title='bbox 2902 3526 3111 3595; x_wconf 88' lang='lat' dir='ltr'><strong>possint</strong></span> <span class='ocrx_word' id='word_1_631' title='bbox 3161 3526 3210 3579; x_wconf 92' lang='lat' dir='ltr'><strong>iu</strong></span> <span class='ocrx_word' id='word_1_632' title='bbox 3244 3526 3493 3579; x_wconf 87' lang='lat' dir='ltr'><strong>onmibus</strong></span> 
     </span>
    </p>
   </div>
   <div class='ocr_carea' id='block_1_81' title="bbox 1904 3618 3492 3693">
    <p class='ocr_par' dir='ltr' id='par_1_81' title="bbox 1904 3618 3492 3693">
     <span class='ocr_line' id='line_1_81' title="bbox 1904 3618 3492 3693; baseline -0.004 -16"><span class='ocrx_word' id='word_1_633' title='bbox 1904 3624 2021 3693; x_wconf 88' lang='lat' dir='ltr'><strong>ejus</strong></span> <span class='ocrx_word' id='word_1_634' title='bbox 2052 3622 2200 3679; x_wconf 91' lang='lat' dir='ltr'><strong>libris</strong></span> <span class='ocrx_word' id='word_1_635' title='bbox 2226 3621 2421 3676; x_wconf 87' lang='lat' dir='ltr'><strong>similia</strong></span> <span class='ocrx_word' id='word_1_636' title='bbox 2452 3620 2672 3675; x_wconf 87' lang='lat' dir='ltr'><strong>binatim</strong></span> <span class='ocrx_word' id='word_1_637' title='bbox 2703 3633 2765 3673; x_wconf 87' lang='lat' dir='ltr'><strong>ac</strong></span> <span class='ocrx_word' id='word_1_638' title='bbox 2787 3618 3093 3687; x_wconf 70' lang='lat' dir='ltr'><strong>singillatim</strong></span> <span class='ocrx_word' id='word_1_639' title='bbox 3131 3629 3300 3684; x_wconf 75' lang='lat' dir='ltr'><strong>posna</strong></span> <span class='ocrx_word' id='word_1_640' title='bbox 3335 3631 3492 3685; x_wconf 87' lang='lat' dir='ltr'><strong>repe-</strong></span> 
     </span>
    </p>
   </div>
   <div class='ocr_carea' id='block_1_82' title="bbox 1908 3731 2022 3771">
    <p class='ocr_par' dir='ltr' id='par_1_82' title="bbox 1908 3731 2022 3771">
     <span class='ocr_line' id='line_1_82' title="bbox 1908 3731 2022 3771; baseline -0.035 0"><span class='ocrx_word' id='word_1_641' title='bbox 1908 3731 2022 3771; x_wconf 76' lang='grc' dir='ltr'><strong>ΠΗ.</strong></span> 
     </span>
    </p>
   </div>
   <div class='ocr_carea' id='block_1_83' title="bbox 2530 3821 2858 3879">
    <p class='ocr_par' dir='ltr' id='par_1_83' title="bbox 2530 3821 2858 3879">
     <span class='ocr_line' id='line_1_83' title="bbox 2530 3821 2858 3879; baseline -0.006 0"><span class='ocrx_word' id='word_1_642' title='bbox 2530 3822 2755 3879; x_wconf 71' lang='lat' dir='ltr'><strong>CAPUT</strong></span> <span class='ocrx_word' id='word_1_643' title='bbox 2795 3821 2858 3877; x_wconf 85' lang='lat' dir='ltr'><strong>ll.</strong></span> 
     </span>
    </p>
   </div>
   <div class='ocr_carea' id='block_1_84' title="bbox 1914 3956 3521 4037">
    <p class='ocr_par' dir='ltr' id='par_1_84' title="bbox 1914 3956 3521 4037">
     <span class='ocr_line' id='line_1_84' title="bbox 1914 3956 3521 4037; baseline -0.009 -17"><span class='ocrx_word' id='word_1_644' title='bbox 1914 3968 2064 4037; x_wconf 84' lang='lat' dir='ltr'><strong>Quod</strong></span> <span class='ocrx_word' id='word_1_645' title='bbox 2092 3965 2389 4022; x_wconf 79' lang='lat' dir='ltr'><strong>Theodorus</strong></span> <span class='ocrx_word' id='word_1_646' title='bbox 2419 3976 2532 4037; x_wconf 63' lang='lat' dir='ltr'><strong>vere</strong></span> <span class='ocrx_word' id='word_1_647' title='bbox 2568 3958 2827 4013; x_wconf 82' lang='lat' dir='ltr'><strong>Christum</strong></span> <span class='ocrx_word' id='word_1_648' title='bbox 2876 3956 3261 4037; x_wconf 40' lang='lat' dir='ltr'><strong>nou‘hominem</strong></span> <span class='ocrx_word' id='word_1_649' title='bbox 3302 3965 3521 4023; x_wconf 79' lang='lat' dir='ltr'><strong>tantum,</strong></span> 
     </span>
    </p>
   </div>
   <div class='ocr_carea' id='block_1_85' title="bbox 2131 4031 3257 4094">
    <p class='ocr_par' dir='ltr' id='par_1_85' title="bbox 2131 4031 3257 4094">
     <span class='ocr_line' id='line_1_85' title="bbox 2131 4031 3257 4094; baseline -0.01 -3"><span class='ocrx_word' id='word_1_650' title='bbox 2131 4039 2217 4092; x_wconf 82' lang='lat' dir='ltr'><strong>sed</strong></span> <span class='ocrx_word' id='word_1_651' title='bbox 2246 4038 2401 4089; x_wconf 85' lang='lat' dir='ltr'><strong>etiam</strong></span> <span class='ocrx_word' id='word_1_652' title='bbox 2431 4032 2599 4084; x_wconf 87' lang='lat' dir='ltr'><strong>Deum</strong></span> <span class='ocrx_word' id='word_1_653' title='bbox 2628 4037 2813 4081; x_wconf 82' lang='lat' dir='ltr'><strong>natura</strong></span> <span class='ocrx_word' id='word_1_654' title='bbox 2842 4042 2947 4080; x_wconf 84' lang='lat' dir='ltr'><strong>esse</strong></span> <span class='ocrx_word' id='word_1_655' title='bbox 2976 4031 3142 4094; x_wconf 77' lang='lat' dir='ltr'><strong>{assus</strong></span> <span class='ocrx_word' id='word_1_656' title='bbox 3171 4031 3257 4081; x_wconf 81' lang='lat' dir='ltr'><strong>sit.</strong></span> 
     </span>
    </p>
   </div>
   <div class='ocr_carea' id='block_1_86' title="bbox 1982 4155 3501 4229">
    <p class='ocr_par' dir='ltr' id='par_1_86' title="bbox 1982 4155 3501 4229">
     <span class='ocr_line' id='line_1_86' title="bbox 1982 4155 3501 4229; baseline -0.009 -6"><span class='ocrx_word' id='word_1_657' title='bbox 1982 4168 2181 4223; x_wconf 78' lang='lat' dir='ltr'><strong>Verum</strong></span> <span class='ocrx_word' id='word_1_658' title='bbox 2216 4164 2369 4219; x_wconf 90' lang='lat' dir='ltr'><strong>nobis</strong></span> <span class='ocrx_word' id='word_1_659' title='bbox 2399 4161 2615 4217; x_wconf 89' lang='lat' dir='ltr'><strong>videtur</strong></span> <span class='ocrx_word' id='word_1_660' title='bbox 2646 4157 2786 4229; x_wconf 89' lang='lat' dir='ltr'><strong>quod</strong></span> <span class='ocrx_word' id='word_1_661' title='bbox 2826 4171 2888 4211; x_wconf 84' lang='lat' dir='ltr'><strong>ea</strong></span> <span class='ocrx_word' id='word_1_662' title='bbox 2913 4156 3031 4226; x_wconf 90' lang='lat' dir='ltr'><strong>plus</strong></span> <span class='ocrx_word' id='word_1_663' title='bbox 3074 4172 3139 4210; x_wconf 85' lang='lat' dir='ltr'><strong>ex</strong></span> <span class='ocrx_word' id='word_1_664' title='bbox 3189 4155 3342 4210; x_wconf 72' lang='lat' dir='ltr'><strong>diit&#39;s</strong></span> <span class='ocrx_word' id='word_1_665' title='bbox 3384 4156 3501 4225; x_wconf 89' lang='lat' dir='ltr'><strong>ejus</strong></span> 
     </span>
    </p>
   </div>
   <div class='ocr_carea' id='block_1_87' title="bbox 1916 4249 3498 4335">
    <p class='ocr_par' dir='ltr' id='par_1_87' title="bbox 1916 4249 3498 4335">
     <span class='ocr_line' id='line_1_87' title="bbox 1916 4249 3498 4335; baseline -0.01 -16"><span class='ocrx_word' id='word_1_666' title='bbox 1916 4263 2154 4335; x_wconf 81' lang='lat' dir='ltr'><strong>proferre</strong></span> <span class='ocrx_word' id='word_1_667' title='bbox 2197 4260 2508 4321; x_wconf 88' lang='lat' dir='ltr'><strong>debeamus,</strong></span> <span class='ocrx_word' id='word_1_668' title='bbox 2545 4255 2599 4308; x_wconf 92' lang='lat' dir='ltr'><strong>in</strong></span> <span class='ocrx_word' id='word_1_669' title='bbox 2630 4251 2823 4321; x_wconf 89' lang='lat' dir='ltr'><strong>quibus</strong></span> <span class='ocrx_word' id='word_1_670' title='bbox 2864 4249 3062 4309; x_wconf 77' lang='lat' dir='ltr'><strong>fatetur</strong></span> <span class='ocrx_word' id='word_1_671' title='bbox 3082 4250 3349 4303; x_wconf 89' lang='lat' dir='ltr'><strong>Christum</strong></span> <span class='ocrx_word' id='word_1_672' title='bbox 3390 4265 3498 4304; x_wconf 86' lang='lat' dir='ltr'><strong>non</strong></span> 
     </span>
    </p>
   </div>
   <div class='ocr_carea' id='block_1_88' title="bbox 1916 4342 3501 4412">
    <p class='ocr_par' dir='ltr' id='par_1_88' title="bbox 1916 4342 3501 4412">
     <span class='ocr_line' id='line_1_88' title="bbox 1916 4342 3501 4412; baseline -0.008 -2"><span class='ocrx_word' id='word_1_673' title='bbox 1916 4356 2186 4410; x_wconf 86' lang='lat' dir='ltr'><strong>hominem</strong></span> <span class='ocrx_word' id='word_1_674' title='bbox 2246 4358 2478 4412; x_wconf 83' lang='lat' dir='ltr'><strong>tantum,</strong></span> <span class='ocrx_word' id='word_1_675' title='bbox 2528 4344 2623 4401; x_wconf 89' lang='lat' dir='ltr'><strong>sed</strong></span> <span class='ocrx_word' id='word_1_676' title='bbox 2676 4344 2838 4398; x_wconf 73' lang='lat' dir='ltr'><strong>etiam</strong></span> <span class='ocrx_word' id='word_1_677' title='bbox 2898 4342 3190 4397; x_wconf 88' lang='lat' dir='ltr'><strong>secundum</strong></span> <span class='ocrx_word' id='word_1_678' title='bbox 3260 4353 3501 4397; x_wconf 75' lang='lat' dir='ltr'><strong>naturam</strong></span> 
     </span>
    </p>
   </div>
   <div class='ocr_carea' id='block_1_89' title="bbox 1919 4435 3503 4506">
    <p class='ocr_par' dir='ltr' id='par_1_89' title="bbox 1919 4435 3503 4506">
     <span class='ocr_line' id='line_1_89' title="bbox 1919 4435 3503 4506; baseline -0.012 -1"><span class='ocrx_word' id='word_1_679' title='bbox 1919 4452 2083 4506; x_wconf 90' lang='lat' dir='ltr'><strong>Deum</strong></span> <span class='ocrx_word' id='word_1_680' title='bbox 2116 4459 2169 4503; x_wconf 89' lang='lat' dir='ltr'><strong>et</strong></span> <span class='ocrx_word' id='word_1_681' title='bbox 2208 4443 2571 4501; x_wconf 86' lang='lat' dir='ltr'><strong>essentialiter</strong></span> <span class='ocrx_word' id='word_1_682' title='bbox 2603 4446 2905 4493; x_wconf 85' lang='lat' dir='ltr'><strong>exstantem</strong></span> <span class='ocrx_word' id='word_1_683' title='bbox 2948 4453 3132 4490; x_wconf 88' lang='lat' dir='ltr'><strong>verum</strong></span> <span class='ocrx_word' id='word_1_684' title='bbox 3167 4435 3352 4489; x_wconf 83' lang='lat' dir='ltr'><strong>Filium</strong></span> <span class='ocrx_word' id='word_1_685' title='bbox 3385 4437 3503 4502; x_wconf 87' lang='lat' dir='ltr'><strong>Dei,</strong></span> 
     </span>
    </p>
   </div>
   <div class='ocr_carea' id='block_1_90' title="bbox 222 4529 1811 4609">
    <p class='ocr_par' dir='ltr' id='par_1_90' title="bbox 222 4535 1811 4609">
     <span class='ocr_line' id='line_1_90' title="bbox 222 4535 1811 4609; baseline 0 -20"><span class='ocrx_word' id='word_1_686' title='bbox 222 4542 462 4606; x_wconf 80' lang='lat' dir='ltr'><strong>veniant,</strong></span> <span class='ocrx_word' id='word_1_687' title='bbox 506 4549 661 4609; x_wconf 84' lang='lat' dir='ltr'><strong>prapt.</strong></span> <span class='ocrx_word' id='word_1_688' title='bbox 682 4556 767 4593; x_wconf 80' lang='lat' dir='ltr'><strong>rea</strong></span> <span class='ocrx_word' id='word_1_689' title='bbox 822 4540 966 4593; x_wconf 72' lang='lat' dir='ltr'><strong>unxit</strong></span> <span class='ocrx_word' id='word_1_690' title='bbox 1012 4549 1059 4592; x_wconf 84' lang='lat' dir='ltr'><strong>te</strong></span> <span class='ocrx_word' id='word_1_691' title='bbox 1105 4537 1262 4603; x_wconf 79' lang='lat' dir='ltr'><strong>Deus,</strong></span> <span class='ocrx_word' id='word_1_692' title='bbox 1314 4536 1455 4591; x_wconf 85' lang='lat' dir='ltr'><strong>Deus</strong></span> <span class='ocrx_word' id='word_1_693' title='bbox 1512 4547 1655 4601; x_wconf 85' lang='lat' dir='ltr'><strong>tuus,</strong></span> <span class='ocrx_word' id='word_1_694' title='bbox 1702 4535 1811 4590; x_wconf 88' lang='lat' dir='ltr'><strong>cla-</strong></span> 
     </span>
    </p>
   </div>
   <div class='ocr_carea' id='block_1_91' title="bbox 1903 4529 3507 4609">
    <p class='ocr_par' dir='ltr' id='par_1_91' title="bbox 1920 4529 3507 4608">
     <span class='ocr_line' id='line_1_91' title="bbox 1920 4529 3507 4608; baseline -0.01 -9"><span class='ocrx_word' id='word_1_695' title='bbox 1920 4544 2266 4608; x_wconf 86' lang='lat' dir='ltr'><strong>omniumque</strong></span> <span class='ocrx_word' id='word_1_696' title='bbox 2302 4536 2560 4590; x_wconf 80' lang='lat' dir='ltr'><strong>facturem</strong></span> <span class='ocrx_word' id='word_1_697' title='bbox 2592 4548 2607 4585; x_wconf 89' lang='lat'><strong>:</strong></span> <span class='ocrx_word' id='word_1_698' title='bbox 2640 4529 2783 4601; x_wconf 90' lang='lat' dir='ltr'><strong>quod</strong></span> <span class='ocrx_word' id='word_1_699' title='bbox 2827 4544 2949 4583; x_wconf 91' lang='lat' dir='ltr'><strong>eum</strong></span> <span class='ocrx_word' id='word_1_700' title='bbox 2999 4543 3224 4598; x_wconf 86' lang='lat' dir='ltr'><strong>negasse</strong></span> <span class='ocrx_word' id='word_1_701' title='bbox 3271 4529 3507 4583; x_wconf 83' lang='lat' dir='ltr'><strong>maxime</strong></span> 
     </span>
    </p>
   </div>
   <div class='ocr_carea' id='block_1_92' title="bbox 221 4627 1808 4700">
    <p class='ocr_par' dir='ltr' id='par_1_92' title="bbox 221 4627 1808 4700">
     <span class='ocr_line' id='line_1_92' title="bbox 221 4627 1808 4700; baseline -0.001 -18"><span class='ocrx_word' id='word_1_702' title='bbox 221 4640 304 4684; x_wconf 88' lang='lat' dir='ltr'><strong>ret</strong></span> <span class='ocrx_word' id='word_1_703' title='bbox 357 4630 425 4684; x_wconf 87' lang='lat' dir='ltr'><strong>de</strong></span> <span class='ocrx_word' id='word_1_704' title='bbox 490 4631 695 4699; x_wconf 87' lang='lat' dir='ltr'><strong>reliquo</strong></span> <span class='ocrx_word' id='word_1_705' title='bbox 757 4628 903 4700; x_wconf 86' lang='lat' dir='ltr'><strong>quod</strong></span> <span class='ocrx_word' id='word_1_706' title='bbox 953 4628 1068 4684; x_wconf 65' lang='lat' dir='ltr'><strong>hate</strong></span> <span class='ocrx_word' id='word_1_707' title='bbox 1132 4629 1201 4684; x_wconf 89' lang='lat' dir='ltr'><strong>de</strong></span> <span class='ocrx_word' id='word_1_708' title='bbox 1268 4627 1483 4684; x_wconf 89' lang='lat' dir='ltr'><strong>Christo</strong></span> <span class='ocrx_word' id='word_1_709' title='bbox 1541 4627 1808 4682; x_wconf 83' lang='lat' dir='ltr'><strong>dicantur.</strong></span> 
     </span>
    </p>
   </div>
   <div class='ocr_carea' id='block_1_93' title="bbox 220 4727 1812 4802">
    <p class='ocr_par' dir='ltr' id='par_1_93' title="bbox 220 4727 1812 4802">
     <span class='ocr_line' id='line_1_93' title="bbox 220 4727 1812 4802; baseline -0.004 -16"><span class='ocrx_word' id='word_1_710' title='bbox 220 4732 277 4787; x_wconf 82' lang='lat' dir='ltr'><strong>in</strong></span> <span class='ocrx_word' id='word_1_711' title='bbox 336 4746 450 4802; x_wconf 89' lang='lat' dir='ltr'><strong>quo</strong></span> <span class='ocrx_word' id='word_1_712' title='bbox 500 4732 819 4786; x_wconf 88' lang='lat' dir='ltr'><strong>mirabiliter</strong></span> <span class='ocrx_word' id='word_1_713' title='bbox 880 4740 934 4785; x_wconf 93' lang='lat' dir='ltr'><strong>et</strong></span> <span class='ocrx_word' id='word_1_714' title='bbox 984 4738 1203 4783; x_wconf 87' lang='lat' dir='ltr'><strong>naturas</strong></span> <span class='ocrx_word' id='word_1_715' title='bbox 1269 4727 1471 4791; x_wconf 84' lang='lat' dir='ltr'><strong>divisit,</strong></span> <span class='ocrx_word' id='word_1_716' title='bbox 1519 4732 1574 4780; x_wconf 91' lang='lat' dir='ltr'><strong>ct</strong></span> <span class='ocrx_word' id='word_1_717' title='bbox 1629 4740 1812 4795; x_wconf 84' lang='lat' dir='ltr'><strong>perso-</strong></span> 
     </span>
    </p>
   </div>
   <div class='ocr_carea' id='block_1_94' title="bbox 218 4817 1811 4888">
    <p class='ocr_par' dir='ltr' id='par_1_94' title="bbox 218 4817 1811 4888">
     <span class='ocr_line' id='line_1_94' title="bbox 218 4817 1811 4888; baseline -0.004 -11"><span class='ocrx_word' id='word_1_718' title='bbox 218 4840 309 4879; x_wconf 74' lang='lat' dir='ltr'><strong>me</strong></span> <span class='ocrx_word' id='word_1_719' title='bbox 369 4824 631 4879; x_wconf 87' lang='lat' dir='ltr'><strong>unitatem</strong></span> <span class='ocrx_word' id='word_1_720' title='bbox 702 4820 1089 4878; x_wconf 83' lang='lat' dir='ltr'><strong>demonstravit</strong></span> <span class='ocrx_word' id='word_1_721' title='bbox 1137 4837 1152 4873; x_wconf 87' lang='lat'><strong>:</strong></span> <span class='ocrx_word' id='word_1_722' title='bbox 1211 4827 1266 4874; x_wconf 89' lang='lat' dir='ltr'><strong>et</strong></span> <span class='ocrx_word' id='word_1_723' title='bbox 1320 4831 1538 4875; x_wconf 82' lang='lat' dir='ltr'><strong>naturas</strong></span> <span class='ocrx_word' id='word_1_724' title='bbox 1597 4817 1811 4888; x_wconf 87' lang='lat' dir='ltr'><strong>quidem</strong></span> 
     </span>
    </p>
   </div>
   <div class='ocr_carea' id='block_1_95' title="bbox 216 4908 1810 4982">
    <p class='ocr_par' dir='ltr' id='par_1_95' title="bbox 216 4908 1810 4982">
     <span class='ocr_line' id='line_1_95' title="bbox 216 4908 1810 4982; baseline -0.006 -13"><span class='ocrx_word' id='word_1_725' title='bbox 216 4915 405 4969; x_wconf 87' lang='lat' dir='ltr'><strong>divisit</strong></span> <span class='ocrx_word' id='word_1_726' title='bbox 434 4913 486 4967; x_wconf 90' lang='lat' dir='ltr'><strong>in</strong></span> <span class='ocrx_word' id='word_1_727' title='bbox 513 4928 601 4978; x_wconf 90' lang='lat' dir='ltr'><strong>eo,</strong></span> <span class='ocrx_word' id='word_1_728' title='bbox 656 4914 799 4982; x_wconf 89' lang='lat' dir='ltr'><strong>quod</strong></span> <span class='ocrx_word' id='word_1_729' title='bbox 843 4911 1177 4966; x_wconf 87' lang='lat' dir='ltr'><strong>diversarum</strong></span> <span class='ocrx_word' id='word_1_730' title='bbox 1209 4908 1683 4978; x_wconf 82' lang='lat' dir='ltr'><strong>intelligentiarum</strong></span> <span class='ocrx_word' id='word_1_731' title='bbox 1714 4908 1810 4961; x_wconf 86' lang='lat' dir='ltr'><strong>de-</strong></span> 
     </span>
    </p>
   </div>
   <div class='ocr_carea' id='block_1_96' title="bbox 218 5001 1817 5072">
    <p class='ocr_par' dir='ltr' id='par_1_96' title="bbox 218 5001 1817 5072">
     <span class='ocr_line' id='line_1_96' title="bbox 218 5001 1817 5072; baseline -0.005 -11"><span class='ocrx_word' id='word_1_732' title='bbox 218 5008 507 5061; x_wconf 80' lang='lat' dir='ltr'><strong>clarativas</strong></span> <span class='ocrx_word' id='word_1_733' title='bbox 536 5022 691 5062; x_wconf 80' lang='lat' dir='ltr'><strong>voces</strong></span> <span class='ocrx_word' id='word_1_734' title='bbox 712 5007 921 5072; x_wconf 90' lang='lat' dir='ltr'><strong>emisit;</strong></span> <span class='ocrx_word' id='word_1_735' title='bbox 955 5006 1178 5059; x_wconf 88' lang='lat' dir='ltr'><strong>multum</strong></span> <span class='ocrx_word' id='word_1_736' title='bbox 1211 5004 1352 5058; x_wconf 90' lang='lat' dir='ltr'><strong>enim</strong></span> <span class='ocrx_word' id='word_1_737' title='bbox 1381 5001 1560 5057; x_wconf 84' lang='lat' dir='ltr'><strong>dill‘ert</strong></span> <span class='ocrx_word' id='word_1_738' title='bbox 1585 5004 1653 5055; x_wconf 89' lang='lat' dir='ltr'><strong>ab</strong></span> <span class='ocrx_word' id='word_1_739' title='bbox 1683 5001 1817 5055; x_wconf 87' lang='lat' dir='ltr'><strong>invi-</strong></span> 
     </span>
    </p>
   </div>
   <div class='ocr_carea' id='block_1_97' title="bbox 216 5091 1820 5163">
    <p class='ocr_par' dir='ltr' id='par_1_97' title="bbox 216 5091 1820 5163">
     <span class='ocr_line' id='line_1_97' title="bbox 216 5091 1820 5163; baseline -0.006 -11"><span class='ocrx_word' id='word_1_740' title='bbox 216 5114 371 5162; x_wconf 88' lang='lat' dir='ltr'><strong>cem,</strong></span> <span class='ocrx_word' id='word_1_741' title='bbox 400 5097 555 5155; x_wconf 83' lang='lat' dir='ltr'><strong>Sedes</strong></span> <span class='ocrx_word' id='word_1_742' title='bbox 579 5110 689 5162; x_wconf 85' lang='lat' dir='ltr'><strong>tua,</strong></span> <span class='ocrx_word' id='word_1_743' title='bbox 718 5096 874 5163; x_wconf 86' lang='lat' dir='ltr'><strong>Deus,</strong></span> <span class='ocrx_word' id='word_1_744' title='bbox 896 5097 952 5149; x_wconf 86' lang='lat' dir='ltr'><strong>in</strong></span> <span class='ocrx_word' id='word_1_745' title='bbox 977 5094 1218 5148; x_wconf 65' lang='lat' dir='ltr'><strong>sa’culum</strong></span> <span class='ocrx_word' id='word_1_746' title='bbox 1237 5094 1435 5159; x_wconf 76' lang='lat' dir='ltr'><strong>swculi,</strong></span> <span class='ocrx_word' id='word_1_747' title='bbox 1462 5103 1515 5146; x_wconf 92' lang='lat' dir='ltr'><strong>et</strong></span> <span class='ocrx_word' id='word_1_748' title='bbox 1543 5091 1820 5161; x_wconf 84' lang='lat' dir='ltr'><strong>Propterea</strong></span> 
     </span>
    </p>
   </div>
   <div class='ocr_carea' id='block_1_98' title="bbox 220 5181 1822 5253">
    <p class='ocr_par' dir='ltr' id='par_1_98' title="bbox 220 5181 1822 5253">
     <span class='ocr_line' id='line_1_98' title="bbox 220 5181 1822 5253; baseline -0.006 -11"><span class='ocrx_word' id='word_1_749' title='bbox 220 5190 380 5243; x_wconf 70' lang='lat' dir='ltr'><strong>unxit</strong></span> <span class='ocrx_word' id='word_1_750' title='bbox 424 5200 471 5242; x_wconf 86' lang='lat' dir='ltr'><strong>te</strong></span> <span class='ocrx_word' id='word_1_751' title='bbox 514 5189 678 5253; x_wconf 86' lang='lat' dir='ltr'><strong>Deus,</strong></span> <span class='ocrx_word' id='word_1_752' title='bbox 726 5187 861 5240; x_wconf 85' lang='lat' dir='ltr'><strong>Dens</strong></span> <span class='ocrx_word' id='word_1_753' title='bbox 911 5197 1049 5239; x_wconf 85' lang='lat' dir='ltr'><strong>tuus.</strong></span> <span class='ocrx_word' id='word_1_754' title='bbox 1084 5183 1353 5240; x_wconf 89' lang='lat' dir='ltr'><strong>Unitatem</strong></span> <span class='ocrx_word' id='word_1_755' title='bbox 1407 5197 1535 5237; x_wconf 89' lang='lat' dir='ltr'><strong>vero</strong></span> <span class='ocrx_word' id='word_1_756' title='bbox 1584 5181 1822 5237; x_wconf 87' lang='lat' dir='ltr'><strong>ostendit</strong></span> 
     </span>
    </p>
   </div>
   <div class='ocr_carea' id='block_1_99' title="bbox 219 5273 1819 5353">
    <p class='ocr_par' dir='ltr' id='par_1_99' title="bbox 219 5273 1819 5353">
     <span class='ocr_line' id='line_1_99' title="bbox 219 5273 1819 5353; baseline -0.007 -17"><span class='ocrx_word' id='word_1_757' title='bbox 219 5296 497 5353; x_wconf 64' lang='lat' dir='ltr'><strong>personat,</strong></span> <span class='ocrx_word' id='word_1_758' title='bbox 526 5295 586 5335; x_wconf 89' lang='lat' dir='ltr'><strong>ea</strong></span> <span class='ocrx_word' id='word_1_759' title='bbox 619 5294 735 5349; x_wconf 71' lang='lat' dir='ltr'><strong>qua:</strong></span> <span class='ocrx_word' id='word_1_760' title='bbox 766 5278 977 5332; x_wconf 86' lang='lat' dir='ltr'><strong>diversa</strong></span> <span class='ocrx_word' id='word_1_761' title='bbox 1023 5286 1147 5330; x_wconf 84' lang='lat' dir='ltr'><strong>sunt</strong></span> <span class='ocrx_word' id='word_1_762' title='bbox 1192 5274 1447 5343; x_wconf 71' lang='lat' dir='ltr'><strong>colligens</strong></span> <span class='ocrx_word' id='word_1_763' title='bbox 1478 5273 1532 5327; x_wconf 90' lang='lat' dir='ltr'><strong>in</strong></span> <span class='ocrx_word' id='word_1_764' title='bbox 1563 5273 1819 5327; x_wconf 73' lang='lat' dir='ltr'><strong>unitatem</strong></span> 
     </span>
    </p>
   </div>
   <div class='ocr_carea' id='block_1_100' title="bbox 218 5363 1818 5447">
    <p class='ocr_par' dir='ltr' id='par_1_100' title="bbox 218 5363 1818 5447">
     <span class='ocr_line' id='line_1_100' title="bbox 218 5363 1818 5447; baseline -0.009 -15"><span class='ocrx_word' id='word_1_765' title='bbox 218 5391 500 5447; x_wconf 70' lang='lat' dir='ltr'><strong>personae.</strong></span> <span class='ocrx_word' id='word_1_766' title='bbox 532 5392 552 5427; x_wconf 74' lang='grc' dir='ltr'><strong><em>ι</em></strong></span> <span class='ocrx_word' id='word_1_767' title='bbox 586 5374 683 5428; x_wconf 85' lang='lat' dir='ltr'><strong>llic</strong></span> <span class='ocrx_word' id='word_1_768' title='bbox 706 5382 880 5428; x_wconf 88' lang='lat' dir='ltr'><strong>autem</strong></span> <span class='ocrx_word' id='word_1_769' title='bbox 907 5386 1012 5426; x_wconf 91' lang='lat' dir='ltr'><strong>non</strong></span> <span class='ocrx_word' id='word_1_770' title='bbox 1031 5370 1141 5439; x_wconf 88' lang='lat' dir='ltr'><strong>jam</strong></span> <span class='ocrx_word' id='word_1_771' title='bbox 1167 5383 1387 5424; x_wconf 86' lang='lat' dir='ltr'><strong>necesse</strong></span> <span class='ocrx_word' id='word_1_772' title='bbox 1409 5375 1492 5422; x_wconf 87' lang='lat' dir='ltr'><strong>est</strong></span> <span class='ocrx_word' id='word_1_773' title='bbox 1521 5363 1818 5429; x_wconf 88' lang='lat' dir='ltr'><strong>immorari,</strong></span> 
     </span>
    </p>
   </div>
   <div class='ocr_carea' id='block_1_101' title="bbox 216 5458 1816 5534">
    <p class='ocr_par' dir='ltr' id='par_1_101' title="bbox 216 5458 1816 5534">
     <span class='ocr_line' id='line_1_101' title="bbox 216 5458 1816 5534; baseline -0.008 -13"><span class='ocrx_word' id='word_1_774' title='bbox 216 5479 279 5523; x_wconf 86' lang='lat' dir='ltr'><strong>et</strong></span> <span class='ocrx_word' id='word_1_775' title='bbox 311 5466 599 5521; x_wconf 88' lang='lat' dir='ltr'><strong>ostendere</strong></span> <span class='ocrx_word' id='word_1_776' title='bbox 629 5465 750 5534; x_wconf 90' lang='lat' dir='ltr'><strong>quia</strong></span> <span class='ocrx_word' id='word_1_777' title='bbox 793 5463 1036 5519; x_wconf 90' lang='lat' dir='ltr'><strong>similiter</strong></span> <span class='ocrx_word' id='word_1_778' title='bbox 1088 5458 1323 5515; x_wconf 85' lang='lat' dir='ltr'><strong>omnium</strong></span> <span class='ocrx_word' id='word_1_779' title='bbox 1372 5458 1759 5513; x_wconf 86' lang='lat' dir='ltr'><strong>calumniarum</strong></span> <span class='ocrx_word' id='word_1_780' title='bbox 1787 5470 1816 5508; x_wconf 88' lang='lat' dir='ltr'><strong>a</strong></span> 
     </span>
    </p>
   </div>
   <div class='ocr_carea' id='block_1_102' title="bbox 214 5549 1819 5624">
    <p class='ocr_par' dir='ltr' id='par_1_102' title="bbox 214 5549 1819 5624">
     <span class='ocr_line' id='line_1_102' title="bbox 214 5549 1819 5624; baseline -0.011 -7"><span class='ocrx_word' id='word_1_781' title='bbox 214 5577 287 5617; x_wconf 86' lang='lat' dir='ltr'><strong>se</strong></span> <span class='ocrx_word' id='word_1_782' title='bbox 322 5563 549 5619; x_wconf 82' lang='lat' dir='ltr'><strong>reinmit</strong></span> <span class='ocrx_word' id='word_1_783' title='bbox 570 5559 839 5614; x_wconf 89' lang='lat' dir='ltr'><strong>invidiam.</strong></span> <span class='ocrx_word' id='word_1_784' title='bbox 868 5557 1043 5612; x_wconf 90' lang='lat' dir='ltr'><strong>Unum</strong></span> <span class='ocrx_word' id='word_1_785' title='bbox 1074 5565 1158 5609; x_wconf 87' lang='lat' dir='ltr'><strong>est</strong></span> <span class='ocrx_word' id='word_1_786' title='bbox 1181 5552 1323 5624; x_wconf 92' lang='lat' dir='ltr'><strong>quod</strong></span> <span class='ocrx_word' id='word_1_787' title='bbox 1347 5552 1526 5623; x_wconf 84' lang='lat' dir='ltr'><strong>aliqua</strong></span> <span class='ocrx_word' id='word_1_788' title='bbox 1554 5563 1715 5620; x_wconf 88' lang='lat' dir='ltr'><strong>egere</strong></span> <span class='ocrx_word' id='word_1_789' title='bbox 1738 5549 1819 5602; x_wconf 84' lang='lat' dir='ltr'><strong>in-</strong></span> 
     </span>
    </p>
   </div>
   <div class='ocr_carea' id='block_1_103' title="bbox 306 5723 990 5792">
    <p class='ocr_par' dir='ltr' id='par_1_103' title="bbox 306 5723 990 5792">
     <span class='ocr_line' id='line_1_103' title="bbox 306 5723 990 5792; baseline -0.001 -19"><span class='ocrx_word' id='word_1_790' title='bbox 306 5729 325 5757; x_wconf 77' lang='grc'>³</span> <span class='ocrx_word' id='word_1_791' title='bbox 356 5724 489 5778; x_wconf 80' lang='lat' dir='ltr'><strong>Cntl.</strong></span> <span class='ocrx_word' id='word_1_792' title='bbox 526 5726 749 5790; x_wconf 47' lang='lat' dir='ltr'><strong>Veron”</strong></span> <span class='ocrx_word' id='word_1_793' title='bbox 782 5723 990 5792; x_wconf 65' lang='lat' dir='ltr'><strong>possint.</strong></span> 
     </span>
    </p>
   </div>
   <div class='ocr_carea' id='block_1_104' title="bbox 293 5793 1138 5869">
    <p class='ocr_par' dir='ltr' id='par_1_104' title="bbox 293 5793 1138 5869">
     <span class='ocr_line' id='line_1_104' title="bbox 293 5793 1138 5869; baseline -0.002 -20"><span class='ocrx_word' id='word_1_794' title='bbox 293 5800 320 5830; x_wconf 78' lang='grc'>³</span> <span class='ocrx_word' id='word_1_795' title='bbox 346 5794 493 5853; x_wconf 84' lang='lat' dir='ltr'><strong>idem</strong></span> <span class='ocrx_word' id='word_1_796' title='bbox 515 5800 661 5866; x_wconf 89' lang='lat' dir='ltr'><strong>cod.,</strong></span> <span class='ocrx_word' id='word_1_797' title='bbox 700 5800 805 5869; x_wconf 70' lang='lat' dir='ltr'><strong>ejus</strong></span> <span class='ocrx_word' id='word_1_798' title='bbox 842 5793 1138 5848; x_wconf 77' lang='lat' dir='ltr'><strong>Ecclesium.</strong></span> 
     </span>
    </p>
   </div>
   <div class='ocr_carea' id='block_1_105' title="bbox 1919 4622 3507 4696">
    <p class='ocr_par' dir='ltr' id='par_1_105' title="bbox 1919 4622 3507 4696">
     <span class='ocr_line' id='line_1_105' title="bbox 1919 4622 3507 4696; baseline -0.011 -4"><span class='ocrx_word' id='word_1_799' title='bbox 1919 4637 2295 4694; x_wconf 90' lang='lat' dir='ltr'><strong>criminantur.</strong></span> <span class='ocrx_word' id='word_1_800' title='bbox 2328 4632 2459 4685; x_wconf 83' lang='lat' dir='ltr'><strong>Nam</strong></span> <span class='ocrx_word' id='word_1_801' title='bbox 2484 4627 2764 4696; x_wconf 89' lang='lat' dir='ltr'><strong>disputans</strong></span> <span class='ocrx_word' id='word_1_802' title='bbox 2790 4624 2856 4678; x_wconf 88' lang='lat' dir='ltr'><strong>de</strong></span> <span class='ocrx_word' id='word_1_803' title='bbox 2884 4636 2950 4677; x_wconf 87' lang='lat' dir='ltr'><strong>eo</strong></span> <span class='ocrx_word' id='word_1_804' title='bbox 2976 4623 3120 4692; x_wconf 89' lang='lat' dir='ltr'><strong>quod</strong></span> <span class='ocrx_word' id='word_1_805' title='bbox 3144 4622 3399 4691; x_wconf 88' lang='lat' dir='ltr'><strong>scriptum</strong></span> <span class='ocrx_word' id='word_1_806' title='bbox 3423 4633 3507 4675; x_wconf 87' lang='lat' dir='ltr'><strong>est</strong></span> 
     </span>
    </p>
   </div>
   <div class='ocr_carea' id='block_1_106' title="bbox 1922 4712 3507 4794">
    <p class='ocr_par' dir='ltr' id='par_1_106' title="bbox 1922 4712 3507 4794">
     <span class='ocr_line' id='line_1_106' title="bbox 1922 4712 3507 4794; baseline -0.012 -12"><span class='ocrx_word' id='word_1_807' title='bbox 1922 4729 1974 4783; x_wconf 90' lang='lat' dir='ltr'><strong>in</strong></span> <span class='ocrx_word' id='word_1_808' title='bbox 2020 4723 2309 4794; x_wconf 80' lang='lat' dir='ltr'><strong>Evangelia</strong></span> <span class='ocrx_word' id='word_1_809' title='bbox 2352 4720 2644 4775; x_wconf 89' lang='lat' dir='ltr'><strong>secundum</strong></span> <span class='ocrx_word' id='word_1_810' title='bbox 2698 4716 3043 4770; x_wconf 72' lang='lat' dir='ltr'><strong>Matthmum:</strong></span> <span class='ocrx_word' id='word_1_811' title='bbox 3083 4712 3303 4767; x_wconf 78' lang='lat' dir='ltr'><strong>Veniens</strong></span> <span class='ocrx_word' id='word_1_812' title='bbox 3336 4723 3507 4765; x_wconf 86' lang='lat' dir='ltr'><strong>autem</strong></span> 
     </span>
    </p>
   </div>
   <div class='ocr_carea' id='block_1_107' title="bbox 1920 4802 3508 4883">
    <p class='ocr_par' dir='ltr' id='par_1_107' title="bbox 1920 4802 3508 4883">
     <span class='ocr_line' id='line_1_107' title="bbox 1920 4802 3508 4883; baseline -0.014 -10"><span class='ocrx_word' id='word_1_813' title='bbox 1920 4819 2073 4873; x_wconf 74' lang='lat' dir='ltr'><strong>Iesus</strong></span> <span class='ocrx_word' id='word_1_814' title='bbox 2099 4817 2151 4869; x_wconf 87' lang='lat' dir='ltr'><strong>in</strong></span> <span class='ocrx_word' id='word_1_815' title='bbox 2176 4822 2343 4883; x_wconf 80' lang='lat' dir='ltr'><strong>partes</strong></span> <span class='ocrx_word' id='word_1_816' title='bbox 2369 4812 2613 4865; x_wconf 77' lang='lat' dir='ltr'><strong>Ctesarea:</strong></span> <span class='ocrx_word' id='word_1_817' title='bbox 2639 4806 2887 4875; x_wconf 76' lang='lat' dir='ltr'><strong>Philippi,</strong></span> <span class='ocrx_word' id='word_1_818' title='bbox 2914 4815 2959 4859; x_wconf 84' lang='lat' dir='ltr'><strong>et</strong></span> <span class='ocrx_word' id='word_1_819' title='bbox 2986 4803 3329 4873; x_wconf 71' lang='lat' dir='ltr'><strong>interrogabat</strong></span> <span class='ocrx_word' id='word_1_820' title='bbox 3355 4802 3508 4859; x_wconf 62' lang='lat' dir='ltr'><strong>disci.</strong></span> 
     </span>
    </p>
   </div>
   <div class='ocr_carea' id='block_1_108' title="bbox 1925 4892 3508 4980">
    <p class='ocr_par' dir='ltr' id='par_1_108' title="bbox 1925 4892 3508 4980">
     <span class='ocr_line' id='line_1_108' title="bbox 1925 4892 3508 4980; baseline -0.013 -16"><span class='ocrx_word' id='word_1_821' title='bbox 1925 4912 2070 4980; x_wconf 80' lang='lat' dir='ltr'><strong>pulos</strong></span> <span class='ocrx_word' id='word_1_822' title='bbox 2096 4923 2215 4961; x_wconf 88' lang='lat' dir='ltr'><strong>suos</strong></span> <span class='ocrx_word' id='word_1_823' title='bbox 2235 4906 2408 4960; x_wconf 84' lang='lat' dir='ltr'><strong>dicens</strong></span> <span class='ocrx_word' id='word_1_824' title='bbox 2434 4917 2450 4955; x_wconf 92' lang='lat'><strong>:</strong></span> <span class='ocrx_word' id='word_1_825' title='bbox 2481 4906 2638 4965; x_wconf 63' lang='lat' dir='ltr'><strong>(nem</strong></span> <span class='ocrx_word' id='word_1_826' title='bbox 2664 4915 2744 4952; x_wconf 88' lang='lat' dir='ltr'><strong>me</strong></span> <span class='ocrx_word' id='word_1_827' title='bbox 2767 4899 2939 4950; x_wconf 82' lang='lat' dir='ltr'><strong>dicunt</strong></span> <span class='ocrx_word' id='word_1_828' title='bbox 2966 4896 3193 4949; x_wconf 73' lang='lat' dir='ltr'><strong>homines</strong></span> <span class='ocrx_word' id='word_1_829' title='bbox 3214 4910 3315 4947; x_wconf 85' lang='lat' dir='ltr'><strong>esse</strong></span> <span class='ocrx_word' id='word_1_830' title='bbox 3340 4892 3508 4960; x_wconf 75' lang='lat' dir='ltr'><strong>ﬁlium</strong></span> 
     </span>
    </p>
   </div>
   <div class='ocr_carea' id='block_1_109' title="bbox 1924 4985 3508 5069">
    <p class='ocr_par' dir='ltr' id='par_1_109' title="bbox 1924 4985 3508 5069">
     <span class='ocr_line' id='line_1_109' title="bbox 1924 4985 3508 5069; baseline -0.009 -18"><span class='ocrx_word' id='word_1_831' title='bbox 1924 4999 2142 5054; x_wconf 78' lang='lat' dir='ltr'><strong>hominis</strong></span> <span class='ocrx_word' id='word_1_832' title='bbox 2170 4996 2381 5069; x_wconf 77' lang='lat' dir='ltr'><strong>(Matth.</strong></span> <span class='ocrx_word' id='word_1_833' title='bbox 2408 5009 2514 5063; x_wconf 73' lang='lat' dir='ltr'><strong>xvr,</strong></span> <span class='ocrx_word' id='word_1_834' title='bbox 2549 4989 2681 5061; x_wconf 71' lang='lat'><strong>15)?</strong></span> <span class='ocrx_word' id='word_1_835' title='bbox 2712 4992 2783 5044; x_wconf 89' lang='lat' dir='ltr'><strong>ita</strong></span> <span class='ocrx_word' id='word_1_836' title='bbox 2810 4989 3019 5043; x_wconf 91' lang='lat' dir='ltr'><strong>loeutus</strong></span> <span class='ocrx_word' id='word_1_837' title='bbox 3039 4995 3121 5041; x_wconf 91' lang='lat' dir='ltr'><strong>est</strong></span> <span class='ocrx_word' id='word_1_838' title='bbox 3146 5002 3158 5035; x_wconf 87' lang='lat'><strong>:</strong></span> <span class='ocrx_word' id='word_1_839' title='bbox 3194 5003 3212 5035; x_wconf 75' lang='lat' dir='ltr'><strong>t</strong></span> <span class='ocrx_word' id='word_1_840' title='bbox 3254 4985 3508 5037; x_wconf 88' lang='lat' dir='ltr'><strong>Dominus</strong></span> 
     </span>
    </p>
   </div>
   <div class='ocr_carea' id='block_1_110' title="bbox 1924 5078 3504 5151">
    <p class='ocr_par' dir='ltr' id='par_1_110' title="bbox 1924 5078 3504 5151">
     <span class='ocr_line' id='line_1_110' title="bbox 1924 5078 3504 5151; baseline -0.011 -6"><span class='ocrx_word' id='word_1_841' title='bbox 1924 5092 2066 5147; x_wconf 90' lang='lat' dir='ltr'><strong>enim</strong></span> <span class='ocrx_word' id='word_1_842' title='bbox 2094 5088 2336 5142; x_wconf 88' lang='lat' dir='ltr'><strong>Christus</strong></span> <span class='ocrx_word' id='word_1_843' title='bbox 2359 5096 2471 5140; x_wconf 87' lang='lat' dir='ltr'><strong>erat</strong></span> <span class='ocrx_word' id='word_1_844' title='bbox 2494 5082 2705 5151; x_wconf 88' lang='lat' dir='ltr'><strong>quidem</strong></span> <span class='ocrx_word' id='word_1_845' title='bbox 2743 5087 2800 5134; x_wconf 90' lang='lat' dir='ltr'><strong>et</strong></span> <span class='ocrx_word' id='word_1_846' title='bbox 2826 5078 2970 5132; x_wconf 87' lang='lat' dir='ltr'><strong>Deus</strong></span> <span class='ocrx_word' id='word_1_847' title='bbox 2992 5089 3043 5130; x_wconf 86' lang='lat' dir='ltr'><strong>et</strong></span> <span class='ocrx_word' id='word_1_848' title='bbox 3073 5079 3256 5139; x_wconf 87' lang='lat' dir='ltr'><strong>homo,</strong></span> <span class='ocrx_word' id='word_1_849' title='bbox 3300 5083 3504 5129; x_wconf 88' lang='lat' dir='ltr'><strong>utrum-</strong></span> 
     </span>
    </p>
   </div>
   <div class='ocr_carea' id='block_1_111' title="bbox 1926 5166 3509 5256">
    <p class='ocr_par' dir='ltr' id='par_1_111' title="bbox 1926 5166 3509 5256">
     <span class='ocr_line' id='line_1_111' title="bbox 1926 5166 3509 5256; baseline -0.013 -16"><span class='ocrx_word' id='word_1_850' title='bbox 1926 5198 2029 5256; x_wconf 91' lang='lat' dir='ltr'><strong>que</strong></span> <span class='ocrx_word' id='word_1_851' title='bbox 2054 5180 2348 5238; x_wconf 87' lang='lat' dir='ltr'><strong>secundum</strong></span> <span class='ocrx_word' id='word_1_852' title='bbox 2389 5186 2629 5230; x_wconf 84' lang='lat' dir='ltr'><strong>naturam</strong></span> <span class='ocrx_word' id='word_1_853' title='bbox 2678 5169 2965 5225; x_wconf 87' lang='lat' dir='ltr'><strong>similiter:</strong></span> <span class='ocrx_word' id='word_1_854' title='bbox 2997 5181 3061 5221; x_wconf 81' lang='lat' dir='ltr'><strong>ex</strong></span> <span class='ocrx_word' id='word_1_855' title='bbox 3093 5167 3262 5220; x_wconf 90' lang='lat' dir='ltr'><strong>altero</strong></span> <span class='ocrx_word' id='word_1_856' title='bbox 3291 5166 3509 5234; x_wconf 79' lang='lat' dir='ltr'><strong>quidem</strong></span> 
     </span>
    </p>
   </div>
   <div class='ocr_carea' id='block_1_112' title="bbox 1924 5255 3508 5345">
    <p class='ocr_par' dir='ltr' id='par_1_112' title="bbox 1924 5255 3508 5345">
     <span class='ocr_line' id='line_1_112' title="bbox 1924 5255 3508 5345; baseline -0.013 -14"><span class='ocrx_word' id='word_1_857' title='bbox 1924 5255 2209 5345; x_wconf 78' lang='lat' dir='ltr'><strong>apparens,</strong></span> <span class='ocrx_word' id='word_1_858' title='bbox 2244 5286 2309 5326; x_wconf 81' lang='lat' dir='ltr'><strong>ex</strong></span> <span class='ocrx_word' id='word_1_859' title='bbox 2332 5268 2502 5322; x_wconf 82' lang='lat' dir='ltr'><strong>altero</strong></span> <span class='ocrx_word' id='word_1_860' title='bbox 2529 5276 2674 5324; x_wconf 91' lang='lat' dir='ltr'><strong>vero,</strong></span> <span class='ocrx_word' id='word_1_861' title='bbox 2712 5266 2911 5328; x_wconf 81' lang='lat' dir='ltr'><strong>utpote</strong></span> <span class='ocrx_word' id='word_1_862' title='bbox 2946 5255 3235 5311; x_wconf 86' lang='lat' dir='ltr'><strong>secundum</strong></span> <span class='ocrx_word' id='word_1_863' title='bbox 3265 5266 3508 5311; x_wconf 84' lang='lat' dir='ltr'><strong>naturam</strong></span> 
     </span>
    </p>
   </div>
   <div class='ocr_carea' id='block_1_113' title="bbox 1925 5350 3508 5430">
    <p class='ocr_par' dir='ltr' id='par_1_113' title="bbox 1925 5350 3508 5430">
     <span class='ocr_line' id='line_1_113' title="bbox 1925 5350 3508 5430; baseline -0.014 -8"><span class='ocrx_word' id='word_1_864' title='bbox 1925 5366 2182 5430; x_wconf 87' lang='lat' dir='ltr'><strong>divinam,</strong></span> <span class='ocrx_word' id='word_1_865' title='bbox 2212 5359 2493 5418; x_wconf 86' lang='lat' dir='ltr'><strong>invisibilis</strong></span> <span class='ocrx_word' id='word_1_866' title='bbox 2523 5365 2762 5411; x_wconf 82' lang='lat' dir='ltr'><strong>exstans.</strong></span> <span class='ocrx_word' id='word_1_867' title='bbox 2799 5351 2925 5404; x_wconf 84' lang='lat' dir='ltr'><strong>Erat</strong></span> <span class='ocrx_word' id='word_1_868' title='bbox 2974 5362 3149 5403; x_wconf 88' lang='lat' dir='ltr'><strong>autem</strong></span> <span class='ocrx_word' id='word_1_869' title='bbox 3180 5363 3342 5402; x_wconf 91' lang='lat' dir='ltr'><strong>unum</strong></span> <span class='ocrx_word' id='word_1_870' title='bbox 3390 5350 3508 5414; x_wconf 53' lang='lat' dir='ltr'><strong>qui-</strong></span> 
     </span>
    </p>
   </div>
   <div class='ocr_carea' id='block_1_114' title="bbox 1926 5438 3509 5514">
    <p class='ocr_par' dir='ltr' id='par_1_114' title="bbox 1926 5438 3509 5514">
     <span class='ocr_line' id='line_1_114' title="bbox 1926 5438 3509 5514; baseline -0.016 0"><span class='ocrx_word' id='word_1_871' title='bbox 1926 5460 2049 5514; x_wconf 88' lang='lat' dir='ltr'><strong>dem</strong></span> <span class='ocrx_word' id='word_1_872' title='bbox 2079 5455 2327 5510; x_wconf 83' lang='lat' dir='ltr'><strong>omnibus</strong></span> <span class='ocrx_word' id='word_1_873' title='bbox 2370 5448 2732 5507; x_wconf 80' lang='lat' dir='ltr'><strong>manifestum,</strong></span> <span class='ocrx_word' id='word_1_874' title='bbox 2765 5449 2820 5495; x_wconf 89' lang='lat' dir='ltr'><strong>ut</strong></span> <span class='ocrx_word' id='word_1_875' title='bbox 2848 5448 2968 5511; x_wconf 89' lang='lat' dir='ltr'><strong>pote</strong></span> <span class='ocrx_word' id='word_1_876' title='bbox 3009 5439 3149 5509; x_wconf 90' lang='lat' dir='ltr'><strong>quod</strong></span> <span class='ocrx_word' id='word_1_877' title='bbox 3179 5438 3509 5509; x_wconf 88' lang='lat' dir='ltr'><strong>apparebat:</strong></span> 
     </span>
    </p>
   </div>
   <div class='ocr_carea' id='block_1_115' title="bbox 1928 5530 3514 5603">
    <p class='ocr_par' dir='ltr' id='par_1_115' title="bbox 1928 5530 3514 5603">
     <span class='ocr_line' id='line_1_115' title="bbox 1928 5530 3514 5603; baseline -0.014 0"><span class='ocrx_word' id='word_1_878' title='bbox 1928 5549 2195 5603; x_wconf 89' lang='lat' dir='ltr'><strong>hominem</strong></span> <span class='ocrx_word' id='word_1_879' title='bbox 2219 5544 2362 5598; x_wconf 88' lang='lat' dir='ltr'><strong>enim</strong></span> <span class='ocrx_word' id='word_1_880' title='bbox 2395 5553 2515 5596; x_wconf 90' lang='lat' dir='ltr'><strong>eum</strong></span> <span class='ocrx_word' id='word_1_881' title='bbox 2536 5551 2727 5593; x_wconf 87' lang='lat' dir='ltr'><strong>omnes</strong></span> <span class='ocrx_word' id='word_1_882' title='bbox 2745 5543 2870 5589; x_wconf 89' lang='lat' dir='ltr'><strong>tunc</strong></span> <span class='ocrx_word' id='word_1_883' title='bbox 2892 5543 3152 5603; x_wconf 88' lang='lat' dir='ltr'><strong>tcmpor.s</strong></span> <span class='ocrx_word' id='word_1_884' title='bbox 3178 5530 3514 5585; x_wconf 73' lang='lat' dir='ltr'><strong>mstimabant</strong></span> 
     </span>
    </p>
   </div>
   <div class='ocr_carea' id='block_1_116' title="bbox 1999 5696 2715 5766">
    <p class='ocr_par' dir='ltr' id='par_1_116' title="bbox 1999 5696 2715 5766">
     <span class='ocr_line' id='line_1_116' title="bbox 1999 5696 2715 5766; baseline -0.021 -6"><span class='ocrx_word' id='word_1_885' title='bbox 1999 5708 2018 5739; x_wconf 85' lang='grc'><em>³</em></span> <span class='ocrx_word' id='word_1_886' title='bbox 2052 5706 2193 5759; x_wconf 86' lang='lat' dir='ltr'><strong>Idem</strong></span> <span class='ocrx_word' id='word_1_887' title='bbox 2224 5700 2376 5766; x_wconf 86' lang='lat' dir='ltr'><strong>cod.,</strong></span> <span class='ocrx_word' id='word_1_888' title='bbox 2411 5696 2545 5752; x_wconf 81' lang='lat' dir='ltr'><strong>Hinc</strong></span> <span class='ocrx_word' id='word_1_889' title='bbox 2573 5709 2715 5763; x_wconf 82' lang='lat' dir='ltr'><strong>ergo.</strong></span> 
     </span>
    </p>
   </div>
  </div>
