3998 6194
392 258 405 269 ¹
498 256 602 312 τ’ιὸ

1576 231 1873 290 FACENDI
1918 232 2139 289 l‘JPISC.
2187 228 2739 287 llEllMlA‘NENSiS,
3630 260 3713 321 7“

489 385 636 437 esse,
667 376 721 424 et
741 366 970 435 amplius
1000 362 1153 416 nihil.
1185 358 1339 426 Quod
1362 358 1504 414 enim
1528 358 1579 412 in
1607 358 1698 412 illo
1731 357 1952 421 latebat,
1977 370 2097 408 om—
2126 355 2169 411 A
2207 371 2224 404 ι
2266 355 2545 411 Proximus
2578 358 2744 412 etiam
2792 358 3031 429 passioiii
3085 359 3152 414 ad
3195 359 3471 432 discipulo;
3508 368 3720 439 num-um

497 462 661 517 nibus
689 468 806 514 erat
836 453 1153 511 incredibile
1174 452 1350 520 priore
1378 460 1647 518 tempore;
1677 447 1769 503 sed
1797 464 1863 502 ex
1894 446 2099 516 magni-
2210 448 2382 505 dixit:
2416 449 2477 504 Si
2505 466 2585 503 me
2612 450 2832 514 sciretis,
2866 452 3038 520 utique
3063 461 3107 504 et
3138 449 3339 506 Patrem
3376 474 3523 514 meum
3560 467 3719 526 sciretis

496 555 684 610 tudine
712 562 897 603 eorum
926 560 1050 616 qua:
1072 543 1217 597 circa
1246 540 1390 595 illum
1425 541 1740 610 agebantur,
1769 548 1825 593 et
1869 538 2106 591 novitate
2214 539 2393 611 (.Ioun.
2426 557 2539 606 \‘lll,
2572 542 2654 612 19)
2677 558 2690 607 ;
2713 554 2766 596 et
2792 542 2859 596 ad
2885 542 3217 612 Philippum:
3253 544 3403 602 Tanto
3429 561 3619 625 tempore
3649 578 3721 617 vo-

503 640 882 697 miraculorum
902 682 916 704 ,
964 647 1300 706 qumcunque
1354 632 1418 685 ad
1460 631 1761 686 doctrinam
1809 626 2104 683 videntium
2212 634 2405 687 biscum
2433 650 2568 697 sum,
2598 643 2644 687 et
2667 650 2769 688 non
2799 634 3106 704 cognovistis
3129 637 3247 691 me?
3276 637 3725 716 Philippgqgmm

505 733 795 799 efﬁciebat,
832 739 886 785 et
909 745 973 783 ex
1006 727 1174 799 gratia
1207 725 1379 781 sancti
1406 725 1636 794 Spiritus
1657 723 1745 793 qui
1777 735 1941 791 super
1973 734 2103 789 apo-
2213 742 2313 789 me,
2344 726 2475 779 ridet
2500 740 2545 782 et
2573 724 2780 781 Patrem
2821 743 2988 781 meum
3012 727 3191 798 (Joan.
3235 743 3337 796 xw,
3374 732 3443 804 9).
3480 737 3725 801 cannam

498 828 673 881 stolos
698 824 874 886 venit,
907 820 1219 876 intellectus
1246 828 1328 873 est
1360 833 1405 887 pi
1430 826 1544 871 stea
1582 825 1638 870 et
1671 813 1908 870 creditus
1949 824 2111 866 verus
2214 819 2463 888 quoniam
2496 835 2668 888 neque
2693 817 2932 874 divinant
2959 830 3201 875 naturam
3232 822 3457 881 sciebant
3485 828 3719 905 Unigeniti,

507 920 675 977 licus,
702 912 1064 970 cssentialiter
1095 921 1313 966 exstans
1363 909 1525 964 Filius
1567 922 1726 963 verus
1758 904 1854 960 Dci
1895 903 2106 959 zeterni.
2216 924 2391 978 neque
2419 911 2585 965 Deum
2639 911 2881 965 sciebant
2922 928 3106 968 verum
3148 912 3376 971 Patrem.
3424 918 3555 976 Unde
3594 903 3726 994 neque

509 1008 775 1076 Quoniam
827 1020 953 1060 vero
1001 1005 1052 1058 in
1099 1004 1280 1074 priore
1321 1009 1564 1069 tempore
1615 997 1962 1069 ignorabatur
2008 996 2113 1059 hoc
2216 1001 2488 1056 dicentem
2519 1001 2586 1056 de
2618 1002 2837 1071 preprio
2875 1002 3035 1059 Patre
3064 1005 3228 1059 veluLi
3274 1006 3339 1061 de
3373 1007 3475 1064 Deo
3516 1011 3727 1073 dicentem

513 1098 814 1153 secundum
844 1095 1133 1151 essentiam
1160 1102 1395 1158 exstare,
1423 1107 1488 1146 ex
1534 1106 1599 1144 eo
1629 1097 1806 1143 autem
1843 1087 1985 1158 quod
2021 1103 2113 1155 ap-
2219 1094 2962 1163 aliquatenusadvertebant,
2996 1097 3090 1151 sed
3120 1096 3289 1151 divisa
3318 1097 3626 1169 intelligentia
3662 1124 3730 1161 ca~

512 1192 738 1261 parebat
766 1187 1071 1241 videntibus
1100 1186 1261 1239 homo
1291 1198 1453 1253 purus
1481 1182 1787 1253 putabatur,
1820 1179 2113 1235 secundum
2218 1187 2340 1240 dem
2387 1188 2500 1257 ipsa
2532 1186 2785 1255 putabant
2832 1188 2991 1242 etiam
3026 1188 3138 1243 illa.
3172 1187 3309 1243 llinc
3343 1191 3493 1245 etiam
3529 1194 3734 1252 adductus

516 1285 786 1336 hominem
818 1281 1094 1349 pleraque,
1122 1276 1499 1336 etisecundum
1521 1289 1638 1329 eam
1668 1288 1786 1344 quae
1817 1273 2118 1341 apparebat
2219 1290 2304 1334 est
2332 1278 2610 1349 Philippus
2631 1280 2698 1334 ad
2722 1280 3006 1336 dicendum
3031 1297 3046 1333 :
3079 1281 3303 1335 Ostende
3331 1283 3462 1338 nobis
3490 1285 3675 1349 l'atrm.
3699 1301 3733 1343 et

516 1385 769 1429 naturam
800 1374 1143 1440 lotiuehatur.
1178 1369 1245 1423 Et
1273 1368 1388 1422 hinc
1418 1384 1482 1421 ex
1514 1366 1597 1449 his
1628 1381 1748 1434 qua:
1781 1364 1833 1418 in
1876 1365 2118 1433 Evginge-
2219 1374 2398 1444 sufﬁci;
2428 1374 2571 1428 ηοωε
2598 1374 2790 1443 (ιὺίάη
2823 1373 2898 1445 8),
2942 1374 2998 1430 si
3040 1374 3185 1429 enim
3219 1376 3380 1429 scire;
3425 1376 3603 1447 ξυιυετο
3645 1384 3736 1449 quia

525 1469 596 1520 lio
632 1467 831 1532 scripta
864 1473 990 1518 sunt
1017 1461 1193 1532 quivis
1225 1459 1461 1514 inveniet
1486 1448 1919 1512 animadvertens
1944 1462 2118 1508 atti-n-
2223 1468 2435 1523 pan-cm
2463 1482 2618 1523 suum
2643 1468 2662 1498 ι
2684 1466 2898 1522 dicebar
2918 1481 3040 1522 eum
3069 1467 3161 1537 qui
3189 1482 3370 1522 revera
3400 1466 3507 1538 ejus
3531 1448 3735 1526 “milia.

522 1563 652 1614 tius.
690 1577 709 1610 ι
747 1558 982 1613 Putasne
1007 1555 1143 1626 jam,
1168 1552 1590 1610 clementissime
1624 1550 1938 1620 imperator,
1989 1550 2121 1605 sub-
2224 1567 2327 1624 ιρτ,
2360 1572 2426 1612 ex
2457 1572 2564 1626 quo
2592 1566 2709 1612 erat
2735 1571 2863 1611 vere
2902 1557 3041 1611 sicut
3086 1558 3228 1613 Deus
3257 1572 3323 1612 ex
3356 1556 3478 1623 Deo,
3524 1574 3739 1629 nunquam

520 1662 732 1722 reptum
762 1651 862 1706 sibi
882 1652 899 1682 ί
922 1657 1274 1720 cegnoscunt,
1307 1648 1395 1717 qui
1420 1646 1623 1700 dolosis
1654 1643 2118 1716 impugnatmibus
2222 1649 2482 1705 dixisset;
2505 1649 2741 1705 Ostende
2760 1649 2917 1704 nobis
2933 1648 3144 1705 Patrem
3160 1653 3633 1715 iuum,bciiesciens
3649 1655 3739 1723 qui.

519 1743 976 1799 Chalcedonensis
1029 1740 1220 1813 synodi
1289 1738 1669 1804 crediderunt,
1722 1746 1779 1792 ut
1848 1736 1914 1791 ad
1998 1735 2614 1806 ejusBinvisibilisest
2638 1740 2946 1807 hominibus
2971 1742 3153 1797 divina
3176 1752 3385 1798 natura.
3408 1743 3742 1816 Couscquenlcr

525 1837 946 1891 destructionem
980 1835 1351 1900 Theodorum,
1390 1834 1538 1890 velut
1573 1831 1879 1888 Nestoriani
1921 1831 2127 1887 erroris
2228 1836 2410 1903 itaque
2432 1843 2489 1889 et
2516 1833 2774 1888 Dominus
2799 1834 2939 1889 dixit
2961 1834 3030 1889 ad
3059 1835 3208 1889 illum
3234 1850 3254 1889 :
3286 1834 3444 1891 Tanto
3474 1847 3664 1907 tempore
3683 1855 3743 1892 ro-

521 1936 820 1992 auctorem,
867 1934 1121 1994 putarent
1178 1941 1299 1980 esse
1346 1923 1745 1978 damnandum?
1793 1921 1930 1988 Quid
1980 1922 2123 1975 enim
2232 1926 2423 1981 eiscum
2449 1942 2581 1988 sum,
2616 1924 2859 1994 Philippe
2877 1925 2917 1990 ³,
2961 1936 3005 1981 et
3056 1943 3160 1981 non
3202 1929 3494 1997 cognoristis
3529 1946 3614 1996 uie,
3652 1928 3745 1984 Plii-

527 2019 907 2083 examinatius,
942 2020 1025 2072 vel
1075 2016 1202 2085 quid
1248 2016 1501 2071 subtilius
1544 2025 1732 2069 contra
1776 2013 2125 2068 NeStoriauos
2227 2019 2399 2088 lippe?
2428 2017 2579 2073 Velle
2604 2018 2749 2073 enim
2792 2016 3004 2073 Patrem
3043 2019 3254 2084 videre,
3289 2019 3526 2074 indicium
3558 2029 3657 2074 erat
3695 2035 3745 2075 co

532 2111 757 2165 inveniri
786 2125 814 2163 a
843 2109 1119 2164 catholicis
1148 2116 1345 2178 potest,
1379 2122 1536 2176 quam
1567 2114 1625 2161 ut
1651 2106 1858 2160 dicatur
1879 2093 2123 2159 Christus

535 2208 675 2276 quod
708 2207 845 2260 Dens
876 2215 988 2259 erat
1020 2213 1074 2258 et
1104 2203 1286 2269 homo,
1320 2212 1373 2258 et
1395 2210 1683 2272 utrumque
1712 2199 2005 2271 secundum
2031 2214 2123 2252 na-

528 2311 706 2355 turam
749 2298 1030 2352 similiter?
1066 2296 1180 2352 Non
1209 2296 1359 2365 quasi
1390 2295 1553 2350 homo
1582 2304 1783 2349 tantum
1828 2292 2120 2349 secundum

528 2405 795 2454 naturam,
830 2391 968 2443 licus
992 2403 1121 2443 vero
1152 2388 1244 2442 Dei
1270 2387 1482 2451 similis,
1516 2387 1566 2440 id
1590 2395 1674 2441 est
1699 2385 1992 2441 secundmn
2030 2401 2119 2440 re-

526 2482 782 2537 lationem
829 2480 1125 2550 dignitatis,
1176 2479 1257 2533 vel
1305 2479 1679 2534 auctoritatem
1719 2493 1985 2547 personae,
2034 2478 2119 2534 vel

535 2574 720 2641 gratia
768 2558 1250 2640 nuncupationem,
1311 2569 1453 2639 quod
1499 2570 1672 2623 solum
1727 2568 1906 2623 dicere
1959 2568 2117 2624 iidem

527 2663 830 2720 Nestoriani
863 2662 1067 2727 solent;
1098 2660 1504 2727 scd.ntrumque
1529 2659 1822 2713 secundum
1873 2669 2119 2713 naturam

530 2766 587 2811 et
616 2755 864 2809 similiter
896 2762 979 2807 est
1010 2770 1143 2806 unus
1167 2750 1411 2806 Christus
1452 2753 1501 2806 in
1556 2762 1781 2821 utroque
1808 2773 1819 2807 :
1855 2768 1920 2807 ex
1951 2752 2121 2807 altero

530 2860 818 2914 apparens,
845 2861 908 2898 ex
941 2844 1111 2897 altero
1141 2860 1291 2907 vero,
1328 2853 1382 2897 ut
1412 2854 1534 2913 pote
1557 2843 1850 2899 secundum
1876 2845 2117 2900 divinam

528 2949 811 3000 naturam,
866 2935 1150 2991 invisibilis
1201 2920 1442 2991 etstaus.
1500 2937 1759 2991 Eumdem
1807 2952 1975 3008 ergo,
2030 2937 2118 3007 qui

529 3039 817 3099 unumque
885 3038 1005 3093 est,
1055 3038 1105 3081 et
1161 3027 1423 3083 visibilem
1481 3039 1535 3083 et
1574 3029 1896 3085 invisibilem
1939 3030 2120 3085 Theo-

2216 2111 2373 2179 quod
2397 2124 2570 2178 neque
2597 2111 2769 2179 ipsum
2800 2112 2964 2165 sciret
2993 2110 3114 2180 quis
3136 2123 3289 2167 esset
3327 2112 3593 2167 secundum
3633 2123 3748 2166 natu-

2229 2215 2366 2265 ram,
2400 2215 2574 2269 neque
2602 2214 2761 2269 quem
2790 2200 2993 2256 diceret
3030 2201 3253 2256 Patrem
3281 2216 3416 2267 CSsc,
3442 2201 3588 2256 Filius
3616 2217 3670 2257 ex
3703 2217 3751 2256 co

2225 2303 2466 2349 exstans.
2497 2294 2564 2348 Et
2606 2294 2856 2363 aperiens
2901 2293 3001 2350 hoc
3048 2295 3230 2365 ipsum
3288 2296 3509 2351 addidit:
3537 2295 3621 2363 Qui
3652 2295 3751 2349 videt

2225 2402 2327 2455 me,
2358 2386 2492 2440 videt
2523 2397 2570 2440 et
2599 2385 2834 2439 Patrem.
2866 2386 2922 2441 Si
2942 2387 3083 2441 enim
3106 2388 3456 2456 cognoveris,
3480 2387 3641 2457 inquit,
3666 2385 3755 2454 quis

2225 2480 2349 2547 sim,
2391 2494 2687 2549 cognosces
2716 2489 2772 2535 et
2801 2479 2980 2542 illum,
3028 2481 3333 2535 secundum
3374 2478 3505 2550 quod
3554 2477 3757 2549 possibile

2224 2582 2327 2637 est,
2360 2585 2454 2639 per
2477 2586 2562 2625 me
2590 2571 2960 2639 contemplans
3000 2570 3176 2625 Patris
3210 2581 3481 2633 naturam,
3513 2569 3645 2637 cujus
3670 2580 3759 2621 sum

2226 2661 2394 2717 Filius
2421 2678 2492 2716 ex
2526 2662 2643 2731 ipso
2672 2671 2891 2716 exstans
2920 2661 3223 2716 secundum
3256 2660 3557 2725 essentiam,
3581 2668 3627 2713 et
3648 2658 3760 2726 ejus-

2224 2757 2346 2811 dem
2377 2771 2500 2812 cum
2531 2756 2621 2811 illo
2647 2764 2865 2811 exstans
2886 2756 3158 2811 essentiam.
3184 2754 3456 2824 Quoniam
3477 2766 3594 2809 vero
3628 2750 3764 2806 nescis

2229 2865 2337 2917 me,
2394 2865 2570 2919 neque
2612 2849 2824 2904 Patrem
2870 2864 3049 2904 meum
3091 2848 3204 2903 scis
3249 2864 3405 2920 quem
3435 2848 3569 2912 dico;
3606 2856 3761 2914 cognoa

2224 2956 2388 2997 ecens
2421 2953 2600 2997 autent
2631 2958 2737 3009 me,
2771 2956 3070 3011 cognosces
3109 2952 3169 2996 et
3217 2942 3428 2997 Patrem
3475 2954 3614 3011 quem
3652 2936 3761 2992 dixi:

2224 3054 2316 3093 tne
2347 3036 2542 3091 videns
2574 3036 3032 3104 contemplatione
3063 3036 3453 3106 intelligentim,
3483 3049 3570 3104 per
3597 3046 3668 3087 inc
3706 3030 3764 3082 vi-

528 3122 691 3176 tiorus
723 3116 1027 3186 confitetur,
1053 3121 1153 3174 hoc
1175 3136 1386 3190 quoque
1410 3120 1710 3189 adjiciens:
1744 3139 1762 3173 ι
1793 3121 2116 3177 Eratautem
2147 3138 2193 3199 ρ
2229 3128 2381 3185 deliis
2436 3129 2657 3183 οηιυίηο
2712 3127 2876 3183 etiam
2923 3128 3094 3183 illum.
3146 3127 3376 3183 Addidit
3420 3126 3607 3184 etiam:
3637 3121 3765 3191 Usqut

529 3231 692 3270 unum
723 3217 972 3270 omnibus
1000 3214 1365 3281 manifestum,
1392 3225 1447 3269 ut
1471 3224 1594 3281 pote
1614 3215 1755 3284 quod
1786 3217 2079 3283 apparebat
2105 3234 2120 3273 :

537 3307 810 3362 hominem
852 3313 994 3361 enim
1028 3321 1151 3361 eum
1188 3321 1376 3360 omnes
1420 3315 1544 3361 tunc
1584 3294 1845 3376 temporis
1892 3308 2125 3361 iustiora-

532 3399 661 3453 bant
690 3414 831 3463 esse,
856 3409 908 3452 et
935 3398 1164 3468 amplius
1188 3397 1343 3452 nihil.
1377 3398 1526 3464 Quod
1550 3399 1690 3453 enim
1711 3398 1764 3454 in
1788 3399 1879 3454 illo
1903 3399 2121 3465 latebat,

531 3478 778 3543 omnibus
801 3500 916 3544 erat
942 3489 1256 3545 incredibile
1287 3491 1465 3559 priore
1496 3504 1757 3560 tempore.
1791 3511 1811 3545 ι
1843 3492 2124 3558 Quomodo

532 3581 710 3651 itaque
741 3583 939 3636 dicitur
965 3583 1068 3637 iste
1097 3584 1238 3652 quod
1268 3584 1538 3637 hominem
1569 3585 1938 3640 tantummodo
1969 3597 2123 3655 puta-

531 3676 669 3729 verit
699 3674 991 3739 Christum,
1025 3684 1079 3729 et
1113 3676 1342 3744 amplius
1373 3676 1525 3740 nihil,
1558 3692 1677 3731 cum
1705 3677 1820 3746 ipse
1848 3677 1951 3733 hoc
1975 3680 2125 3745 igno-

531 3766 722 3819 rantia:
760 3766 1002 3834 deputet,
1046 3765 1189 3834 quod
1239 3765 1341 3819 hoc
1379 3765 1523 3821 illius
1571 3767 1828 3835 temporis
1879 3765 2126 3823 homines

532 3855 886 3920 aestimarent,
919 3864 975 3911 et
1005 3856 1083 3910 cis
1120 3865 1267 3910 esset
1302 3856 1614 3913 incredibile
1640 3858 1782 3927 quod
1817 3860 1869 3912 in
1904 3874 1968 3914 eo
1994 3859 2127 3914 late-

532 3946 659 4000 bat?
688 3945 969 4015 quietiam
1002 3962 1069 4000 ex
1100 3945 1469 4013 magnitudine
1512 3947 1918 4014 miraculorum,
1956 3959 2009 4005 et
2057 3965 2123 4005 ex

536 4039 706 4106 gratia
738 4039 910 4092 sancti
942 4037 1175 4108 Spiritus
1217 4054 1380 4109 super
1413 4043 1686 4109 apostolos
1724 4042 2120 4113 descendentis,

533 4128 863 4184 intellectum
889 4147 1009 4185 eum
1034 4146 1153 4186 esse
1174 4140 1356 4200 postea
1388 4142 1443 4187 et
1463 4133 1724 4189 creditum
1746 4151 1929 4190 verum
1955 4136 2122 4191 Deum

534 4221 887 4275 cssentialiti-r
940 4230 1240 4277 exstantem
1286 4223 1479 4276 Filium
1548 4240 1730 4289 verum
1790 4227 1881 4281 Dei
1930 4227 2126 4283 :eterni

534 4314 752 4367 fatetur.
780 4312 914 4377 Quid
944 4329 1069 4383 ergo
1094 4313 1354 4369 dicimus?
1383 4315 1617 4385 nunquid
1663 4317 1875 4374 videtur
1919 4320 2123 4375 intelli-

538 4402 786 4471 gentibus
843 4404 1121 4471 credibile,
1175 4414 1234 4459 ut
1279 4408 1422 4476 quod
1469 4408 1799 4465 intellectum
1844 4421 2025 4480 postea
2071 4423 2127 4468 ct

2231 3237 2367 3276 nunc
2390 3221 2520 3275 nihil
2548 3220 2741 3289 petistis
2783 3221 2833 3274 in
2879 3222 3084 3275 nomine
3117 3236 3236 3275 meo
3267 3220 3444 3290 (locu.
3474 3234 3575 3284 ιη,
3601 3217 3692 3285 96).
3718 3214 3765 3269 Et

2229 3315 2478 3383 aperiens
2507 3314 2759 3383 quoniam
2794 3312 3021 3368 necdum
3052 3314 3301 3369 divinam
3332 3324 3564 3369 naturain
3589 3308 3767 3380 eiusin-

2232 3406 2558 3474 telligentcs,
2603 3420 2775 3473 neque
2829 3405 3104 3460 orationes
3144 3407 3197 3460 ei
3249 3405 3541 3461 oll‘erebant
3574 3413 3624 3457 ut
3666 3402 3766 3466 Deo,

2230 3512 2404 3565 neque
2444 3497 2728 3564 petitiones
2769 3496 2975 3567 aliquas
3027 3498 3077 3551 in
3120 3498 3247 3566 ejus
3284 3497 3499 3553 neruine
3534 3492 3768 3551 iaciebant.

2228 3588 2365 3641 sicut
2411 3587 2693 3655 oportebat
2736 3586 2915 3643 facere
2957 3589 3009 3642 in
3047 3589 3275 3645 nomine
3326 3587 3420 3645 Dei
3464 3584 3696 3642 exsxautis
3731 3587 3772 3635 cl

2234 3678 2349 3735 Filii
2384 3678 2476 3734 Dei
2510 3678 2745 3734 ouminm
2770 3694 2785 3731 :
2815 3688 2867 3733 ct
2889 3679 3008 3749 quia
3041 3692 3273 3749 propter
3295 3680 3433 3735 hanc
3458 3691 3630 3735 eorum
3659 3675 3775 3728 iutir~

2230 3772 2469 3827 mitatem
2517 3771 2572 3826 in
2615 3771 3057 3827 similitudinibus
3094 3774 3167 3829 de
3207 3775 3370 3829 Patre
3398 3773 3701 3844 loquebatur,
3726 3780 3776 3821 eo

2228 3864 2368 3929 quod
2393 3877 2569 3934 neque
2600 3864 2675 3917 illi
2708 3874 2997 3932 potuerunt
3026 3864 3243 3936 integre
3278 3867 3423 3921 scire
3446 3880 3508 3920 ea
3534 3876 3640 3934 qua:
3663 3859 3775 3916 dicc-

2229 3964 2437 4019 rentur,
2482 3955 2569 4008 vel
2610 3955 2681 4009 de
2716 3970 2824 4025 quo
2853 3955 3057 4010 diceret
3103 3969 3286 4024 patre,
3338 3958 3422 4013 vel
3462 3955 3671 4027 qualiter
3704 3964 3778 4006 ex-

2229 4056 2426 4113 stante,
2458 4046 2635 4101 adhuc
2675 4048 2916 4116 apertius
2962 4046 3261 4103 indicatur.
3318 4049 3459 4106 Dixit
3487 4048 3652 4104 enim:
3684 4042 3781 4097 licet

2222 4143 2280 4195 in
2312 4138 2569 4209 parabolis
2595 4141 2795 4195 locutus
2815 4155 2929 4194 sum
2957 4140 3099 4195 vobis
3123 4156 3145 4195 :
3177 4142 3317 4196 venit
3348 4142 3475 4195 liora
3503 4137 3690 4209 quando
3710 4149 3784 4187 non

2218 4236 2334 4304 jam
2354 4234 2409 4286 in
2436 4231 2698 4299 p.irabolis
2729 4233 2907 4300 loquar
2929 4232 3085 4297 vobis,
3122 4236 3222 4288 scil
3266 4234 3540 4302 manifeste
3571 4231 3630 4284 de
3665 4226 3785 4279 Patre

2226 4324 2541 4380 annuntiabo
2562 4325 2700 4381 vobis
2730 4323 2916 4395 (lbid.,
2944 4325 3060 4395 25).
3090 4326 3239 4393 Quid
3261 4338 3447 4382 autem
3467 4334 3575 4381 erat
3600 4319 3721 4393 quod
3739 4317 3789 4369 ila

2231 4418 2388 4473 Patre
2417 4432 2524 4472 non
2556 4415 2842 4472 manifeste
2868 4416 3104 4482 dixerat,
3160 4420 3273 4475 nisi
3306 4420 3433 4489 quia
3473 4431 3645 4472 revera
3681 4410 3781 4467 divi-

535 4495 798 4550 creditum
828 4510 948 4550 esse
978 4497 1179 4563 docuit,
1211 4498 1325 4567 ipse
1362 4514 1461 4555 nec
1488 4500 1834 4570 intellexerit,
1860 4518 1960 4560 nec
2003 4519 2121 4560 crc-
2149 4520 2198 4579 ι)
2226 4527 2347 4568 nam
2392 4518 2641 4566 naturam
2680 4507 2951 4579 Unigeniti
2998 4510 3351 4576 nesciebant,
3384 4527 3451 4565 cx
3479 4525 3582 4580 quo
3611 4512 3789 4575 possent

536 4586 767 4643 didcrit?
793 4587 858 4642 Et
886 4588 1118 4658 amplius
1150 4590 1251 4646 hoc
1280 4592 1454 4661 ipsum
1488 4593 1641 4663 quasi
1689 4603 1876 4649 contra
1915 4595 2121 4651 calum-

536 4682 776 4735 niatores
807 4696 944 4750 quos
971 4682 1192 4753 patitur,
1225 4694 1474 4752 repetens
1496 4696 1554 4742 et
1574 4686 1883 4744 inculcans:
1921 4706 1942 4743 ι
1978 4689 2123 4759 Quo-

536 4774 676 4829 niam
701 4788 847 4839 vero,
880 4775 1072 4844 inquit,
1106 4775 1159 4829 in
1188 4775 1370 4845 priore
1392 4788 1635 4848 tempore
1657 4778 2001 4850 ignorabatur
2021 4783 2123 4837 hoc

535 4866 831 4923 secundum
862 4869 1151 4923 essentiam
1181 4878 1430 4937 exstare;
1459 4886 1527 4927 ex
1567 4887 1633 4928 eo
1661 4883 1838 4929 autem
1866 4876 2004 4946 quod
2030 4893 2125 4948 ap.

538 4957 761 5026 parebat
790 4957 1118 5026 videntibus,
1169 4959 1331 5018 homo
1372 4978 1536 5033 purus
1580 4966 1899 5035 putabatur:
1930 4981 2123 5024 secun-

537 5047 664 5101 dum
697 5048 968 5104 hominem
1011 5049 1286 5121 pleraque,
1318 5063 1370 5108 et
1407 5055 1700 5111 secundum
1739 5074 1859 5113 eam
1897 5073 2000 5128 qua
2032 5074 2125 5128 ap-

538 5140 760 5209 parebat
811 5154 1054 5199 naturam
1104 5145 1460 5216 loquebatur?
1515 5166 1534 5199 s
1593 5149 1911 5218 Ignorantia:
1960 5150 2126 5206 luisse

541 5233 737 5288 iterum
769 5234 977 5305 dicens,
1008 5237 1148 5305 quod
1176 5254 1281 5294 non
1326 5240 1721 5311 intelligebatur
1750 5242 1995 5298 Christus
2041 5258 2127 5299 se-

535 5326 771 5379 cundum
823 5328 1107 5383 essentiam
1156 5330 1337 5399 Deus,
1393 5336 1488 5390 sed
1547 5337 1707 5392 homo
1753 5339 2128 5394 tantummodo

538 5432 724 5488 purus,
750 5419 838 5489 qui
863 5435 967 5475 non
995 5424 1155 5479 etiam
1186 5434 1329 5481 esset
1359 5427 1520 5496 Deus,
1552 5438 1604 5483 et
1638 5426 1739 5483 hoc
1768 5428 1882 5496 ipse
1904 5427 2121 5499 tingitur

538 5509 846 5577 ignorasse?
902 5510 999 5579 Qui
1061 5527 1179 5583 post
1235 5518 1502 5586 aliquanta
1558 5520 1635 5574 sic
1698 5520 1888 5579 iterum
1950 5521 2117 5579 dicit:

612 5642 628 5726 ξ
659 5642 791 5726 ςῖριί.
827 5643 1049 5726 Verum,
1081 5647 1171 5698 sibi
1198 5651 1353 5726 [uisse
1382 5669 1713 5726 cognoscunt.

607 5710 629 5743 ²
658 5712 799 5770 idem
828 5730 891 5771 cu
916 5720 975 5785 l.,
1011 5734 1156 5771 suum
1187 5710 1369 5778 Dium.

2229 4606 2440 4660 discere
2468 4603 2634 4657 Deum
2661 4601 2902 4669 Patrem,
2933 4600 3021 4671 qui
3049 4615 3117 4657 ex
3150 4613 3312 4659 certo
3340 4602 3458 4673 eius
3485 4612 3620 4656 esset
3650 4597 3786 4651 Pater.

2231 4706 2290 4752 ut
2314 4698 2453 4752 Deus
2479 4686 2572 4751 Dei
2600 4710 2669 4751 ex
2711 4708 2780 4751 eo
2821 4696 2931 4750 nati
2971 4696 3285 4751 secundum
3318 4692 3641 4752 essentiam?
3666 4687 3796 4757 Citius

2231 4790 2307 4845 rei
2338 4787 2515 4858 gratia
2539 4801 2634 4856 per
2661 4785 3043 4841 similitudines
3069 4785 3154 4842 eis
3183 4788 3259 4842 de
3290 4787 3457 4842 Patre
3483 4782 3793 4853 loquebatur:

2231 4895 2375 4937 nunc
2418 4879 2635 4951 quidem
2670 4879 2891 4934 nomine
2935 4886 3147 4933 tantum
3188 4880 3339 4950 apud
3383 4894 3482 4936 eos
3516 4889 3681 4939 utens,
3707 4871 3799 4938 eius

2228 4982 2622 5027 autem-veram
2665 4969 3071 5042 intelligentiam
3116 4974 3172 5028 in
3208 4983 3494 5042 posterum
3529 4972 3561 5025 il
3588 4971 3628 5023 is
3657 4979 3798 5021 reser-

2230 5078 2360 5119 vans
2389 5062 2620 5127 edicere,
2654 5042 2868 5132 quando
2893 5078 2988 5118 eos
3031 5064 3211 5133 gratia
3247 5064 3486 5133 Spiritus
3526 5060 3680 5118 sancti
3707 5067 3801 5125 qua!

2229 5172 2391 5225 super
2432 5173 2526 5212 eos
2566 5157 2736 5225 venit,
2772 5157 3058 5213 instituens
3091 5157 3491 5229 perceptibiles
3541 5165 3690 5210 tanta:
3715 5148 3795 5203 dn-

2230 5248 2418 5305 ctrinai
2445 5250 2745 5319 perliceret.
2779 5249 3003 5319 Pr0pter
3038 5249 3145 5306 hoc
3194 5252 3383 5307 etiam.
3420 5251 3536 5319 ipse
3579 5241 3804 5302 Dominus

2233 5342 2286 5397 in
2316 5343 2506 5397 eodem
2537 5342 2655 5412 ipso
2685 5356 2937 5397 sermone
2967 5341 3254 5411 proximus
3288 5340 3553 5411 passioni,
3587 5346 3639 5390 ut
3681 5328 3804 5385 inlir-

2232 5433 2470 5489 mitatem
2503 5448 2689 5488 eorum
2712 5434 3039 5497 ostenderet,
3071 5433 3225 5488 unde
3270 5442 3498 5501 possent
3540 5425 3804 5483 doctrinam

2233 5527 2606 5597 perfectiorem
2649 5538 2951 5591 assumere,
3000 5525 3264 5581 dicebat:
3295 5524 3469 5579 Multa
3512 5519 3662 5573 habeo
3690 5512 3807 5568 rubis

2305 5662 2324 5691 ³
2358 5662 2411 5713 in
2440 5662 2626 5715 eodem
2670 5661 2789 5716 rod.
2835 5661 2982 5727 deest
3029 5658 3318 5730 Philippe;
3377 5659 3534 5714 deest
3574 5653 3719 5709 etiam
3761 5645 3803 5696 in

2237 5744 2381 5789 testu
2413 5731 2632 5788 Joannis
2658 5747 2775 5803 cap.
2812 5749 2919 5792 xav,
2955 5746 3093 5788 vers.
3131 5732 3188 5785 ‘J.
