3998 6194
238 256 341 315 745

234 463 403 521 dicis?
421 464 545 533 quia
573 476 681 518 non
710 461 936 531 potestis
960 458 1118 514 modo
1138 466 1356 528 portare
1382 472 1399 512 :
1432 470 1539 511 non
1567 454 1834 520 invidens,

235 557 328 612 sed
354 555 482 626 quia
510 568 619 610 non
651 552 901 609 sul‘ilcitis
930 551 996 606 ad
1025 549 1287 620 majorem
1318 561 1497 603 rerum
1533 547 1836 617 perceptio-

240 665 382 714 nem,
416 647 689 703 inﬁrmius
715 647 891 702 adhuc
920 642 1118 707 aliecti,
1143 657 1301 712 quam
1325 650 1383 696 ut
1402 640 1589 695 borum
1612 640 1835 710 dogma-

242 753 355 798 tnm
385 741 749 811 integritatem
781 739 996 808 possitis
1026 736 1259 792 edoceri.
1304 732 1530 800 Quando
1569 746 1699 803 ergo
1744 746 1838 801 po-

240 844 441 899 terunt,
459 833 542 889 vel
566 833 744 889 unde?
770 831 989 900 Quando
1016 830 1205 885 venerit
1225 828 1316 883 ille
1335 827 1563 899 Spiritus
1584 827 1834 894 veritatis,

238 927 442 980 inducet
469 942 557 980 vos
582 925 639 979 in
677 939 881 978 omnem
904 922 1167 976 ueritatem
1208 918 1395 991 (Ibid.,
1430 918 1542 989 15).
1574 918 1840 988 Superve-

245 1018 352 1073 niet
378 1016 527 1071 enim
563 1029 731 1084 super
766 1028 863 1069 vos
906 1012 1142 1083 Spiritus
1166 1012 1338 1067 sancti
1384 1010 1578 1082 gratia,
1626 1023 1694 1063 ex
1735 1024 1836 1079 qua

246 1114 497 1162 cunctam
538 1105 848 1175 dogmatum
889 1103 1240 1159 subtilitatem
1273 1100 1668 1171 cognoscitis".
1704 1099 1837 1154 Pro-

251 1197 377 1252 inde
406 1197 455 1251 si
484 1196 822 1251 divinitatem
860 1194 1129 1265 lluigeniti
1164 1194 1508 1258 docerentur,
1537 1200 1591 1247 et
1624 1191 1837 1246 Patrem

249 1290 412 1345 Deum
445 1289 631 1359 utique
666 1288 1014 1355 docerentur,
1057 1297 1113 1343 ut
1156 1296 1280 1357 pote
1308 1286 1401 1342 Dei
1443 1286 1566 1342 Filii
1596 1286 1835 1353 Patrem,

251 1390 303 1435 et
330 1380 457 1451 quid
492 1379 788 1449 perfectius
818 1379 885 1434 ad
913 1379 1229 1451 dogmatum
1253 1378 1535 1434 scientiam
1556 1377 1637 1432 eis
1665 1391 1841 1431 rema-

254 1472 444 1528 neret?
474 1490 492 1523 ι
522 1471 629 1528 Sed
680 1470 761 1526 his
810 1470 1269 1536 commemoratis,
1328 1483 1438 1524 non
1488 1475 1694 1523 tantum
1745 1481 1841 1537 pro

252 1576 518 1634 suscepta:
562 1578 742 1619 causa:
796 1561 1012 1630 merito,
1060 1576 1220 1632 quam
1265 1561 1424 1632 longe
1466 1559 1725 1616 distentus
1772 1562 1840 1614 ab

252 1660 660 1717 accusatoribus
688 1658 979 1727 Theodori,
1009 1658 1135 1729 quin
1167 1657 1347 1727 potius
1382 1655 1840 1712 Chalcedonensis

1128 249 1262 307 PRO
1302 244 1734 306 DEFENSIONE
1771 243 1987 302 TRIUM
2027 239 2343 300 CAPITUL.
2386 241 2513 298 LIB.
2560 238 2650 296 IX.
2750 294 2753 297 Α

237 374 407 429 dicere
434 371 618 445 (lacn.
634 381 748 437 xvi,
768 368 882 438 ιε).
910 365 1081 439 Cujus
1104 381 1236 438 ergo
1256 366 1331 422 rei
1354 364 1522 435 gratia
1542 363 1702 419 modo
1725 377 1829 418 non
1861 362 1910 422 Α

3418 235 3520 291 τιὸ

1943 430 2093 504 Quod
2140 427 2443 483 Theodorus
2493 349 3027 504 inLtiAulZ‘lgIsle'briui
3068 418 3268 504 naturis
3301 421 3524 504 .anieani

2011 501 2124 572 ejus
2152 514 2422 575 personam
2450 494 2737 575 agnoverit,
2765 493 3063 575 alienasque
3085 491 3239 562 fuerit
3262 490 3324 545 ab
3351 506 3524 546 errore

2010 562 2117 624 tum
2145 562 2613 633 Judmorumfmm
2640 562 3065 618 Manirltarorum.

2016 663 2227 730 Ergone
2256 664 2376 727 iste,
2410 660 2497 730 qui
2530 673 2654 714 vere
2684 656 2849 712 Deutu
2880 672 2943 711 ex
2979 654 3109 721 Deo,
3161 662 3215 709 et
3246 651 3529 709 invisibilis

1939 772 2003 812 ac
2024 755 2215 811 divinze
2258 761 2462 809 natura:
2505 751 2699 807 Filium
2734 764 2830 819 pro
2858 748 3013 803 nobis
3054 747 3248 802 asserit
3288 762 3526 817 passum,

1940 844 2077 898 duos
2123 842 2259 896 filios
2309 840 2521 895 volebat
2569 836 2809 908 intelligi,
2845 847 3096 905 tanquam
3140 835 3361 890 alterius
3402 834 3530 889 sub-

1940 932 2198 989 sistentia:
2224 931 2293 985 sit
2320 930 2409 1000 qui
2438 942 2535 999 pro
2558 927 2710 983 nobis
2742 940 2930 996 passus
2956 934 3059 991 est,
3088 934 3144 980 et
3162 924 3385 979 alterius
3407 922 3528 977 uni-

1940 1023 2172 1092 genitus,
2200 1021 2288 1092 qui
2316 1035 2444 1074 vere
2468 1020 2608 1074 sicut
2638 1017 2778 1072 Deus
2818 1031 2886 1070 ex
2918 1013 3028 1070 Deo
3072 1014 3353 1070 invisibilis
3392 1014 3529 1068 divi-

1944 1126 2131 1180 naeque
2168 1118 2375 1163 naturae
2414 1107 2524 1163 sit?
2554 1114 2647 1161 aut
2679 1111 2864 1175 posset
2911 1104 2979 1159 de
3022 1105 3087 1160 éo
3134 1120 3292 1175 quem
3338 1119 3528 1174 purum

1941 1200 2196 1256 credebat
2225 1198 2522 1265 hominem,
2551 1197 2732 1251 dicere
2768 1211 2781 1249 :
2835 1213 2854 1247 ‹
2893 1193 2950 1250 Si
3000 1194 3143 1251 enim
3190 1196 3527 1265 cognoveris,

1942 1293 2132 1364 inquit,
2174 1292 2298 1361 quis
2324 1293 2448 1357 sim,
2482 1302 2778 1359 cognosces
2810 1294 2865 1343 et
2895 1286 3044 1341 illum
3073 1287 3366 1343 secundum
3389 1288 3530 1358 quod

1945 1386 2202 1455 possibile
2241 1393 2347 1451 est,
2376 1398 2473 1455 per
2508 1397 2597 1438 me
2641 1379 3012 1449 contemplans
3042 1379 3216 1434 Patris
3264 1389 3529 1447 naturam,

1943 1479 2094 1549 cujus
2124 1493 2245 1535 sum
2277 1476 2441 1543 ﬁlius,
2481 1491 2545 1531 ex
2589 1475 2706 1546 ipso
2750 1481 2970 1529 exstans
3013 1471 3309 1527 secundum
3348 1486 3533 1527 esscn-

1945 1571 2093 1635 tiam,
2128 1578 2182 1625 et
2208 1550 2450 1640 ejusdem
2483 1581 2605 1622 cum
2634 1565 2730 1621 illo
2767 1578 2986 1619 essmns
3014 1565 3294 1619 essentia?
3324 1582 3343 1617 ι
3381 1565 3447 1620 Et
3477 1571 3535 1619 ut

1945 1680 2051 1719 non
2095 1664 2283 1728 alium,
2329 1660 2427 1717 sed
2479 1661 2654 1728 ipsum
2686 1658 2830 1713 Patri
2872 1657 3385 1713 consubstantialem
3437 1673 3534 1729 pro

253 1754 492 1821 concilii.
526 1752 737 1808 ἀθιιθῑίε
765 1751 1088 1809 “lende”:
1124 1764 1307 1805 verum
1341 1748 1501 1803 “iam
1530 1762 1687 1819 quam
1711 1747 1841 1802 δίη)-
1874 1740 1920 1801 Β
1948 1758 2101 1813 nobis
2129 1757 2435 1828 passionem
2475 1750 2776 1821 suscepisse
2823 1759 3172 1821 monstraret,
3216 1751 3317 1806 ltoc
3360 1752 3534 1822 ipsum

261 1846 475 1916 pliciter
528 1858 627 1899 nos
676 1857 740 1899 ac
802 1842 1041 1898 ﬁdeliter
1095 1856 1209 1897 rem
1259 1854 1531 1912 geramus.
1595 1838 1847 1894 Hmretici

260 1938 426 2002 enim,
452 1935 599 1993 velut
625 1935 773 1990 iures
800 1941 857 1989 et
881 1948 1066 2000 canes,
1090 1946 1196 1988 non
1220 1932 1455 2002 integras
1479 1931 1618 1987 sicut
1645 1931 1847 1986 baben-

260 2041 343 2085 tnr
385 2027 557 2099 ipsius
601 2025 874 2082 Theodori
913 2025 1207 2081 sententias
1230 2031 1258 2061 ι
1288 2024 1499 2078 sincere
1525 2023 1848 2094 depromunt

258 2133 417 2194 a'que
444 2121 798 2191 simpliciter;
826 2118 920 2174 sed
950 2116 1398 2189 qnetnadtnodtuu
1441 2115 1509 2171 de
1553 2115 1684 2185 ipsis
1712 2128 1846 2184 quo-

260 2230 363 2286 que
386 2214 686 2284 Scripturis
714 2211 989 2268 canonicis
1018 2210 1196 2265 facere
1223 2209 1421 2274 solent,
1447 2220 1615 2278 pauca
1638 2221 1704 2261 ex
1734 2208 1850 2276 ejus

259 2314 414 2369 dictis
438 2312 670 2366 obscura
701 2308 864 2365 verba
896 2308 1225 2377 subripiunt,
1269 2313 1328 2362 et
1376 2305 1490 2360 hate
1527 2306 1638 2375 ipsa
1686 2304 1852 2361 malc-

214 2468 223 2485 .
259 2406 374 2462 dico
402 2405 566 2460 dente
592 2402 906 2460 concidunt.
937 2400 1044 2456 Nos
1078 2411 1280 2465 autem,
1312 2398 1448 2453 sicut
1487 2397 1702 2463 videtis,
1735 2410 1853 2451 ma-

260 2498 337 2566 gis
357 2498 608 2566 eligimus
637 2492 913 2549 fastidium
944 2491 1012 2547 de
1044 2490 1396 2559 longitudine,
1429 2504 1587 2560 quam
1623 2488 1693 2544 de
1732 2488 1854 2543 bre-

265 2587 423 2643 vitate
450 2595 610 2655 atque
648 2583 983 2638 obscuritate
1028 2579 1391 2650 suspicionem
1426 2578 1628 2634 fraudis
1671 2579 1854 2633 incur-

265 2694 402 2734 rere.
427 2678 547 2733 Non
570 2684 655 2732 est
680 2689 845 2744 quare
875 2673 929 2728 in
960 2671 1044 2728 bis
1063 2687 1181 2742 quae
1217 2685 1315 2725 nos
1342 2669 1663 2740 proferimus
1687 2668 1858 2724 lector

263 2777 489 2837 quaerat,
523 2766 609 2821 vel
634 2764 760 2836 quid
790 2762 1039 2832 superius
1061 2776 1092 2817 a
1119 2759 1409 2816 Theodoro
1440 2758 1601 2813 fuerit
1627 2758 1852 2825 dictum,

267 2860 345 2915 vel
378 2857 637 2915 inferius'
667 2856 1056 2925 subsequatur,
1091 2852 1177 2908 vel
1211 2866 1316 2923 qua
1341 2852 1548 2907 ratione
1579 2849 1736 2906 fuerit
1780 2851 1860 2906 sic

266 2952 513 3008 locutus:
543 2958 709 3005 totam
738 2949 784 3004 si
806 2961 1024 3004 causam
1052 2946 1076 2979 ³
1104 2954 1229 3001 ante
1273 2944 1460 3000 oculos
1504 2943 1858 3015 iudicantium

267 3041 655 3114 inspiciendam
710 3039 1091 3096 constituimus
1133 3053 1147 3090 :
1190 3049 1297 3091 non
1338 3049 1408 3091 ex
1452 3034 1635 3091 multis
1697 3042 1861 3106 atque

1950 1856 2203 1918 repetens
2254 1846 2447 1901 iterum
2497 1844 2677 1899 dicit:
2730 1860 2749 1895 ι
2786 1841 3014 1912 Propter
3060 1841 3164 1898 hoc
3212 1843 3371 1898 etiam
3421 1844 3538 1914 ipse

1952 1939 2210 1996 Dominus
2236 1939 2291 1993 in
2316 1938 2506 1993 eodem
2541 1938 2658 2007 ipso
2687 1949 2942 1990 sermone
2972 1935 3248 2005 proximus
3278 1935 3538 2005 passioni,

1952 2043 2009 2087 ιιι
2036 2032 2397 2087 inﬁrmitatem
2425 2044 2613 2085 eorum
2645 2028 2977 2095 ostenderet,
3008 2028 3152 2084 unde
3200 2037 3419 2098 possent
3440 2028 3540 2084 tio-

1951 2124 2177 2181 ctrinam
2210 2123 2582 2192 perfectiorem
2615 2134 2919 2189 assumere,
2942 2121 3153 2175 dicebat
3187 2138 3199 2175 :
3246 2119 3415 2175 Multa
3440 2120 3542 2174 ha-

1954 2216 2042 2269 beo
2067 2215 2206 2270 vobis
2244 2216 2429 2269 dicere.
2464 2230 2485 2265 ι
2534 2212 2652 2282 Ipse
2701 2227 2830 2281 ergo
2878 2212 3155 2277 Dominus,
3196 2212 3285 2281 qui
3318 2213 3555 2268 consub-

1954 2306 2217 2364 stantialis
2261 2316 2346 2361 est
2388 2304 2559 2371 Patri,
2598 2313 2651 2360 et
2703 2321 2811 2359 non
2853 2305 3008 2371 alius,
3056 2319 3086 2359 a
3115 2304 3402 2361 Theodoro
3444 2320 3541 2375 pro

1955 2400 2112 2454 nobis
2136 2398 2333 2453 dicitur
2358 2411 2571 2467 passus.
2612 2394 2810 2451 Verum
2857 2411 3031 2465 neque
3074 2396 3187 2464 ipse
3222 2395 3289 2449 ab
3318 2410 3384 2451 eo
3413 2411 3541 2463 pro-

1958 2491 2233 2546 nuntiatur
2260 2490 2419 2544 Pater
2445 2503 2566 2544 esse
2597 2489 2684 2560 qui
2717 2487 2886 2542 Filius
2919 2504 2931 2542 :
2961 2487 3192 2557 alioquin
3226 2486 3451 2558 loquens
3477 2487 3545 2543 de

1961 2583 2207 2653 Philippo
2245 2597 2352 2637 non
2383 2582 2611 2645 diceret,
2668 2598 2688 2632 ι
2720 2577 2873 2635 Velle
2905 2580 3046 2633 enim
3078 2579 3289 2633 Patrem
3338 2579 3542 2645 videre,

1959 2676 2215 2731 indicium
2265 2684 2382 2730 erat
2415 2688 2481 2729 eo
2509 2671 2653 2744 quod
2697 2686 2873 2742 neque
2919 2672 3093 2740 ipsum
3136 2673 3321 2738 sciret,
3372 2672 3423 2726 id
3464 2684 3549 2727 est

1959 2766 2266 2831 Christum;
2295 2766 2382 2821 vel
2429 2764 2571 2834 quod
2611 2764 2683 2819 ibi
2725 2764 3045 2819 subsecutus
3085 2762 3157 2817 ait
3204 2777 3268 2817 ex
3318 2777 3549 2834 persona

1962 2858 2217 2913 Domini:
2249 2858 2307 2913 Si
2349 2859 2493 2913 enim
2524 2854 2865 2928 cngnoveris,
2895 2856 3088 2926 inquit,
3128 2858 3247 2926 quis
3288 2856 3411 2924 sim,
3459 2871 3552 2912 co-

1962 2962 2188 3021 gnosces
2216 2957 2272 3004 et
2296 2946 2444 3002 illum
2489 2946 2786 3002 secundum
2817 2947 2961 3016 quod
3008 2947 3261 3017 possibile
3304 2956 3409 3015 est,
3456 2962 3553 3018 per

1966 3057 2055 3098 me
2076 3040 2452 3109 contemplans
2484 3038 2658 3094 Patris
2688 3046 2934 3093 naturam
2962 3057 2973 3091 :
3016 3057 3035 3092 ι
3069 3049 3124 3095 et
3151 3055 3378 3110 quaeque
3402 3040 3553 3095 simi-

268 3109 472 3207 apertis
502 3148 695 3205 pauca,
722 3129 1174 3202 quemadmodum
1212 3129 1312 3195 illi,
1344 3135 1399 3183 et
1418 3128 1645 3185 obscura
1674 3127 1856 3184 verbis
1884 3109 1928 3173 (ἶ
1966 3132 2037 3189 lia
2073 3134 2147 3188 ibi
2178 3131 2551 3196 coiitinentur,
2579 3146 2699 3202 quae
2725 3133 2793 3187 de
2840 3130 2998 3185 Patre
3037 3145 3100 3185 ac
3120 3109 3301 3198 Filio,
3325 3147 3550 3203 quorum

270 3245 371 3285 non
396 3229 418 3261 ³
445 3244 512 3284 ea
545 3225 768 3297 integris
787 3232 843 3281 et
869 3222 1122 3295 perfectis
1144 3221 1432 3293 particulas
1459 3219 1862 3276 demordemus.

269 3323 416 3380 Sicut
442 3329 626 3377 autem
658 3326 835 3390 potest
860 3332 927 3373 ex
958 3316 1039 3370 bis
1066 3329 1188 3384 qum
1218 3322 1514 3370 memorata
1548 3321 1672 3369 sunt
1701 3328 1867 3368 unus-

270 3416 497 3487 quisque
522 3425 876 3481 cognoscere,
912 3422 1019 3463 non
1052 3407 1324 3463 hominem
1348 3421 1561 3478 purum,
1591 3405 1644 3462 id
1672 3406 1865 3476 estqui

274 3522 381 3561 non
412 3507 484 3561 sit
504 3504 668 3560 etiam
700 3502 867 3568 Deus,
894 3501 991 3556 sed
1030 3499 1361 3571 unigenitum
1390 3498 1484 3555 Dei
1516 3496 1707 3551 Filium
1746 3510 1872 3552 con-

271 3594 676 3651 substantialem
708 3592 876 3658 Patri,
907 3605 1005 3661 pro
1025 3589 1181 3646 nobis
1201 3589 1396 3645 asserit
1424 3601 1644 3658 passum
1670 3605 1684 3643 :
1709 3600 1866 3658 quem

272 3689 396 3745 dicit
426 3687 730 3759 proximum
777 3685 1015 3757 passioni
1055 3698 1175 3741 sua:
1217 3682 1423 3739 dixisse
1460 3678 1738 3750 discipulis
1764 3696 1778 3734 :
1809 3678 1872 3736 Si

274 3800 350 3837 me
376 3782 599 3846 sciretis,
622 3780 795 3843 utique
821 3787 870 3833 et
894 3776 1105 3832 Patrem
1129 3790 1297 3830 meum
1322 3772 1518 3827 sciretis
1546 3771 1730 3843 (Joan.
1754 3786 1870 3838 vttt,

277 3875 386 3943 i9).
410 3872 482 3928 Et
506 3870 573 3926 ad
614 3870 918 3937 Philippum
945 3885 960 3927 :
994 3868 1158 3921 Tanto
1185 3876 1410 3937 tempore
1436 3864 1696 3918 vobiscum
1734 3878 1871 3928 sum,

277 3974 321 4017 et
343 3980 445 4018 non
482 3962 788 4031 cognovisti:
818 3961 932 4014 me?
956 3958 1221 4029 Philippe,
1251 3957 1337 4027 qui
1376 3956 1507 4009 videt
1536 3969 1635 4021 me,
1666 3953 1800 4007 ridet
1830 3964 1875 4007 et

286 4057 493 4113 Patrem
517 4056 697 4125 (Joan.
731 4073 840 4123 xiv,
866 4057 967 4126 9):
1000 4054 1375 4111 ostendentem
1416 4051 1671 4122 quoniam
1701 4062 1878 4118 neque

282 4149 517 4203 divinam
549 4159 795 4203 naturam
825 4127 1028 4203 sciebat
1053 4143 1357 4216 Unigcniti;
1392 4139 1533 4214 quod
1563 4138 1880 4195 Theodorus

282 4257 383 4298 non
407 4243 636 4307 diceret,
663 4242 765 4296 nisi
790 4239 1037 4296 crederet
1070 4236 1411 4307 Unigcnitum
1456 4232 1651 4288 divinae
1674 4239 1880 4285 natura}

286 4349 376 4405 pro
403 4334 563 4388 nobis
593 4347 831 4404 passum.
870 4331 1068 4385 Verum
1102 4342 1204 4384 nec
1232 4324 1364 4383 illud
1389 4322 1464 4379 ibi
1491 4330 1714 4391 poneret
1739 4321 1879 4391 quod

283 4432 354 4482 ait
374 4444 389 4481 :
425 4426 569 4482 iiinc
593 4426 754 4481 etiam
776 4424 1039 4479 adductus
1063 4430 1147 4477 est
1168 4419 1452 4488 Philippus
1467 4416 1533 4471 ad
1557 4412 1877 4470 dicendum:

1968 3243 2072 3283 una
2097 3237 2284 3283 natura
2310 3235 2413 3292 est,
2442 3240 2548 3281 non
2578 3225 2679 3280 nisi
2708 3238 2805 3295 pro
2835 3224 3161 3281 discretione
3201 3241 3553 3297 personarum

1968 3319 2108 3375 dicta
2135 3326 2340 3389 queunt
2378 3317 2622 3389 intelligi.
2656 3318 2712 3373 In
2760 3317 2867 3372 (inc
2896 3332 3027 3374 vero
3068 3317 3235 3388 ipsius
3277 3319 3557 3374 sententia:

1970 3426 2161 3470 omnes
2184 3421 2293 3468 tres
2319 3424 2578 3481 personas
2602 3410 2775 3465 Patris
2804 3419 2858 3465 et
2885 3408 3003 3464 Filii
3031 3417 3086 3465 ct
3122 3408 3359 3477 Spiritus
3387 3411 3558 3464 sancti

1971 3505 2134 3560 simul
2201 3504 2477 3571 insinuat,
2533 3516 2653 3558 cum
2703 3517 2771 3557 ex
2836 3516 3067 3573 persona
3126 3500 3339 3556 Domini
3391 3500 3558 3556 dicit:

1980 3616 1999 3650 r
2035 3596 2261 3663 Quando
2289 3596 2498 3655 venerit
2527 3595 2619 3650 ille
2645 3593 2879 3664 Spiritus
2916 3594 3189 3659 veritatis,
3221 3594 3439 3651 inducet
3467 3609 3562 3650 vos

1975 3688 2031 3743 in
2068 3701 2285 3743 omnem
2316 3686 2621 3743 veritatem.
2666 3684 3023 3754 Superveniet
3069 3683 3211 3740 enim
3255 3699 3421 3752 super
3467 3701 3562 3739 vos

1975 3781 2208 3851 Spiritus
2246 3780 2417 3835 sancti
2466 3779 2660 3849 gratia,
2697 3792 2764 3832 ex
2811 3792 2913 3847 qua
2956 3788 3204 3832 cunctam
3252 3777 3562 3847 dogmatnnt

1977 3873 2328 3927 subtilitatem
2389 3870 2749 3941 cognoscetis.
2804 3888 2823 3922 ι
2902 3869 3135 3924 Proinde
3198 3869 3243 3923 si
3308 3870 3563 3925 divinita-

1982 3975 2089 4021 tem
2142 3965 2414 4037 Unigcniti
2466 3965 2815 4028 docerentur,
2863 3974 2918 4019 et
2968 3962 3182 4018 Patrem
3242 3963 3411 4018 Deum
3466 3965 3565 4018 uti~

1978 4072 2084 4127 que
2113 4056 2453 4112 docerentur.
2488 4055 2626 4124 Quid
2656 4053 2816 4125 igitur
2858 4053 3232 4109 haereticorum
3263 4053 3559 4126 cotuplices

1982 4150 2039 4205 in
2070 4148 2436 4220 prmjudicinm
2466 4156 2668 4203 sancta:
2696 4144 2890 4218 synodi
2923 4154 3122 4201 tantum
3146 4160 3327 4201 rerum
3349 4148 3569 4202 eviden-

1986 4240 2108 4297 tiam
2146 4242 2435 4298 obscurare
2479 4239 2657 4295 conati
2687 4251 2834 4303 sunt,
2866 4236 3017 4307 quasi
3058 4237 3306 4294 omnibus
3337 4238 3415 4294 sic
3443 4254 3570 4309 pos-

1986 4344 2106 4390 sent
2135 4335 2325 4390 oculos
2352 4332 2622 4395 claudere,
2655 4331 2794 4385 sicut
2822 4328 2923 4385 sibi
2954 4330 3297 4385 clauserunt?
3327 4330 3458 4386 Nam
3486 4346 3573 4386 se-

1988 4426 2218 4481 cundum
2236 4426 2497 4480 Joannem
2521 4422 2865 4493 Evangelium
2889 4421 3247 4493 interpretans
3270 4422 3397 4478 dicit
3422 4441 3434 4476 :
3467 4442 3485 4473 r
3509 4420 3575 4477 In

288 4524 510 4580 Ostende
539 4524 685 4579 nobis
720 4522 947 4589 Patrem,
982 4532 1030 4575 et
1060 4518 1246 4590 stt/ﬁcit
1275 4515 1420 4571 nobis
1443 4512 1485 4567 ⁸.
1530 4512 1587 4569 Si
1619 4511 1760 4567 enim
1791 4512 1872 4566 in-
1908 4494 1959 4552 D
1986 4517 2176 4571 mundo
2204 4524 2332 4581 erat,
2361 4522 2406 4568 et
2435 4515 2656 4567 mundus
2687 4530 2777 4583 per
2806 4531 2921 4568 eum
2951 4514 3119 4581 [actus
3145 4522 3241 4583 est,
3274 4524 3323 4568 et
3345 4515 3572 4570 mundus

288 4626 433 4688 tegre
458 4618 625 4673 sciret
644 4616 767 4686 quia
792 4614 1003 4670 Patrem
1025 4626 1183 4667 suum
1204 4607 1230 4643 ⁸
1256 4605 1470 4663 dicebat
1500 4618 1621 4660 eum
1646 4603 1738 4675 qui
1791 4617 1849 4657 re
1867 4632 1880 4643 ο

286 4727 410 4768 vera
440 4710 559 4780 eius
582 4719 728 4767 esset
767 4708 951 4773 Pater,
984 4722 1050 4760 ex
1100 4718 1208 4774 quo
1236 4711 1353 4758 erat
1382 4714 1509 4756 vere
1552 4698 1694 4753 sicut
1740 4697 1883 4753 Deus

289 4819 352 4859 ex
398 4804 531 4867 Deo,
580 4815 853 4872 nunquam
897 4798 1153 4854 dixisset:
1204 4794 1429 4849 Ostende
1480 4791 1627 4846 nobis
1671 4789 1883 4844 Patrem

297 4905 459 4960 tuum,
485 4894 624 4948 bene
651 4892 830 4948 sciens
861 4888 983 4962 quia
1014 4886 1304 4945 invisibilis
1334 4894 1419 4939 est
1447 4881 1755 4938 hominibus
1804 4879 1883 4935 di-

296 5001 413 5042 'Illa
437 4997 649 5041 natura.

368 5135 392 5163 ι
422 5125 514 5179 Sic
560 5122 851 5193 Dionysius
909 5116 1514 5193 Alexandrinus,_teste
1564 5108 1882 5193 Athanasio,

300 5200 618 5265 querebatur
646 5181 752 5247 non
783 5193 1061 5265 integras,_
1074 5187 1169 5243 sed
1202 5183 1446 5265 concisas
1466 5182 1534 5235 ab
1554 5181 1884 5265 adversariis

302 5253 590 5321 sententias
614 5278 736 5319 suas
763 5253 1010 5331 proie'rri.
1030 5253 1253 5331 Ἐπιιτᾳ
1278 5253 1674 5331 uindicauit-91:);
1724 5269 1889 5331 κατεξ-

304 5339 486 5399 πόπας
513 5338 697 5400 αὐτοῦ,
726 5324 793 5393 ait}
821 5337 891 5407 μὴ
919 5331 1214 5404 ὁλοκλήρους
1237 5329 1489 5399 λέγοντας,
1523 5324 1644 5376 ἀλλὰ
1682 5340 1745 5373 πε
1750 5324 1888 5391 pucd-

376 5471 392 5502 ¹
424 5469 557 5524 Cod.
591 5468 809 5530 Veram,
845 5464 920 5519 vel
945 5462 1072 5534 quid
1104 5461 1343 5531 inferius.

374 5543 396 5573 ‘
426 5541 568 5595 Idem
597 5538 747 5603 cod.,
778 5546 935 5590 totam
956 5536 1086 5587 sicut
1111 5546 1181 5586 est
1211 5544 1438 5583 causam.
1469 5601 1480 5605 _
1637 5594 1648 5605 ι

379 5611 400 5641 ³
422 5611 562 5665 Idem
583 5601 907 5672 cod.,’rerba
929 5604 1207 5675 elegimus;
1240 5617 1339 5655 non
1373 5614 1435 5654 ex
1464 5601 1695 5652 intearts.

387 5722 405 5749 ⁸
432 5724 589 5779 Forte
619 5728 949 5792 cognoscetis.

552 5838 824 5900 Γιτιιοι..
903 5830 1066 5892 LXV
1085 5829 1151 5890 II.

1985 4626 2096 4663 eum
2125 4626 2226 4663 non
2264 4607 2502 4680 cognouit
2528 4605 2709 4677 (han.
2741 4623 2787 4671 t,
2823 4606 2941 4677 l0),
2971 4606 3159 4663 dicens
3186 4607 3489 4662 venientem
3520 4606 3575 4660 in

1988 4702 2125 4754 hunc
2171 4698 2427 4754 mundum
2460 4695 2529 4751 de
2578 4698 2802 4752 Domino
2840 4697 3058 4753 Christo
3107 4698 3245 4753 bene
3286 4697 3488 4760 intulit,
3521 4698 3574 4750 in

1986 4790 2185 4846 mundo
2213 4798 2345 4857 erat,
2378 4798 2438 4847 ut
2471 4790 2785 4845 ostenderet
2820 4790 2940 4860 quia
2972 4787 3274 4846 venientem
3311 4788 3378 4843 ad
3410 4785 3577 4842 muni-

1985 4882 2322 4939 festationent
2353 4881 2556 4939 retulit.
2589 4880 2897 4938 SubStantia
2926 4882 3068 4936 enim
3093 4888 3146 4935 et
3169 4888 3357 4933 natura
3384 4889 3501 4934 erat
3519 4876 3577 4935 in

1988 4973 2214 5039 mundo,
2247 4971 2444 5043 inquit,
2466 4983 2522 5031 et
2554 4982 2731 5028 attica.
2765 4970 2830 5024 Et
2865 4968 3031 5024 veluti
3061 4968 3163 5023 hoc
3192 4981 3378 5037 parum
3408 4975 3577 5031 esset,

1991 5132 2213 5172 πτοντας
2240 5113 2394 5165 αὐτοῦ
2423 5112 2513 5171 τὰς
2544 5111 2716 5174 λέξειξ.
2754 5108 2816 5161 Ει
2870 5106 2938 5159 tle
2979 5104 3293 5168 Apolinario
3335 5104 3579 5175 Apostoli

1994 5183 2154 5236 verba
2188 5190 2467 5236 truncaute
2494 5178 2781 5250 Gregorius
2822 5176 3191 5250 Nazianzenus
3219 5178 3463 5250 oratione
3513 5181 3581 5229 act

1994 5252 2295 5323 Necurium
2325 5268 2339 5303 :
2372 5254 2515 5319 Ar’yn
2536 5248 2634 5323 γάῤ
2658 5250 2804 5302 πάλιν
2829 5248 3167 5323 evroo-relati»
3190 5269 3302 5303 τινα
3323 5249 3475 5320 ῥῆσιν
3496 5253 3582 5305 τοῦ

1999 5321 2113 5378 ὅλον
2141 5325 2378 5393 σώματος
2405 5330 2495 5379 τῆς
2522 5321 2867 5391 συμφράσεως
2898 5322 3200 5378 ἀποκνίσας.

2068 5460 2087 5487 ⁸
2114 5459 2254 5514 Idem
2284 5456 2431 5517 cod.,
2463 5453 2762 5525 nobia;_ltae
2785 5452 2941 5507 etiam
2971 5451 3221 5525 adjiciena
3250 5463 3267 5521 ;
3292 5449 3336 5502 si
3360 5446 3516 5501 enim.

2073 5531 2092 5561 '
2123 5532 2266 5587 ldetu
2292 5528 2440 5591 cud.,
2469 5540 2617 5577 suum
2642 5523 2828 5580 Deum.

3940 3172 3959 3839 ι
