3962 6196
301 265 402 324 740

1186 260 1320 315 PRO
1365 255 1792 314 DEFENSIONE
1829 254 2044 310 TRiUM
2078 248 2387 309 CAPITUL.
2424 252 2551 307 LIB.
2599 251 2687 306 lx.

3475 249 3581 309 7450

308 378 537 433 Verbum
570 385 783 441 natura,
831 375 969 431 sicut
1001 375 1087 431 hic
1137 375 1541 431 evidentissime
1579 372 1765 436 docet;
1809 370 1891 424 ai-
1924 369 1971 430 Α
2001 366 2158 422 eendi
2186 365 2347 425 modo
2369 364 2752 422 commendet!
2776 363 3042 423 Prodesse
3062 363 3245 435 itaque
3282 364 3439 423 nobis
3461 367 3581 423 haec

304 483 477 527 terum
509 478 691 524 autem
724 468 867 537 quod
909 475 1243 536 assumptum
1281 476 1358 520 est
1380 505 1397 532 ,
1436 466 1526 535 qui
1557 474 1736 518 tamen
1767 475 1887 531 per-

304 578 432 619 sona
476 561 620 617 idem
664 559 777 628 ipse
813 558 1101 613 invenitur.
1141 556 1251 613 Nec
1279 572 1422 621 mea,
1472 554 1567 610 sed
1614 552 1733 624 ejus
1774 553 1889 605 lucc

307 654 468 710 verba
499 658 643 719 sunt,
674 649 991 719 exponentis
1014 650 1387 718 semetipsum,
1416 655 1472 702 et
1495 644 1741 702 docentis
1760 659 1895 714 quo-

308 746 466 801 modo
489 741 713 813 intelligi
733 743 990 797 debeatiu
1011 741 1244 806 caeteris,
1269 741 1355 796 ubi
1387 742 1465 795 sic
1494 737 1731 809 loquitur
1763 754 1776 787 :
1802 736 1892 803 qui

310 840 413 895 hoc
438 840 608 909 ipsum
639 848 919 909 repetens,
952 845 1011 891 ut
1047 836 1309 899 decebat,
1334 832 1510 890 sicubi
1553 832 1660 887 tale
1698 828 1896 899 aliquid

308 935 503 989 dicitur
524 936 568 1000 ί,
591 949 694 989 non
722 931 876 986 aliter
902 932 1057 987 nobis
1079 930 1449 999 accipiendum
1474 942 1594 985 esse
1621 938 1899 983 commen-

312 1027 425 1081 dat.
458 1043 478 1077 ί
512 1022 567 1078 Si
595 1023 737 1077 enim
779 1021 984 1092 integre
1022 1022 1354 1083 conceditur,
1381 1019 1586 1088 inquit,
1631 1017 1733 1071 hoc
1764 1015 1899 1070 alte-

310 1133 427 1171 rum
462 1128 581 1169 esse
610 1114 677 1167 ab
704 1112 801 1166 illo
834 1120 1045 1182 natura,
1076 1122 1129 1165 et
1157 1110 1524 1173 manifestum,
1551 1109 1674 1178 quia
1695 1107 1899 1175 aequale

310 1223 418 1263 non
442 1203 679 1273 estquod
705 1211 1035 1270 assumptum
1060 1211 1142 1256 est
1170 1198 1465 1254 assumenti
1482 1240 1497 1265 ,
1528 1211 1702 1266 neque
1728 1195 1899 1250 simile

317 1297 531 1353 hoc'illi
552 1337 565 1359 ,
592 1308 764 1363 neque
790 1294 933 1347 idem
956 1293 1096 1362 quod
1122 1299 1455 1361 assumptum
1477 1299 1561 1345 est
1583 1285 1900 1354 assumeuti,

317 1387 655 1444 manifestum
679 1384 801 1451 quia
817 1384 957 1437 idem
984 1385 1094 1452 ipse
1115 1383 1416 1437 invenietur
1437 1379 1762 1435 adunatione
1783 1392 1903 1446 per-

314 1492 483 1534 sonte.
510 1493 529 1527 ι
558 1475 839 1543 Perspicis,
860 1477 1114 1543 Auguste,
1133 1473 1273 1544 quod
1296 1488 1399 1527 non
1423 1484 1673 1543 persona,
1696 1469 1790 1523 sed
1810 1482 1905 1522 na-

317 1578 441 1623 tura
472 1568 668 1636 potius,
692 1575 1059 1621 assumentem
1089 1567 1156 1619 ab
1185 1574 1462 1633 assumpto
1491 1563 1716 1617 alterum
1738 1560 1902 1625 dicat,

311 1666 366 1712 et
396 1659 463 1711 de
490 1657 697 1710 naturis
727 1654 827 1709 hoc
872 1655 1003 1709 velit
1046 1654 1305 1723 intelligi,
1342 1667 1571 1722 quarum
1609 1662 1692 1708 est
1736 1652 1903 1707 multa

1991 458 2107 527 ejus
2138 457 2275 517 ratio
2301 456 2464 515 debet
2503 456 2569 513 ad
2597 456 2688 514 illa
2715 470 2834 526 quae
2861 456 3114 515 videntur
3140 458 3388 523 obscura,
3435 465 3493 513 ut
3517 473 3587 515 ex

1992 551 2079 607 his
2124 550 2440 609 certissimis
2491 551 2599 606 alia
2657 564 2777 619 quae
2827 548 2965 607 forte
2994 558 3120 607 sunt
3168 550 3329 609 dubia
3373 549 3587 619 judice-

1996 659 2134 701 tnus.
2163 642 2281 699 Non
2317 642 2648 712 aspiciamus
2678 640 2730 697 in
2773 638 2998 701 furtivas
3036 641 3422 697 sententiarum
3471 639 3588 709 ejus

1997 733 2282 803 particulas
2306 774 2319 796 .
2344 747 2480 802 quas
2528 731 2651 789 ideo
2691 730 2990 800 prmcidunt
3020 730 3256 789 haeretici
3279 769 3295 796 ,
3324 739 3385 785 ut
3428 730 3483 784 in
3511 731 3589 785 cis

1998 841 2106 885 non
2136 835 2398 895 appareat
2429 823 2657 881 dicentis
2688 824 2934 883 intentio.
2967 822 3122 890 Quod
3170 838 3300 894 ergo
3331 824 3483 878 nobis
3510 823 3592 877 di—

1997 926 2145 980 cunt.
2176 917 2543 987 disputantem
2569 915 2639 975 de
2662 914 2861 976 Christi
2910 915 3280 972 incarnatione
3313 915 3595 985 scripsisse

1999 1009 2342 1067 Theodorum
2391 1023 2499 1063 non
2535 1008 2674 1064 idem
2719 1022 2840 1062 eSse
2886 1018 3220 1076 assumptum
3259 1010 3588 1078 assumenti,

1999 1100 2091 1157 sed
2122 1101 2351 1159 alterum
2383 1114 2506 1157 esse
2531 1108 2589 1154 et
2620 1099 2876 1163 alterum,
2912 1098 3012 1153 hoc
3041 1109 3093 1153 et
3124 1113 3222 1153 nos
3250 1114 3369 1152 cum
3394 1099 3594 1156 dixisse

2003 1190 2316 1245 testimonio
2346 1188 2600 1257 praesenti
2631 1187 3069 1252 monstravimus,
3102 1186 3196 1242 sed
3243 1202 3342 1256 pro
3368 1188 3591 1243 duarum

2000 1280 2317 1343 diversitate
2363 1288 2697 1342 naturarum.
2732 1293 2839 1333 non
2878 1293 2973 1346 pro
3009 1278 3163 1335 unius
3190 1278 3448 1334 divisione
3476 1294 3594 1348 per.-

2002 1387 2151 1428 suna:
2177 1392 2189 1425 :
2213 1372 2351 1427 sicut
2384 1372 2633 1437 dicimus,
2665 1371 2895 1429 alterum
2923 1384 3044 1425 esse
3072 1370 3387 1425 interiorem
3422 1370 3595 1425 homio

2005 1479 2129 1525 nem
2158 1465 2222 1520 ad
2254 1463 2543 1534 imaginem
2584 1472 2638 1517 et
2665 1462 3073 1518 similitudinem
3124 1460 3216 1517 Dei
3266 1460 3499 1525 faetntn,
3537 1469 3593 1518 et

2008 1558 2239 1615 alterum
2269 1556 2594 1612 exteriorem
2633 1553 2949 1613 similiorem
2986 1552 3157 1624 magis
3196 1551 3477 1623 pecoribus
3508 1552 3591 1607 la-

2008 1658 2159 1704 ctum
2188 1664 2202 1701 :
2227 1661 2333 1703 non
2358 1646 2499 1716 quod
2523 1648 2643 1700 dum
2672 1660 2935 1715 personae,
2960 1644 3052 1700 sed
3079 1644 3220 1715 quod
3249 1650 3366 1699 duae
3393 1652 3596 1700 naturae

311 1746 620 1812 diversitas,
667 1754 719 1799 et
766 1745 834 1800 de
872 1760 1093 1814 quarum
1144 1744 1352 1799 ratione
1388 1742 1643 1800 convenit
1686 1744 1894 1811 dicere,
1928 1733 1974 1794 Β
2002 1738 2130 1799 sint.
2158 1738 2310 1807 Quod
2338 1739 2499 1801 etiam
2525 1737 2680 1807 hujus
2712 1735 2991 1795 manifesta
3022 1736 3185 1791 verba
3215 1737 3509 1801 declarant,
3537 1743 3594 1793 et

314 1840 439 1910 quia
472 1853 575 1893 non
605 1846 689 1892 est
720 1837 862 1892 idem
905 1838 1046 1906 quod
1091 1846 1423 1905 assumptum
1449 1844 1537 1892 est
1565 1834 1859 1891 assumenti
1885 1851 1898 1887 :

315 1935 387 1987 de
419 1944 646 2000 persona
669 1945 800 1985 vero
831 1929 973 1984 dicat
1000 1930 1141 1999 quod
1167 1929 1308 1985 idem
1337 1931 1407 1985 sit
1437 1943 1719 1985 assumens
1744 1936 1904 1998 atque

315 2030 650 2090 assumptus.
707 2021 907 2077 Plusne
932 2020 1125 2091 aliquis
1154 2021 1333 2077 dicere
1366 2023 1535 2091 potuit
1559 2036 1715 2091 quam
1765 2004 1902 2075 idem

317 2112 471 2183 ipse?
501 2112 643 2181 quod
668 2112 722 2165 in
748 2112 847 2165 hac
875 2112 1166 2178 sententia,
1205 2128 1308 2167 non
1342 2121 1546 2167 tantum
1577 2111 1745 2167 semel
1767 2157 1780 2179 ,
1812 2112 1905 2166 sed

316 2204 517 2260 irarum
556 2204 689 2258 dicit
716 2204 980 2274 :ideoque
1010 2204 1271 2274 sequitur,
1301 2205 1489 2261 dicens
1532 2206 1643 2260 sic:
1675 2223 1694 2258 ς
1727 2204 1908 2275 Neque

320 2308 637 2354 naturarum
688 2297 778 2351 (iet
828 2296 1114 2365 confusio,
1160 2312 1335 2365 neque
1391 2312 1637 2368 personae
1664 2296 1905 2367 quaedam

320 2402 484 2460 prava
536 2387 757 2442 divisio.
792 2405 811 2439 υ
842 2387 980 2455 Quid
1011 2386 1311 2442 evidentius
1357 2402 1619 2457 quaerere,
1650 2387 1736 2441 vel
1781 2384 1906 2455 quid

321 2478 558 2550 amplius
584 2479 651 2533 de
692 2479 786 2533 illo
824 2488 1137 2546 exspectare
1168 2477 1483 2548 possemus?
1512 2487 1566 2532 et
1605 2488 1781 2531 tamen
1818 2475 1910 2529 ille

323 2572 507 2626 adhuc
547 2569 695 2623 addit
733 2578 788 2624 et
832 2569 999 2625 dicit:
1032 2588 1049 2621 ι
1088 2569 1298 2625 Maneat
1334 2571 1477 2626 enim
1510 2578 1564 2625 et
1597 2579 1909 2624 naturarum

326 2662 469 2717 ratio
515 2660 814 2727 inconfnsa,
861 2669 916 2715 et
956 2658 1183 2717 indivisa
1229 2672 1585 2732 cognoscatur
1626 2676 1747 2717 esse
1791 2675 1914 2731 per-

324 2770 480 2810 sona.
512 2773 531 2806 ι
578 2754 645 2808 Et
666 2754 858 2807 iterum
883 2754 1175 2818 cumulata,
1200 2754 1244 2809 si
1274 2754 1557 2810 dicendum
1588 2761 1689 2821 est,
1724 2766 1912 2821 super-

325 2844 697 2908 aceumnlans,
722 2844 798 2898 ait
824 2861 836 2897 :
872 2861 891 2895 ι
923 2844 1055 2899 illud
1083 2846 1297 2915 quidem
1325 2846 1652 2916 proprietate
1682 2856 1908 2911 naturae,

328 2940 502 2993 divi-0
531 2938 672 3008 quod
705 2947 1037 3007 assumptum
1072 2945 1154 2992 est
1185 2938 1252 2994 ab
1284 2949 1612 3001 assumente.
1640 2937 1775 2993 illud
1816 2952 1911 2992 au-

328 3041 438 3087 tem
467 3032 791 3086 adunatione
820 3046 1088 3100 personae,
1116 3030 1169 3085 in
1214 3045 1319 3086 una
1350 3031 1707 3102 appellatione
1748 3030 1911 3085 totius

2003 1831 2325 1887 inconcusse
2375 1829 2665 1887 tenendum
2715 1828 2996 1897 multiplici
3050 1830 3205 1884 nobis
3258 1830 3588 1899 repetitione

2002 1920 2406 1981 commendant.
2438 1919 2574 1977 illud
2603 1934 2733 1990 ergo
2758 1919 2915 1977 nobis
2946 1920 3121 1989 potius
3150 1920 3377 1990 probent
3406 1925 3449 1977 si
3472 1936 3597 1991 pos-

2005 2024 2158 2078 sunt.
2193 2016 2286 2070 ubi
2335 2013 2631 2069 secundum
2685 2028 2972 2083 personam
3022 2028 3127 2067 non
3158 2014 3406 2070 eumdem
3452 2030 3595 2082 esse,

2007 2106 2089 2164 vei
2118 2106 2347 2165 alterum
2371 2119 2491 2163 esse
2516 2104 2730 2168 dixerit,
2758 2112 2815 2163 ut
2834 2120 2955 2163 eum
2984 2121 3083 2160 nos
3104 2121 3315 2175 quoque
3340 2109 3597 2165 fateamur

2005 2213 2238 2261 errasse.
2272 2197 2494 2255 Probari
2526 2205 2703 2255 autem
2748 2196 2850 2251 hoc
2879 2198 3203 2266 expetimus,
3236 2214 3342 2255 non
3372 2214 3469 2269 pro
3499 2215 3597 2254 nc-

2009 2293 2127 2348 scio
2163 2292 2318 2360 cujus
2346 2289 2656 2360 suspicione
2699 2298 2793 2351 aut
2838 2290 3111 2349 voluntate
3145 2289 3372 2361 jactari,
3407 2299 3465 2345 ut
3492 2306 3599 2350 non

2010 2398 2073 2438 ex
2100 2384 2327 2437 atiorum
2374 2381 2689 2453 conjectura
2737 2381 2852 2437 sive
2898 2380 3164 2449 calumnia
3191 2422 3208 2448 ,
3240 2383 3336 2439 sed
3382 2398 3453 2439 ex
3486 2385 3601 2443 suis

2012 2476 2191 2535 verbis
2222 2477 2416 2531 merito
2450 2474 2745 2545 judicetur.
2777 2455 2834 2530 Si
2878 2489 3009 2533 vero
3056 2475 3187 2535 nihil
3237 2476 3291 2537 in
3341 2491 3463 2533 eum
3495 2478 3603 2533 tale

2012 2568 2230 2639 probari
2262 2577 2460 2638 potest,
2494 2566 2767 2637 quomodo
2794 2582 2915 2623 eum
2946 2566 3134 2626 dicunt
3154 2583 3185 2623 a
3216 2568 3424 2640 synodo
3445 2567 3603 2624 Chal-

2011 2658 2305 2716 cedonensi
2335 2667 2585 2728 tanquam
2626 2656 2928 2715 Nestoriani
2963 2656 3231 2728 dogmatis
3273 2658 3603 2714 inventorem

2014 2748 2264 2804 debuisse
2284 2747 2569 2809 damnari?
2597 2747 2695 2819 Qui
2725 2761 2910 2803 rursus
2950 2756 3104 2804 sexto
3136 2747 3378 2818 ejusdem
3424 2749 3602 2819 cperis

2014 2842 2182 2906 libro,
2216 2841 2449 2910 capitulo
2504 2838 2575 2894 54
2617 2838 2876 2895 adversus
2919 2840 3139 2896 eosdem
3171 2840 3598 2909 Apolinaristas,

2008 2938 2105 3007 qui
2136 2952 2235 2993 nos
2262 2936 2435 2993 videri
2476 2935 2659 2991 volunt
2707 2934 3061 2993 hominicoias
3090 2934 3137 3000 ι’,
3166 2936 3245 2991 sic
3284 2933 3601 3006 respondit:

2022 3051 2040 3085 t
2077 3033 2137 3089 Si
2181 3047 2308 3101 ergo
2337 3030 2609 3086 hominem
2658 3029 2901 3085 dicentes
2947 3028 3218 3087 Christum
3261 3028 3602 3085 hominicoise

330 3122 675 3178 considerata
708 3123 826 3178 sive
852 3124 1182 3179 assumentis
1212 3124 1325 3179 sive
1352 3123 1512 3178 etiam
1536 3124 1794 3193 assumpti
1822 3140 1911 3176 na-
1940 3098 1985 3158 (ἶ
2022 3121 2198 3178 vocari
2226 3118 2371 3190 juste
2400 3120 2479 3177 eis
2509 3119 2776 3186 videmur,
2812 3118 2911 3175 hoc
2949 3126 3234 3188 antequam
3266 3133 3364 3175 nos
3398 3126 3609 3175 dicere-

335 3224 479 3280 tura,
510 3224 564 3269 et
586 3213 748 3269 veluti
780 3216 857 3269 sic
892 3215 1064 3269 dicam
1103 3215 1154 3269 in
1184 3213 1304 3270 Filii
1342 3215 1726 3286 appellatione.
1758 3213 1915 3268 simul

334 3316 389 3362 et
418 3307 583 3363 Deum
633 3306 866 3361 Verbum
907 3309 1259 3377 appellamus,
1286 3317 1341 3363 et
1388 3316 1717 3377 assumptam
1764 3316 1919 3361 natu-

334 3413 491 3467 ram,
540 3416 875 3471 quaecunque
916 3402 1006 3457 illa
1054 3401 1159 3469 sit,
1207 3402 1696 3473 consignilicamus.
1742 3421 1759 3453 ι
1796 3402 1920 3457 ideo

336 3504 464 3547 vero
506 3492 669 3559 dicit,
720 3509 1053 3565 quaecunque
1101 3495 1189 3549 illa
1238 3494 1329 3560 sit,
1378 3494 1631 3564 quoniam
1681 3492 1920 3549 haeretici

338 3590 527 3636 contra
552 3598 689 3651 quos
735 3583 878 3653 agit,
903 3586 1065 3640 etiam
1094 3602 1121 3639 a
1159 3601 1218 3641 se
1254 3586 1475 3642 diverso
1509 3600 1695 3642 errore
1727 3586 1794 3642 de
1840 3588 1921 3642 in-

338 3674 649 3729 carnatione
702 3676 1044 3733 dissentiunt.
1092 3678 1225 3739 Nam
1286 3679 1661 3751 Apolinarista:
1704 3680 1920 3751 quidem

339 3765 515 3841 carnis
536 3776 589 3821 et
615 3769 806 3823 animae
851 3776 1095 3824 naturam
1125 3780 1150 3808 ει
1195 3772 1311 3827 sine
1344 3780 1527 3827 mente
1556 3774 1918 3843 assumpsisse

345 3853 633 3909 Dominum
666 3856 922 3923 credunt;
954 3858 1137 3913 Atinni
1174 3875 1302 3914 vero
1327 3861 1504 3916 carnis
1530 3865 1918 3919 tantummodo.

342 3946 548 4003 idcirco
599 3949 756 4003 etiam
809 3951 1055 4019 superius
1095 3950 1208 4006 ait:
1243 3953 1471 4008 alterum
1509 3953 1649 4009 Deus
1692 3953 1920 4013 Verbum

341 4046 556 4103 natura,
579 4040 806 4093 alterum
830 4049 1007 4095 autem
1032 4043 1171 4111 quod
1194 4054 1524 4112 assumptum
1548 4054 1647 4113 est,
1669 4046 1923 4117 quidquid

341 4129 470 4183 iliud
497 4130 588 4183 sit.
623 4130 727 4186 Sed
761 4132 1004 4201 nunquid
1054 4141 1172 4201 post
1217 4132 1355 4189 hanc
1399 4135 1737 4191 manifestam
1770 4137 1924 4194 nobis

342 4223 413 4274 ab
443 4236 509 4276 eo
535 4224 770 4291 regulam
798 4225 1174 4291 constitutam,
1204 4235 1257 4281 et
1280 4242 1384 4281 non
1407 4230 1571 4285 semel
1595 4242 1684 4287 aut
1709 4231 1922 4299 iterum,

341 4312 436 4365 sed
474 4314 671 4380 saepius
700 4315 1089 4383 conculcatatn,
1139 4317 1441 4389 ubicunque
1474 4320 1737 4377 dictorum
1800 4338 1925 4379 suo-

341 4414 458 4454 rum
492 4402 756 4457 invenitur
777 4404 842 4459 de
879 4402 1091 4461 Chrido
1134 4407 1362 4478 loquens
1391 4410 1620 4467 alterum
1654 4412 1721 4468 ab
1751 4415 1922 4472 altero

341 4506 652 4559 secernere,
677 4503 731 4550 et
759 4506 1128 4552 a<sumentem
1152 4498 1225 4556 ita
1264 4500 1596 4574 distinguere
1622 4503 1691 4558 ab
1718 4519 1927 4563 assmu-

342 4593 455 4651 pto,
484 4588 618 4639 utet
644 4586 746 4641 hoc
772 4596 827 4642 et
859 4586 989 4643 illud
1020 4590 1161 4645 idem
1190 4605 1295 4646 non
1324 4606 1441 4648 esse
1482 4595 1787 4663 conﬁrmet,
1831 4613 1928 4668 pro

341 4675 605 4732 divisione
647 4681 805 4734 unius
844 4696 1092 4750 personae
1115 4685 1341 4752 dictum,
1387 4692 1443 4740 et
1479 4701 1585 4741 non
1627 4690 1803 4757 potius
1833 4706 1928 4760 pro

342 4768 655 4826 diversitate
696 4772 921 4827 duarum
975 4787 1284 4831 naturarum
1336 4776 1600 4835 debemus
1640 4784 1923 4850 accipere,

342 4872 465 4913 cum
515 4860 657 4915 dicat
700 4863 821 4932 quia
878 4879 1106 4933 persona
1164 4866 1306 4921 idem
1354 4868 1469 4937 ipse
1514 4878 1599 4923 est
1643 4885 1930 4929 assumens

342 4959 507 5020 atque
530 4964 858 5024 assumptus,
889 4966 943 5011 et
982 4957 1086 5011 hoc
1107 4957 1283 5029 ipsum
1309 4965 1540 5028 repetat,
1581 4967 1633 5016 et
1664 4960 1810 5018 vario
1848 4963 1925 5017 di-

380 5096 444 5169 ]
486 5086 596 5143 Hoc
634 5103 847 5169 quoque
892 5089 1179 5169 discrimen
1212 5102 1643 5169 Arianorum_et_
1676 5096 1928 5165 Apuliae-

349 5159 600 5234 ristarum
626 5159 1271 5234 observat_Theodoretus
1292 5164 1500 5234 dialogo
1531 5164 1585 5218 2.
1617 5163 1687 5221 At
1707 5159 1924 5229 senatus

347 5229 672 5307 Augustinus
708 5231 900 5307 haeresi
948 5232 1016 5286 55
1043 5231 1304 5307 signiticet
1336 5229 1727 5307 Apolinaristas
1780 5242 1925 5307 priu-

346 5302 488 5378 cipio
528 5313 657 5352 cum
691 5302 903 5378 Arianis
952 5316 1188 5357 sensisse
1231 5302 1501 5378 Christum
1547 5302 1929 5367 carnem'sine

348 5371 892 5449 anitnasuscepisse:
931 5382 1111 5441 postea
1124 5375 1468 5449 evangelicis
1498 5378 1819 5449 testimoniis
1845 5384 1927 5435 vi-

346 5438 691 5520 ctt)s_dixisse
723 5438 953 5520 mentem
983 5459 1087 5520 non
1121 5438 1355 5520 fuisse'in
1381 5447 1555 5520 anima
1585 5448 1806 5520 Christi,
1831 5452 1926 5507 sed

349 5521 447 5575 pro
476 5506 575 5562 bac
602 5508 775 5576 ipsum
802 5511 890 5565 Ve:
907 5513 1031 5567 bum
1054 5514 1104 5568 in
1128 5528 1193 5569 ea
1221 5513 1401 5573 fuisse.
1425 5516 1593 5586 Quam
1617 5518 1686 5579 ob
1711 5506 1924 5578 causam

422 5618 441 5651 ⁸
479 5620 609 5678 Cod.
638 5620 864 5688 Veron.,
892 5626 1032 5680 dim.

320 5706 325 5711 '
423 5690 443 5718 '
479 5688 622 5747 idem
649 5695 791 5763 cod,
819 5706 1050 5767 cogitate.

2023 3228 2140 3268 mus
2170 3210 2455 3282 Scriptura
2488 3209 2670 3266 docuit
2699 3224 2890 3267 omnes
2920 3209 3166 3265 homines
3197 3224 3291 3279 per
3318 3224 3382 3266 ca
3418 3210 3608 3280 quibus

2024 3302 2294 3359 hominem
2325 3313 2522 3356 vocare
2550 3315 2656 3357 non
2687 3314 2813 3355 recu
2847 3307 2923 3361 at,
2955 3299 3090 3355 sicut
3120 3301 3369 3369 superius
3398 3301 3451 3354 in
3494 3302 3607 3371 ple-

2022 3394 2202 3465 risque
2229 3393 2364 3450 locis
2384 3392 2565 3453 vocari
2592 3395 2692 3452 hoc
2714 3392 2935 3449 nomine
2959 3392 3229 3451 Christum
3250 3393 3603 3451 ostendimus.

2023 3488 2131 3549 Sed
2159 3487 2426 3547 hominem
2445 3526 2462 3554 ,
2497 3485 2779 3556 inquiunt,
2813 3501 3002 3554 purum
3038 3484 3279 3545 dicentes
3306 3500 3427 3542 esse
3452 3486 3608 3543 Chri-

2023 3587 2166 3654 stum
2195 3576 2544 3633 hominicolas
2582 3583 2796 3647 oportet
2824 3556 3005 3633 vocari
3035 3592 3047 3628 :
3083 3575 3183 3633 hoc
3219 3574 3330 3646 jam
3364 3586 3605 3645 apertum

2024 3670 2361 3727 mendacium
2418 3678 2541 3734 est,
2588 3667 2852 3737 siquidem
2910 3668 3012 3724 hoc
3054 3668 3235 3725 dicere
3299 3671 3605 3725 voluerunt.

2024 3761 2213 3818 Nullus
2243 3763 2387 3817 enim
2429 3760 2715 3828 aliquando
2760 3758 2875 3819 haec
2922 3774 3021 3814 nos
3067 3758 3247 3814 dicere
3278 3761 3516 3824 audivit;
3550 3771 3604 3815 et

2026 3864 2155 3927 puto
2185 3870 2363 3925 neque
2390 3855 2521 3909 istos
2546 3852 2827 3921 suscipere
2850 3866 3008 3921 posse
3032 3852 3247 3907 menti-ri
3271 3850 3609 3909 mendacium

2028 3958 2134 4003 tam
2164 3954 2409 4014 apertum
2439 3963 2450 3999 :
2479 3960 2582 4001 non
2615 3943 2737 4014 quia
2770 3958 2876 3999 non
2906 3944 3121 4012 cognite
3144 3945 3164 3974 ¹
3202 3958 3261 3999 se
3289 3944 3516 3998 habeant
3541 3944 3608 3999 ad

2026 4037 2388 4104 mendacium,
2428 4035 2521 4095 sed
2551 4036 2671 4103 quia
2702 4036 2950 4106 redargui
2979 4050 3038 4091 se
3069 4050 3228 4107 posse
3256 4035 3507 4097 facillime
3529 4038 3606 4092 vi-

2027 4132 2155 4186 dent
2179 4149 2191 4183 :
2215 4144 2517 4201 quanquam
2547 4129 2593 4184 si
2624 4127 2801 4182 minus
2829 4127 2946 4196 ejus
2967 4126 2986 4159 ³
3014 4137 3186 4193 curet,
3217 4138 3273 4185 et
3310 4127 3411 4183 hoc
3441 4126 3598 4183 l‘orsi-

2030 4243 2118 4291 tan
2148 4231 2434 4301 contingat.
2461 4229 2567 4289 Nos
2589 4229 2731 4286 enim
2762 4227 2876 4283 haec
2902 4227 3105 4297 dicere,
3142 4226 3191 4282 id
3218 4238 3299 4283 est
3333 4227 3603 4298 Unigeniti

2029 4338 2225 4395 negaro
2266 4322 2632 4389 divinitatem,
2663 4333 2890 4376 summa:
2920 4319 3069 4375 iuriae
3103 4332 3225 4375 esse
3254 4320 3603 4385 arbitramur,

2027 4424 2120 4470 aut
2169 4413 2294 4484 quid
2339 4412 2446 4481 iam
2494 4419 2662 4467 restat
2706 4425 2802 4464 cur
2831 4407 2900 4463 ab
2932 4407 3207 4464 haereticis
3250 4411 3610 4480 separemur?

1955 4478 2000 4536 ι)
2027 4478 2284 4574 cujus-rei
2308 4478 2475 4572 gratia
2499 4510 2553 4555 et
2583 4500 2716 4554 tales
2740 4508 2793 4553 et
2820 4506 2999 4553 mittas
3027 4478 3429 4569 persecutiones
3451 4500 3613 4556 susti-

2032 4609 2220 4653 nemus
2240 4590 2299 4647 ‘?
2327 4601 2420 4646 aut
2449 4592 2567 4663 quis
2605 4592 2816 4662 ignorat
2845 4604 3063 4657 semper
3103 4589 3387 4646 adversum
3420 4606 3518 4646 nos
3542 4593 3611 4656 ab

2032 4683 2295 4741 bmreticis
2346 4683 2543 4739 bellum
2597 4680 2720 4751 agi?
2776 4694 2937 4735 omne
2985 4681 3295 4747 metallum,
3347 4691 3402 4738 et
3453 4696 3613 4738 omne

2034 4779 2205 4834 locum
2239 4776 2512 4833 desertum
2540 4775 2801 4843 repletum
2832 4782 2913 4830 est
2942 4788 3006 4831 ex
3052 4774 3256 4835 nostris
3300 4771 3609 4830 hominibus

2034 4882 2250 4942 propter
2297 4868 2594 4924 doctrinam
2662 4867 2894 4937 pietatis,
2952 4886 2971 4918 ι
3018 4866 3088 4922 Ει
3138 4874 3257 4936 post
3302 4865 3611 4939 aliquanta;

2034 4983 2056 5016 ι
2094 4964 2219 5019 llaec
2244 4970 2449 5025 autem,
2480 4959 2670 5030 inquit,
2694 4960 2874 5015 omnia
2902 4957 3116 5031 quando
3148 4959 3335 5014 beatus
3365 4956 3612 5017 Meietius

2037 5118 2064 5153 ει
2098 5096 2387 5159 nonnullis,
2412 5095 2534 5165 quia
2560 5109 2662 5147 non
2686 5100 2855 5147 totum
2878 5090 3149 5165 hominem
3178 5106 3208 5146 a
3236 5090 3410 5148 Verbo
3428 5107 3612 5149 susce-

2037 5178 2184 5240 ptum
2205 5162 2479 5240 dicebam,
2504 5172 2788 5240 Διμοιρξτᾳι
2807 5162 3058 5240 appellati
3083 5171 3232 5240 sunt.

2106 5238 2133 5277 ιι
2173 5233 2996 5325 'Awgmolezspag.'Athanasius
3040 5234 3143 5291 sub
3186 5234 3345 5322 linem
3395 5233 3512 5325 libri
3543 5234 3612 5291 de

2038 5305 2405 5379 incarnatione
2430 5305 2634 5379 Domini
2663 5321 2674 5355 :
2706 5305 2795 5357 Καὶ
2815 5305 2965 5379 ensi;
2987 5313 3418 5379 augeam-059;“
3444 5306 3611 5379 λέπη

2036 5383 2168 5450 ἡμᾶς
2196 5378 2288 5434 δύο
2327 5378 2484 5448 λέγειν
2521 5376 2696 5439 υἱοὺς,
2745 5376 2828 5427 καὶ
2869 5375 3296 5450 ἆνβρωπρᾎζάτρας
3326 5375 3611 5450 ὁνομάζὶτς.

2037 5446 2365 5505 Calumniant
2386 5446 2445 5500 in
2476 5462 2568 5498 nos
2596 5452 2864 5508 struentes,
2905 5446 3035 5499 duo:
3061 5446 3209 5514 ﬁlios
3223 5446 3505 5503 dicererm
3529 5448 3612 5499 die

2038 5523 2175 5585 citis,
2207 5530 2252 5573 et
2292 5517 2628 5571 homhzirolus
2658 5514 2949 5589 appellatis.

2106 5634 2125 5662 ³
2166 5632 2307 5685 idem
2330 5631 2476 5693 cntl.,
2504 5632 2598 5686 eis.

2106 5702 2125 5730 ⁸
2167 5706 2308 5755 hiem
2335 5704 2478 5765 cod.,
2510 5702 2865 5760 sustinuimus.
