3998 6194
374 285 465 343 751

1463 271 1758 336 FAC'UNDI
1800 276 2012 335 EPISC.
2058 277 2569 337 ﬂEBIlANENSlS

3544 286 3647 342 752

370 396 619 453 sustinuit
646 396 869 468 primus,
903 405 1105 453 etcum
1149 392 1241 451 illo
1270 392 1468 449 deinde
1496 392 1655 448 multi
1699 407 1793 463 per
1822 406 1951 462 pro-

2060 378 2164 426 tem
2207 373 2542 445 rediguntur,
2601 375 2938 434 manifestam
2990 375 3323 447 suspicimus
3366 375 3651 468 adunatio-

370 493 572 546 vincias
615 498 671 546 et
716 491 958 545 civitates
1002 496 1058 544 et
1088 487 1203 543 loca
1250 487 1320 547 ab
1349 486 1659 553 haereticis,
1693 487 1850 557 cujus
1878 485 1958 541 rei

369 585 577 657 gratia?
603 599 780 640 nonne
804 584 929 655 quia
952 582 1235 638 Dominum
1259 581 1540 638 Christum
1576 596 1760 637 verum
1783 579 1955 636 conii-

372 679 656 735 tebantnr?
684 690 860 732 nonne
875 675 997 746 quia
1023 688 1207 729 verum
1231 672 1592 745 praedicabant
1618 672 1808 728 Filium
1839 672 1956 738 Dei,

371 773 439 824 de
467 770 699 825 essentia
742 776 964 837 paterna
994 767 1253 838 genitum,
1282 781 1499 835 semper
1535 766 1695 820 simul
1735 774 1956 820 exstan-

371 875 475 918 tem
498 877 618 917 cum
646 871 938 931 generante
969 859 1150 927 Patre,
1175 858 1437 915 addentes
1466 857 1720 915 etiamde
1741 856 1954 927 Spiritu

370 967 555 1011 sancto
577 955 718 1027 piam
735 954 1170 1010 confessionem?
1192 953 1440 1023 Qualiter
1466 953 1667 1023 itaque,
1690 952 1781 1023 qui
1809 960 1956 1008 tanta

370 1059 588 1118 prapter
619 1047 756 1102 hanc
796 1047 1187 1102 confessionem
1222 1045 1367 1116 passi
1401 1060 1609 1110 sumus,
1632 1044 1954 1099 calumniam

302 1128 313 1135 ⁴
372 1144 473 1209 pati
505 1139 573 1194 ab
603 1138 733 1208 ipsis
767 1151 1082 1207 possumus,
1113 1134 1278 1191 veluti
1321 1135 1595 1190 hominem
1636 1149 1826 1204 purum
1876 1133 1959 1188 di-

370 1241 575 1294 centes,
609 1230 772 1284 rebus
803 1228 936 1297 ipsis
973 1228 1109 1281 hanc
1134 1226 1457 1282 calumniam
1507 1224 1843 1281 manifestam
1872 1239 1959 1279 re-

370 1321 787 1395 darguentibus?
826 1340 845 1373 ›
881 1318 1160 1387 Quomodo
1209 1319 1312 1373 iste
1355 1318 1725 1387 imprudenter
1756 1316 1953 1379 solum,

370 1430 433 1470 ac
454 1430 560 1470 non
585 1414 744 1468 etiam
768 1411 1107 1479 impudenter
1130 1417 1434 1474 accusetur,
1460 1408 1602 1478 quod
1624 1410 1778 1477 quasi
1801 1407 1959 1462 Chri-

369 1520 509 1562 stum
535 1506 806 1561 hominem
829 1518 1019 1574 purum
1036 1502 1199 1566 dicat,
1225 1501 1414 1572 ignoro
1433 1517 1448 1557 :
1469 1501 1591 1570 quia
1609 1500 1721 1570 jam
1749 1500 1954 1569 pridem

371 1597 765 1668 Apolinaristis,
815 1594 1266 1665 Eutychianorum
1305 1592 1633 1657 auctoribus,
1676 1591 1816 1646 duas
1856 1606 1956 1645 na-

372 1703 518 1746 turas
562 1688 759 1745 Christi
806 1687 1150 1758 negantibus,
1183 1692 1238 1741 et
1275 1694 1559 1755 propterea
1598 1683 1744 1738 velut
1781 1684 1953 1737 hiimi-

371 1783 577 1837 nicolas
619 1780 949 1835 orthodoxos
998 1776 1450 1834 calumniantibus
1481 1816 1496 1843 ,
1538 1776 1629 1838 qui

370 1886 423 1930 et
462 1874 733 1929 hominem
796 1871 1179 1927 confiterentur
1218 1880 1273 1925 et
1330 1870 1537 1934 Deum,
1595 1867 1785 1923 falsum
1837 1880 1959 1923 esse

371 1966 646 2035 respondit
692 1967 830 2037 quod
878 1965 1150 2021 Christum
1194 1978 1386 2034 purum
1450 1963 1719 2018 hominem
1776 1963 1959 2018 dicere

372 2061 716 2127 putabantur,
748 2059 1022 2114 afﬁrmans
1050 2057 1192 2127 quod
1226 2058 1325 2111 hoc
1354 2056 1423 2109 ab
1450 2057 1530 2110 eis
1560 2056 1738 2110 nullus
1774 2055 1960 2109 audie-

371 2153 462 2221 rit,
512 2160 569 2206 et
618 2150 724 2205 hoc
773 2151 953 2205 dicere
988 2164 1212 2203 summae
1259 2147 1413 2202 furiae
1448 2162 1570 2202 esse
1623 2156 1957 2203 contestans.

370 2244 627 2300 Sanctum
692 2242 963 2298 Meletium
1036 2241 1431 2296 Antiochenam
1503 2238 1840 2305 antistitem,
1906 2248 1961 2294 et

370 2339 504 2392 alios
553 2336 845 2392 catholicos
891 2333 1232 2391 confessores
1294 2347 1417 2389 cum
1480 2332 1575 2387 illo
1606 2375 1621 2400 ,
1674 2341 1957 2403 propterea

368 2430 497 2485 uicit
540 2430 757 2485 metalla
790 2438 845 2484 et
884 2442 1046 2484 omne
1090 2428 1267 2483 locum
1327 2427 1599 2481 desertum
1641 2427 1957 2497 replevisse,

368 2526 487 2591 quit
519 2524 686 2578 Deum
716 2537 901 2577 verum
948 2519 1221 2576 Christum
1262 2520 1696 2585 conﬁtebantur,
1751 2534 1817 2574 ex
1866 2534 1959 2589 pa-

368 2625 517 2667 terna
577 2613 813 2668 essentia
855 2612 1136 2683 genitum,
1184 2621 1239 2667 et
1279 2626 1400 2667 eum
1452 2620 1745 2681 generante
1793 2610 1952 2667 Patre

367 2720 582 2775 semper
623 2714 956 2771 exstantem,
984 2703 1246 2759 addentes
1286 2704 1445 2759 etiam
1489 2703 1629 2771 piam
1660 2704 1727 2758 de
1755 2702 1958 2773 Spiritu

366 2806 555 2849 sancto
575 2795 989 2851 con'essiunem.
1022 2794 1253 2850 Proinde
1280 2809 1400 2850 cum
1434 2794 1694 2849 Dominus
1718 2796 1769 2849 in
1784 2795 1960 2850 Evan-

366 2887 505 2953 gelio
532 2887 672 2941 dicat
701 2905 715 2942 :
748 2886 832 2942 Ea:
851 2888 1010 2943 verbis
1050 2887 1148 2941 tuis
1174 2887 1539 2959 justiﬁcaberis
1561 2927 1577 2956 ,
1622 2896 1669 2942 et
1709 2903 1771 2942 ex
1796 2887 1960 2942 verbis

372 2982 473 3034 tuis
493 2979 907 3035 condemnaberis
934 2979 1152 3051 (Matth.
1184 2994 1280 3047 stt,
1310 2980 1401 3052 57)
1422 3019 1436 3045 ,
1465 2979 1735 3049 quomodo
1772 2978 1955 3033 sancta

367 3074 605 3146 synodus
636 3083 816 3143 posset
846 3074 987 3130 hunc
1016 3074 1312 3140 hominem,
1345 3089 1411 3129 ex
1445 3073 1628 3129 verbis
1657 3072 1769 3127 suis
1794 3074 1955 3141 justi-

375 3167 586 3220 licatum
616 3208 632 3233 ,
682 3182 747 3220 ex
817 3166 997 3220 verbis
1045 3166 1527 3235 Apolinristarum
1593 3162 1958 3234 Eutychisque

370 3259 663 3315 damnare?
704 3260 838 3313 Ecce
880 3258 1075 3313 clamat
1116 3268 1167 3311 et
1196 3256 1391 3325 saepius
1431 3257 1609 3324 iterat,
1642 3271 1747 3310 non
1792 3271 1853 3311 se
1880 3256 1957 3311 di-

370 3363 496 3405 tere
520 3352 791 3406 Chi-ismm
825 3349 1094 3403 hominem
1128 3364 1343 3418 purum,
1368 3348 1679 3403 sed-verum
1708 3348 1876 3403 Deum
1902 3357 1959 3404 et

370 3459 554 3498 verum
605 3443 702 3498 Dei
732 3442 957 3507 Filium,
995 3441 1063 3497 de
1094 3451 1313 3511 paterna
1353 3442 1653 3497 subSIantia
1690 3442 1953 3512 genitum,

366 3545 420 3587 rt
451 3548 665 3601 semper
695 3548 816 3588 cum
844 3542 1138 3603 generante
1163 3533 1324 3588 Patre
1357 3533 1516 3587 sitnni
1544 3542 1877 3600 exstantem;
1899 3542 1957 3590 et

365 3626 547 3681 nescio
576 3628 662 3697 qui
691 3628 898 3693 dicunt,
925 3628 1067 3697 quod
1106 3643 1226 3683 cum
1271 3638 1391 3698 post
1425 3640 1662 3684 mortem
1715 3629 1953 3701 synodus

364 3720 825 3775 anethi-mutuare
851 3719 1120 3786 debuerit,
1164 3730 1416 3792 tanquam
1460 3722 1732 3777 Christum
1772 3722 1949 3778 homi-

366 3826 488 3867 nem
524 3827 734 3881 purum,
763 3822 815 3866 et
842 3828 946 3867 non
971 3814 1148 3880 ipsum
1180 3829 1298 3870 esse
1325 3814 1614 3882 dicen'em,
1648 3816 1737 3886 qui
1762 3832 1951 3873 secun-

361 3902 485 3955 dum
518 3902 806 3956 essentiam
834 3901 1001 3958 Filius
1034 3904 1126 3959 Dei
1173 3907 1263 3961 sit.
1293 3904 1393 3961 Ubi
1437 3908 1597 3961 simul
1642 3909 1945 3974 advertant,

364 4009 462 4049 nec
490 3996 671 4049 videre
697 3995 1058 4061 dissimulent,
1092 4000 1212 4067 quia
1243 3998 1403 4054 etiam
1438 4013 1559 4055 cum
1599 4000 1727 4055 dicit
1754 4000 1947 4057 Filium

295 4113 298 4116 ~
365 4089 457 4143 Dei
487 4088 757 4143 Christum
781 4089 849 4144 de
872 4090 1104 4145 essentia
1138 4100 1357 4160 paterna
1396 4092 1633 4163 genitum
1659 4133 1673 4159 ,
1714 4100 1769 4149 et
1812 4109 1948 4150 sem-

361 4193 457 4246 per
483 4194 601 4232 cum
631 4187 926 4250 generante
960 4180 1118 4235 Patre
1144 4181 1303 4235 simul
1334 4190 1664 4251 exstantem,
1691 4192 1747 4239 et
1770 4184 1946 4241 adhuc

359 4272 602 4326 referens
639 4273 878 4342 sequitur
906 4273 1225 4327 :Addentes
1275 4276 1434 4328 etiam
1479 4275 1548 4330 de
1594 4277 1793 4346 Spiritu
1822 4292 1948 4333 san-

345 4346 446 4417 ἷιιο
487 4366 627 4434 piam
674 4365 1096 4436 confessionem,
1136 4365 1453 4422 Trinitatem
1493 4383 1707 4439 quoque
1751 4371 1947 4439 praedi-

357 4466 462 4520 «ιη,
495 4472 651 4523 quam
700 4472 924 4527 negasse
973 4460 1224 4515 similiter
1251 4460 1485 4529 fingitur.
1534 4462 1943 4531 Recognoscant
1971 4498 2023 4560 υ
2051 4488 2118 4559 pi,

358 4549 537 4617 itaque
562 4546 868 4603 facilitatem
897 4566 1074 4616 suam,
1105 4562 1158 4606 et
1181 4553 1577 4610 circumventos
1622 4570 1681 4610 se
1728 4556 1941 4611 tandem
1971 4546 2017 4560 ⁷
2050 4546 2217 4635 ᾔειῖω
2250 4546 2483 4638 comic”

357 4639 679 4709 intelligant,
710 4642 797 4709 qni
826 4642 993 4709 magis
1018 4643 1284 4698 haereticis
1311 4647 1392 4699 vel
1421 4645 1793 4702 hmrcticorum
1824 4646 1944 4701 fau-

355 4728 589 4801 toribus,
621 4747 778 4803 quam
810 4736 1009 4788 sanctis
1049 4735 1294 4790 Patribus
1340 4737 1592 4793 Ecclesia:
1638 4739 1942 4806 catholicae,

347 4824 421 4877 tle
451 4821 736 4879 Theodoro
761 4824 1126 4879 crediderunt.
1155 4825 1377 4882 Decimo
1415 4829 1576 4883 etiam
1621 4830 1756 4885 libro
1795 4832 1942 4899 ejus-

351 4915 474 4969 dcrn
506 4913 706 4984 operis,
746 4913 981 4985 capitulo
1012 4914 1107 4981 70,
1142 4916 1222 4971 sic
1248 4917 1321 4970 ait
1350 4935 1366 4973 :
1401 4937 1419 4971 ι
1466 4919 1614 4975 Sicut
1650 4923 1792 4977 enim
1844 4939 1941 4993 per

353 5010 491 5059 tates
517 5020 678 5062 voces
703 5021 767 5062 es
799 5008 1077 5077 Scriptura
1106 5010 1282 5063 divina
1326 5021 1636 5067 naturarum
1682 5015 1939 5072 differen-

353 5096 454 5150 tias
482 5096 498 5127 ‘
526 5088 836 5165 educamur,
866 5100 945 5154 sic
972 5109 1028 5156 et
1052 5098 1434 5159 adunationem
1471 5105 1759 5173 discimiis,
1806 5125 1939 5179 quo-

352 5187 457 5242 ties
484 5190 763 5246 ambarum
789 5203 1096 5249 naturarum
1119 5198 1476 5266 proprietates
1508 5200 1561 5253 in
1597 5217 1758 5256 unum
1808 5218 1938 5258 con-

346 5279 521 5346 ‘ducit,
550 5292 602 5334 et
629 5283 767 5337 sicut
792 5284 861 5339 de
907 5300 1013 5339 uno
1042 5288 1271 5356 quodam
1308 5288 1593 5361 eloquitur.
1635 5292 1747 5349 lloc
1789 5296 1934 5351 enim

350 5378 434 5423 est
462 5364 620 5424 simul
648 5373 934 5430 ostendere
958 5382 1014 5430 et
1034 5386 1249 5433 naturas
1275 5380 1583 5439 diil'erentes
1605 5424 1622 5452 ,
1666 5396 1722 5441 et
1748 5402 1934 5456 perso-

344 5474 435 5576 na:
460 5460 1304 5576 adunatio‘uem{canitiei-entia
1351 5475 1568 5544 quidem
1597 5492 1783 5533 eorum
1813 5495 1935 5549 qua:
2031 5510 2201 5565 ευριιςι
2250 5460 2573 5576 aequitatis,

338 5555 616 5627 dicuntur,
643 5557 945 5616 diderentia
971 5562 1287 5636 intelligitur
1313 5578 1656 5641 naturarum;
1686 5588 1809 5631 cum
1840 5589 1933 5632 sua

411 5696 438 5724 ⁴
460 5694 592 5751 Cod.
621 5693 841 5766 Verum,
873 5697 1236 5765 diminution.

2062 477 2203 518 nem.
2231 464 2425 521 Beatus
2456 465 2635 536 itaque
2661 464 2896 522 Joannes
2915 467 3241 539 evangelista
3270 468 3403 525 dicit
3428 485 3442 523 :
3475 467 3653 523 Altera

2058 556 2139 609 die
2163 555 2288 611 uidit
2310 556 2491 613 Iesum
2521 560 2800 616 venientem
2835 561 2903 613 ad
2936 576 2991 616 se
3025 571 3074 615 et
3100 561 3224 615 dicit
3256 578 3273 616 :
3302 560 3436 617 Ecce
3476 564 3653 633 Agnus

2059 647 2177 716 Dei,
2204 665 2317 704 ecce
2342 652 2431 721 qui
2456 652 2588 706 tollit
2627 663 2836 724 peccata
2860 654 3058 709 mundi.
3081 653 3190 710 Iste
3215 664 3288 710 est
3332 655 3397 709 de
3434 672 3538 726 quo
3559 673 3653 729 ego

2058 740 2188 803 dixi,
2232 742 2352 810 quia
2399 751 2513 812 post
2563 762 2642 801 me
2693 748 2826 799 venit
2870 747 2947 800 t-ir
2983 748 3071 816 qui
3112 757 3230 801 ante
3254 764 3333 801 me
3362 749 3527 817 factus
3554 758 3652 817 est,

2057 833 2176 900 quia
2203 832 2349 902 prior
2385 850 2465 888 me
2498 846 2628 903 erat,
2677 846 2726 891 et
2769 854 2861 907 ego
2902 839 3185 893 nesciebam
3228 856 3345 894 eum
3390 838 3573 912 (Icari.
3613 859 3652 909 ι,

2057 920 2168 990 29).
2195 922 2292 978 llic
2322 925 2465 979 enim
2497 926 2745 995 dicendo,
2781 928 3441 989 ViditJesumvenientem
3472 935 3538 989 ad
3569 951 3653 1000 se,

2058 1002 2109 1066 et
2138 1013 2268 1069 dicit
2298 1034 2309 1068 :
2343 1016 2479 1073 Ecce
2526 1020 2709 1089 Agnus
2753 1019 2885 1086 Dei,
2932 1022 3215 1079 manifeste
3266 1025 3653 1085 humanitatem

2058 1103 2359 1173 significare
2396 1109 2526 1164 mihi
2562 1110 2793 1166 videtur.
2828 1112 2941 1168 Hoc
2968 1113 3111 1170 enim
3155 1115 3372 1171 videh.-t
3417 1118 3654 1189 Bapt’sta

2058 1195 2315 1269 Jotinnes,
2344 1199 2444 1255 hoc
2474 1210 2591 1257 erat
2629 1204 2770 1273 quod
2800 1216 3113 1273 susceperat
3152 1219 3417 1280 mortem,
3457 1226 3655 1281 corpus

2059 1288 2307 1345 videlicet
2351 1291 2493 1360 quod
2543 1307 2639 1362 pro
2691 1296 2836 1349 omni
2866 1296 3108 1353 oblatum
3148 1308 3231 1353 est
3254 1303 3473 1355 mundo.
3498 1303 3653 1371 Quod

2058 1395 2188 1434 vero
2216 1381 2481 1452 sequitur,
2512 1383 2615 1451 Qui
2641 1385 2779 1440 tollit
2812 1398 3028 1456 peccata
3063 1391 3282 1456 mundi,
3313 1407 3651 1464 nequaquam

2052 1467 2165 1538 jam
2194 1474 2445 1528 convenit
2475 1475 2648 1531 carni.
2672 1475 2786 1531 Non
2812 1478 2956 1532 enim
2988 1479 3128 1534 illius
3153 1492 3268 1537 erat
3292 1485 3453 1539 totius
3493 1502 3653 1543 munc

2060 1561 2112 1615 di
2139 1576 2417 1630 peccatum
2445 1564 2680 1631 auferre,
2711 1566 2806 1623 sed
2836 1579 2952 1624 erat
2977 1569 3076 1625 hoc
3107 1585 3200 1640 pro
3221 1584 3368 1628 certo
3398 1576 3653 1632 divinita-

2061 1651 2129 1706 tis
2149 1666 2305 1721 opus.
2341 1673 2359 1706 ›
2396 1655 2527 1721 Quis
2570 1657 2694 1711 talia
2742 1673 2848 1712 non
2895 1661 3230 1719 existimaret
3277 1675 3399 1733 post
3435 1680 3655 1724 exortas

1677 1772 1953 1830 Chriswm
1986 1755 2036 1816 Β
2062 1742 2500 1800 Nestorianorum
2532 1754 2586 1801 et
2610 1746 3064 1819 Eutychianorum
3096 1750 3330 1808 haereses
3358 1755 3520 1823 dicta,
3549 1760 3651 1817 nisi

2064 1841 2334 1889 auctorem
2361 1835 2624 1892 dictorum
2655 1839 2839 1894 titulus
2860 1839 3157 1898 indicaret?
3186 1844 3277 1899 Sic
3304 1845 3443 1902 inter
3472 1858 3649 1905 utros-

2062 1939 2166 1996 que
2196 1928 2404 1985 medius
2433 1937 2487 1985 et
2515 1939 2696 1987 rectus
2723 1932 2943 2001 incedit,
2993 1936 3072 1991 sic
3115 1947 3370 2009 utrosque
3403 1940 3649 2011 Scriptu~

2062 2035 2138 2076 rte
2167 2019 2364 2078 divina:
2410 2025 2786 2083 testificatione
2831 2028 3073 2086 confutet
3123 2032 3224 2087 iste
3254 2072 3271 2099 ,
3318 2036 3406 2104 qui
3456 2038 3655 2094 dicitur

2062 2111 2328 2170 confutari
2376 2115 2627 2174 debuisse
2671 2135 2703 2174 a
2757 2121 2987 2177 concilio
3036 2122 3482 2196 Chalcedonensi,
3531 2141 3649 2186 tan-

2061 2216 2221 2271 quam
2261 2203 2563 2262 Nestoriani
2609 2218 2797 2263 auctor
2826 2212 3046 2278 erroris,
3090 2222 3147 2267 ut
3185 2215 3314 2287 nihil
3356 2219 3501 2273 aliud
3530 2235 3651 2276 esse

2060 2291 2335 2349 deﬁnitum
2367 2296 2450 2352 vel
2474 2297 2745 2365 Epltcsino
2774 2302 2855 2355 vel
2886 2302 3004 2372 ipso
3043 2301 3465 2364 Chalcedonensi
3520 2326 3650 2366 con-

2060 2383 2187 2438 cilio
2219 2384 2384 2441 lector
2418 2376 2676 2445 inveniat.
2719 2389 2827 2446 Sed
2870 2394 3070 2453 utinam
3115 2396 3231 2451 haec
3258 2397 3559 2459 Nestoriani
3596 2414 3652 2461 et

2062 2473 2379 2545 Eutychiani
2408 2478 2687 2535 nobiscum
2727 2492 3117 2550 sequerentur,
3158 2490 3281 2557 quia
3326 2506 3429 2545 non
3470 2503 3651 2550 essent

2061 2564 2317 2622 haeretici.
2351 2568 2564 2626 Utinam
2613 2572 2729 2627 hare
2773 2575 3051 2631 nobiscum
3084 2580 3297 2635 tandem
3336 2582 3646 2643 Nestoriani

2060 2665 2116 2712 et
2146 2657 2467 2730 Eutychiani
2512 2675 2827 2733 sequantur,
2870 2677 2928 2721 ut
2980 2683 3084 2723 non
3126 2671 3233 2724 sint
3283 2672 3519 2730 haeretici
3549 2693 3564 2729 :
3596 2677 3649 2731 iu

2061 2749 2258 2820 quibus
2281 2753 2359 2805 sic
2389 2752 2442 2807 in
2473 2751 2688 2810 Christo
2726 2757 2949 2813 duarum
2989 2769 3299 2818 naturarum
3346 2767 3651 2826 diﬂ'erentia

2063 2841 2410 2910 prtedicatur,
2476 2854 2534 2901 ut
2589 2846 2750 2903 simul
2802 2850 2964 2905 etiam
3012 2854 3330 2921 prtedicetur
3368 2862 3651 2930 utriusque

2060 2943 2265 2990 natura:
2291 2950 2450 2991 unam
2475 2952 2595 2993 esse
2625 2953 2929 3009 personam.
2956 2942 3070 2999 Non
3102 2961 3231 3016 ergo
3251 2948 3505 3006 simulent
3536 2954 3654 3008 Eu-

2059 3024 2293 3097 tychiani
2326 3041 2607 3097 propterea
2632 3046 2691 3086 se
2713 3032 2890 3088 odisse
2913 3033 3252 3093 Theodorum
3281 3084 3294 3103 ,
3334 3044 3485 3111 quasi
3515 3045 3653 3102 duas

1984 3121 2033 3188 ο
2063 3133 2326 3189 personas
2366 3121 2486 3177 Filii
2513 3121 2606 3177 Dei
2627 3138 2692 3178 ac
2720 3122 2812 3178 ﬁlii
2841 3124 3072 3181 hominis
3098 3129 3499 3201 praedicantem,
3524 3151 3652 3191 cum

2059 3226 2126 3266 ex
2155 3210 2238 3266 his
2272 3229 2388 3283 quae
2411 3225 2706 3269 memorata
2729 3225 2853 3271 sunt
2877 3218 3227 3274 ostendantur
3251 3221 3321 3276 ob
3359 3224 3462 3279 huc
3496 3227 3652 3282 iitum

2060 3303 2236 3372 potius
2261 3303 2465 3374 odisse,
2499 3305 2643 3376 quod
2672 3306 2805 3363 duas
2836 3310 2993 3366 unius
3016 3313 3386 3382 praedicaverit
3409 3332 3529 3375 esse
3557 3337 3653 3374 na-

2060 3404 2232 3452 turas.
2265 3396 2378 3452 Non
2430 3398 2497 3452 ad
2542 3398 2660 3456 haec
2708 3400 3039 3469 ingeniosum
3086 3404 3509 3473 intellectoretn,
3555 3411 3651 3467 sed

2058 3486 2235 3554 potius
2266 3486 2520 3542 lectorem
2558 3504 2661 3544 non
2696 3490 3034 3548 fastidiosum
3078 3498 3417 3563 requirimus.
3448 3503 3649 3568 Aperta

2056 3590 2144 3632 res
2172 3591 2237 3631 ac
2276 3578 2558 3634 manifesta
2606 3580 3052 3652 interpretatione
3094 3588 3201 3642 ulla
3244 3604 3347 3644 non
3398 3592 3646 3664 indiget:

2057 3677 2258 3722 tantum
2290 3678 2374 3725 est
2402 3679 2459 3724 ut
2502 3670 2684 3726 videre
2718 3673 2831 3742 jam
2868 3676 3068 3741 velint,
3110 3681 3197 3748 qui
3229 3680 3429 3736 clausis
3476 3686 3652 3740 oculis

2055 3759 2266 3814 veritati
2297 3760 2571 3817 resistunt.
2606 3763 2738 3818 Nam
2764 3774 2818 3819 et
2839 3766 2891 3820 in
2918 3782 2994 3821 stt
3020 3770 3255 3837 prmdicti
3278 3773 3455 3838 aperis
3486 3773 3651 3844 libro,

2060 3866 2078 3900 ι
2118 3848 2171 3904 Si
2203 3865 2330 3906 vero
2355 3852 2570 3921 aliquis,
2605 3855 2699 3923 ait,
2735 3858 3068 3929 interrizgare
3097 3865 3341 3933 voluerit,
3370 3868 3500 3936 quid
3529 3858 3647 3925 tau-

2052 3938 2172 3993 dem
2204 3955 2326 3997 esse
2363 3942 2537 3999 dicam
2572 3944 2754 4001 Jesum
2784 3948 3078 4021 Christum,
3111 3954 3232 4009 dico
3273 3956 3438 4013 Deum
3463 3971 3520 4017 et
3551 3962 3648 4019 Fi-

2051 4030 2180 4087 lium
2214 4033 2330 4088 Dei.
2370 4051 2388 4085 ι
2427 4034 2567 4091 Ecce
2596 4037 2768 4107 qualis
2797 4052 2913 4094 erat
2944 4043 3059 4111 ejus
3107 4046 3400 4113 col-fessio,
3430 4054 3520 4121 qui
3553 4068 3649 4123 pu-

2050 4138 2168 4178 rum
2198 4123 2474 4181 hominem
2508 4125 2782 4183 Christum
2812 4130 3016 4187 dixisse
3038 4138 3357 4208 confingitur
3387 4158 3402 4192 :
3431 4145 3517 4196 cui
3542 4161 3648 4199 tne-

2052 4218 2303 4269 tuendum
2333 4227 2419 4271 est
2448 4233 2516 4272 ne
2551 4233 2671 4273 cum
2702 4236 2823 4276 eum
2850 4223 3089 4282 Judaicm
3116 4229 3405 4298 impietatis
3430 4236 3499 4287 ab
3526 4236 3649 4292 istis

2050 4306 2534 4364 calumniatoribus
2561 4314 2709 4382 argui
2742 4328 3087 4386 recusamus,
3118 4324 3427 4377 econtrario
3472 4325 3649 4380 Mani-

2048 4399 2323 4454 chteorum
2353 4402 2401 4456 ei
2429 4401 2634 4457 crimen
2656 4410 2710 4458 et
2737 4406 2787 4458 in
2831 4409 3087 4477 mysterio
3127 4411 3510 4469 incarnationis
3540 4418 3646 4470 im-

2127 4501 2270 4560 igant
2313 4509 2325 4544 :
2374 4481 2626 4562 quoniam
2688 4496 2740 4550 in
2804 4497 2905 4552 hoc
2958 4500 3079 4554 loco
3127 4502 3312 4559 Jesutn
3366 4506 3645 4564 Christum

2489 4598 2515 4639 s
2540 4593 2594 4639 et
2624 4584 2815 4640 Filium
2850 4587 2962 4654 Dei,
2987 4591 3115 4645 nihil
3146 4595 3212 4647 de
3240 4594 3359 4665 ejus
3399 4597 3649 4655 humani-

2050 4682 2155 4729 tate
2180 4674 2398 4731 locutus
2428 4687 2530 4732 est.
2563 4678 2699 4743 Quid
2745 4681 2887 4734 enim
2931 4681 3149 4747 mirum,
3202 4685 3248 4739 si
3293 4687 3370 4741 illi
3402 4692 3493 4758 qui
3517 4708 3647 4749 euut

2046 4763 2246 4819 dudum
2294 4774 2348 4821 et
2396 4767 2751 4822 solitarium’
2786 4770 2952 4826 Deum
2995 4775 3314 4842 pra-dicasse
3361 4782 3483 4837 sine
3537 4788 3650 4841 lilio

2045 4868 2100 4909 et
2131 4855 2333 4925 Spiritu
2365 4869 2572 4923 sancto,
2606 4871 2658 4913 et
2691 4861 2825 4916 duos
2852 4866 3157 4923 econtrario
3193 4867 3443 4927 docuisse
3477 4874 3645 4944 filios,

2049 4944 2150 4999 hoc
2177 4961 2389 5017 quoque
2428 4950 2588 5003 simili
2619 4955 2998 5011 contrarietate
3036 4961 3367 5033 conﬁngant,
3418 4976 3479 5022 ut
3517 4986 3645 5026 cum

2046 5049 2168 5091 eum
2190 5034 2440 5104 dixerint,
2466 5039 2602 5094 sicut
2648 5039 2852 5111 Judaei,
2893 5060 3083 5115 purum
3130 5052 3399 5110 hominem
3453 5058 3642 5115 desunt

2044 5126 2314 5183 Christum
2347 5130 2674 5201 credidisse,
2708 5143 2958 5206 tanquam
3009 5157 3117 5196 non
3163 5145 3233 5199 sit
3273 5150 3431 5204 etiam
3470 5151 3643 5220 Deus,

2046 5236 2233 5278 rursus
2267 5223 2413 5279 illum
2444 5264 2459 5290 ,
2507 5227 2646 5281 sicut
2672 5228 3038 5299 Manichacus,
3069 5235 3249 5294 dicant
3276 5244 3420 5310 quod
3452 5244 3647 5302 Domi-

2032 5325 2171 5369 fnum
2204 5313 2473 5369 Christum
2504 5315 2671 5371 Deum
2706 5330 2908 5375 tantum
2942 5332 2999 5379 et
3025 5323 3217 5383 Filium
3252 5330 3344 5386 Dei
3383 5336 3646 5404 credens,

2043 5402 2314 5460 hominem
2338 5406 2506 5462 fuisse
2538 5412 2813 5480 negaverit
2846 5430 2860 5466 :
2891 5414 3160 5487 siquidem
3190 5436 3312 5477 eum
3341 5425 3472 5494 jam,
3496 5402 3642 5488 sicut

2630 5512 2684 5559 et
2749 5505 3059 5565 Iudaeorum
3111 5525 3164 5568 et
3217 5514 3641 5581 Maniclmorutn

2038 5587 2290 5645 duxerint
2354 5607 2542 5649 errore
2597 5596 2971 5654 maculandum
2999 5640 3017 5669 ,
3072 5607 3224 5673 quasi
3278 5624 3639 5673 evacuautetn

2114 5715 2133 5745 ⁸
2156 5723 2303 5781 idem
2327 5725 2472 5796 cod.,
2499 5728 2755 5797 dixerunt,
2785 5740 2832 5785 et
2863 5731 3173 5794 sefittm'am.
