3998 6194
206 344 294 400 735
1051 336 1181 394 PRO
1220 335 1649 393 DEFENSIONE
1686 332 1787 390 TR}

1892 335 1899 386 l
1940 332 2253 388 CAPiTUL.
2298 332 2426 387 LlB.
2460 332 2552 387 ιιι.
2864 332 2867 335 “
3347 330 3453 385 754

208 473 365 515 attines
392 457 440 511 in
462 455 677 512 Christo
699 452 868 508 l’actas
896 451 1225 523 pr0phetias.
1265 450 1455 506 Omnia
1485 448 1627 505 enim
1667 461 1758 503 eo-
1789 449 1841 507 Α
1867 445 2169 501 videbatur.
2197 443 2329 500 Nam
2366 445 2454 500 cui
2492 446 2629 499 bene
2674 442 2862 498 scienti
2890 440 2920 473 '
2943 456 3049 496 non
3092 440 3363 498 sufficeret
3390 443 3457 498 ad

206 565 303 605 rum
330 546 605 618 sapientia:
642 545 828 611 licent,
858 554 911 599 et
932 541 1064 597 nihil
1092 550 1173 596 est
1198 540 1337 610 quod
1367 540 1560 604 libeat,
1585 548 1639 593 et
1662 538 1764 593 sibi
1868 537 2296 608 cognoscendam
2324 536 2595 591 Theodori
2646 533 2805 589 ﬁdem
2866 533 2981 604 ipse
3029 533 3183 589 solus
3217 534 3458 603 ejusdem

207 659 296 699 non
319 641 562 715 expedire
613 638 858 693 credant.
912 636 1061 691 Sicut
1109 643 1286 688 autem
1334 648 1439 687 non
1485 641 1766 701 propterea
1870 632 2050 701 operis
2082 630 2299 688 titulus?
2332 630 2465 697 Quis
2516 630 2661 684 enim
2712 643 2834 683 eum
2883 628 3112 683 audiens
3154 627 3461 684 condidisse

211 734 453 790 hominem
483 733 714 813 denegat
740 730 919 787 Jesum
950 728 1243 792 Christum,
1268 725 1388 796 quia
1428 725 1494 780 de
1518 722 1766 779 humani-
1872 725 2039 782 libros
2086 726 2153 780 de
2203 725 2604 791 lncarnatione,
2641 731 2765 793 aut,
2800 731 2857 778 ut
2897 722 3113 793 proprie
3140 721 3240 777 hoc
3286 722 3463 792 capri-

211 836 302 882 tate
327 826 436 895 ejus
469 835 651 879 tacens
695 823 859 878 Deum
888 821 1036 875 illum
1065 815 1431 874 tantummodo
1457 814 1546 869 hic
1575 814 1770 868 fatetur
1872 834 2031 885 mam,
2065 818 2242 874 minus
2290 817 2502 888 quidem
2545 816 2753 883 Latino,
2798 814 2892 871 sed
2923 814 3229 871 necessario
3271 814 3457 884 verbo,

209 927 254 973 et
277 917 457 972 Filium
492 915 586 970 Dei
620 931 634 967 :
665 914 738 968 ita
772 912 935 969 etiam
971 927 1077 966 non
1123 910 1288 965 Deum
1325 908 1552 978 denegat
1588 905 1768 962 Jesum
1872 912 2012 967 sicut
2038 926 2071 966 a
2100 909 2301 966 Graecis
2327 909 2544 977 dicitur,
2572 908 2642 963 de
2672 908 3115 963 lnhumanatione
3143 915 3169 944 ι
3202 905 3319 961 Filii
3344 906 3459 970 Dei.

211 1011 473 1076 Christum,
502 1009 591 1064 ubi
615 1008 683 1063 de
707 1006 989 1063 divinitate
1018 1004 1135 1074 ejus
1166 1012 1370 1069 tacens,
1413 1008 1507 1056 aut
1552 1007 1770 1054 natura—
1873 1004 2009 1059 duos
2035 1017 2157 1059 eum
2190 1010 2339 1074 putet
2375 1002 2516 1057 ﬁlios
2564 1000 2923 1069 pradicasse?
2950 998 3081 1054 Nam
3114 998 3341 1068 qualiter
3379 996 3465 1051 Fi-

210 1118 308 1159 nun
353 1098 731 1156 discretionem
786 1097 1008 1164 iaciens,
1063 1095 1254 1150 reticet
1304 1092 1447 1163 quod
1504 1091 1646 1146 idem
1702 1090 1775 1144 sit
1874 1096 2004 1152 lium
2026 1095 2145 1161 Dei,
2178 1094 2230 1150 id
2255 1104 2338 1151 est
2374 1094 2541 1149 Deum
2571 1092 2836 1158 Verbum,
2877 1106 2983 1146 non
3017 1090 3290 1146 hominem
3333 1104 3466 1157 quo-

210 1195 346 1249 etiam
376 1191 518 1246 Deus
543 1198 598 1246 et
636 1189 805 1243 Filius
836 1188 951 1243 Dei.
981 1186 1097 1241 Non
1132 1185 1275 1242 enim
1325 1193 1380 1240 et
1428 1183 1618 1239 Petrus
1646 1197 1775 1251 apo-

210 1284 357 1340 stolus
401 1282 569 1337 Deum
612 1278 911 1349 denegabat
958 1276 1253 1342 Christum,
1285 1290 1405 1331 cum
1452 1274 1651 1330 Judazis
1696 1273 1773 1329 lo-

211 1389 359 1446 quens
384 1373 453 1430 de
491 1372 772 1427 divinitate
801 1371 917 1440 ejus
957 1371 1317 1441 dispensative
1366 1375 1587 1433 taceret,
1614 1381 1775 1436 quam

218 1469 292 1525 vel
318 1468 413 1524 levi
459 1467 644 1522 auditu
688 1466 771 1520 illi
810 1466 949 1521 terre
993 1481 1098 1520 non
1150 1472 1398 1535 possent;
1430 1473 1484 1518 et
1525 1464 1771 1517 diceret:

218 1556 320 1612 Viri
343 1555 610 1622 Israelitte,
644 1554 819 1609 audite
862 1554 1011 1609 verba
1048 1555 1177 1609 lucc.
1218 1552 1396 1607 Iesum
1426 1551 1773 1616 Nazarenam,

212 1651 355 1705 virum
377 1648 714 1718 approbatum
744 1663 776 1700 a
808 1645 911 1701 Deo
938 1645 992 1701 in
1036 1647 1173 1701 vobis
1205 1645 1473 1700 virtutibus
1516 1651 1563 1699 et
1603 1644 1781 1713 prodi-

214 1742 295 1813 giis
318 1749 361 1793 et
382 1740 564 1810 signis,
594 1753 711 1807 qua:
731 1737 846 1808 fecit
873 1754 965 1808 per
989 1737 1135 1791 illum
1166 1735 1302 1789 Deus
1333 1736 1387 1789 in
1414 1734 1577 1788 medio
1604 1732 1776 1799 vestri,

1876 1202 1982 1257 que
2005 1187 2231 1253 diceret,
2262 1202 2422 1258 quem
2451 1186 2654 1241 diceret
2686 1183 3133 1239 inhumanatum?
3164 1180 3278 1237 Non
3321 1182 3463 1236 enim

1877 1282 2082 1352 refugio
2126 1282 2380 1347 verbum,
2436 1281 2579 1351 quod
2621 1293 2651 1332 a
2681 1294 2767 1334 me
2800 1276 2923 1332 lidei
2962 1276 3099 1330 ratio
3148 1283 3306 1344 atque
3359 1274 3465 1329 uti-

1879 1375 2001 1431 litas
2034 1375 2261 1447 ﬂagitat,
2290 1373 2552 1429 adversus
2584 1386 2679 1428 eos
2702 1371 2791 1441 qui
2826 1385 2933 1425 non
2964 1368 3237 1423 hominem
3270 1374 3465 1425 totum.

1880 1468 1934 1523 id
1981 1476 2066 1524 est
2118 1482 2334 1524 carnem
2396 1473 2449 1521 et
2487 1465 2719 1519 animam
2791 1459 3141 1522 rationalem,
3171 1456 3266 1513 sed
3297 1456 3463 1511 solam

1881 1572 2126 1621 carnem,
2181 1564 2273 1611 aut
2311 1569 2525 1610 carnem
2567 1562 2773 1608 tantum
2820 1560 2875 1606 et
2918 1549 3153 1605 animam
3204 1547 3322 1602 sine
3377 1561 3469 1601 ra-

1882 1649 2048 1711 tione,
2107 1648 2409 1717 suscepisse
2438 1645 2622 1701 dicunt
2669 1644 2861 1699 Filium
2894 1641 3012 1698 Dei.
3070 1639 3311 1709 Qualiter
3362 1638 3469 1693 ita-

1883 1755 1987 1809 que
2023 1740 2191 1795 Deum
2239 1739 2498 1805 Verbum,
2556 1751 2714 1807 quem
2763 1734 2987 1790 docebat
3038 1732 3468 1795 inhumanatum,

216 1833 332 1886 sicut
359 1846 445 1884 vos
470 1824 628 1894 scitis,
677 1828 810 1881 hunc
848 1826 1060 1895 deﬁnito
1106 1824 1320 1880 consilia
1366 1834 1410 1878 et
1461 1822 1780 1895 prwscieutia
1814 1820 1857 1880 Β
1886 1849 1990 1887 non
2036 1830 2210 1901 ipsum
2240 1838 2296 1885 et
2340 1829 2612 1884 hominem
2644 1825 2883 1882 diceret?
2907 1833 3000 1880 aut
3042 1820 3313 1895 quomodo
3340 1819 3475 1875 duos

215 1920 305 1975 Dei
323 1921 566 1974 traditum
592 1936 682 1988 per
703 1934 882 1973 manus
921 1918 1211 1987 iniquorum
1237 1916 1491 1987 a/ﬁgeutes
1524 1914 1781 1969 interemi-

214 2013 321 2079 stis,
369 2026 516 2081 quem
564 2008 708 2064 Deus
756 2008 1010 2063 suscitavit
1055 2008 1239 2063 solutis
1278 2005 1540 2061 dotoribus
1585 2002 1779 2074 inferni

220 2102 343 2176 (Act.
372 2116 433 2170 ιι,
454 2099 575 2172 22),
602 2110 657 2156 et
686 2099 815 2155 talia
854 2109 1072 2163 caetera,
1097 2112 1216 2169 quae
1242 2105 1556 2167 sequuntur.
1601 2095 1784 2165 Neque

215 2194 392 2250 Paulus
438 2192 557 2264 ejus
608 2191 923 2261 apostolus‘
976 2191 1141 2245 Deum
1190 2188 1414 2259 negabat
1472 2185 1779 2252 Christum,

213 2298 317 2357 cum
345 2282 545 2338 diceret
569 2299 584 2336 :
613 2280 762 2336 Unus
794 2280 952 2345 Deus,
974 2297 1110 2335 unus
1135 2289 1182 2335 et
1206 2280 1455 2334 mediator
1487 2278 1583 2333 Dei
1612 2286 1658 2332 et
1688 2278 1777 2332 Ito-

214 2378 407 2445 minum,
438 2377 590 2430 homo
636 2372 871 2429 Christus
917 2372 1091 2440 Iesus,
1138 2372 1249 2442 qui.
1281 2372 1423 2428 dedit
1458 2371 1781 2440 semetipsum

212 2468 586 2537 redemptionem
634 2480 730 2536 pro
779 2464 1029 2529 omnibus,
1083 2463 1426 2518 testimonium
1471 2463 1787 2531 temporibus

212 2560 305 2610 ruis
332 2554 384 2625 (Ι
411 2554 543 2612 Tim.
568 2569 628 2622 ιι,
657 2554 716 2624 5)
748 2570 761 2607 :
799 2555 950 2623 quasi
992 2552 1239 2609 Christus
1278 2554 1420 2610 Deus
1462 2569 1569 2610 non
1611 2563 1776 2622 esset,

214 2646 296 2703 sed
326 2655 529 2701 tantum
564 2645 827 2702 mediator
851 2645 944 2700 Dei
978 2655 1033 2701 et
1069 2645 1369 2715 hominum,
1409 2654 1502 2701 aut
1539 2646 1787 2702 conditor

210 2754 303 2796 non
332 2749 475 2797 esset
501 2748 557 2796 et
586 2748 762 2795 rector
788 2739 1030 2794 omnium
1060 2746 1359 2808 temporum
1382 2777 1398 2805 ,
1433 2746 1490 2793 ut
1536 2723 1786 2807 quaedam

211 2833 348 2901 quasi
370 2833 485 2901 ejus
512 2841 752 2900 tempora
784 2831 1113 2895 dicerentur,
1143 2828 1283 2885 sicut
1313 2829 1380 2885 de
1410 2844 1518 2885 uno
1542 2829 1785 2900 quolibet

211 2924 371 2980 simile
400 2924 569 2980 nostri
599 2923 816 2978 homine
845 2922 989 2993 loqui
1010 2921 1269 2989 solemus,
1300 2930 1354 2977 et
1377 2920 1557 2977 dicere
1576 2961 1593 2988 ,
1625 2921 1786 2977 Tem-

211 3016 418 3087 poribus
437 3016 549 3073 suis
585 3016 689 3072 hoc
726 3017 809 3071 vel
860 3014 991 3071 illud
1035 3014 1202 3081 dicit,
1248 3021 1343 3068 aut
1383 3011 1526 3068 facit.
1559 3012 1663 3069 Sed
1691 3027 1787 3083 pro

210 3108 511 3165 diversitate
539 3122 819 3166 causarum
846 3106 1058 3163 diversa
1090 3120 1304 3177 semper
1333 3115 1416 3162 est
1438 3106 1671 3162 dicentis
1704 3105 1786 3163 in-

1887 1923 2027 1979 lilios
2056 1922 2277 1988 docens,
2307 1931 2556 1991 tanquam
2588 1917 2812 1974 alterius
2851 1930 3095 1987 personae
3144 1916 3215 1970 sit
3243 1912 3474 1967 Verbum

1886 2015 2003 2082 Dei,
2028 2014 2249 2070 alterius
2278 2028 2409 2069 vero
2449 2013 2611 2068 homo
2663 2018 2968 2080 susceptus,
2998 2016 3054 2064 et
3095 2021 3204 2061 non
3245 2004 3386 2060 idem
3419 2003 3473 2058 in

1888 2121 2115 2179 persona
2140 2106 2280 2162 Dens
2302 2104 2535 2160 Verbum
2566 2103 2657 2173 qui
2683 2101 2865 2167 homo,
2897 2100 3088 2172 ipsum
3113 2098 3206 2153 Dei
3237 2093 3473 2151 Verbum

1888 2199 2092 2256 diceret
2150 2195 2591 2253 inhumanatum?
2651 2193 2991 2250 Contrarium
3040 2191 3141 2247 sibi
3188 2197 3475 2257 utrumque

1888 2300 1993 2355 est,
2024 2297 2081 2345 et
2128 2288 2331 2359 pudere
2385 2286 2577 2342 debuit
2624 2283 2751 2340 hinc
2794 2294 3080 2338 accusasse
3102 2278 3475 2335 doctissimum

1887 2384 2082 2447 virum,
2135 2390 2248 2448 aut,
2300 2379 2345 2436 si
2392 2379 2494 2434 hoc
2544 2378 2732 2434 nolunt
2784 2376 2989 2442 dicere,
3044 2372 3477 2429 doetissitnoruns

1888 2483 2037 2531 certe
2067 2475 2304 2529 virorum
2334 2470 2642 2528 testimonio
2688 2467 3032 2540 przedicatum
3064 2483 3076 2518 :
3107 2463 3259 2534 cujus
3299 2461 3476 2531 impu-

1888 2566 2085 2623 dentiae
2104 2580 2211 2620 non
2246 2564 2409 2619 fuisse
2449 2561 2717 2633 particeps
2751 2559 2991 2633 synodus
3017 2553 3477 2614 Chalcedonensis

1889 2660 2151 2730 arguitur,
2183 2673 2343 2728 quam
2396 2656 2694 2728 intelligere
2723 2654 2979 2724 oportuit,
3010 2650 3131 2723 quia
3180 2649 3273 2706 ubi
3302 2646 3478 2703 Theo-

1888 2751 2073 2817 dorus,
2101 2750 2409 2806 necessario
2447 2762 2634 2803 contra
2674 2747 2958 2802 haereticos
2998 2752 3309 2800 naturarum
3358 2754 3482 2809 pro-

1889 2843 2144 2913 prietates
2172 2840 2399 2913 amplius
2423 2840 2688 2906 dividens,
2721 2846 3083 2894 assumentcm
3116 2835 3184 2890 ab
3205 2840 3480 2901 assumpto

1888 2936 2119 2992 alterum
2145 2948 2269 2991 esse
2293 2939 2583 2999 assereret,
2614 2939 2801 2985 natura
2835 2944 2957 2983 eum
2980 2970 2994 2993 ,
3026 2927 3353 2994 sicuLsnpra
3387 2922 3482 2975 do-

1889 3024 2117 3091 cuimus,
2150 3040 2258 3082 non
2281 3037 2510 3095 persona
2542 3021 2749 3077 diceret
2773 3019 3023 3075 alterum.
3066 3016 3234 3072 Porro
3281 3014 3349 3067 ab
3380 3013 3483 3067 hoc

1890 3132 2057 3189 opere
2081 3117 2149 3173 de
2177 3116 2549 3172 lncarnatione
2592 3112 2659 3168 ad
2710 3111 2854 3167 aliud
2893 3108 3035 3181 quod
3084 3118 3271 3163 contra
3306 3105 3480 3160 Euno-

211 3201 385 3256 tentio.
435 3200 569 3257 Nam
616 3207 672 3255 et
716 3200 831 3276 ipse
874 3199 1129 3254 Dominus
1171 3198 1226 3254 in
1267 3197 1561 3269 Evangelio
1586 3199 1786 3258 iudicis

1900 3211 2067 3267 mium
2123 3208 2292 3266 edidit
2350 3219 2730 3270 transeamus,
2774 3203 2862 3260 ubi
2911 3201 3121 3258 decimo
3169 3199 3307 3255 libro
3361 3197 3480 3252 ait:

210 3300 368 3354 dicit:
396 3298 554 3355 Nunc
589 3310 757 3355 autem
786 3299 1013 3369 quaeritis
1054 3313 1133 3352 me
1168 3298 1484 3367 interﬁcere,
1526 3297 1787 3354 hominem

210 3391 284 3459 qui
312 3392 570 3445 veritatem
603 3390 741 3444 vobis
788 3389 987 3443 locutus
1030 3404 1166 3455 sum,
1205 3404 1363 3459 quam
1408 3388 1582 3443 audivi
1609 3406 1641 3443 a
1681 3388 1793 3447 Deo

211 3480 380 3553 (toan.
412 3497 533 3549 vm,
562 3480 675 3539 40).
707 3480 956 3550 Nunquid
993 3478 1108 3534 haec
1146 3478 1333 3534 dicens
1371 3479 1540 3535 Deum
1583 3494 1642 3536 se
1672 3495 1795 3538 esse

210 3574 409 3645 negavit
436 3583 490 3629 et
516 3572 787 3628 Christum
816 3571 875 3625 ’ἲ
906 3570 1133 3626 Proinde
1173 3571 1470 3626 secundum
1508 3570 1649 3627 hanc
1686 3571 1795 3627 [οι--

211 3679 342 3717 mam
368 3674 424 3719 et
449 3662 719 3732 apostolos
762 3660 915 3731 ejus,
956 3668 1012 3716 et
1048 3659 1299 3715 doctores
1344 3659 1600 3716 Ecclesiae
1642 3676 1791 3732 quaa-

210 3753 324 3808 dim
350 3754 561 3807 locutos
600 3764 721 3805 esse
764 3749 1065 3816 credamus,
1123 3759 1375 3820 tanquam
1405 3748 1571 3804 divini
1614 3764 1795 3806 sacra-

208 3844 363 3899 menti
409 3842 831 3909 diSpensatores,
882 3854 988 3895 non
1036 3838 1283 3894 omnibus
1311 3822 1521 3907 eadem,
1556 3854 1657 3897 nec
1697 3856 1795 3898 eo-

208 3936 320 3991 dem
351 3934 514 3991 modo
545 3934 838 3988 tradentes.
878 3932 1023 4000 Quos
1053 3932 1109 3987 in
1152 3930 1409 3987 Ecclesia:
1459 3947 1592 4003 pace
1611 3933 1796 3990 delun-

208 4034 313 4079 ctos
355 4030 440 4094 pie
469 4040 535 4080 ac
580 4024 834 4094 religiose
874 4023 1099 4078 iacimus
1128 4022 1177 4079 si
1212 4024 1408 4079 melius
1450 4026 1796 4094 interpretari

210 4117 451 4183 velimus,
482 4115 561 4171 sic
583 4125 904 4172 excusantes
940 4113 1223 4182 homines,
1259 4123 1321 4171 ut
1354 4129 1670 4173 accusemus
1709 4132 1797 4174 er-

208 4221 373 4263 rores.
404 4206 515 4262 Nec
535 4221 640 4261 non
667 4214 724 4261 et
748 4220 813 4260 xv
839 4204 998 4271 libro,
1030 4219 1140 4275 quo
1167 4204 1343 4275 ipsum
1376 4213 1547 4263 totum
1572 4221 1709 4278 opus
1729 4206 1797 4264 de

208 4295 573 4353 lncarnatione
599 4296 895 4362 conclusit,
924 4304 1203 4366 utramque
1244 4305 1493 4352 naturam
1534 4296 1589 4353 in
1636 4299 1797 4357 unius

209 4386 321 4443 Filii
350 4402 634 4459 personam
664 4387 978 4444 convenisse
1006 4386 1329 4455 testillcans,
1359 4388 1435 4442 ait
1462 4402 1478 4442 :
1517 4406 1537 4442 ι
1571 4387 1798 4459 Propter

204 4478 339 4545 quod
382 4487 671 4548 utrumque
712 4476 857 4547 juste
886 4477 1056 4533 Filius
1103 4485 1347 4543 vocatur,
1399 4492 1504 4532 una
1548 4488 1795 4538 exstante

202 4582 450 4636 persona,
480 4581 642 4639 quam
668 4566 927 4621 adunatio
968 4574 1278 4627 naturarum
1305 4565 1501 4624 effecit.
1536 4586 1556 4621 s
1584 4567 1784 4626 Verum
1816 4566 1870 4626 Β
1892 4592 2015 4637 eum
2060 4585 2115 4633 et
2158 4589 2281 4633 eum
2333 4572 2531 4629 Judaels
2577 4571 2981 4637 condemnaret,
3038 4571 3187 4641 quasi
3220 4568 3497 4624 hominem

197 4675 296 4730 ego
327 4661 379 4715 in
409 4662 515 4717 hoc
557 4660 674 4730 ejus
702 4673 865 4728 opere
892 4660 960 4716 de
990 4660 1363 4717 incarnatione
1389 4662 1592 4719 diutius
1615 4679 1791 4722 mora-

196 4758 279 4805 tus
309 4765 468 4816 sum,
498 4764 658 4819 quam
697 4749 819 4805 tidei
862 4759 918 4806 et
956 4751 1183 4818 rationi,
1225 4766 1289 4808 ac
1320 4753 1368 4809 si
1420 4742 1789 4827 non'diutius,

190 4854 354 4909 quam
394 4850 587 4896 contra
614 4839 909 4895 calumnias
949 4854 1011 4895 ac
1039 4840 1387 4912 pertinaciam
1428 4848 1790 4903 necessarium

257 4980 441 5072 'Lrllspgi
470 4978 912 5072 prrrriomg.
947 4976 1189 5063 Edictum
1220 4978 1525 5072 ξιιεξίρίιιηξ,
1553 4983 1798 5072 Θειιᾷὢρῳ

476 5054 585 5129 rei:
597 5046 1169 5129 ᾖερξξνανθρωπτιξσιωεῖ
1185 5052 1338 5129 «bro?
1362 5050 1615 5128 διαφόροις

184 5116 398 5192 {laser};
427 5116 697 5192 ἔπτιθεῖσιξΔ
716 5116 805 5172 Sic
826 5116 985 5192 enim
1002 5116 1174 5174 Graeci
1211 5121 1279 5174 de
1316 5122 1417 5192 hoc
1444 5116 1708 5192 inj'sterio'
1737 5116 1793 5181 li:

189 5187 323 5240 bros
363 5204 495 5241 suos
519 5188 812 5242 inscribere
855 5188 1132 5255 solebant,
1161 5205 1295 5257 quos
1324 5187 1587 5249 Latini'de
1616 5195 1792 5251 lncar-

186 5260 419 5313 natione
443 5258 841 5330 appellabant:
870 5269 926 5313 ut
964 5259 1323 5327 Athanasius,
1362 5262 1515 5330 cujus
1555 5266 1727 5320 oratio
1755 5266 1792 5322 2

182 5330 407 5403 tantum
440 5329 618 5393 habet,
648 5331 1319 5403 tlspifﬁeivavepmrrriasmc
1343 5329 1580 5403 τρῦβιοῦ
1602 5336 1784 5403 Λόγου·

180 5398 724 5480 eodemque_mo_do'
761 5398 1098 5480 Cj'rillusmt
1140 5401 1230 5454 alii
1278 5400 1587 5480 orthodoxi.
1653 5398 1782 5480 l_\'_lam

180 5467 381 5538 Ariani
421 5478 480 5522 et
509 5468 900 5535 Apolinaristae,
932 5470 1053 5538 quia
1085 5478 1253 5523 totum
1277 5470 1548 5527 hominem
1592 5487 1623 5527 a
1655 5476 1782 5531 Vor-

180 5536 255 5590 bo
284 5546 605 5608 susceptum
633 5539 918 5607 negabant,
943 5536 1359 5616 ἕνα-ιθρωπήσιως
1398 5544 1606 5599 titulum
1644 5549 1782 5603 relu-

255 5676 277 5707 '
313 5675 457 5732 Cod.
488 5676 711 5737 Ἴθι-οη..
743 5678 1088 5743 coapostatas.

251 5747 281 5779 ⁸
310 5747 466 5805 Idem
496 5749 640 5815 cod.,
672 5748 937 5803 Christus?

1902 3319 1922 3353 ι
1959 3300 2160 3358 Omnes
2190 3300 2331 3355 enim
2356 3297 2526 3355 Judaei
2550 3306 2830 3353 venturum
2860 3291 3131 3350 Christum
3162 3306 3225 3347 ex
3251 3288 3493 3361 prophen-

1898 3394 2018 3450 ticis
2061 3392 2281 3449 vocibus
2324 3389 2726 3462 exspectabant,
2785 3401 3039 3458 magnum
3091 3382 3375 3456 quemdam
3431 3392 3501 3436 ett

1897 3484 2188 3541 multorum
2219 3485 2481 3538 bonorum
2523 3482 2603 3538 eis
2642 3489 2916 3536 auctorem
2949 3476 3208 3553 futurum.
3243 3475 3483 3544 Qua-pro-

1896 3584 2017 3647 pter
2037 3578 2403 3647 interrogante
2435 3573 2647 3630 llerode
2678 3581 2801 3643 post
2828 3586 3105 3641 magorum
3147 3566 3483 3639 praesentiam

1896 3668 2113 3725 Scribas
2142 3678 2196 3723 et
2224 3666 2551 3732 Pharisaeos,
2592 3664 2681 3720 ubi
2724 3665 2969 3719 Christus
2996 3669 3308 3717 nasceretur
3330 3702 3347 3727 ,
3397 3674 3484 3713 re-

1897 3758 2234 3831 sponderunt
2262 3758 2362 3823 illi,
2392 3758 2651 3813 et‘loeum
2682 3754 2947 3818 dixerunt,
2982 3754 3105 3824 quia
3130 3753 3180 3806 in
3213 3750 3491 3806 Bethleem

1896 3849 2069 3907 ludas.
2123 3848 2231 3908 Sed
2281 3863 2389 3905 non
2456 3856 2742 3919 prepterea
2806 3845 3076 3901 Christum
3145 3843 3334 3898 Filium
3394 3842 3485 3896 Dei

1897 3942 2065 4000 Deum
2112 3942 2392 4008 sciebant,
2444 3940 2717 3995 hominem
2773 3946 2951 3991 autem
3004 3951 3193 4007 purum
3248 3932 3495 3989 arbitrati

1897 4042 2023 4091 sunt
2068 4033 2344 4090 Christum
2401 4031 2697 4089 secundum
2754 4026 3158 4099 probatissimos
3195 4024 3486 4096 propheta~

1897 4142 2015 4184 rum
2044 4125 2301 4190 futurum,
2325 4123 2454 4179 licet
2485 4136 2670 4192 parum
2702 4118 2903 4191 aliquid
2929 4117 3012 4173 his
3035 4114 3491 4186 ineliorem,qucd

1897 4215 2059 4272 etiam
2090 4228 2233 4271 nunc
2257 4220 2505 4284 putantes
2531 4209 2749 4268 Iudaeos
2794 4207 3021 4280 quilibet
3065 4205 3289 4262 videbit.
3323 4223 3341 4258 ι
3370 4204 3490 4260 Jus-

1899 4314 2086 4363 tnmne
2138 4305 2354 4361 videtur
2377 4301 2573 4369 adhuc,
2607 4308 2667 4355 ut
2696 4297 2879 4356 sancta
2920 4306 2976 4353 et
3017 4312 3208 4370 magna
3248 4294 3489 4368 synodus

1897 4406 2176 4470 arguatur,
2204 4395 2353 4467 quod
2368 4408 2475 4450 non
2495 4401 2550 4450 et
2576 4392 2694 4463 ipsa
2736 4388 3075 4446 Theodorum
3111 4389 3271 4444 simul
3312 4394 3368 4443 et
3397 4385 3489 4442 Ju-

1898 4487 2067 4545 daicte
2095 4483 2425 4542 inﬁdelitatis
2453 4492 2509 4539 et
2548 4480 2859 4538 Manichaee
2900 4479 3066 4551 pestis
3103 4486 3385 4550 argueret,
3433 4489 3488 4531 ut

1896 4675 2115 4724 tantum
2162 4662 2457 4720 crediderit
2502 4661 2808 4728 Christum;
2865 4668 2921 4716 et
2967 4675 3089 4715 cum
3141 4658 3486 4721 Manichzeis',

1896 4762 2065 4834 quasi
2090 4776 2201 4817 non
2247 4759 2517 4829 acceperit
2563 4756 2855 4828 prophetas
2899 4755 2969 4811 de
3003 4755 3215 4812 Christo
3241 4752 3501 4808 locutos?

1896 4869 2018 4913 cum
2047 4861 2102 4909 et
2127 4850 2250 4907 illos
2274 4857 2483 4921 arguat,
2507 4847 2649 4919 quod
2678 4848 2802 4905 licet
2829 4844 3220 4919 probatissimis
3251 4842 3486 4915 prophc~

1899 4988 2126 5113 sientes,
2165 4985 2339 5041 altero
2382 4956 2506 5067 :trspi
2550 4987 2861 5066 ᾳαρκὼσῳς
2914 4981 3216 5045 utebantur,
3267 4984 3333 5033 ut
3361 4980 3488 5062 βυ.

1938 5073 2091 5113 oxms
2118 5055 2737 5113 Constantinopolitanus
2781 5068 2835 5108 ιιι
2883 5052 3077 5113 Ecloge
3107 5051 3399 5113 Anastasii.
3432 5064 3486 5108 et

1938 5058 2091 5113 oxins
2118 5052 2737 5125 Constantinopolitanus
2781 5056 2835 5108 in
2883 5052 3077 5118 Ecloge
3099 5052 3399 5125 _Ana_stasii,
3432 5064 3486 5108 et

1899 5128 2421 5200 Apolinariusipse,
2446 5120 2601 5194 cujus
2624 5127 2739 5200 nspi
2761 5120 3316 5200 oapxéiasorc_loyi3tov
3341 5139 3483 5200 rom-

1896 5190 2162 5254 metnorat
2214 5190 2589 5253 'l'ltéodoretus
2636 5190 2848 5260 dialogi}
2899 5190 2951 5246 3.
3011 5190 3103 5246 Usi
3154 5190 3333 5246 tamen
3384 5198 3503 5248 hue-

1895 5272 2061 5332 etiam
2085 5266 2365 5323 interdum.
2380 5265 2651 5328 catholici,
2685 5272 2742 5317 ut
2769 5262 3097 5316 Athanasius
3120 5261 3263 5318 idem
3294 5264 3349 5317 in
3367 5265 3490 5319 aliis

1894 5339 2045 5395 libris
2074 5339 2238 5407 :quin
2284 5347 2338 5391 et
2374 5343 2561 5407 contra
2591 5332 2955 5407 Apolinarium
2997 5332 3240 5407 scribens
3280 5343 3482 5407 utram-

1894 5424 2002 5479 que
2021 5404 2211 5463 vocem
2239 5421 2342 5462 una
2369 5404 2667 5479 ιιοιιεῇηιιιίιΓ
2693 5414 2980 5479 Μανιχαῐος
3006 5446 3019 5467 .
3050 5404 3241 5473 inquit.
3274 5405 3487 5479 ἀπιστή-

1892 5476 2006 5554 dae
2040 5486 2103 5554 τῇ
2149 5483 2406 5554 supradicti
2450 5480 2537 5531 καὶ
2577 5476 2901 5549 ἀνθρωπήσςι
2930 5483 3023 5533 τοῦ
3055 5483 3261 5550 κυρίου,
3292 5476 3480 5533 ἀειδής

1890 5553 2019 5607 κατὰ
2038 5551 2203 5606 πάντα
2218 5551 2429 5623 έγέγονιν.

1971 5685 2006 5768 ³.
2022 5684 2166 5741 Idem
2195 5685 2342 5749 cod.,
2366 5684 2619 5741 sentienti.
