3998 6194
409 373 515 429 755

1450 352 1748 413 FACUNDI
1787 345 1996 406 EPlSC.
2032 345 2544 405 IIERMIANENSIS

3590 342 3694 399 756

412 497 581 539 tarum
610 494 798 553 parum
822 477 1019 549 aliquid
1051 475 1328 533 meliorem
1354 484 1475 526 eum
1512 469 1708 524 fuerint
1735 459 2000 527 arbitrati,
2037 460 2078 521 A
2111 456 2239 512 bent
2260 465 2520 520 mentem,
2576 464 2769 525 prmter
2820 468 2938 523 vos,
2968 454 3056 523 qui
3088 468 3182 524 per
3222 454 3401 510 omnia
3443 455 3575 509 esus
3606 456 3701 510 de.

412 572 577 632 Deum
606 582 782 627 tamen
829 584 949 625 esse
975 567 1319 631 nescierunt;
1353 572 1405 617 et
1433 572 1617 616 contra
1646 558 1784 615 istos
1828 556 1995 639 dicat,

410 666 553 741 quod
585 680 706 722 eum
734 661 905 720 Judaei
951 668 1235 716 venturum
1282 672 1348 713 ex
1396 652 1726 726 propheticis
1773 648 1998 705 vocibus

408 762 799 829 exspectarent.
831 751 1127 808 secundum
1157 764 1293 820 quas
1319 747 1479 803 etiam
1522 742 1719 799 llerodi
1760 741 1996 797 interro-

409 847 555 919 gauli
582 840 995 913 responderunt,
1024 840 1164 913 quod
1209 839 1264 894 in
1309 836 1585 897 Bethleem
1630 832 1781 890 ludar
1811 844 2001 886 nascc-

412 938 597 997 retur?

1033 1011 1258 1070 CAPUT
1297 1012 1387 1067 ιν.

416 1112 567 1181 Quod
621 1108 936 1181 Theodorus,
974 1107 1042 1160 ad
1093 1103 1454 1181 ostendendam
1508 1094 1703 1181 tantum
1743 1094 2003 1181 .unitatem

484 1196 712 1251 persona!
736 1183 790 1234 in
816 1178 1043 1242 Christo,
1076 1192 1176 1251 non
1199 1177 1265 1251 ad
1294 1172 1684 1251 confundendae
1706 1170 1818 1238 eius
1845 1176 2003 1251 natu-

479 1242 590 1317 ras,
616 1251 954 1309 similitudine
980 1265 1100 1303 usus
1126 1248 1194 1302 sit
1231 1246 1453 1301 hominis
1496 1258 1561 1298 es
1597 1242 1772 1297 anima
1809 1249 1857 1293 et
1891 1252 2005 1292 coro

484 1340 607 1394 pore
643 1321 932 1391 compositi.

497 1415 648 1473 Unde
676 1414 798 1485 quia
825 1420 880 1468 et
920 1409 1232 1481 Eutyehiani
1277 1422 1377 1464 nec
1418 1420 1542 1477 erga
1572 1416 1818 1475 magnam
1845 1412 2008 1473 syno-

410 1512 567 1576 dum,
598 1524 696 1565 nec
726 1522 854 1581 erga
880 1504 1222 1561 Theodorum
1254 1501 1453 1574 placari
1494 1506 1742 1571 possunt,
1783 1504 2007 1566 quanta-

413 1618 628 1673 cunque
658 1601 726 1656 de
756 1599 905 1654 libris
935 1598 1053 1668 ejus
1078 1597 1274 1655 similia
1304 1593 1675 1665 proferantur,
1701 1589 1808 1644 tale
1828 1586 2007 1657 potius

414 1696 615 1769 aliquid
660 1709 781 1749 eum
822 1692 1024 1747 dixisse
1077 1696 1462 1752 monstremus,
1490 1682 1629 1754 quod
1675 1695 1771 1735 suo
1819 1684 2009 1748 putent

415 1788 586 1845 errori
624 1800 941 1857 congruere.
985 1783 1117 1837 Nam
1164 1780 1244 1835 his
1289 1793 1410 1850 qua:
1441 1783 1733 1832 memorata
1771 1780 1919 1839 sunt,
1947 1777 2001 1825 et

417 1881 534 1936 aliis
564 1875 869 1950 huiusmodi
898 1872 1076 1929 sedari
1108 1886 1216 1927 non
1243 1877 1531 1936 potuerunt
1563 1881 1576 1919 :
1607 1864 1731 1934 quia
1763 1877 1893 1927 non,
1944 1868 2002 1914 ut

415 1970 691 2036 simulant,
720 1968 807 2024 vel
836 1967 1010 2038 ipsum
1031 1964 1113 2019 vel
1134 1962 1572 2020 Chalcedonense
1608 1958 1894 2014 concilium
1933 1955 2004 2010 ob

416 2064 519 2118 hoc
547 2062 795 2128 oderunt,
829 2059 951 2133 quia
979 2056 1115 2113 duos
1136 2053 1510 2126 pradicaverit
1532 2051 1692 2114 ﬁlios,
1724 2049 1826 2105 hoc
1859 2049 2003 2104 enim

414 2163 605 2221 aperte
638 2153 833 2209 falsum
877 2159 990 2217 est;
1040 2149 1134 2205 sed
1187 2147 1364 2219 potius
1408 2144 1552 2214 quod
1602 2139 2006 2198 evidentissima

416 2247 550 2305 duas
578 2246 735 2301 unius
783 2242 877 2299 filii
924 2238 1121 2298 dixerit
1174 2253 1297 2297 esse
1343 2244 1584 2293 naturas.
1616 2234 1684 2291 Et
1719 2240 2003 2303 propterea

415 2340 693 2411 quoniam,
720 2336 862 2395 sicut
908 2333 1082 2404 primo
1137 2331 1275 2387 libro
1314 2327 1770 2392 memoravimus,
1825 2322 2007 2379 dicere

415 2428 596 2486 solent
615 2427 775 2483 iidem
800 2421 1115 2494 Eutychiani
1140 2420 1223 2475 vel
1246 2416 1722 2491 Semieutychiani,
1744 2415 1823 2472 sic
1844 2429 2003 2469 unam

415 2517 615 2575 Christi
669 2530 791 2573 esse
834 2526 1080 2569 naturam
1125 2526 1190 2567 ex
1243 2510 1522 2567 divinitate
1566 2516 1623 2564 et
1672 2505 2008 2562 humanitate

419 2600 794 2679 co'mpositam,
820 2606 1090 2677 quomodo
1115 2617 1223 2659 una
1248 2610 1331 2658 est
1355 2600 1516 2658 etiam
1555 2599 1787 2655 humana
1818 2605 2008 2653 natura

418 2717 488 2757 ex
520 2700 696 2755 anima
736 2709 1071 2767 corporeque
1110 2692 1436 2764 composita;
1476 2690 1828 2748 ostendamus
1873 2689 2007 2758 illis,

418 2793 508 2848 ubi
538 2791 703 2845 etiam
733 2787 1050 2845 Theodorus
1070 2785 1222 2852 dicit,
1249 2782 1371 2855 quia
1400 2787 1539 2839 sicut
1564 2782 1738 2837 anima
1776 2780 2009 2837 adunata

320 2952 321 2955 η
416 2883 656 2955 corpori,
682 2883 844 2938 homo
866 2896 931 2937 ex
954 2879 1213 2936 ambobus
1252 2877 1507 2943 efﬁcitur,
1552 2877 1627 2931 ita
1670 2889 1737 2931 ex
1777 2875 2010 2939 adunata

418 2978 592 3033 forma
620 2977 712 3032 Dei
736 2983 791 3031 et
811 2974 980 3030 forma
1008 2972 1173 3039 servi,
1202 2971 1256 3027 id
1292 2979 1376 3026 est
1402 2968 1678 3027 divinitate
1711 2976 1872 3038 atque
1912 2966 2012 3021 hu-

421 3068 701 3137 manitate,
725 3082 862 3123 unus
884 3073 969 3122 est
995 3064 1261 3121 Christus.
1307 3060 1398 3120 Sic
1448 3063 1593 3120 enim
1638 3061 1887 3127 fortasse,
1915 3060 2010 3131 qui

423 3173 483 3221 ut
508 3162 775 3221 catholico
816 3176 923 3216 non
955 3166 1343 3232 pepercerunt,
1374 3158 1461 3213 vel
1511 3166 1762 3227 tanquam
1790 3169 1921 3225 suo,
1955 3153 2011 3210 id

422 3265 506 3312 est
555 3255 891 3330 Eutychiano
939 3253 1057 3311 sive
1099 3249 1590 3321 Semieutychiano,
1648 3258 1902 3321 parcent,
1958 3256 2016 3303 et

424 3363 673 3418 magnum
705 3345 1017 3410 concilium,
1040 3343 1184 3413 quod
1224 3358 1347 3398 eum
1382 3358 1489 3398 non
1518 3342 1889 3409 damnaverit,
1918 3340 2016 3401 der

422 3435 601 3489 sinent
624 3432 918 3487 criminari.
950 3431 1018 3485 Et
1042 3429 1129 3485 ille
1150 3430 1365 3499 quidem
1391 3445 1501 3486 non
1528 3443 1626 3500 pro
1655 3436 1884 3494 naturze,
1918 3429 2016 3487 sed

426 3536 524 3590 pro
550 3535 797 3591 personae
826 3521 1029 3576 unitate
1056 3520 1158 3576 hoc
1187 3520 1364 3590 posuit
1388 3560 1405 3586 ,
1436 3520 1577 3576 sicut
1605 3526 1661 3576 et
1684 3519 1774 3574 alii
1801 3518 2012 3587 Patres,

423 3629 648 3684 quorum
672 3613 759 3668 isti
786 3612 926 3668 male
968 3620 1188 3668 utuntur
1217 3610 1501 3681 exemplis.
1533 3610 1664 3665 Nam
1710 3610 1804 3665 Dei
1850 3609 2014 3665 Verbi

423 3716 633 3773 natura,
657 3720 777 3775 qua:
813 3704 1041 3774 simplex
1084 3710 1169 3760 est
1214 3711 1271 3759 et
1313 3702 1859 3760 incontamiuabiliter
1885 3704 2016 3758 sim-

426 3800 567 3867 plex,
596 3794 849 3864 componi
895 3810 1002 3851 non
1046 3794 1236 3864 potuit.
1291 3794 1431 3851 Dicit
1464 3809 1596 3866 ergo
1624 3795 1678 3848 in
1703 3803 1895 3865 quarto
1923 3794 2018 3849 ad-

424 3902 613 3944 versus
646 3886 991 3957 Apolinarem
1021 3884 1159 3941 libro
1189 3901 1203 3939 :
1240 3903 1261 3937 ι
1291 3883 1554 3952 Quoniam
1576 3893 1754 3945 autem
1781 3893 1836 3940 et
1864 3882 2015 3955 juxta

426 3997 527 4038 nos
555 3982 718 4037 homo
746 3981 944 4037 dicitur
971 3995 1037 4036 ex
1061 3979 1236 4036 anima
1285 3986 1342 4035 et
1374 3992 1601 4048 corpore
1642 3987 1922 4045 constare,
1964 3986 2020 4032 et

427 4074 563 4129 duas
591 4072 807 4144 quidem
835 4070 931 4126 has
952 4070 1179 4125 dicimus
1211 4079 1451 4135 naturas.
1475 4067 1709 4124 animam
1726 4077 1779 4124 et
1797 4080 2019 4137 corpus,

428 4180 593 4221 unum
624 4178 750 4220 vero
788 4162 1061 4217 hominem
1093 4148 1175 4216 'ex
1219 4160 1481 4215 ambobus
1520 4160 1915 4230 compositum;
1964 4168 2023 4213 ut

426 4269 807 4315 conservemus
835 4268 1000 4311 unum
1028 4267 1151 4309 esse
1177 4261 1483 4323 utrumque,
1532 4260 1745 4321 Oportet
1787 4249 2019 4306 confun-

427 4349 557 4408 dere
583 4356 823 4415 naturas,
854 4356 910 4402 et
934 4352 1371 4401 reconverteutcs
1400 4342 1605 4412 dicere,
1630 4341 1884 4414 quoniam
1905 4342 2022 4396 ani-

429 4458 518 4499 ma
537 4456 665 4498 caro
693 4450 795 4512 est,
829 4451 883 4496 et
909 4454 1039 4498 caro
1058 4440 1260 4495 anima.
1290 4437 1360 4495 Et
1396 4438 1653 4508 quoniam
1680 4436 1775 4492 illa
1803 4436 2024 4507 quidem

2104 559 2356 604 mentes:
2388 549 2481 619 qui
2503 547 2960 619 dispensationem
3007 562 3127 618 qum
3175 557 3393 618 propter
3421 562 3520 604 nos
3565 547 3700 604 facta

2102 649 2205 705 est,
2230 640 2298 695 ab
2327 641 2576 696 oratione
2603 636 2984 708 assumptionis
3007 637 3026 668 ⁸
3046 637 3240 692 mentis
3272 638 3323 691 in
3347 639 3516 707 ipsam
3549 653 3707 693 men-

2104 741 2215 788 tem
2244 731 2506 803 judicium
2546 730 2828 802 recepistis
2870 731 3037 787 totius
3066 728 3391 799 insipientia:
3437 728 3592 798 plena
3625 730 3709 783 lo-

2103 834 2351 897 quentes,
2367 834 2553 880 etcum
2572 824 2735 878 multa
2748 813 3102 879 irreverentia
3116 820 3261 893 leges
3287 823 3703 878 constituentes.

2102 914 2445 989 Qumcunque
2456 916 2598 973 enim
2615 919 2905 972 secundum
2919 914 3119 986 aliquid
3137 914 3391 982 discreta,
3406 914 3705 970 secundum

2104 1011 2306 1081 aliquid
2337 1018 2660 1080 acceperunt
2682 1008 2965 1075 unitatem,
2989 1015 3211 1062 servant
3256 1020 3408 1061 suam
3450 1020 3557 1076 qua
3586 1006 3709 1059 dis-

2104 1112 2250 1157 creta
2271 1108 2397 1154 sunt
2417 1097 2743 1155 incolumem
2768 1096 3056 1163 rationem,
3081 1106 3131 1150 et
3156 1094 3417 1151 unitatem
3440 1094 3709 1163 integram

2106 1188 2327 1246 habent.
2351 1186 2525 1246 Unum
2540 1198 2623 1244 est
2646 1182 2844 1257 aliquid
2870 1197 3079 1254 natura,
3104 1186 3260 1243 sicuti
3282 1185 3422 1242 filius
3440 1196 3491 1240 et
3514 1193 3710 1256 pater;

2107 1291 2287 1337 manet
2314 1290 2492 1337 autem
2520 1293 2869 1350 personarum
2902 1274 3157 1333 discretio
3185 1296 3198 1330 :
3229 1277 3465 1333 essentia
3488 1275 3713 1346 quidem

2109 1371 2537 1443 inseparabiliter
2566 1371 2836 1427 existente
2865 1385 2991 1440 una,
3040 1384 3287 1439 personae
3315 1369 3586 1439 prepriam
3618 1366 3712 1420 ha-

2107 1461 2236 1521 bent
2264 1461 2676 1528 discretionem;
2710 1472 2766 1515 ut
2794 1475 2966 1532 neque
2995 1470 3151 1529 pater
3186 1458 3394 1513 dicatur
3421 1456 3579 1519 filius.
3620 1444 3715 1513 ne-

2107 1571 2214 1629 que
2241 1555 2382 1610 ﬁlius
2414 1560 2584 1625 pater.
2628 1552 2889 1609 Similiter
2916 1549 3019 1607 etsi
3048 1559 3235 1605 natura
3257 1549 3495 1620 quaedam
3525 1548 3717 1603 diver-

2109 1664 2165 1707 sa
2188 1654 2335 1720 sunt,
2372 1648 2664 1703 secundum
2702 1642 2846 1699 aliud
2870 1658 2996 1699 vero
3035 1641 3259 1697 adunari
3309 1641 3599 1710 contigerit
3627 1656 3717 1711 ea,

2108 1758 2284 1812 neque
2326 1741 2625 1796 naturalem
2677 1736 2908 1809 perdunt
2956 1735 3298 1803 divisionem,
3345 1744 3399 1789 et
3448 1733 3719 1788 unitatem

2035 1828 2080 1890 Β
2108 1834 2379 1905 prepriam
2425 1831 2647 1898 habent,
2677 1826 2817 1885 sicut
2862 1825 3041 1881 anima
3077 1826 3309 1882 adunata
3339 1834 3421 1879 est
3468 1824 3720 1892 corpori,

2106 1937 2161 1983 et
2189 1942 2325 1981 unus
2351 1941 2422 1982 ex
2452 1924 2713 1980 ambobus
2745 1921 2967 1978 ell'ectus
2997 1928 3082 1976 est
3112 1920 3295 1975 homo.
3328 1916 3505 1973 Manet
3547 1926 3723 1971 natu-

2108 2036 2289 2075 rarum
2310 2017 2540 2074 divisio:
2564 2016 2668 2072 alia
2691 2016 2907 2088 quidem
2931 2015 3111 2071 anima
3139 2022 3242 2081 est,
3265 2013 3367 2069 alia
3396 2027 3527 2068 vero
3548 2027 3726 2078 caro;

2107 2119 2157 2165 et
2188 2104 2317 2164 illud
2348 2107 2564 2180 quidem
2597 2106 2897 2162 immortale
2925 2113 3030 2170 est,
3058 2102 3195 2159 illud
3221 2113 3400 2159 autem
3448 2103 3727 2166 mortale;

2108 2210 2164 2255 et
2184 2199 2313 2256 illud
2338 2198 2554 2270 quidem
2578 2198 2841 2253 rationale
2870 2207 2974 2265 est,
3007 2198 3139 2254 illud
3167 2205 3344 2255 autem
3377 2196 3728 2253 irrationale.

2110 2288 2262 2349 Unus
2308 2299 2487 2347 autem
2539 2289 2703 2345 homo
2740 2298 3066 2359 utrumque:
3123 2288 3437 2344 alterutrum
3485 2302 3632 2343 vero
3677 2286 3730 2344 in

2110 2384 2292 2453 seipse
2329 2384 2491 2439 homo
2537 2397 2809 2455 nunquam
2836 2382 3034 2438 dicitur
3060 2381 3304 2438 absolute
3349 2389 3404 2437 et
3450 2381 3732 2449 preprie':

2111 2474 2215 2531 nisi
2257 2472 2394 2531 forte
2448 2489 2571 2530 cum
2627 2473 2807 2544 aliquo
2852 2471 3256 2538 additamento,
3306 2472 3444 2528 sicut
3491 2467 3733 2528 interior

2113 2566 2275 2622 homo
2300 2576 2353 2622 et
2380 2565 2616 2621 exterior
2640 2563 2823 2631 homo,
2857 2577 2965 2619 non
2992 2562 3240 2618 absolute
3274 2561 3454 2627 homo,
3487 2561 3596 2617 sed
3644 2564 3736 2618 in-

2113 2657 2280 2713 terior
2305 2665 2359 2713 et
2386 2654 2622 2712 exterior
2650 2674 2665 2712 :
2700 2662 2760 2711 ut
2786 2665 3042 2726 appareat
3068 2654 3211 2710 aliud
3238 2654 3451 2731 quidem
3487 2655 3736 2711 interim

2112 2749 2371 2815 hominis,
2420 2749 2564 2805 aliud
2612 2764 2741 2805 vero
2795 2746 3054 2804 exterius.
3125 2746 3200 2802 ita
3254 2756 3309 2803 et
3360 2747 3414 2802 in
3489 2748 3739 2803 Domino

2113 2838 2335 2897 Christo
2357 2840 2610 2905 dicimus,
2637 2853 2671 2896 ο
2700 2836 2958 2893 mirabilis
2979 2878 2995 2902 ,
3021 2835 3274 2907 quoniam
3319 2836 3372 2891 in
3400 2834 3583 2892 forma
3638 2836 3740 2890 Dei

2113 2940 2339 2987 exstans
2386 2931 2557 2986 forma
2602 2929 2776 2999 servi,
2820 2942 2993 2997 neque
3016 2939 3299 2982 assumens
3332 2925 3476 2995 quod
3509 2939 3740 2980 assum-

2114 3033 2264 3096 ptum
2286 3032 2389 3090 est,
2411 3038 2586 3092 neque
2599 3018 2739 3093 quod
2754 3027 3088 3090 assumptum
3104 3029 3188 3075 est
3205 3033 3505 3075 assumens.
3532 3017 3743 3074 Unitaa

2115 3125 2296 3172 autem
2327 3111 2588 3184 assumpti
2625 3114 2768 3170 circa
2802 3120 3167 3169 assumentem
3198 3109 3584 3189 inseparabilis
3624 3119 3740 3175 est,

2040 3205 2089 3271 (Ξ
2122 3206 2415 3264 secundum
2446 3204 2648 3262 nullum
2679 3202 2901 3261 modum
2931 3202 3095 3260 incidi
3122 3202 3325 3258 valens.
3362 3219 3381 3255 ι
3410 3200 3533 3255 iam
3571 3216 3747 3270 ergo,

2121 3300 2262 3356 sicut
2283 3297 2538 3365 diximus,
2564 3293 2648 3352 vel
2672 3303 2923 3367 tanquam
2939 3291 3408 3365 Seruieutychiano
3428 3290 3749 3346 Theodoro

2123 3396 2363 3461 parcant,
2397 3394 2451 3444 et
2480 3387 2746 3460 synodum
2796 3400 2901 3441 non
2939 3390 3223 3451 accusent,
3251 3392 3370 3453 qua:
3400 3394 3506 3435 nec
3536 3391 3746 3450 antea,

2120 3494 2221 3537 nec
2267 3479 2408 3552 apud
2449 3493 2511 3535 se
2566 3484 2876 3534 accusatum
2942 3472 3250 3544 adjudicare
3326 3486 3432 3526 non
3492 3482 3752 3541 posset:

2122 3574 2361 3629 maxime
2389 3587 2510 3629 cum
2543 3569 2707 3636 dicat,
2732 3569 2854 3639 quia
2885 3567 3025 3623 sicut
3050 3564 3275 3621 interior
3303 3565 3467 3618 homo
3489 3572 3549 3617 et
3586 3572 3754 3617 exte-

2124 3663 2236 3721 rior
2267 3664 2452 3730 homo,
2478 3660 2535 3717 id
2582 3668 2671 3716 est
2712 3659 2888 3713 anima
2916 3664 2971 3713 et
3010 3671 3234 3725 corpus,
3263 3668 3583 3723 quanquam
3632 3668 3750 3707 non

2121 3755 2278 3811 unius
2308 3761 2511 3809 naturas
2545 3751 2673 3818 sint,
2702 3764 2862 3804 unam
2899 3752 3076 3804 tamen
3108 3744 3304 3801 faciant
3348 3756 3669 3813 personam
3697 3742 3741 3800 ⁸.

2122 3840 2252 3911 Quae
2276 3857 2440 3914 porro
2469 3839 2720 3897 subtilior
2746 3838 2965 3895 unitatis
2988 3834 3263 3897 confessio
3285 3832 3365 3887 vel
3394 3833 3750 3902 expressior

2126 3950 2247 3991 esse
2269 3940 2465 4006 potest,
2493 3946 2653 4004 quam
2702 3944 2764 3984 ea
2811 3943 2930 3999 qua:
2968 3936 3183 3999 putatur
3213 3939 3317 3979 non
3348 3924 3530 3978 solum
3596 3925 3759 3994 quod

2132 4008 2272 4080 unus
2293 4024 2363 4079 sit
2390 4020 2659 4085 Christus,
2694 4033 2880 4074 verum
2911 4017 3072 4072 etiam
3116 4013 3257 4084 quod
3287 4027 3387 4067 una
3429 4010 3508 4066 sit
3535 4025 3761 4069 natura

2137 4115 2276 4183 ejus,
2330 4109 2653 4177 ostendere?
2695 4109 2833 4162 hanc
2877 4116 3054 4160 autem
3086 4105 3188 4159 iste
3224 4119 3320 4172 pro
3363 4103 3763 4169 exprimenda
3838 4112 3843 4119 ’

2133 4214 2381 4275 persona
2406 4201 2613 4256 unitate
2642 4210 2749 4253 non
2777 4194 2987 4266 refugit.
3016 4192 3123 4255 Sed
3168 4194 3304 4248 sicut
3350 4191 3450 4245 huc
3491 4192 3765 4250 dicendo

2129 4306 2235 4350 non
2260 4300 2341 4348 est
2367 4288 2666 4346 credendus
2695 4286 3089 4356 Acephalorum
3119 4293 3296 4352 caput,
3325 4281 3604 4351 quoniam
3650 4284 3767 4339 hoc

2127 4392 2233 4440 non
2262 4390 2361 4453 pro
2392 4378 2748 4449 denegatione
2792 4375 3014 4431 duarum
3062 4379 3375 4427 naturarum
3418 4369 3597 4439 dicit,
3655 4374 3766 4430 sed

2128 4473 2306 4543 potius
2355 4480 2453 4540 pro
2497 4467 2653 4523 unius
2693 4464 2989 4521 assertione
3036 4476 3321 4533 personae:
3367 4460 3440 4513 ita
3491 4475 3625 4517 non
3679 4470 3771 4517 est

430 4533 748 4592 immortalis
784 4542 869 4589 est
910 4542 967 4590 et
1013 4531 1322 4596 rationalis,
1368 4544 1500 4586 caro
1527 4544 1657 4585 vero
1683 4528 1927 4585 mortalis
1970 4537 2011 4585 et

2128 4528 2431 4619 credendus
2460 4556 2620 4613 etiam
2652 4553 2952 4611 Neswriani
2978 4528 3166 4607 auctor
3188 4549 3419 4618 erroris;
3449 4549 3549 4603 ubi
3590 4565 3777 4608 natu-
3862 4601 3866 4604 ι

432 4629 704 4687 rationalis
730 4629 771 4696 ⁸,
792 4633 1231 4683 reconverteutes
1258 4624 1622 4688 dieeremus',
1653 4622 1776 4693 quia
1799 4621 2016 4678 immor-

429 4724 555 4779 talis
578 4731 662 4778 est
686 4720 951 4786 mortalis,
982 4727 1038 4774 et
1062 4716 1314 4773 mortalis
1332 4715 1682 4781 immortalis;
1704 4721 1763 4770 et
1785 4713 2017 4770 rationa-

429 4813 859 4879 lisirrationalis,
892 4819 945 4867 et
971 4809 1299 4867 irrationalis
1346 4806 1644 4864 rationalis.
1686 4805 1794 4864 Sed
1842 4820 2018 4876 neque

429 4923 493 4962 ex
527 4906 707 4962 divina
738 4905 1011 4973 Scriptura
1039 4903 1141 4957 hoc
1168 4901 1344 4961 edocti
1382 4913 1603 4967 sumus,
1624 4914 1658 4955 o
1685 4898 2020 4969 sapientissi-

431 5014 519 5054 me
546 4999 785 5054 omnium
806 5038 820 5062 ,
856 5010 1029 5065 neque
1055 4993 1192 5049 alius
1230 4995 1509 5064 quisquam
1541 4989 1644 5047 hoc
1664 4990 1814 5056 dicit,
1849 5005 2020 5059 usque

433 5091 486 5146 in
509 5090 824 5147 hodiernum
848 5088 988 5145 diem
1007 5130 1025 5158 ,
1047 5098 1233 5144 eorum
1274 5088 1364 5157 qui
1388 5098 1576 5141 sanam
1605 5084 1891 5141 humanam
1925 5084 2019 5140 ba-

503 5213 531 5243 ι
572 5203 743 5275 Hujus
770 5202 1217 5275 comparationis
1250 5199 1607 5275 discrepantia
1660 5197 1904 5263 undecim
1953 5213 2017 5253 ex

432 5264 698 5343 capitibu's
718 5289 748 5327 a
770 5264 1059 5330 Theodoro
1090 5264 1499 5343 Hagiopolitano
1519 5270 1889 5343 demonstrata
1914 5278 2019 5343 est,

436 5337 630 5416 quibus
654 5348 793 5399 hunc
822 5345 1030 5398 titulum
1056 5337 1281 5412 praefigit
1306 5360 1318 5393 :
1343 5340 1554 5416 :‘Ewisxa
1576 5342 1838 5416 κεφάλαια,
1854 5342 1920 5416 ila
1942 5337 2023 5416 ei;

438 5412 685 5475 δείκνυται
716 5416 775 5470 τὸ
800 5417 1148 5475 ἀπεοικὸςτώ
1191 5412 1607 5488 παραδείγματος
1634 5412 1727 5469 ἑοῦ
1765 5414 1903 5474 τινὸς
1931 5414 2021 5467 ἁν-

510 5509 529 5540 ί
560 5506 694 5561 Cod.
718 5505 944 5567 νει-οη..
975 5504 1310 5559 irrationalis.

508 5581 530 5612 ³
553 5577 696 5632 Idem
724 5574 868 5640 cod.,
897 5576 1150 5628 dicamus.

499 5648 532 5735 ,⁸
565 5651 705 5735 Idem
735 5645 880 5711 cod.,
906 5650 1044 5715 facta
1070 5656 1141 5699 est
1179 5647 1486 5717 auferentes,
1523 5644 1781 5701 ablatione
1826 5658 2026 5699 assum-

475 5731 644 5774 t'ont's.

433 5737 533 5827 με
562 5790 707 5850 idem
759 5786 914 5858 cod.,
957 5804 1245 5860 quanquam
1294 5805 1398 5846 non
1445 5789 1597 5845 unius
1645 5799 1840 5846 natura!
1885 5788 2025 5856 sint,

2124 4666 2306 4707 rarum
2334 4646 2705 4707 centusionem
2746 4643 3013 4714 repellens
3035 4643 3075 4708 ⁸,
3106 4642 3334 4712 amplius
3362 4654 3562 4695 earum
3620 4662 3771 4708 [πη-

2126 4743 2384 4813 prietates
2424 4737 2744 4794 necessitate
2778 4730 3137 4805 respondendi
3179 4730 3448 4785 haereticis
3496 4720 3773 4800 dividit;

2125 4831 2377 4906 quoniam
2426 4832 2529 4885 hoc
2572 4839 2684 4882 non
2722 4834 2909 4880 contra
2954 4832 3199 4892 personze
3254 4819 3517 4875 unitatem
3591 4823 3772 4879 facit.

2126 4924 2260 4979 Hinc
2281 4928 2458 4975 autem
2487 4923 2813 4987 cognoscant
2855 4910 3335 4981 Semieut'ychiani,
3385 4926 3491 4978 qua
3552 4911 3775 4970 inten-

2127 5012 2274 5069 tione
2292 5010 2500 5065 dicatur
2529 5007 2599 5062 ab
2627 5005 2746 5061 aliis
2786 5002 3056 5069 Patribus,
3089 5015 3225 5070 quos
3272 5006 3462 5069 putant
3502 5000 3573 5053 in
3614 5003 3780 5057 dna-

2126 5099 2227 5158 bus
2251 5098 2525 5157 Christum
2554 5108 2781 5166 negasse
2804 5094 3039 5160 naturis,
3069 5092 3197 5161 quia
3222 5090 3363 5146 sicut
3401 5088 3605 5146 anima
3643 5103 3677 5131 ιι
3712 5104 3783 5151 οι

2125 5217 2330 5291 ᾷρώπου
2351 5211 2576 5291 τῇριατᾴ
2598 5205 2817 5291 Χριστὸχ
2850 5208 3029 5263 ἕνώσει
3059 5222 3075 5262 ζ
3110 5203 3592 5291 Undecimenpita!
3632 5210 3807 5277 συί--

2129 5275 2219 5339 ὁίιε
2241 5275 2522 5340 ostenditur
2546 5282 2600 5335 in
2638 5275 2737 5348 quo
2765 5279 3012 5347 disrrepet
3052 5278 3341 5347 exemplum
3368 5275 3611 5333 hominis
3648 5275 3787 5336 ‘cu-

2128 5360 2313 5428 iusque
2339 5372 2372 5409 a
2400 5351 2601 5409 Christo
2626 5352 2914 5404 incantato.
3240 5368 3251 5381 ί

2131 5526 2290 5567 unum
2320 5517 2483 5564 tamen
2514 5507 2772 5561 hominem
2803 5504 3021 5575 faciunt.
3046 5505 3119 5559 ita
3143 5512 3194 5559 et
3230 5504 3284 5557 in
3328 5502 3557 5558 Domino
3590 5505 3787 5563 Clu-iu.

2130 5592 2208 5636 sto
2233 5585 2401 5651 forma
2440 5578 2556 5644 Dei.
2586 5587 2633 5632 et
2673 5580 2843 5646 {arma
2889 5578 3043 5651 servi,
3089 5591 3382 5645 quanquam
3420 5591 3525 5651 non
3584 5584 3782 5637 uni."

2133 5644 2332 5709 natura:
2366 5651 2488 5715 sint,
2516 5644 2683 5703 unam
2707 5656 2877 5701 tamen
2916 5648 3081 5719 fecere
3104 5644 3408 5719 personam.
3434 5644 3605 5719 Qua,
3636 5660 3785 5710 etc.

2203 5723 2226 5757 ⁵
2252 5721 2398 5780 Idem
2426 5718 2575 5792 cod.,
2602 5718 2858 5791 refellens.
