1999 3097
152 120 204 147 757

602 121 669 149 PRO
684 119 901 149 DEFENSIONE
921 121 1028 150 TRIUM
1048 123 1202 152 CAPITUL.
1219 125 1284 153 LIB.
1305 125 1349 153 lx.

1736 129 1789 157 738
1800 146 1806 152 .

152 184 251 211 corpus
276 184 357 204 unum
386 178 520 205 hominem
536 178 645 211 faciunt,
662 178 698 205 ita
717 186 750 206 ex
765 178 904 207 divinitate
918 182 946 206 et
958 180 984 209 Δ
997 180 1216 210 Cbalcedonense
1230 183 1383 218 concilium,
1399 185 1459 214 siet
1471 185 1555 221 ipsos,
1566 189 1595 214 ut
1606 194 1661 215 non
1673 188 1788 223 amplius

151 221 318 249 humanitate
332 230 400 250 unus
418 228 460 250 est
478 223 601 251 Christus
613 232 620 251 :
632 224 702 259 quod
723 224 774 251 hoc
789 224 822 251 ab
837 224 879 252 eis
893 231 946 251 non

150 268 184 294 ad
201 272 317 300 naturae,
329 268 378 295 sed
392 268 425 296 ad
441 277 563 303 persona:
579 269 665 304 potius
678 270 806 297 unitatem
825 269 946 304 dicatur;

151 313 260 348 quando
272 314 354 342 etiam
369 314 537 348 Theodorus,
551 323 630 350 quem
656 316 842 344 Nestorianum
858 317 948 344 crimi-

151 364 258 393 nantes,
286 367 385 396 negare
413 369 465 388 non
492 366 605 396 possunt
632 363 658 389 in
685 362 787 390 duabus
809 362 948 390 Christum

150 406 316 440 praedicasse
328 407 440 440 naturis,
453 408 501 435 hac
512 413 601 436 utatur
610 408 795 442 similitudine,
804 416 883 443 quam
892 415 949 436 sure

152 455 246 485 putant
258 451 402 480 dementiae
427 454 583 481 convenire.
598 455 717 489 Apparet
732 461 796 490 ergo
820 454 949 490 sapienti-

150 498 201 526 bus
217 499 445 534 quemadmodum
467 501 565 528 veritas
590 501 706 535 undique
728 501 867 535 fugacibus
893 500 949 529 suis

149 550 289 579 occurrat,
305 549 332 573 et
343 553 557 580 quaquaversum
574 547 777 581 declinaverint,
802 548 831 575 in
850 547 948 577 faciem

149 590 200 618 sibi
213 597 275 617 eam
295 591 433 619 inveniant
449 593 632 621 resistentem.
648 593 723 621 Unde
744 593 815 620 enim
836 594 877 621 eis
895 597 948 621 no'u

149 635 229 662 obvia
242 636 343 669 veniat,
355 644 426 671 quos
436 645 469 664 ex
480 645 528 664 sua
538 645 644 673 quoque
658 639 827 666 accusatione
836 638 950 667 confun-

149 680 210 708 dit'!
223 681 291 709 Nam
302 682 465 718 refugientes
476 683 536 718 ejus
549 685 699 711 doctrinam
713 691 791 719 quam
808 692 855 718 per
868 684 950 712 Chal-

150 726 305 756 cedonense
327 729 471 756 concilium
485 729 589 761 docuit,
606 729 675 757 duas
690 730 769 757 unius
784 730 831 757 Dei
848 729 949 758 Christi

151 778 212 798 esse
225 777 353 806 naturas;
365 773 423 801 sive
437 774 523 808 ipsum
534 795 541 806 ,
556 775 613 802 sive
628 775 810 808 Theodorum,
822 775 899 811 cuius
912 775 949 803 ibi

148 818 377 847 laudandum
397 820 474 853 'sunt,
499 820 533 849 de
554 821 713 848 Nestoriana
735 821 832 849 heresi
856 822 950 850 crimi-

997 228 1094 261 dicam,
1107 229 1143 256 ita
1155 229 1295 265 loquentes
1306 232 1479 264 pronuntiare
1490 233 1625 260 audi-bunt
1635 234 1789 263 ltzcreticos.

998 274 1043 301 Sic
1056 278 1146 302 autem
1160 275 1337 310 loquebantur
1348 277 1375 304 in
1393 278 1512 305 Ecclesia
1531 278 1647 310 Christi,
1664 284 1789 316 tanquam

998 319 1071 347 nulla
1083 319 1200 349 Nestorii
1222 323 1369 356 quaestione
1393 322 1553 352 sollicitante
1568 325 1665 358 securi,
1683 333 1735 353 non
1763 331 1791 354 ut

999 368 1127 396 unitatem
1141 375 1261 403 personae
1274 368 1374 397 Christi
1385 369 1554 404 dividerent,
1571 379 1648 406 quam
1663 377 1690 400 et
1703 372 1790 400 Theo-

999 414 1081 442 dorus
1095 414 1301 450 inseparabilem
1317 416 1466 451 profitetur,
1483 423 1509 445 et
1525 418 1672 445 secundum
1689 418 1790 449 nullum

998 460 1108 488 modum
1121 460 1202 488 incidi
1215 462 1360 490 valentem.
1377 461 1526 491 Admodum
1541 470 1606 492 vero
1620 467 1722 499 gratum
1737 471 1788 498 est,

999 506 1071 542 quod
1085 513 1168 535 vanas
1180 512 1207 535 et
1222 508 1334 535 invicem
1350 515 1380 535 se
1393 508 1562 537 destruentes
1576 508 1671 537 horum
1691 510 1790 537 calum-

1000 553 1069 586 nias,
1085 554 1130 588 qui
1149 561 1210 581 eum
1225 554 1317 581 dicunt
1339 559 1367 582 et
1380 562 1462 582 unam
1485 555 1624 585 Trinitatis
1643 557 1790 584 credidisse

999 606 1155 634 personam,
1175 605 1202 628 et
1224 599 1430 635 quaternitatem
1450 600 1612 635 praedicasse
1632 601 1700 631 duos
1722 601 1790 629 tilias

1000 645 1155 678 asserenda,
1170 645 1306 680 reciproco
1320 646 1400 674 simul
1414 650 1441 674 et
1454 647 1512 682 ipse
1523 654 1558 675 ex
1576 647 1684 675 alterius
1701 648 1790 682 repul-

1000 692 1075 720 sione
1088 693 1199 720 alteram
1215 700 1320 728 quoque
1331 692 1447 728 repellit,
1455 700 1515 720 cum
1524 700 1556 721 ex
1567 693 1607 720 his
1618 700 1678 728 quae
1690 699 1790 721 memo—

1001 739 1117 766 ravimus
1130 738 1219 771 docet,
1241 739 1379 774 quoniam,
1395 740 1463 766 sicut
1478 743 1553 773 pater
1568 744 1595 766 et
1616 738 1685 766 filius
1713 739 1790 766 uilius

1000 783 1107 818 quidem
1122 787 1223 811 naturae
1237 789 1310 816 sunt,
1334 784 1381 812 sed
1397 784 1474 811 unius
1489 791 1611 819 personae
1629 791 1682 811 non
1706 789 1768 811 sunt
1782 806 1788 817 ,

1001 829 1037 857 ita
1054 830 1082 857 in
1097 830 1205 857 homine
1221 837 1272 858 ttna
1292 830 1377 857 anima
1402 835 1429 857 et
1443 837 1556 864 corpus,
1576 830 1618 857 vel
1639 830 1664 857 in
1684 829 1791 858 Christo

151 868 264 899 "39"".
275 870 405 899 .outanles
419 866 489 900 ςυοά
503 874 556 893 una
573 867 607 894 είι
622 867 720 894 (Ππίδιί
735 866 886 895 confitendi
900 874 949 895 Μ·-
962 864 987 894 B
1000 876 1071 904 Deus
1083 880 1111 904 et
1123 875 1215 909 homo,
1231 876 1308 904 unius
1318 876 1425 911 quidem
1438 872 1558 911 personae
1569 880 1641 908 sunt,
1655 869 1702 904 sed
1712 877 1792 903 unius

150 915 223 939 tura.
240 911 297 941 Hoc
312 917 401 940 autem
424 920 457 940 ex
473 921 509 941 eo
524 913 646 941 nituntur
661 918 792 948 astruere,
823 914 950 949 quoniam

151 957 241 984 sancti
256 956 351 986 Patres
362 958 499 991 dixerunt,
513 959 584 986 sicut
598 966 631 987 ex
642 960 730 986 anima
742 964 771 987 et
784 967 865 987 carne
880 966 949 987 unus

147 1006 190 1029 est
207 1001 305 1034 homo.
325 1002 362 1030 ita
381 1004 409 1030 in
428 1004 565 1032 divinitate
579 1010 606 1033 et
623 1004 788 1032 humanitate
815 1011 884 1033 unus
906 1010 950 1033 est

148 1046 289 1075 Christus.
306 1048 481 1083 Suspicantes
493 1058 569 1085 ergo,
590 1051 661 1085 quod
683 1051 734 1078 hoc
749 1059 797 1084 pro
813 1051 891 1079 unius
903 1058 951 1078 nn-

152 1096 235 1126 turm.
251 1098 281 1121 et
295 1102 349 1122 non
370 1096 474 1129 potius,
490 1096 561 1125 sicut
574 1097 674 1125 veritas
689 1097 780 1131 habet,
805 1104 855 1132 pro
869 1098 950 1125 unius

147 1143 275 1170 persons:
288 1139 439 1167 assertione
452 1140 486 1168 ub
497 1140 536 1168 eis
546 1140 631 1168 fuerit
641 1141 762 1175 dictum;
778 1149 832 1169 non
849 1146 948 1177 negant

148 1182 235 1209 errori
248 1183 408 1213 Nestoriano
425 1185 536 1215 omnino
548 1193 610 1214 esse
636 1187 801 1215 contrarium
814 1208 823 1220 ,
839 1192 865 1215 et
888 1188 949 1216 ideo

148 1228 216 1261 suis.
242 1228 313 1257 sicut
333 1229 461 1263 diximus.
487 1230 647 1260 refutantur.
670 1231 740 1261 Nam
761 1232 790 1260 iu
810 1235 913 1260 tantm
933 1240 949 1260 a

148 1274 252 1301 sanctis
262 1274 397 1308 Panibus
419 1276 467 1304 illa
479 1276 627 1305 similitudo
640 1277 675 1304 de
687 1277 786 1305 auium
803 1278 947 1312 carnisqu

147 1318 329 1352 adunatioue,
348 1327 407 1348 non
422 1321 455 1348 ad
472 1321 550 1349 unius
568 1326 671 1350 natiue:
685 1321 787 1350 Christi
803 1322 949 1351 documen-

147 1369 204 1391 tum
226 1364 312 1393 relata
335 1369 388 1399 est,
413 1370 443 1393 ut
462 1366 513 1394 hac
532 1367 613 1394 etiam
633 1366 793 1395 Theodorus
811 1371 947 1401 uteretur,

146 1415 230 1443 quem
245 1416 301 1436 non
313 1409 401 1437 solum
415 1409 483 1440 duos
499 1411 701 1446 naturas,un
715 1419 809 1441 verum
819 1419 851 1440 ac
860 1412 950 1440 matti-

146 1452 252 1480 festum
269 1458 322 1487 est,
338 1455 385 1482 sed
400 1454 493 1489 etiam,
504 1457 575 1491 quod
587 1456 684 1486 fusum
695 1462 750 1490 est,
765 1457 833 1485 duas
848 1457 948 1485 Christi

146 1499 242 1527 dicunt
256 1500 404 1530 credidisse
415 1509 545 1537 personas
556 1512 563 1530 :
576 1508 606 1532 ut
613 1504 667 1533 hac
674 1503 851 1533 similitudine
863 1509 948 1533 utere-

146 1548 257 1581 turque
273 1547 489 1578 sanctosPatres
500 1548 658 1580 existimant
677 1556 731 1578 non
744 1550 841 1583 solum
864 1556 945 1578 unum
960 1552 983 1585 ρ

144 1598 306 1625 personam,
322 1600 415 1621 verum
425 1594 507 1622 etiam
523 1602 602 1622 unam
616 1594 715 1624 Christi
728 1594 855 1626 docuisse
868 1600 945 1623 natu.

146 1643 216 1663 ram.
240 1635 322 1678 sicut
337 1641 426 1666 autem
438 1638 474 1667 de
490 1638 578 1667 anima
590 1643 621 1669 et
638 1646 720 1668 carne
733 1639 812 1668 unius
831 1639 947 1668 hominis

146 1681 249 1710 dicitur
263 1682 285 1715 ⁸,
296 1683 366 1718 quod
385 1691 433 1711 nos
456 1685 666 1719 promiseramus
680 1685 836 1719 ostendere,
856 1690 947 1714 manet

146 1731 307 1754 nautrarnm
318 1727 423 1762 divisio,
434 1733 462 1756 et
470 1729 523 1759 alia
536 1729 645 1764 quidem
658 1730 748 1758 anima
757 1734 809 1764 est,
821 1731 873 1758 alia
883 1737 947 1758 velo

146 1779 223 1805 raro,
252 1778 350 1800 natura
377 1774 479 1809 utique,
507 1782 561 1802 non
580 1782 707 1810 persona,
730 1775 857 1810 quoniam
881 1775 946 1804 illud

145 1817 260 1852 quidem
287 1818 428 1852 rationale,
444 1819 507 1846 illud
531 1823 621 1848 autem
642 1819 797 1848 irrationale
811 1824 870 1853 est,
886 1827 947 1847 nam

146 1871 219 1891 unus
236 1863 319 1892 homo
330 1870 491 1900 utrumque:
506 1865 543 1892 ita
557 1866 639 1894 etiam
653 1865 819 1900 ubicunque,
834 1872 948 1900 praeser-

145 1910 194 1937 tim
206 1914 279 1938 ante
294 1914 413 1938 errorem
437 1911 553 1940 Nestorii
571 1912 747 1948 divulgatum,
761 1912 795 1940 ab
812 1911 948 1947 aliquibus

143 1954 280 1984 Ecclesiae
295 1956 433 1985 catholica:
448 1957 604 1986 doctoribus
620 1957 773 1987 invenimus
792 1958 876 1986 alium
894 1957 947 1986 dici

145 2008 346 2036 assumentem,
358 2004 441 2032 alium
453 2011 517 2033 vero
525 2008 705 2039 assumptum,
719 2011 774 2032 non
784 2011 898 2039 persona
907 2003 949 2032 vel

144 2048 328 2076 subsistentia
348 2049 359 2065 ²
384 2049 452 2084 alia,
478 2049 526 2077 sed
543 2054 639 2077 natura
657 2049 788 2078 debemus
811 2049 948 2085 accipere.

144 2094 220 2122 sicut
229 2093 261 2120 in
274 2101 327 2121 uno
338 2093 446 2123 homine
456 2094 525 2123 alius
537 2095 662 2130 interior,
672 2096 743 2123 alius
753 2096 871 2124 exterior
884 2095 950 2125 dici-

145 2144 189 2168 tur
205 2140 303 2174 bomo,
319 2141 341 2168 si
356 2148 443 2176 neque
458 2148 509 2169 nos
522 2148 616 2169 errare
630 2141 766 2175 volumus,
782 2148 870 2176 neque
884 2141 950 2176 ipsis

143 2186 322 2219 calumniari,
333 2193 420 2221 neque
427 2187 555 2215 Ecclesiae
564 2187 665 2215 Christi
674 2187 827 2221 detrahere,
840 2187 950 2223 incujus

144 2239 215 2265 pace
227 2235 312 2267 atque
323 2230 426 2259 honore
438 2231 556 2281 deluncti
570 2237 651 2260 sunt:
663 2239 751 2267 neque
763 2232 947 2281 auctoritatem
962 2250 989 2281 ο

142 2277 239 2305 errori
255 2276 413 2304 Nestoriano
427 2276 558 2311 tribuere,
575 2281 604 2304 ut
618 2277 664 2305 bis
677 2277 722 2312 qui
735 2277 878 2305 maximam
892 2277 948 2305 lau-

142 2322 208 2349 dem
227 2321 264 2349 de
276 2321 379 2357 judicio
396 2322 523 2350 Ecclesia:
542 2326 716 2356 meruerunt,
735 2322 834 2350 similia
850 2322 948 2351 Nesto-

143 2369 202 2395 rius
230 2368 395 2402 praedicasse
424 2368 538 2396 dicatur.
559 2368 636 2401 Quod
654 2368 761 2403 quidem
786 2375 801 2396 a
826 2368 949 2397 fidelibus

141 2414 223 2443 credi
241 2414 341 2441 veritas
354 2414 504 2449 nullatenus
517 2414 598 2448 sinit,
613 2422 673 2450 qua
682 2414 885 2443 maledictorum
901 2422 948 2442 ca—

142 2460 269 2488 lumnias
284 2467 318 2487 ex
328 2460 391 2487 aliis
405 2467 498 2488 eorum
513 2459 608 2490 dictis.
628 2459 727 2495 quibus
751 2459 889 2488 evidenter
914 2459 948 2488 de

143 2506 256 2534 unitate
272 2512 396 2541 personae
410 2504 509 2533 Christi
524 2505 605 2533 locuti
621 2509 693 2538 sunt,
709 2505 769 2533 sine
782 2504 949 2533 dubitatione

143 2552 286 2580 confutat.
304 2551 362 2579 Non
375 2551 463 2586 enim,
478 2551 548 2579 sicut
561 2551 647 2587 ignari
665 2554 776 2586 putant,
792 2551 834 2578 vel
854 2550 949 2578 adver-

142 2599 212 2626 sarii
229 2597 369 2630 simulant,
384 2598 458 2625 solus
471 2597 631 2625 Theodorus
652 2596 689 2624 ita
703 2597 809 2625 locum
830 2600 883 2630 est,
899 2595 948 2624 sed

144 2644 230 2672 multi
245 2643 288 2671 alii
301 2643 405 2675 Patres,
421 2650 534 2678 quorum
548 2642 686 2677 sequentia
696 2665 704 2678 ,
720 2646 749 2669 ut
765 2641 944 2675 promisimus,

143 2690 316 2726 proferimus
333 2689 455 2724 exempla
472 2696 478 2715 :
500 2689 526 2715 in
547 2688 644 2724 quibus
657 2687 886 2723 Eutycbianorum
906 2688 947 2715 vel

143 2735 301 2763 satellitum
325 2741 418 2762 eorum
446 2734 597 2762 libertatem
621 2734 746 2761 volumus
769 2732 896 2768 exptriri,
920 2737 948 2759 et

142 2781 243 2809 zelum
271 2779 331 2807 tidei
356 2786 436 2814 quem
460 2783 596 2808 ostentant
620 2779 647 2807 in
679 2777 822 2807 Theodoro
855 2782 947 2806 contra

185 2872 193 2887 '
209 2868 271 2897 Cod
286 2868 381 2896 Veron.
387 2888 395 2903 ,
406 2867 476 2896 dicit.

1000 922 1123 949 essentia!
1135 929 1186 949 non
1202 926 1280 955 sunt;
1291 922 1353 957 quia
1365 930 1451 957 neque
1463 921 1547 950 forma
1562 922 1609 950 Dei
1621 922 1705 950 forma
1719 924 1791 950 servi

999 971 1050 999 est,
1066 974 1152 1002 neque
1168 967 1254 995 forma
1280 969 1352 996 servi
1368 968 1452 996 forma
1470 968 1516 996 Dei
1532 973 1582 1002 est,
1596 970 1718 1004 quamvis
1734 967 1791 996 uni<

1000 1017 1041 1041 tas
1054 1020 1175 1048 personae
1189 1017 1297 1042 maneat
1320 1014 1508 1049 inseparabilis
1524 1015 1671 1043 secundum
1688 1014 1789 1043 nullum

1000 1059 1108 1087 modum
1122 1058 1203 1089 incidi
1219 1060 1321 1088 valens.

1316 1124 1431 1165 caper
1449 1137 1482 1165 v.

1002 1205 1078 1242 Quod
1091 1205 1197 1245 obscura
1212 1208 1236 1245 et
1247 1204 1372 1245 ambigue
1382 1200 1492 1245 Patrum
1506 1203 1575 1232 ἀξίω
1595 1212 1628 1245 ea;
1639 1204 1736 1239 apertis
1748 1213 1790 1245 co-

1034 1250 1091 1269 rum
1112 1241 1188 1268 dict-ir
1210 1239 1373 1276 interpretari
1397 1244 1533 1275 oporteat,
1558 1239 1628 1276 quod
1651 1240 1790 1276 propositio

1034 1278 1133 1313 aliquot
1147 1275 1270 1311 exemptio
1281 1275 1407 1302 declarat.

1035 1344 1074 1372 Ex
1089 1344 1131 1372 his
1145 1351 1209 1380 ergo
1218 1343 1299 1372 certis
1309 1347 1336 1372 et
1351 1342 1520 1372 evidentibus
1528 1344 1666 1373 Theodori
1680 1350 1791 1375 senten-

999 1391 1056 1424 tiis,
1071 1390 1242 1424 intelligenda
1254 1390 1331 1418 nobis
1345 1394 1408 1418 sunt
1421 1390 1485 1424 alia,
1506 1398 1566 1425 quae
1581 1391 1607 1419 in
1632 1391 1691 1428 ejus
1714 1392 1791 1420 dictis

1000 1437 1123 1466 videntur
1140 1435 1298 1472 quibusdam
1323 1435 1402 1463 dubia
1427 1435 1470 1464 vel
1491 1436 1616 1472 obscura,
1639 1438 1662 1465 si
1677 1445 1737 1466 cum
1752 1437 1791 1467 eis

1000 1485 1086 1513 notari
1101 1483 1237 1516 nolumus,
1250 1482 1285 1510 de
1300 1482 1395 1518 quibus
1406 1482 1443 1510 ait
1463 1482 1557 1510 beatus
1571 1482 1704 1519 Cyrilius,
1720 1484 1791 1518 quod

999 1538 1028 1559 se
1040 1529 1142 1559 infense
1154 1529 1287 1557 baberent
1299 1529 1369 1557 circa
1389 1528 1513 1556 eumdem
1532 1528 1619 1556 virum
1646 1529 1791 1558 admirabi-

999 1579 1062 1611 lem,
1084 1581 1110 1605 et
1131 1576 1275 1605 maximam
1297 1575 1410 1612 gloriam
1434 1580 1585 1605 merentem
1605 1575 1790 1610 Theodorum.

965 1634 971 1639 ’
999 1624 1168 1654 occasionem
1183 1621 1313 1651 facientes
1333 1622 1471 1651 contrario
1493 1622 1612 1658 dogmati
1637 1629 1691 1657 quo
1714 1627 1791 1651 tene-

998 1672 1105 1705 bantur,
1120 1675 1149 1699 nt
1164 1674 1316 1705 quiet-orent
1331 1669 1453 1705 quietiam
1474 1669 1533 1705 ejus
1552 1668 1668 1705 capitula
1684 1677 1738 1697 non
1758 1677 1790 1698 ex

999 1717 1154 1746 melioribus
1181 1716 1317 1745 intellecta
1349 1716 1482 1748 damnari.
1509 1716 1574 1744 Haec
1609 1723 1662 1745 vox
1693 1716 1792 1752 Cyrillo

998 1763 1076 1799 digna
1092 1772 1098 1790 :
1115 1763 1154 1791 sic
1168 1763 1303 1798 integrum
1318 1762 1447 1791 Ecclesia:
1461 1762 1600 1790 doctorem
1615 1762 1688 1797 loqui
1713 1763 1793 1791 dece-

998 1809 1054 1838 bat.
1073 1808 1141 1837 Nant
1162 1807 1387 1844 quemadmodum
1410 1807 1629 1836 calumniantium
1652 1808 1793 1836 haeretico-

999 1862 1059 1883 rqu
1072 1858 1123 1887 est,
1137 1861 1170 1882 ex
1181 1853 1270 1882 dubiis
1281 1857 1310 1881 et
1321 1852 1443 1881 obscuris
1451 1860 1510 1887 quae
1523 1858 1597 1880 certa
1610 1859 1635 1882 et
1651 1853 1792 1882 manifesta

998 1905 1063 1929 sunt
1075 1900 1146 1928 male
1159 1898 1348 1933 interpretari,
1371 1899 1407 1926 ita
1422 1897 1529 1927 solitum
1545 1902 1586 1925 est
1601 1897 1747 1932 prudentia:
1760 1907 1792 1927 ac

998 1946 1105 1982 pietatis
1127 1943 1276 1977 catholica),
1291 1951 1325 1972 ex
1343 1942 1500 1972 indubitatis
1512 1947 1593 1977 atque
1607 1942 1779 1971 evidentibus

999 1998 1027 2022 et
1041 1993 1150 2020 firmare
1169 1991 1303 2026 ambigua,
1324 1993 1351 2018 et
1373 1988 1482 2017 latentia
1500 1988 1653 2016 declarare.
1675 1987 1792 2023 Ideoque.

999 2039 1096 2067 melius
1109 2037 1233 2070 facimus,
1250 2037 1275 2065 si
1296 2036 1414 2063 virorum
1435 2034 1652 2062 doctissimorum
1674 2034 1700 2061 in
1727 2042 1792 2069 pace

1001 2085 1129 2114 Ecclesiae
1154 2088 1269 2113 mortem
1288 2081 1445 2110 abeuntium
1465 2081 1564 2116 scripta
1584 2081 1684 2110 melius
1708 2081 1792 2109 inter-

1001 2136 1152 2168 pretemur,
1180 2129 1223 2157 vel
1239 2130 1261 2156 si
1277 2129 1367 2156 minus
1384 2128 1410 2156 in
1430 2128 1469 2156 eis
1489 2127 1620 2155 btcresutu
1643 2127 1792 2157 futurarum

1000 2177 1147 2206 calumnias
1164 2176 1249 2205 vitare
1273 2178 1426 2209 potuerunt.
1441 2173 1469 2201 Si
1490 2174 1536 2209 qui
1561 2181 1624 2202 vero
1649 2172 1791 2202 orthodoxi

1001 2224 1082 2252 etiam
1092 2222 1164 2251 aliud
1176 2221 1327 2250 faciendum
1342 2221 1507 2256 putaverint,
1524 2228 1576 2250 nou
1588 2226 1650 2249 sunt
1665 2221 1691 2249 in
1708 2221 1759 2248 hoc
1777 2228 1792 2248 a

1003 2268 1178 2306 prudentibus
1198 2266 1329 2295 imitandi.
1350 2266 1400 2300 Qui
1422 2266 1444 2294 si
1468 2266 1608 2302 utriusque
1629 2265 1712 2301 partis
1736 2274 1793 2293 mo-

1001 2319 1091 2344 menta
1104 2313 1278 2349 perpendam,
1294 2312 1374 2341 facile
1392 2311 1551 2348 dignoscent
1571 2319 1682 2347 quorum
1707 2310 1793 2346 magis

1002 2360 1168 2396 propositum
1183 2359 1298 2387 debeant
1312 2359 1473 2394 approbare,
1487 2364 1575 2386 utrum
1597 2357 1790 2389 accusantium,

1001 2413 1035 2434 an
1050 2406 1246 2438 excusantium,
1263 2404 1290 2432 in
1305 2404 1432 2438 Ecclesiae
1447 2411 1513 2439 pace
1528 2409 1555 2431 et
1575 2402 1683 2431 Patrum
1700 2401 1792 2430 lauda-

1001 2452 1073 2481 tione
1087 2451 1237 2480 defunctos.
1249 2451 1368 2479 Primum
1382 2450 1473 2486 itaque
1482 2449 1653 2478 considerare
1663 2448 1790 2481 debeant,

1000 2498 1063 2534 quid
1076 2498 1113 2526 sit
1126 2498 1204 2525 nobis
1217 2498 1336 2533 utrisque
1346 2502 1496 2528 commune,
1510 2495 1553 2529 qui
1569 2502 1621 2530 quo
1634 2494 1737 2523 similes
1752 2495 1791 2523 eis

1000 2546 1034 2573 de
1059 2544 1218 2573 onbodoxis
1241 2542 1440 2572 accusatoribus
1467 2547 1576 2574 sumus,
1601 2546 1628 2568 et
1654 2541 1732 2576 quale
1757 2542 1791 2568 sit

999 2591 1130 2626 cujusque
1141 2590 1288 2626 premium,
1310 2589 1336 2616 in
1350 2596 1405 2623 quo
1423 2587 1457 2617 ab
1474 2587 1589 2615 invicem
1608 2586 1789 2616 dissonamus.

999 2636 1079 2665 Fides
1093 2637 1183 2671 itaque
1193 2635 1270 2663 nobis
1280 2635 1306 2661 in
1317 2634 1402 2662 Deum
1415 2633 1565 2662 communis
1578 2637 1636 2666 est;
1650 2634 1789 2669 proprium

1000 2691 1066 2711 vero
1080 2688 1122 2710 est
1134 2682 1229 2717 cuique
1244 2679 1323 2715 parti,
1336 2680 1362 2707 in
1376 2687 1428 2714 quo
1438 2680 1607 2708 dissonamus
1620 2679 1653 2707 ab
1664 2677 1790 2709 invicem.

1000 2729 1071 2764 quod
1087 2729 1124 2756 illi
1134 2727 1277 2756 crudeliter
1290 2730 1318 2754 et
1327 2726 1453 2753 audacter
1465 2727 1644 2756 condemnant
1658 2726 1684 2753 in
1699 2725 1792 2753 Eccle—

999 2775 1047 2802 site
1060 2774 1162 2802 unitate
1183 2771 1322 2807 gloriaque
1335 2772 1488 2807 defunctos,
1504 2779 1569 2808 quos
1586 2771 1632 2799 Dei
1654 2771 1737 2798 solius
1751 2776 1794 2797 est

1036 2863 1044 2877 '
1061 2860 1132 2890 idem
1145 2859 1216 2891 cod..
1233 2859 1320 2887 otium.
