3998 6194
421 329 524 383 739

1523 315 1819 377 FACUNDI
1853 313 2063 371 EPISC.
2107 313 2609 372 HERMIANENSIS

3592 319 3694 374 760

412 434 652 503 judicare
683 451 695 487 :
732 450 830 490 nos
869 449 1018 500 vero,
1062 436 1182 507 quia
1228 449 1328 492 nec
1369 435 1551 506 piet..ti
1584 450 1684 491 nec
1727 433 2001 489 modestia:
2032 439 2077 490 Α
2109 429 2401 500 redigentis
2424 431 2479 485 in
2505 429 2817 486 servitutem
2845 445 3018 498 suam,
3052 441 3106 488 et
3133 433 3292 488 aliam
3334 433 3524 502 ipsius.
3558 434 3692 489 illud

415 527 687 592 convenit,
715 525 1118 582 considerantes
1145 543 1242 583 nos
1265 529 1512 586 homines
1542 544 1681 594 esse,
1709 527 1841 582 nihil
1865 527 2008 597 quod

411 616 652 687 divinum
685 627 767 674 est
799 619 1170 688 prmsuiiiintus
1200 636 1482 693 usurpare.
1504 621 1581 675 Illi
1605 621 1712 676 alta
1732 620 2009 690 sapientes

419 718 702 778 respuunt,
738 719 790 764 et
821 710 950 764 nihil
987 711 1225 779 pendunt
1263 722 1572 767 sanctorum
1617 711 1832 766 Patrum
1885 725 2010 766 sen-

419 802 632 865 tentias,
679 816 706 855 a
738 804 931 872 quibus
963 806 1244 873 approbati
1277 815 1440 873 atque
1477 806 1673 862 laudati
1713 813 1877 862 sunt:
1909 818 2010 860 nos

419 892 709 948 humilibus
741 897 1143 952 consentientes
1163 939 1178 962 ,
1207 897 1526 953 oliedienter
1559 912 1650 951 eas
1676 905 1729 952 et
1761 912 1884 952 cum
1917 896 2011 952 de-

420 984 529 1040 bita
562 987 910 1042 veneratione
937 988 1282 1056 suscipimus.
1310 989 1388 1043 llli
1420 979 1793 1043 auctoritatem
1823 987 2011 1044 incon-

419 1077 554 1132 sulte
585 1079 828 1134 trilruunt
859 1081 1235 1136 hmrcticorum
1265 1083 1560 1148 erroribus,
1583 1090 1887 1138 asserentes
1915 1096 2012 1136 eos

421 1166 800 1222 honoratorum
831 1168 1066 1224 virorum
1100 1171 1470 1240 prmdiiratioui
1500 1171 1691 1225 similia
1721 1171 2009 1226 docuisse:

421 1275 518 1314 nos
546 1271 745 1324 autem,
787 1261 986 1316 nullam
1029 1262 1293 1317 donantes
1340 1263 1606 1318 hmreticis
1647 1264 2007 1331 occasionem,

423 1349 639 1418 provide
668 1351 1076 1420 reSpondeinus,
1119 1354 1261 1424 quod
1309 1354 1446 1409 tales
1488 1354 1850 1424 blasphemias
1877 1370 2013 1410 nun-

422 1456 580 1510 quam
615 1443 852 1498 Ecclesia
883 1443 1080 1498 Christi
1119 1446 1436 1516 susceperit,
1465 1445 1559 1502 sed
1593 1461 1808 1502 omnem
1863 1447 2012 1501 novi-

423 1541 608 1594 tatem,
656 1550 778 1588 mox
835 1543 892 1589 ut
947 1545 1132 1590 exorta
1182 1547 1282 1601 est,
1331 1537 1597 1594 refutarit.
1657 1537 1736 1591 llli
1785 1537 2014 1606 denique

423 1622 591 1691 ipsam
651 1640 770 1694 quae
828 1641 926 1681 nos
968 1629 1190 1697 genuit,
1247 1629 1602 1683 criminantur
1654 1637 1711 1683 et
1756 1628 2015 1683 infamant

423 1716 753 1783 Ecclesiam,
796 1719 943 1774 velut
980 1720 1301 1776 adulterinis
1340 1720 1680 1791 dogmatibus
1725 1721 2013 1792 aliquando

2119 531 2300 576 autem
2331 521 2562 590 amplius
2611 521 2821 576 videtur
2865 537 3006 589 esse,
3033 523 3174 592 quod
3207 522 3284 578 ait
3313 523 3510 578 Tobith
3538 540 3553 576 :
3589 525 3701 594 Ego

2115 620 2163 666 et
2189 612 2363 667 anima
2406 629 2519 666 mea
2557 612 2686 683 Regi
2714 614 2954 668 calorum
2996 613 3225 670 lctitiam
3273 615 3489 669 dicimus
3529 615 3698 683 (Τοῦ.

2114 720 2229 773 xtu,
2262 705 2354 776 9);
2384 715 2438 760 et
2463 707 2631 760 multa
2657 707 2873 772 similia,
2902 723 3006 763 non
3031 707 3229 763 divinis
3255 717 3459 763 tantum
3491 707 3700 772 litteris,

2112 798 2206 852 sed
2239 798 2398 851 etiam
2427 797 2478 850 in
2506 797 2626 852 aliis
2645 839 2661 863 ,
2712 808 2766 853 et
2796 800 2850 853 in
2881 799 2995 868 ipso
3024 809 3210 854 nostro
3237 799 3548 868 quotidiano
3592 813 3706 853 ser-

2114 904 2295 955 mone,
2323 889 2368 943 si
2395 889 2515 959 quis
2538 889 2801 954 attendat,
2836 890 3088 947 inveniet.
3116 891 3172 948 Si
3196 900 3371 946 autem
3396 891 3496 946 hoc
3517 891 3587 946 de
3613 892 3704 945 ho.

2112 981 2275 1042 mine,
2306 979 2459 1046 cujus
2491 987 2638 1035 recte
2662 987 2838 1049 potest
2860 995 2986 1046 una,
3017 980 3070 1035 id
3091 989 3175 1036 est
3197 982 3452 1045 humana,
3480 981 3588 1035 dici
3611 995 3706 1034 na-

2115 1079 2256 1132 tura,
2282 1069 2429 1124 nulla
2459 1072 2756 1139 quastione
2784 1079 3029 1140 cogente,
3063 1070 3132 1126 ab
3161 1071 3417 1141 Apostolo
3436 1083 3487 1126 et
3511 1071 3704 1126 Tobith

2113 1159 2312 1216 dicitur
2344 1177 2360 1214 :
2392 1171 2594 1232 quanto
2633 1161 2802 1232 magis
2829 1162 2898 1218 de
2932 1161 3170 1229 Christo,
3204 1178 3361 1232 quem
3407 1163 3460 1218 in
3491 1163 3702 1218 duabus

2115 1255 2384 1310 credimus
2417 1270 2541 1312 esse
2561 1256 2788 1322 naturis,
2813 1265 2999 1312 contra
3023 1255 3409 1325 Apolinaristas
3430 1267 3576 1311 recte
3596 1255 3703 1309 dici

2116 1351 2309 1416 potuit,
2340 1348 2485 1418 quod
2515 1348 2654 1403 Deus
2684 1347 2912 1404 Verbum
2943 1357 3275 1417 assumptum
3309 1347 3578 1404 hominem
3607 1361 3705 1416 pro

2115 1441 2268 1494 nobis
2300 1440 2457 1494 morti
2491 1440 2801 1506 tradiderit;
2830 1455 2951 1494 cum
2978 1438 3217 1495 dicamus
3257 1439 3400 1508 quod
3447 1455 3568 1494 eum
3603 1449 3707 1494 tra-

2116 1532 2527 1624 dideritPater,
2556 1542 2611 1589 et
2636 1533 3015 1624 inseparabilia
3035 1532 3320 1624 credamus
3347 1547 3506 1624 opera
3537 1531 3737 1624 Τι’ὶιιίοῘ

2116 1623 2277 1679 tatis?
2319 1623 2394 1678 Ita
2417 1624 2438 1654 ⁸
2467 1639 2588 1679 cum
2633 1625 2892 1696 propheta
2917 1623 3061 1679 dicat
3085 1641 3100 1679 :
3131 1622 3231 1678 Cor
3259 1639 3423 1677 meum
3445 1622 3731 1691 dereliquit?

2116 1738 2196 1776 me
2222 1721 2396 1790 (Ρωι.
2449 1737 2632 1786 xxxix,
2666 1721 2778 1792 15),
2811 1735 2910 1776 nec
2945 1734 3005 1776 se
3055 1720 3109 1775 in
3157 1719 3294 1776 duas
3339 1733 3596 1789 personas
3625 1718 3712 1773 vel

423 1817 730 1876 corruptam
760 1827 771 1862 :
817 1824 916 1864 nos
956 1821 1134 1866 autem
1177 1812 1536 1882 virginitatem
1583 1819 1782 1866 nostra:
1829 1812 2017 1866 matris
2049 1811 2095 1871 B
2122 1816 2500 1872 subsistentias
2525 1817 2814 1886 partiatur;
2844 1831 2940 1870 cur
2969 1816 3014 1871 si
3061 1818 3340 1886 quisquam
3368 1829 3434 1871 ex
3458 1813 3710 1869 Patribus

424 1900 686 1955 excidisse
713 1916 945 1971 unquam
977 1916 1006 1955 a
1036 1903 1300 1958 charitate
1322 1918 1440 1972 qua:
1471 1903 1523 1957 in
1555 1902 1772 1958 Christo
1793 1911 1900 1972 est,
1928 1904 2021 1958 de-

424 2004 1036 2064 negamus,asserentes
1077 2010 1182 2050 non
1226 1995 1390 2050 fuisse
1430 1996 1715 2051 haireticos
1758 2011 1888 2065 quos
1927 1995 2019 2050 ba-

425 2082 541 2140 buit
565 2085 876 2140 honoratos.
907 2086 1051 2152 Quas
1083 2086 1154 2141 ob
1185 2101 1302 2151 res,
1335 2085 1379 2140 si
1410 2087 1655 2141 volumus
1679 2097 1733 2142 et
1763 2085 1872 2141 Deo
1901 2101 2022 2142 esse

426 2177 654 2246 subjecti
683 2187 734 2232 et
759 2178 959 2233 sanctis
991 2177 1236 2233 Patribus
1267 2178 1661 2248 obsequentes;
1693 2177 1740 2233 si
1776 2178 2021 2233 volumus

425 2269 609 2336 etiam,
633 2269 774 2339 quod
803 2269 870 2323 ad
893 2279 1213 2339 prmsentem
1247 2271 1440 2325 attinet
1466 2284 1708 2334 causam,
1747 2269 2022 2326 Nestoria-

429 2375 619 2416 norum
654 2376 746 2416 ora
776 2376 1070 2426 censuere,
1105 2372 1160 2417 et
1201 2363 1494 2418 Ecclesiam
1533 2378 1652 2433 qua:
1685 2377 1782 2418 nos
1835 2365 2022 2433 genuit

427 2453 495 2509 ab
541 2454 826 2522 impiorum
866 2455 1151 2511 calumniis
1201 2468 1497 2522 excusare,
1544 2470 1651 2509 non
1699 2455 1873 2510 solum
1913 2471 2020 2511 non

427 2544 852 2601 condemnemus
900 2545 954 2600 in
1007 2546 1262 2602 Ecclesia:
1330 2547 1714 2602 communione
1759 2547 2022 2617 laudeque

431 2636 730 2702 defunctos,
759 2638 854 2693 sed
886 2653 986 2694 nec
1013 2638 1254 2695 dicamus
1283 2653 1377 2694 eos
1405 2647 1532 2695 ante
1558 2639 1863 2696 Nestorium
1895 2641 2020 2696 talia

429 2727 705 2795 docuisse;
737 2731 1010 2800 magisque
1024 2745 1090 2785 ex
1119 2730 1241 2785 aliis
1266 2745 1454 2786 eorum
1477 2732 1779 2798 sententiis,
1804 2732 2020 2788 eviden-

428 2830 515 2878 ter
541 2821 857 2878 Nestoriano
892 2824 1064 2880 errori
1113 2825 1419 2894 contrariis,
1463 2826 1877 2896 interpretemur
1913 2829 2022 2884 alia

429 2928 550 2984 qua:
595 2918 647 2970 in
687 2929 879 2972 eorum
922 2916 1135 2987 scriptis
1179 2917 1431 2972 videntur
1475 2918 1703 2974 obscura
1738 2936 1753 2975 :
1787 2935 1855 2976 ne
1899 2919 2021 2990 jure

428 3007 732 3076 meritoque
761 3010 1241 3079 reprehendamur,
1272 3010 1415 3081 quod
1439 3021 1496 3068 et
1525 3013 1733 3067 cautela
1759 3021 1812 3066 et
1839 3013 2020 3068 studio

429 3096 560 3165 ipsis
590 3097 922 3154 Nestorianis
969 3101 1202 3170 impares
1247 3101 1415 3156 simus
1438 3141 1453 3168 ,
1495 3109 1550 3157 et
1577 3102 1806 3172 amplius
1835 3102 1912 3157 illi
1941 3104 2018 3157 vi-

2123 1909 2428 1964 inveniatur
2466 1909 2670 1964 dixisse
2694 1949 2710 1973 ,
2739 1908 2880 1978 quod
2913 1908 3054 1963 Deus
3103 1907 3334 1963 Verbum
3385 1908 3577 1971 inerat,
3617 1907 3709 1961 vel

2121 2001 2304 2055 aderat
2335 2001 2571 2066 Christo,
2603 2002 2737 2055 duas
2761 1999 2962 2054 Christi
2985 2007 3199 2068 putetur
3223 1998 3495 2053 induxisse
3521 2013 3715 2066 perso-

2125 2092 2259 2145 nas!
2289 2091 2424 2146 Nam
2446 2093 2490 2145 si
2512 2091 2886 2160 derelinquere
2909 2089 3109 2144 dicitur
3130 2088 3399 2144 hominem
3421 2102 3515 2142 cor
3534 2103 3717 2153 suum,

2122 2191 2179 2238 et
2207 2181 2348 2236 nulla
2382 2182 2696 2252 intelligitur
2729 2182 2887 2236 unius
2923 2195 3166 2250 personat:
3189 2167 3324 2234 facta
3353 2179 3563 2245 divisio,
3587 2194 3717 2233 cum

2123 2275 2498 2345 derelinquere
2514 2276 2910 2346 separationem
2934 2273 3216 2344 quamdam
3235 2272 3527 2342 signiticet;
3550 2272 3676 2339 quia
3699 2272 3716 2302 '

2123 2382 2348 2425 necesse
2371 2376 2475 2437 est,
2503 2382 2624 2423 cum
2654 2368 2831 2422 inesse
2873 2366 2958 2420 vel
2998 2366 3187 2420 adesse
3213 2365 3429 2430 dicitur,
3458 2363 3593 2416 duas
3613 2377 3717 2431 pu-

2124 2468 2239 2515 tare
2267 2459 2595 2529 significatus
2635 2473 2756 2516 esse
2784 2472 3069 2528 personas,
3101 2472 3220 2512 cum
3252 2466 3306 2511 et
3331 2457 3506 2509 anima
3557 2457 3716 2510 carni

2123 2564 2236 2605 sua:
2263 2549 2441 2606 inesse
2468 2551 2679 2605 dicatur
2707 2558 2762 2604 et
2789 2549 3001 2617 adesse,
3034 2563 3154 2604 cum
3184 2562 3304 2602 eam
3334 2547 3502 2602 nutrit
3538 2561 3604 2601 ac
3635 2547 3718 2601 [o-

2129 2649 2236 2705 vet,
2267 2647 2324 2695 et
2350 2655 2381 2694 a
2413 2640 2619 2696 morbis
2661 2640 3108 2709 passionibusque
3135 2638 3395 2694 defendit.
3428 2637 3622 2693 Verum
3666 2645 3720 2694 et

2125 2733 2228 2785 hoc
2257 2731 2678 2797 constituamus,
2710 2731 2852 2800 quod
2899 2730 3102 2800 antiqui
3153 2730 3403 2785 doctores
3457 2728 3722 2785 Ecclesia:

2124 2821 2399 2888 dixerunt,
2424 2823 2676 2892 quoniam
2711 2822 2851 2878 Deus
2883 2822 3114 2877 Verbum
3139 2823 3211 2875 sit
3252 2819 3623 2890 principaliter
3664 2825 3722 2875 et

2125 2913 2420 2968 secundum
2449 2915 2737 2969 essentiam
2778 2914 3083 2984 unigenitus
3137 2914 3301 2968 Filius
3345 2913 3437 2968 Dei
3463 2911 3524 2979 ις
3555 2912 3723 2967 homo

2124 3021 2256 3064 vero
2299 3015 2609 3074 assumptus
2656 3021 2722 3061 ex
2753 3007 2958 3061 unitate
2989 3021 3233 3076 personae
3279 3008 3395 3075 ejus
3423 3007 3635 3074 accepit
3671 3018 3723 3060 ut

2125 3101 2431 3170 unigenitus
2476 3100 2645 3156 Filius
2687 3115 2904 3169 semper
2943 3108 3088 3156 esset
3131 3113 3196 3154 ac
3243 3099 3543 3162 diceretur,
3576 3110 3636 3155 et
3677 3101 3724 3154 in

431 3189 661 3246 deantur
690 3200 875 3246 contra
896 3193 1202 3258 veritatem,
1233 3207 1392 3262 quam
1424 3206 1523 3247 nos
1544 3206 1640 3262 pro
1663 3193 1884 3248 veritate
1905 3203 2015 3248 sat-
2045 3204 2090 3266 ς
2130 3190 2286 3246 unius
2311 3190 2428 3246 Filii
2455 3191 2813 3262 appellatione
2834 3191 3312 3260 cointelligeretur.
3341 3189 3594 3259 Nunquid
3628 3191 3726 3244 hoc

429 3297 611 3352 agere.
658 3282 789 3338 Nam
814 3284 863 3338 si
889 3283 966 3337 illi
995 3283 1326 3339 clarissimos
1355 3282 1612 3339 Ecclesia:
1635 3282 1883 3339 doctores
1905 3298 2020 3339 sua:

429 3374 568 3444 parti
586 3373 828 3428 volentes
850 3373 1450 3441 applicare,sententias
1471 3387 1682 3442 eorum,
1706 3373 2021 3429 Nestoriano

429 3464 668 3534 dogmati
714 3463 1000 3518 manifeste
1030 3465 1350 3531 contrarias,
1386 3477 1452 3519 ex
1482 3464 1601 3518 aliis
1623 3464 1799 3520 minus
1824 3465 2022 3532 apertis

430 3554 722 3610 obscurare
749 3565 1033 3620 conantur,
1057 3565 1112 3610 et
1141 3555 1194 3610 in
1237 3569 1390 3610 suam
1435 3556 1759 3626 detorquere
1807 3565 2021 3611 senten-

430 3647 596 3710 tiam;
627 3646 800 3701 multo
828 3646 998 3716 magis
1020 3661 1119 3701 nos
1148 3661 1210 3702 ea
1240 3662 1360 3714 quae
1389 3647 1548 3702 dubia
1577 3648 1825 3703 videntur
1855 3649 1907 3703 in
1927 3663 2023 3703 eo-

430 3755 549 3795 rum
577 3739 771 3805 dictis,
804 3741 995 3796 melius
1042 3739 1461 3809 interpretamur
1507 3755 1573 3795 ex
1620 3741 1704 3795 his
1730 3755 1849 3810 quat:
1877 3749 2021 3795 certa

429 3842 577 3899 sunt,
607 3848 672 3888 ex
700 3848 805 3903 quo
836 3832 1116 3888 Nestorius
1159 3832 1492 3897 ostendatur,
1517 3841 1578 3887 ut
1606 3833 1730 3887 novi
1758 3832 2026 3901 dogmatis

431 3922 715 3988 inventor,
765 3935 872 3975 non
922 3920 1192 3976 immerito
1242 3922 1404 3976 fuisse
1451 3920 1759 3974 damnatus.
1804 3919 2028 3974 Constat

432 4025 564 4083 ergo
575 4011 780 4080 aliquos
794 4013 810 4042 ¹
825 4026 886 4066 ex
908 4012 1138 4082 antiquis
1158 4011 1410 4066 Ecclesia:
1431 4010 1742 4066 doctoribus
1757 4009 1960 4064 dixisse
1977 4019 2026 4077 ι,

432 4107 683 4176 quoniam
709 4105 849 4160 Deus
873 4104 1110 4160 Verbum
1141 4114 1471 4172 assumptum
1505 4103 1777 4157 hominem
1810 4104 2029 4159 tradidit

433 4199 613 4253 morti.
643 4197 892 4265 Nunquid
924 4196 970 4250 si
1002 4195 1103 4250 hoc
1141 4195 1439 4250 Nestoriani
1487 4194 1628 4249 male
1671 4194 2030 4264 intelligentes

433 4292 664 4348 dixerint
693 4291 836 4362 quod
879 4290 1012 4346 duas
1063 4289 1332 4344 voluerint
1380 4288 1686 4358 significare
1733 4302 2028 4358 personas,

435 4385 588 4455 quasi
619 4384 782 4438 altera
811 4383 881 4436 sit
913 4381 1005 4436 Dei
1040 4381 1198 4436 Verbi
1243 4379 1520 4445 tradentis,
1549 4389 1602 4433 et
1631 4380 1797 4433 altera
1821 4379 1846 4412 '
1873 4395 2028 4449 quem

434 4478 630 4531 dicitur
661 4473 947 4530 tradidisse
966 4512 980 4537 ,
1010 4487 1108 4527 nos
1132 4472 1152 4503 ³
1174 4487 1386 4542 quoque
1408 4471 1704 4526 calumnias
1730 4485 1913 4525 eorum
1941 4470 2034 4522 ad-

2125 3297 2344 3353 quoque
2367 3297 2472 3338 non
2499 3297 2784 3352 possumus
2808 3299 2904 3351 pro
2933 3283 3275 3340 distinctione
3297 3283 3473 3351 potius
3505 3293 3725 3338 natura-

2125 3389 2276 3440 rum,
2333 3389 2492 3445 quam
2549 3373 2816 3430 divisione
2870 3389 3116 3442 persona:
3166 3374 3374 3428 dictum
3429 3375 3727 3444 accipere;

2123 3464 2264 3519 sicut
2295 3463 2522 3518 dicimus
2550 3504 2565 3529 ,
2596 3465 2819 3520 interior
2851 3463 3014 3520 homo
3045 3465 3412 3534 principaliter
3443 3467 3615 3520 homo
3645 3467 3728 3519 di-

2125 3557 2296 3621 citur,
2341 3555 2492 3626 cujus
2537 3557 2770 3610 essentia
2811 3556 2948 3610 facta
3006 3564 3089 3611 est
3143 3556 3210 3610 ad
3252 3557 3537 3626 imaginem
3583 3557 3728 3612 Dei:

2128 3647 2288 3702 homo
2332 3665 2463 3704 vero
2517 3651 2753 3705 exterior
2802 3651 2870 3705 de
2918 3650 3046 3704 limo
3091 3649 3384 3719 plasmatus
3420 3665 3487 3704 ex
3521 3651 3732 3704 unita'e

2126 3757 2370 3812 personae
2400 3743 2516 3812 ejus
2541 3745 2748 3812 accepit
2775 3752 2831 3798 ut
2860 3746 2976 3811 ipse
2997 3757 3207 3812 quoque
3235 3741 3396 3795 homo
3423 3741 3735 3806 diceretur,

2128 3843 2183 3888 et
2229 3835 2279 3888 in
2333 3836 2490 3888 unius
2547 3835 2780 3890 hominis
2829 3834 3187 3904 appellatione
3235 3832 3734 3899 cointelligerelnr,

2128 3938 2433 3993 quanquam
2457 3924 2573 3994 ipse
2601 3939 2706 3980 non
2733 3925 2803 3978 sit
2827 3925 2893 3978 ad
2927 3925 3211 3994 imaginem
3234 3931 3289 3977 et
3312 3921 3737 3978 similitudinem

2131 4016 2224 4070 Dei
2257 4016 2450 4082 factus,
2478 4017 2571 4072 sed
2603 4016 2885 4086 pecoribus
2915 4015 3146 4070 similior
3171 4027 3293 4069 esse
3317 4013 3568 4068 videatur
3589 4015 3616 4067 ?
3649 4014 3738 4067 iii.

2131 4107 2301 4159 cimus
2347 4106 2529 4171 etiam,
2585 4107 2705 4160 sine
2755 4107 2908 4160 unius
2957 4104 3218 4159 divisione
3265 4117 3528 4173 persona,
3587 4103 3738 4175 quod

2133 4199 2292 4254 homo
2323 4199 2548 4255 interior
2577 4201 2770 4254 merito
2800 4214 2909 4253 sua:
2936 4198 3060 4252 ﬁdei
3085 4198 3407 4267 justiticatus
3435 4198 3646 4252 transit
3690 4199 3740 4251 in

2131 4291 2472 4361 adoptionem
2502 4292 2730 4346 filiorum
2755 4292 2845 4346 Dei
2870 4307 2883 4356 ;
2908 4292 3149 4344 exterior
3171 4300 3346 4342 autem
3377 4303 3467 4356 per
3500 4290 3742 4343 interio-

2132 4384 2206 4438 ris
2233 4383 2616 4448 adhzesionem,
2646 4395 2985 4438 communem
3017 4395 3137 4433 cum
3169 4379 3263 4432 illo
3291 4377 3515 4445 suscipit
3546 4379 3744 4447 digni-

2134 4483 2318 4537 tatem,
2347 4475 2605 4545 Apostolo
2635 4487 2848 4543 quoque
2874 4472 3086 4526 dicente
3110 4485 3125 4524 z
3154 4469 3220 4522 Et
3249 4470 3294 4523 si
3321 4471 3541 4522 exterior
3581 4470 3745 4523 homo

434 4589 624 4629 versus
652 4571 948 4628 Ecclesium
1001 4572 1216 4627 ﬁrmare
1262 4570 1555 4636 debemus,
1587 4577 1640 4625 et
1669 4565 1853 4623 testari
1885 4564 2023 4633 quod
2057 4590 2106 4650 ι)
2134 4581 2300 4624 noster
2328 4570 2710 4638 corrumpitur,
2751 4568 2841 4621 sed
2878 4567 3091 4619 interior
3129 4574 3402 4618 renovatur
3444 4563 3507 4615 de
3552 4565 3650 4617 die
3692 4568 3746 4616 in

435 4668 568 4724 tales
589 4663 874 4736 aliquando
901 4664 1145 4719 doctores
1178 4663 1458 4729 habuerit,
1490 4662 1580 4732 qui
1603 4676 1708 4715 non
1737 4673 1896 4712 unam
1931 4655 2024 4711 Dei

433 4770 596 4831 atque
645 4758 877 4813 hominis
930 4757 1342 4827 prmdicaverint
1393 4768 1513 4809 esse
1562 4765 1869 4822 personam,
1903 4762 2022 4802 cum

435 4853 605 4906 multa
657 4848 850 4904 similia
903 4848 1197 4902 habeamus
1246 4843 1536 4911 exempla?
1564 4841 1716 4896 Unde
1765 4839 1896 4894 illud
1945 4847 2026 4893 est

438 4941 676 5011 Apostoli
706 4939 848 5009 quod
878 4937 1008 4992 dicit
1035 4953 1048 4989 :
1082 4936 1318 4988 Lividum
1365 4934 1500 5002 facio
1546 4947 1730 5000 corpus
1762 4945 1945 4991 meum,
1980 4937 2028 4981 et

435 5033 608 5102 redigo
636 5029 865 5084 servituti
887 5029 904 5100 (
926 5027 957 5081 1
999 5028 1118 5082 Cor.
1152 5040 1226 5090 Ix,
1258 5024 1373 5094 27),
1406 5038 1510 5077 non
1541 5023 1696 5075 aliam
1726 5021 1914 5075 volens
1946 5021 2025 5073 in-

443 5123 604 5192 telligi
634 5133 915 5190 personam
947 5117 1166 5172 lividum
1225 5114 1466 5169 facientis
1512 5126 1709 5181 corpus
1763 5125 1937 5177 suum,
1970 5120 2025 5164 et

510 5286 536 5312 ι
577 5277 706 5340 Qua:
747 5277 1136 5345 subjiciuntur,
1188 5273 1526 5345 pronuntiata
1561 5269 1829 5345 Theodori
1863 5269 2025 5345 fuisse

441 5347 573 5418 satis
603 5355 813 5418 constat
847 5342 930 5418 ex
970 5347 1176 5418 synodo
1199 5361 1250 5410 v,
1278 5355 1330 5399 et
1356 5359 1422 5398 ex
1452 5344 1676 5398 Leontio
1711 5342 2024 5418 Byzantina.

441 5415 547 5472 Sed
579 5417 876 5468 consultius
921 5411 1170 5469 Facundo
1219 5420 1389 5468 visum
1438 5424 1518 5468 est
1559 5429 1622 5466 ea
1653 5411 1753 5466 sub
1796 5411 2025 5463 aliorum

441 5490 530 5555 qui
555 5485 740 5538 eodem
773 5486 931 5538 modo
954 5486 1111 5540 locuti
1142 5495 1346 5552 essent,
1366 5500 1524 5554 quam
1548 5484 1645 5539 sub
1668 5481 1826 5536 unius
1849 5479 2026 5535 Theo-

315 5573 346 5596 ε
443 5556 559 5611 duri
590 5557 806 5610 nomine
835 5555 1068 5609 delendi.

518 5715 534 5745 ⁸
563 5711 694 5766 Cod.
720 5712 943 5773 Veron.,
978 5711 1353 5763 Constituamus
1376 5711 1548 5779 igitur,
1578 5711 1793 5780 aliquos.

514 5787 536 5818 ο
563 5785 700 5838 Idem
722 5783 868 5846 cod.,
901 5785 1062 5833 altera
1095 5780 1313 5833 hominis
1344 5799 1511 5855 quem.

512 5857 530 5889 ⁸
559 5856 702 5913 idem
730 5855 872 5924 θοι,
907 5856 1015 5908 ideo
1049 5869 1154 5905 nos.

2129 4661 2261 4713 diem
2284 4658 2370 4730 (Il
2392 4658 2511 4714 Cor.
2545 4675 2616 4724 1v,
2651 4657 2765 4731 l6).
2793 4657 2847 4713 Si
2869 4656 3132 4720 dicamus,
3162 4671 3266 4709 non
3288 4654 3511 4709 interior
3542 4659 3745 4718 homo,

2129 4751 2222 4806 sed
2253 4750 2489 4806 exterior
2539 4750 2700 4803 homo
2748 4749 3144 4818 corrumpitur;
3191 4757 3281 4800 aut
3331 4762 3434 4799 non
3486 4749 3749 4801 exterior

2129 4845 2312 4909 homo,
2363 4845 2455 4900 sed
2502 4844 2726 4897 interior
2772 4849 3060 4898 renovatur
3089 4841 3155 4895 de
3183 4839 3271 4894 die
3303 4839 3357 4893 in
3385 4839 3555 4903 diem,
3600 4856 3750 4893 nun-

2129 4937 2254 5008 quid
2283 4939 2334 4991 in
2365 4937 2498 4991 duas
2527 4934 2896 4990 subsistentias
2925 4949 2955 4986 a
2982 4933 3275 5000 semetipso
3313 4929 3600 4985 hominem
3655 4946 3747 4984 se-

2133 5026 2419 5096 paramus?
2444 5027 2583 5096 Ergo
2611 5025 2658 5080 si
2691 5025 2826 5079 tales
2855 5023 3194 5077 inveniantur
3225 5022 3294 5076 de
3333 5021 3550 5076 Christo
3591 5038 3752 5092 qna:-

2125 5122 2247 5177 dam
2272 5120 2566 5176 locutiones
2595 5119 2834 5185 Patrum,
2859 5116 2925 5171 ad
2948 5115 3172 5170 duarum
3201 5115 3375 5184 potius
3402 5123 3747 5168 naturarum

2198 5271 2226 5310 δ
2259 5273 2634 5346 ιιρωςςοτύπωςι
2656 5268 2766 5322 llac
2792 5269 2934 5321 enim
2969 5279 3259 5346 voce_usus
3281 5262 3610 5346 Theodorus
3647 5265 3747 5318 lib.

2128 5359 2204 5397 xit
2257 5333 2323 5398 de
2377 5342 2767 5402 lncarnatione,
2799 5354 2917 5393 cum
2961 5353 3026 5392 ex
3079 5337 3287 5403 placitis
3337 5337 3448 5388 suis
3497 5333 3751 5390 doceret

2129 5413 2298 5467 Deum
2347 5412 2577 5466 Verbum
2625 5425 2807 5464 verum
2859 5423 2979 5461 esse
3031 5406 3224 5460 Filium
3273 5405 3364 5458 Dei
3401 5423 3411 5455 :
3447 5405 3747 5458 Ιιυιιιὶηιιηι

2135 5499 2262 5537 vero
2292 5491 2622 5549 assumptum
2660 5478 3113 5549 συνεπιόέχεσθᾳι,
3147 5487 3199 5530 et
3245 5475 3578 5546 participare
3612 5474 3747 5532 Filii

2135 5554 2444 5623 dignitatem
2473 5548 2671 5606 unione
2697 5566 2818 5606 cum
2852 5551 3023 5605 Verbo
3045 5548 3206 5602 facta.

2209 5710 2231 5746 ⁵
2261 5713 2399 5768 Idem
2427 5709 2572 5778 eod.,
2598 5708 2726 5761 Item
2759 5723 2888 5760 cum.

2213 5785 2232 5815 ⁵
2259 5785 2400 5840 idem
2423 5781 2566 5850 cod.,
2599 5781 2741 5850 quid.
