  <div class='ocr_page' id='page_1' title='image "/cluster/home/n/w/nwhite01/storage/ocr_20150623/67/hvd.32044073505273/388.png"; bbox 0 0 3998 6194; ppageno 0'>
   <div class='ocr_carea' id='block_1_1' title="bbox 184 266 267 322">
    <p class='ocr_par' dir='ltr' id='par_1_1' title="bbox 184 266 267 322">
     <span class='ocr_line' id='line_1_1' title="bbox 184 266 267 322; baseline 0.024 -3"><span class='ocrx_word' id='word_1_1' title='bbox 184 266 267 322; x_wconf 72' lang='grc'><strong>761</strong></span> 
     </span>
    </p>
   </div>
   <div class='ocr_carea' id='block_1_2' title="bbox 1048 250 2565 322">
    <p class='ocr_par' dir='ltr' id='par_1_2' title="bbox 1048 250 2565 322">
     <span class='ocr_line' id='line_1_2' title="bbox 1048 250 2565 322; baseline -0.003 -8"><span class='ocrx_word' id='word_1_2' title='bbox 1048 257 1183 314; x_wconf 75' lang='lat' dir='ltr'><strong>PRO</strong></span> <span class='ocrx_word' id='word_1_3' title='bbox 1222 256 1647 315; x_wconf 76' lang='lat' dir='ltr'><strong>DEFENSIONE</strong></span> <span class='ocrx_word' id='word_1_4' title='bbox 1681 254 1903 322; x_wconf 55' lang='lat' dir='ltr'><strong>{TRIUM</strong></span> <span class='ocrx_word' id='word_1_5' title='bbox 1942 250 2257 309; x_wconf 76' lang='lat' dir='ltr'><strong>CAPITUL.</strong></span> <span class='ocrx_word' id='word_1_6' title='bbox 2302 251 2429 307; x_wconf 81' lang='lat' dir='ltr'><strong>LIB.</strong></span> <span class='ocrx_word' id='word_1_7' title='bbox 2473 251 2565 310; x_wconf 72' lang='lat' dir='ltr'><strong>lx.</strong></span> 
     </span>
    </p>
   </div>
   <div class='ocr_carea' id='block_1_3' title="bbox 3351 256 3453 310">
    <p class='ocr_par' dir='ltr' id='par_1_3' title="bbox 3351 256 3453 310">
     <span class='ocr_line' id='line_1_3' title="bbox 3351 256 3453 310; baseline -0.01 -2"><span class='ocrx_word' id='word_1_8' title='bbox 3351 256 3453 310; x_wconf 58' lang='grc'><strong>762</strong></span> 
     </span>
    </p>
   </div>
   <div class='ocr_carea' id='block_1_4' title="bbox 183 363 3453 446">
    <p class='ocr_par' dir='ltr' id='par_1_4' title="bbox 183 363 3453 446">
     <span class='ocr_line' id='line_1_4' title="bbox 183 363 3453 446; baseline -0.004 -9"><span class='ocrx_word' id='word_1_9' title='bbox 183 376 543 439; x_wconf 60' lang='lat' dir='ltr'><strong>discretionem</strong></span> <span class='ocrx_word' id='word_1_10' title='bbox 571 388 732 446; x_wconf 74' lang='lat' dir='ltr'><strong>quem</strong></span> <span class='ocrx_word' id='word_1_11' title='bbox 757 372 827 428; x_wconf 85' lang='lat' dir='ltr'><strong>ad</strong></span> <span class='ocrx_word' id='word_1_12' title='bbox 855 386 1011 428; x_wconf 83' lang='lat' dir='ltr'><strong>unius</strong></span> <span class='ocrx_word' id='word_1_13' title='bbox 1037 382 1280 441; x_wconf 85' lang='lat' dir='ltr'><strong>persona</strong></span> <span class='ocrx_word' id='word_1_14' title='bbox 1311 370 1631 425; x_wconf 74' lang='lat' dir='ltr'><strong>divisionem</strong></span> <span class='ocrx_word' id='word_1_15' title='bbox 1663 384 1755 423; x_wconf 87' lang='lat' dir='ltr'><strong>eas</strong></span> <span class='ocrx_word' id='word_1_16' title='bbox 1785 371 1833 427; x_wconf 85' lang='lat' dir='ltr'><strong>A</strong></span> <span class='ocrx_word' id='word_1_17' title='bbox 1863 365 1930 422; x_wconf 84' lang='lat' dir='ltr'><strong>de</strong></span> <span class='ocrx_word' id='word_1_18' title='bbox 1956 365 2325 421; x_wconf 85' lang='lat' dir='ltr'><strong>lncarnatione</strong></span> <span class='ocrx_word' id='word_1_19' title='bbox 2352 365 2492 421; x_wconf 92' lang='lat' dir='ltr'><strong>libro</strong></span> <span class='ocrx_word' id='word_1_20' title='bbox 2513 363 2773 420; x_wconf 70' lang='lat' dir='ltr'><strong>adversus</strong></span> <span class='ocrx_word' id='word_1_21' title='bbox 2795 366 3015 421; x_wconf 89' lang='lat' dir='ltr'><strong>eosdem</strong></span> <span class='ocrx_word' id='word_1_22' title='bbox 3061 368 3306 436; x_wconf 66' lang='grc' dir='ltr'><strong>Λρυιίιιε·</strong></span> <span class='ocrx_word' id='word_1_23' title='bbox 3325 371 3453 425; x_wconf 64' lang='lat' dir='ltr'><strong>itas</strong></span> 
     </span>
    </p>
   </div>
   <div class='ocr_carea' id='block_1_5' title="bbox 184 461 1757 533">
    <p class='ocr_par' dir='ltr' id='par_1_5' title="bbox 184 461 1757 533">
     <span class='ocr_line' id='line_1_5' title="bbox 184 461 1757 533; baseline -0.011 -3"><span class='ocrx_word' id='word_1_24' title='bbox 184 474 366 531; x_wconf 83' lang='lat' dir='ltr'><strong>refcrre</strong></span> <span class='ocrx_word' id='word_1_25' title='bbox 393 468 675 525; x_wconf 79' lang='lat' dir='ltr'><strong>debemas.</strong></span> <span class='ocrx_word' id='word_1_26' title='bbox 726 466 931 521; x_wconf 85' lang='lat' dir='ltr'><strong>Deinde</strong></span> <span class='ocrx_word' id='word_1_27' title='bbox 970 480 1091 520; x_wconf 89' lang='lat' dir='ltr'><strong>cum</strong></span> <span class='ocrx_word' id='word_1_28' title='bbox 1145 464 1383 518; x_wconf 85' lang='lat' dir='ltr'><strong>haretici</strong></span> <span class='ocrx_word' id='word_1_29' title='bbox 1429 461 1757 533; x_wconf 85' lang='lat' dir='ltr'><strong>Synusiasta</strong></span> 
     </span>
    </p>
   </div>
   <div class='ocr_carea' id='block_1_6' title="bbox 181 556 1759 634">
    <p class='ocr_par' dir='ltr' id='par_1_6' title="bbox 181 556 1759 634">
     <span class='ocr_line' id='line_1_6' title="bbox 181 556 1759 634; baseline -0.008 -14"><span class='ocrx_word' id='word_1_30' title='bbox 181 572 411 634; x_wconf 78' lang='lat' dir='ltr'><strong>putarent</strong></span> <span class='ocrx_word' id='word_1_31' title='bbox 455 560 725 616; x_wconf 82' lang='lat' dir='ltr'><strong>Christum</strong></span> <span class='ocrx_word' id='word_1_32' title='bbox 761 557 919 614; x_wconf 88' lang='lat' dir='ltr'><strong>unius</strong></span> <span class='ocrx_word' id='word_1_33' title='bbox 963 556 1213 613; x_wconf 80' lang='lat' dir='ltr'><strong>essentia:</strong></span> <span class='ocrx_word' id='word_1_34' title='bbox 1243 565 1425 611; x_wconf 80' lang='lat' dir='ltr'><strong>natum</strong></span> <span class='ocrx_word' id='word_1_35' title='bbox 1459 556 1509 621; x_wconf 79' lang='grc'><strong>⁸.</strong></span> <span class='ocrx_word' id='word_1_36' title='bbox 1554 570 1656 610; x_wconf 89' lang='lat' dir='ltr'><strong>nec</strong></span> <span class='ocrx_word' id='word_1_37' title='bbox 1688 570 1759 608; x_wconf 86' lang='lat' dir='ltr'><strong>ex</strong></span> 
     </span>
    </p>
   </div>
   <div class='ocr_carea' id='block_1_7' title="bbox 180 647 1760 725">
    <p class='ocr_par' dir='ltr' id='par_1_7' title="bbox 180 647 1760 725">
     <span class='ocr_line' id='line_1_7' title="bbox 180 647 1760 725; baseline -0.008 -12"><span class='ocrx_word' id='word_1_38' title='bbox 180 667 321 713; x_wconf 79' lang='lat' dir='ltr'><strong>utero</strong></span> <span class='ocrx_word' id='word_1_39' title='bbox 348 653 586 725; x_wconf 82' lang='lat' dir='ltr'><strong>Virginis</strong></span> <span class='ocrx_word' id='word_1_40' title='bbox 632 652 886 707; x_wconf 82' lang='lat' dir='ltr'><strong>habuisse</strong></span> <span class='ocrx_word' id='word_1_41' title='bbox 928 665 1145 705; x_wconf 89' lang='lat' dir='ltr'><strong>carnem</strong></span> <span class='ocrx_word' id='word_1_42' title='bbox 1169 691 1184 715; x_wconf 87' lang='lat'><strong>,</strong></span> <span class='ocrx_word' id='word_1_43' title='bbox 1215 649 1310 705; x_wconf 90' lang='lat' dir='ltr'><strong>sed</strong></span> <span class='ocrx_word' id='word_1_44' title='bbox 1355 649 1530 717; x_wconf 78' lang='lat' dir='ltr'><strong>potius</strong></span> <span class='ocrx_word' id='word_1_45' title='bbox 1558 649 1609 703; x_wconf 92' lang='lat' dir='ltr'><strong>in</strong></span> <span class='ocrx_word' id='word_1_46' title='bbox 1641 647 1760 716; x_wconf 77' lang='lat' dir='ltr'><strong>eius</strong></span> 
     </span>
    </p>
   </div>
   <div class='ocr_carea' id='block_1_8' title="bbox 180 742 1762 813">
    <p class='ocr_par' dir='ltr' id='par_1_8' title="bbox 180 742 1762 813">
     <span class='ocr_line' id='line_1_8' title="bbox 180 742 1762 813; baseline -0.005 -8"><span class='ocrx_word' id='word_1_47' title='bbox 180 760 319 806; x_wconf 87' lang='lat' dir='ltr'><strong>utero</strong></span> <span class='ocrx_word' id='word_1_48' title='bbox 347 749 518 804; x_wconf 82' lang='lat' dir='ltr'><strong>Deum</strong></span> <span class='ocrx_word' id='word_1_49' title='bbox 554 746 787 802; x_wconf 87' lang='lat' dir='ltr'><strong>Verbum</strong></span> <span class='ocrx_word' id='word_1_50' title='bbox 823 754 1029 813; x_wconf 87' lang='lat' dir='ltr'><strong>partem</strong></span> <span class='ocrx_word' id='word_1_51' title='bbox 1058 759 1170 799; x_wconf 81' lang='lat' dir='ltr'><strong>sua</strong></span> <span class='ocrx_word' id='word_1_52' title='bbox 1199 744 1529 809; x_wconf 89' lang='lat' dir='ltr'><strong>substantia,</strong></span> <span class='ocrx_word' id='word_1_53' title='bbox 1580 742 1631 797; x_wconf 92' lang='lat' dir='ltr'><strong>id</strong></span> <span class='ocrx_word' id='word_1_54' title='bbox 1676 750 1762 797; x_wconf 89' lang='lat' dir='ltr'><strong>est</strong></span> 
     </span>
    </p>
   </div>
   <div class='ocr_carea' id='block_1_9' title="bbox 182 833 1756 906">
    <p class='ocr_par' dir='ltr' id='par_1_9' title="bbox 182 833 1756 906">
     <span class='ocr_line' id='line_1_9' title="bbox 182 833 1756 906; baseline -0.007 -9"><span class='ocrx_word' id='word_1_55' title='bbox 182 841 398 906; x_wconf 81' lang='lat' dir='ltr'><strong>deitatis,</strong></span> <span class='ocrx_word' id='word_1_56' title='bbox 431 840 487 895; x_wconf 91' lang='lat' dir='ltr'><strong>in</strong></span> <span class='ocrx_word' id='word_1_57' title='bbox 510 852 730 895; x_wconf 83' lang='lat' dir='ltr'><strong>carnem</strong></span> <span class='ocrx_word' id='word_1_58' title='bbox 757 838 861 893; x_wconf 87' lang='lat' dir='ltr'><strong>sibi</strong></span> <span class='ocrx_word' id='word_1_59' title='bbox 894 838 1150 902; x_wconf 79' lang='lat' dir='ltr'><strong>vertisse;</strong></span> <span class='ocrx_word' id='word_1_60' title='bbox 1202 846 1256 890; x_wconf 93' lang='lat' dir='ltr'><strong>ct</strong></span> <span class='ocrx_word' id='word_1_61' title='bbox 1303 836 1357 889; x_wconf 92' lang='lat' dir='ltr'><strong>in</strong></span> <span class='ocrx_word' id='word_1_62' title='bbox 1396 834 1484 889; x_wconf 87' lang='lat' dir='ltr'><strong>illa</strong></span> <span class='ocrx_word' id='word_1_63' title='bbox 1520 833 1756 899; x_wconf 86' lang='lat' dir='ltr'><strong>quidem,</strong></span> 
     </span>
    </p>
   </div>
   <div class='ocr_carea' id='block_1_10' title="bbox 180 926 1760 994">
    <p class='ocr_par' dir='ltr' id='par_1_10' title="bbox 180 926 1760 994">
     <span class='ocr_line' id='line_1_10' title="bbox 180 926 1760 994; baseline -0.006 -5"><span class='ocrx_word' id='word_1_64' title='bbox 180 933 263 989; x_wconf 85' lang='lat' dir='ltr'><strong>sed</strong></span> <span class='ocrx_word' id='word_1_65' title='bbox 284 946 390 987; x_wconf 91' lang='lat' dir='ltr'><strong>non</strong></span> <span class='ocrx_word' id='word_1_66' title='bbox 413 946 481 988; x_wconf 87' lang='lat' dir='ltr'><strong>ex</strong></span> <span class='ocrx_word' id='word_1_67' title='bbox 513 930 600 988; x_wconf 88' lang='lat' dir='ltr'><strong>illa</strong></span> <span class='ocrx_word' id='word_1_68' title='bbox 634 931 969 985; x_wconf 85' lang='lat' dir='ltr'><strong>incarnatum</strong></span> <span class='ocrx_word' id='word_1_69' title='bbox 998 942 1119 983; x_wconf 91' lang='lat' dir='ltr'><strong>esse</strong></span> <span class='ocrx_word' id='word_1_70' title='bbox 1146 926 1432 982; x_wconf 74' lang='lat' dir='ltr'><strong>credentes</strong></span> <span class='ocrx_word' id='word_1_71' title='bbox 1453 971 1469 994; x_wconf 86' lang='lat'><strong>,</strong></span> <span class='ocrx_word' id='word_1_72' title='bbox 1520 941 1627 981; x_wconf 86' lang='lat' dir='ltr'><strong>non</strong></span> <span class='ocrx_word' id='word_1_73' title='bbox 1674 939 1760 979; x_wconf 81' lang='lat' dir='ltr'><strong>so-</strong></span> 
     </span>
    </p>
   </div>
   <div class='ocr_carea' id='block_1_11' title="bbox 183 1015 1762 1084">
    <p class='ocr_par' dir='ltr' id='par_1_11' title="bbox 183 1015 1762 1084">
     <span class='ocr_line' id='line_1_11' title="bbox 183 1015 1762 1084; baseline -0.006 -7"><span class='ocrx_word' id='word_1_74' title='bbox 183 1023 275 1077; x_wconf 86' lang='lat' dir='ltr'><strong>lum</strong></span> <span class='ocrx_word' id='word_1_75' title='bbox 317 1022 371 1077; x_wconf 92' lang='lat' dir='ltr'><strong>in</strong></span> <span class='ocrx_word' id='word_1_76' title='bbox 411 1021 715 1084; x_wconf 84' lang='lat' dir='ltr'><strong>divinitate,</strong></span> <span class='ocrx_word' id='word_1_77' title='bbox 747 1034 933 1073; x_wconf 88' lang='lat' dir='ltr'><strong>verum</strong></span> <span class='ocrx_word' id='word_1_78' title='bbox 964 1018 1125 1072; x_wconf 90' lang='lat' dir='ltr'><strong>etiam</strong></span> <span class='ocrx_word' id='word_1_79' title='bbox 1180 1019 1233 1071; x_wconf 91' lang='lat' dir='ltr'><strong>in</strong></span> <span class='ocrx_word' id='word_1_80' title='bbox 1280 1032 1443 1071; x_wconf 88' lang='lat' dir='ltr'><strong>carne</strong></span> <span class='ocrx_word' id='word_1_81' title='bbox 1473 1057 1489 1077; x_wconf 88' lang='lat'><strong>.</strong></span> <span class='ocrx_word' id='word_1_82' title='bbox 1528 1015 1762 1070; x_wconf 84' lang='lat' dir='ltr'><strong>consub-</strong></span> 
     </span>
    </p>
   </div>
   <div class='ocr_carea' id='block_1_12' title="bbox 181 1105 1764 1175">
    <p class='ocr_par' dir='ltr' id='par_1_12' title="bbox 181 1105 1764 1175">
     <span class='ocr_line' id='line_1_12' title="bbox 181 1105 1764 1175; baseline -0.006 -7"><span class='ocrx_word' id='word_1_83' title='bbox 181 1110 472 1168; x_wconf 79' lang='lat' dir='ltr'><strong>stantialem</strong></span> <span class='ocrx_word' id='word_1_84' title='bbox 503 1110 747 1165; x_wconf 85' lang='lat' dir='ltr'><strong>dicerent</strong></span> <span class='ocrx_word' id='word_1_85' title='bbox 788 1108 975 1174; x_wconf 83' lang='lat' dir='ltr'><strong>Patri;</strong></span> <span class='ocrx_word' id='word_1_86' title='bbox 1008 1107 1101 1162; x_wconf 87' lang='lat' dir='ltr'><strong>sed</strong></span> <span class='ocrx_word' id='word_1_87' title='bbox 1145 1119 1332 1163; x_wconf 89' lang='lat' dir='ltr'><strong>contra</strong></span> <span class='ocrx_word' id='word_1_88' title='bbox 1361 1106 1608 1161; x_wconf 84' lang='lat' dir='ltr'><strong>catholici</strong></span> <span class='ocrx_word' id='word_1_89' title='bbox 1640 1105 1764 1175; x_wconf 89' lang='lat' dir='ltr'><strong>qui-</strong></span> 
     </span>
    </p>
   </div>
   <div class='ocr_carea' id='block_1_13' title="bbox 184 1194 1761 1270">
    <p class='ocr_par' dir='ltr' id='par_1_13' title="bbox 184 1194 1761 1270">
     <span class='ocr_line' id='line_1_13' title="bbox 184 1194 1761 1270; baseline -0.006 -14"><span class='ocrx_word' id='word_1_90' title='bbox 184 1217 273 1270; x_wconf 81' lang='lat' dir='ltr'><strong>que</strong></span> <span class='ocrx_word' id='word_1_91' title='bbox 296 1203 553 1257; x_wconf 87' lang='lat' dir='ltr'><strong>doctores</strong></span> <span class='ocrx_word' id='word_1_92' title='bbox 580 1208 908 1264; x_wconf 89' lang='lat' dir='ltr'><strong>assererent,</strong></span> <span class='ocrx_word' id='word_1_93' title='bbox 940 1196 1080 1267; x_wconf 87' lang='lat' dir='ltr'><strong>quod</strong></span> <span class='ocrx_word' id='word_1_94' title='bbox 1103 1195 1348 1252; x_wconf 86' lang='lat' dir='ltr'><strong>Christus</strong></span> <span class='ocrx_word' id='word_1_95' title='bbox 1371 1212 1436 1251; x_wconf 90' lang='lat' dir='ltr'><strong>ex</strong></span> <span class='ocrx_word' id='word_1_96' title='bbox 1466 1194 1761 1250; x_wconf 82' lang='lat' dir='ltr'><strong>substan:ia</strong></span> 
     </span>
    </p>
   </div>
   <div class='ocr_carea' id='block_1_14' title="bbox 187 1288 1764 1362">
    <p class='ocr_par' dir='ltr' id='par_1_14' title="bbox 187 1288 1764 1362">
     <span class='ocr_line' id='line_1_14' title="bbox 187 1288 1764 1362; baseline -0.003 -14"><span class='ocrx_word' id='word_1_97' title='bbox 187 1293 406 1361; x_wconf 80' lang='lat' dir='ltr'><strong>Virginis</strong></span> <span class='ocrx_word' id='word_1_98' title='bbox 463 1300 617 1348; x_wconf 86' lang='lat' dir='ltr'><strong>natus</strong></span> <span class='ocrx_word' id='word_1_99' title='bbox 689 1301 852 1348; x_wconf 88' lang='lat' dir='ltr'><strong>esset.</strong></span> <span class='ocrx_word' id='word_1_100' title='bbox 915 1290 1292 1362; x_wconf 81' lang='lat' dir='ltr'><strong>Apolinarista</strong></span> <span class='ocrx_word' id='word_1_101' title='bbox 1334 1304 1572 1353; x_wconf 88' lang='lat' dir='ltr'><strong>rursus,</strong></span> <span class='ocrx_word' id='word_1_102' title='bbox 1628 1288 1764 1343; x_wconf 89' lang='lat' dir='ltr'><strong>hanc</strong></span> 
     </span>
    </p>
   </div>
   <div class='ocr_carea' id='block_1_15' title="bbox 182 1380 1764 1451">
    <p class='ocr_par' dir='ltr' id='par_1_15' title="bbox 182 1380 1764 1451">
     <span class='ocr_line' id='line_1_15' title="bbox 182 1380 1764 1451; baseline -0.005 -13"><span class='ocrx_word' id='word_1_103' title='bbox 182 1383 472 1440; x_wconf 82' lang='lat' dir='ltr'><strong>doctrinam</strong></span> <span class='ocrx_word' id='word_1_104' title='bbox 514 1383 757 1439; x_wconf 81' lang='lat' dir='ltr'><strong>veritatis</strong></span> <span class='ocrx_word' id='word_1_105' title='bbox 797 1382 1150 1443; x_wconf 84' lang='lat' dir='ltr'><strong>infamantes.</strong></span> <span class='ocrx_word' id='word_1_106' title='bbox 1178 1381 1453 1451; x_wconf 85' lang='lat' dir='ltr'><strong>iactabant</strong></span> <span class='ocrx_word' id='word_1_107' title='bbox 1479 1380 1619 1449; x_wconf 90' lang='lat' dir='ltr'><strong>quod</strong></span> <span class='ocrx_word' id='word_1_108' title='bbox 1657 1380 1764 1433; x_wconf 82' lang='lat' dir='ltr'><strong>Ec-</strong></span> 
     </span>
    </p>
   </div>
   <div class='ocr_carea' id='block_1_16' title="bbox 184 1471 1765 1540">
    <p class='ocr_par' dir='ltr' id='par_1_16' title="bbox 184 1471 1765 1540">
     <span class='ocr_line' id='line_1_16' title="bbox 184 1471 1765 1540; baseline -0.004 -9"><span class='ocrx_word' id='word_1_109' title='bbox 184 1473 335 1531; x_wconf 79' lang='lat' dir='ltr'><strong>clesia</strong></span> <span class='ocrx_word' id='word_1_110' title='bbox 364 1476 449 1529; x_wconf 68' lang='lat' dir='ltr'><strong>sic</strong></span> <span class='ocrx_word' id='word_1_111' title='bbox 472 1473 691 1530; x_wconf 89' lang='lat' dir='ltr'><strong>doceret</strong></span> <span class='ocrx_word' id='word_1_112' title='bbox 717 1473 991 1527; x_wconf 83' lang='lat' dir='ltr'><strong>Christum</strong></span> <span class='ocrx_word' id='word_1_113' title='bbox 1023 1482 1206 1527; x_wconf 90' lang='lat' dir='ltr'><strong>natum</strong></span> <span class='ocrx_word' id='word_1_114' title='bbox 1231 1486 1297 1526; x_wconf 85' lang='lat' dir='ltr'><strong>ex</strong></span> <span class='ocrx_word' id='word_1_115' title='bbox 1329 1471 1544 1539; x_wconf 79' lang='lat' dir='ltr'><strong>Virgine</strong></span> <span class='ocrx_word' id='word_1_116' title='bbox 1568 1513 1582 1536; x_wconf 90' lang='lat'><strong>,</strong></span> <span class='ocrx_word' id='word_1_117' title='bbox 1614 1472 1765 1540; x_wconf 81' lang='lat' dir='ltr'><strong>quasi</strong></span> 
     </span>
    </p>
   </div>
   <div class='ocr_carea' id='block_1_17' title="bbox 182 1562 1766 1631">
    <p class='ocr_par' dir='ltr' id='par_1_17' title="bbox 182 1562 1766 1631">
     <span class='ocr_line' id='line_1_17' title="bbox 182 1562 1766 1631; baseline -0.006 -8"><span class='ocrx_word' id='word_1_118' title='bbox 182 1567 330 1623; x_wconf 79' lang='lat' dir='ltr'><strong>etiam</strong></span> <span class='ocrx_word' id='word_1_119' title='bbox 360 1565 657 1622; x_wconf 88' lang='lat' dir='ltr'><strong>secundum</strong></span> <span class='ocrx_word' id='word_1_120' title='bbox 688 1565 944 1620; x_wconf 80' lang='lat' dir='ltr'><strong>deitatem</strong></span> <span class='ocrx_word' id='word_1_121' title='bbox 973 1580 1043 1620; x_wconf 85' lang='lat' dir='ltr'><strong>ex</strong></span> <span class='ocrx_word' id='word_1_122' title='bbox 1072 1565 1155 1619; x_wconf 89' lang='lat' dir='ltr'><strong>illa</strong></span> <span class='ocrx_word' id='word_1_123' title='bbox 1186 1562 1506 1631; x_wconf 80' lang='lat' dir='ltr'><strong>sum‘psisset</strong></span> <span class='ocrx_word' id='word_1_124' title='bbox 1532 1563 1766 1628; x_wconf 86' lang='lat' dir='ltr'><strong>initium,</strong></span> 
     </span>
    </p>
   </div>
   <div class='ocr_carea' id='block_1_18' title="bbox 184 1654 1768 1729">
    <p class='ocr_par' dir='ltr' id='par_1_18' title="bbox 184 1654 1768 1729">
     <span class='ocr_line' id='line_1_18' title="bbox 184 1654 1768 1729; baseline -0.002 -17"><span class='ocrx_word' id='word_1_125' title='bbox 184 1660 493 1729; x_wconf 76' lang='lat' dir='ltr'><strong>pradicaret</strong></span> <span class='ocrx_word' id='word_1_126' title='bbox 520 1658 688 1712; x_wconf 86' lang='lat' dir='ltr'><strong>Deum</strong></span> <span class='ocrx_word' id='word_1_127' title='bbox 727 1657 958 1717; x_wconf 81' lang='lat' dir='ltr'><strong>Verbum</strong></span> <span class='ocrx_word' id='word_1_128' title='bbox 990 1672 1097 1711; x_wconf 92' lang='lat' dir='ltr'><strong>non</strong></span> <span class='ocrx_word' id='word_1_129' title='bbox 1139 1665 1264 1710; x_wconf 83' lang='lat' dir='ltr'><strong>ante</strong></span> <span class='ocrx_word' id='word_1_130' title='bbox 1289 1656 1485 1711; x_wconf 83' lang='lat' dir='ltr'><strong>sacula</strong></span> <span class='ocrx_word' id='word_1_131' title='bbox 1514 1669 1578 1709; x_wconf 85' lang='lat' dir='ltr'><strong>ex</strong></span> <span class='ocrx_word' id='word_1_132' title='bbox 1611 1654 1768 1709; x_wconf 89' lang='lat' dir='ltr'><strong>Patre</strong></span> 
     </span>
    </p>
   </div>
   <div class='ocr_carea' id='block_1_19' title="bbox 1860 456 3453 532">
    <p class='ocr_par' dir='ltr' id='par_1_19' title="bbox 1860 456 3453 532">
     <span class='ocr_line' id='line_1_19' title="bbox 1860 456 3453 532; baseline 0.003 -20"><span class='ocrx_word' id='word_1_133' title='bbox 1860 458 2029 512; x_wconf 84' lang='lat' dir='ltr'><strong>dicit:</strong></span> <span class='ocrx_word' id='word_1_134' title='bbox 2092 476 2113 510; x_wconf 75' lang='grc' dir='ltr'>ι</span> <span class='ocrx_word' id='word_1_135' title='bbox 2144 458 2199 513; x_wconf 88' lang='lat' dir='ltr'><strong>Si</strong></span> <span class='ocrx_word' id='word_1_136' title='bbox 2230 458 2415 526; x_wconf 82' lang='lat' dir='ltr'><strong>utique</strong></span> <span class='ocrx_word' id='word_1_137' title='bbox 2438 457 2579 527; x_wconf 88' lang='lat' dir='ltr'><strong>quod</strong></span> <span class='ocrx_word' id='word_1_138' title='bbox 2610 456 2809 512; x_wconf 85' lang='lat' dir='ltr'><strong>dictum</strong></span> <span class='ocrx_word' id='word_1_139' title='bbox 2853 468 2937 513; x_wconf 87' lang='lat' dir='ltr'><strong>est</strong></span> <span class='ocrx_word' id='word_1_140' title='bbox 2973 458 3197 514; x_wconf 75' lang='lat' dir='ltr'><strong>Verbum</strong></span> <span class='ocrx_word' id='word_1_141' title='bbox 3218 477 3344 516; x_wconf 84' lang='lat' dir='ltr'><strong>caro</strong></span> <span class='ocrx_word' id='word_1_142' title='bbox 3375 463 3453 532; x_wconf 77' lang='lat' dir='ltr'><strong>[a-</strong></span> 
     </span>
    </p>
   </div>
   <div class='ocr_carea' id='block_1_20' title="bbox 1860 550 3456 627">
    <p class='ocr_par' dir='ltr' id='par_1_20' title="bbox 1860 550 3456 627">
     <span class='ocr_line' id='line_1_20' title="bbox 1860 550 3456 627; baseline 0.003 -22"><span class='ocrx_word' id='word_1_143' title='bbox 1860 560 1996 605; x_wconf 77' lang='lat' dir='ltr'><strong>ctum</strong></span> <span class='ocrx_word' id='word_1_144' title='bbox 2042 560 2153 617; x_wconf 82' lang='lat' dir='ltr'><strong>est,</strong></span> <span class='ocrx_word' id='word_1_145' title='bbox 2198 550 2494 606; x_wconf 90' lang='lat' dir='ltr'><strong>secundum</strong></span> <span class='ocrx_word' id='word_1_146' title='bbox 2543 551 2773 619; x_wconf 81' lang='lat' dir='ltr'><strong>aiiquam</strong></span> <span class='ocrx_word' id='word_1_147' title='bbox 2804 553 3210 627; x_wconf 76' lang='lat' dir='ltr'><strong>conversionem</strong></span> <span class='ocrx_word' id='word_1_148' title='bbox 3252 554 3456 612; x_wconf 85' lang='lat' dir='ltr'><strong>dictum</strong></span> 
     </span>
    </p>
   </div>
   <div class='ocr_carea' id='block_1_21' title="bbox 1860 642 3458 711">
    <p class='ocr_par' dir='ltr' id='par_1_21' title="bbox 1860 642 3458 711">
     <span class='ocr_line' id='line_1_21' title="bbox 1860 642 3458 711; baseline 0.005 -15"><span class='ocrx_word' id='word_1_149' title='bbox 1860 652 1961 704; x_wconf 86' lang='lat' dir='ltr'><strong>est.</strong></span> <span class='ocrx_word' id='word_1_150' title='bbox 2002 642 2271 711; x_wconf 88' lang='lat' dir='ltr'><strong>quomodo</strong></span> <span class='ocrx_word' id='word_1_151' title='bbox 2316 642 2620 696; x_wconf 80' lang='lat' dir='ltr'><strong>inhabitavit</strong></span> <span class='ocrx_word' id='word_1_152' title='bbox 2668 643 3067 710; x_wconf 86' lang='lat' dir='ltr'><strong>suscipiendum</strong></span> <span class='ocrx_word' id='word_1_153' title='bbox 3107 646 3233 699; x_wconf 79' lang='lat' dir='ltr'><strong>est?</strong></span> <span class='ocrx_word' id='word_1_154' title='bbox 3275 645 3458 704; x_wconf 84' lang='lat' dir='ltr'><strong>Palam</strong></span> 
     </span>
    </p>
   </div>
   <div class='ocr_carea' id='block_1_22' title="bbox 1860 736 3459 807">
    <p class='ocr_par' dir='ltr' id='par_1_22' title="bbox 1860 736 3459 807">
     <span class='ocr_line' id='line_1_22' title="bbox 1860 736 3459 807; baseline 0 -14"><span class='ocrx_word' id='word_1_155' title='bbox 1860 746 1944 793; x_wconf 85' lang='lat' dir='ltr'><strong>est</strong></span> <span class='ocrx_word' id='word_1_156' title='bbox 1984 738 2127 792; x_wconf 91' lang='lat' dir='ltr'><strong>enim</strong></span> <span class='ocrx_word' id='word_1_157' title='bbox 2173 736 2460 804; x_wconf 60' lang='lat' dir='ltr'><strong>omnibus,</strong></span> <span class='ocrx_word' id='word_1_158' title='bbox 2501 738 2624 807; x_wconf 85' lang='lat' dir='ltr'><strong>quia</strong></span> <span class='ocrx_word' id='word_1_159' title='bbox 2671 737 2811 806; x_wconf 91' lang='lat' dir='ltr'><strong>quod</strong></span> <span class='ocrx_word' id='word_1_160' title='bbox 2858 738 3147 805; x_wconf 80' lang='lat' dir='ltr'><strong>inhabitat,</strong></span> <span class='ocrx_word' id='word_1_161' title='bbox 3182 738 3326 793; x_wconf 87' lang='lat' dir='ltr'><strong>aliud</strong></span> <span class='ocrx_word' id='word_1_162' title='bbox 3372 751 3459 799; x_wconf 85' lang='lat' dir='ltr'><strong>est</strong></span> 
     </span>
    </p>
   </div>
   <div class='ocr_carea' id='block_1_23' title="bbox 1861 827 3460 899">
    <p class='ocr_par' dir='ltr' id='par_1_23' title="bbox 1861 827 3460 899">
     <span class='ocr_line' id='line_1_23' title="bbox 1861 827 3460 899; baseline 0.004 -18"><span class='ocrx_word' id='word_1_163' title='bbox 1861 844 2020 899; x_wconf 88' lang='lat' dir='ltr'><strong>quam</strong></span> <span class='ocrx_word' id='word_1_164' title='bbox 2070 829 2213 898; x_wconf 89' lang='lat' dir='ltr'><strong>quod</strong></span> <span class='ocrx_word' id='word_1_165' title='bbox 2261 827 2611 883; x_wconf 87' lang='lat' dir='ltr'><strong>inbabitatur.</strong></span> <span class='ocrx_word' id='word_1_166' title='bbox 2652 847 2672 880; x_wconf 69' lang='grc' dir='ltr'><strong><em>ι</em></strong></span> <span class='ocrx_word' id='word_1_167' title='bbox 2727 830 2832 885; x_wconf 90' lang='lat' dir='ltr'><strong>Sed</strong></span> <span class='ocrx_word' id='word_1_168' title='bbox 2886 829 3024 882; x_wconf 79' lang='lat' dir='ltr'><strong>idem</strong></span> <span class='ocrx_word' id='word_1_169' title='bbox 3076 830 3339 898; x_wconf 83' lang='lat' dir='ltr'><strong>interpres</strong></span> <span class='ocrx_word' id='word_1_170' title='bbox 3374 841 3460 887; x_wconf 88' lang='lat' dir='ltr'><strong>est</strong></span> 
     </span>
    </p>
   </div>
   <div class='ocr_carea' id='block_1_24' title="bbox 1864 920 3458 989">
    <p class='ocr_par' dir='ltr' id='par_1_24' title="bbox 1864 920 3458 989">
     <span class='ocr_line' id='line_1_24' title="bbox 1864 920 3458 989; baseline 0.003 -16"><span class='ocrx_word' id='word_1_171' title='bbox 1864 922 2063 989; x_wconf 86' lang='lat' dir='ltr'><strong>proprii</strong></span> <span class='ocrx_word' id='word_1_172' title='bbox 2094 920 2266 985; x_wconf 89' lang='lat' dir='ltr'><strong>verbi,</strong></span> <span class='ocrx_word' id='word_1_173' title='bbox 2293 930 2349 977; x_wconf 90' lang='lat' dir='ltr'><strong>et</strong></span> <span class='ocrx_word' id='word_1_174' title='bbox 2380 922 2718 988; x_wconf 83' lang='lat' dir='ltr'><strong>praveniens</strong></span> <span class='ocrx_word' id='word_1_175' title='bbox 2748 936 2964 976; x_wconf 91' lang='lat' dir='ltr'><strong>omnem</strong></span> <span class='ocrx_word' id='word_1_176' title='bbox 2995 921 3314 977; x_wconf 84' lang='lat' dir='ltr'><strong>calumniam</strong></span> <span class='ocrx_word' id='word_1_177' title='bbox 3359 923 3458 978; x_wconf 87' lang='lat' dir='ltr'><strong>tibi</strong></span> 
     </span>
    </p>
   </div>
   <div class='ocr_carea' id='block_1_25' title="bbox 1864 1012 3461 1076">
    <p class='ocr_par' dir='ltr' id='par_1_25' title="bbox 1864 1012 3461 1076">
     <span class='ocr_line' id='line_1_25' title="bbox 1864 1012 3461 1076; baseline 0.001 -10"><span class='ocrx_word' id='word_1_178' title='bbox 1864 1013 2117 1068; x_wconf 87' lang='lat' dir='ltr'><strong>claudet:</strong></span> <span class='ocrx_word' id='word_1_179' title='bbox 2152 1030 2172 1063; x_wconf 72' lang='grc' dir='ltr'>ί</span> <span class='ocrx_word' id='word_1_180' title='bbox 2201 1012 2522 1067; x_wconf 84' lang='lat' dir='ltr'><strong>lnhahitavit</strong></span> <span class='ocrx_word' id='word_1_181' title='bbox 2550 1013 2692 1066; x_wconf 90' lang='lat' dir='ltr'><strong>enim</strong></span> <span class='ocrx_word' id='word_1_182' title='bbox 2724 1012 2775 1066; x_wconf 92' lang='lat' dir='ltr'><strong>in</strong></span> <span class='ocrx_word' id='word_1_183' title='bbox 2822 1013 2998 1076; x_wconf 89' lang='lat' dir='ltr'><strong>nobis,</strong></span> <span class='ocrx_word' id='word_1_184' title='bbox 3033 1024 3271 1067; x_wconf 88' lang='lat' dir='ltr'><strong>nostram</strong></span> <span class='ocrx_word' id='word_1_185' title='bbox 3305 1024 3461 1068; x_wconf 81' lang='lat' dir='ltr'><strong>natu-</strong></span> 
     </span>
    </p>
   </div>
   <div class='ocr_carea' id='block_1_26' title="bbox 1866 1103 3460 1169">
    <p class='ocr_par' dir='ltr' id='par_1_26' title="bbox 1866 1103 3460 1169">
     <span class='ocr_line' id='line_1_26' title="bbox 1866 1103 3460 1169; baseline 0.003 -12"><span class='ocrx_word' id='word_1_186' title='bbox 1866 1118 1979 1157; x_wconf 89' lang='lat' dir='ltr'><strong>ram</strong></span> <span class='ocrx_word' id='word_1_187' title='bbox 2006 1117 2226 1159; x_wconf 86' lang='lat' dir='ltr'><strong>sumens</strong></span> <span class='ocrx_word' id='word_1_188' title='bbox 2246 1111 2300 1158; x_wconf 89' lang='lat' dir='ltr'><strong>et</strong></span> <span class='ocrx_word' id='word_1_189' title='bbox 2320 1103 2587 1169; x_wconf 88' lang='lat' dir='ltr'><strong>habitans,</strong></span> <span class='ocrx_word' id='word_1_190' title='bbox 2608 1114 2657 1156; x_wconf 91' lang='lat' dir='ltr'><strong>et</strong></span> <span class='ocrx_word' id='word_1_191' title='bbox 2680 1104 2736 1157; x_wconf 91' lang='lat' dir='ltr'><strong>in</strong></span> <span class='ocrx_word' id='word_1_192' title='bbox 2758 1118 2819 1158; x_wconf 90' lang='lat' dir='ltr'><strong>ea</strong></span> <span class='ocrx_word' id='word_1_193' title='bbox 2848 1105 3025 1158; x_wconf 87' lang='lat' dir='ltr'><strong>omnia</strong></span> <span class='ocrx_word' id='word_1_194' title='bbox 3049 1104 3238 1159; x_wconf 89' lang='lat' dir='ltr'><strong>salutis</strong></span> <span class='ocrx_word' id='word_1_195' title='bbox 3264 1115 3460 1161; x_wconf 88' lang='lat' dir='ltr'><strong>nostra</strong></span> 
     </span>
    </p>
   </div>
   <div class='ocr_carea' id='block_1_27' title="bbox 1865 1189 3461 1266">
    <p class='ocr_par' dir='ltr' id='par_1_27' title="bbox 1865 1189 3461 1266">
     <span class='ocr_line' id='line_1_27' title="bbox 1865 1189 3461 1266; baseline 0.001 -15"><span class='ocrx_word' id='word_1_196' title='bbox 1865 1189 2202 1266; x_wconf 53' lang='lat' dir='ltr'><strong>dispcn‘ans.</strong></span> <span class='ocrx_word' id='word_1_197' title='bbox 2260 1194 2544 1261; x_wconf 73' lang='lat' dir='ltr'><strong>Quomodo</strong></span> <span class='ocrx_word' id='word_1_198' title='bbox 2579 1209 2708 1263; x_wconf 86' lang='lat' dir='ltr'><strong>ergo</strong></span> <span class='ocrx_word' id='word_1_199' title='bbox 2752 1194 3058 1248; x_wconf 81' lang='lat' dir='ltr'><strong>inhabitans</strong></span> <span class='ocrx_word' id='word_1_200' title='bbox 3093 1210 3219 1250; x_wconf 88' lang='lat' dir='ltr'><strong>caro</strong></span> <span class='ocrx_word' id='word_1_201' title='bbox 3261 1196 3461 1253; x_wconf 82' lang='lat' dir='ltr'><strong>factum</strong></span> 
     </span>
    </p>
   </div>
   <div class='ocr_carea' id='block_1_28' title="bbox 1866 1285 3458 1358">
    <p class='ocr_par' dir='ltr' id='par_1_28' title="bbox 1866 1285 3458 1358">
     <span class='ocr_line' id='line_1_28' title="bbox 1866 1285 3458 1358; baseline 0.002 -16"><span class='ocrx_word' id='word_1_202' title='bbox 1866 1298 1951 1342; x_wconf 90' lang='lat' dir='ltr'><strong>est</strong></span> <span class='ocrx_word' id='word_1_203' title='bbox 1976 1287 2066 1342; x_wconf 86' lang='lat' dir='ltr'><strong>Dei</strong></span> <span class='ocrx_word' id='word_1_204' title='bbox 2094 1285 2115 1318; x_wconf 81' lang='grc'>³</span> <span class='ocrx_word' id='word_1_205' title='bbox 2146 1286 2411 1340; x_wconf 76' lang='lat' dir='ltr'><strong>Verbum?</strong></span> <span class='ocrx_word' id='word_1_206' title='bbox 2455 1286 2635 1341; x_wconf 82' lang='lat' dir='ltr'><strong>Palam</strong></span> <span class='ocrx_word' id='word_1_207' title='bbox 2681 1294 2766 1341; x_wconf 88' lang='lat' dir='ltr'><strong>est</strong></span> <span class='ocrx_word' id='word_1_208' title='bbox 2810 1288 2933 1355; x_wconf 88' lang='lat' dir='ltr'><strong>quia</strong></span> <span class='ocrx_word' id='word_1_209' title='bbox 2985 1304 3089 1342; x_wconf 88' lang='lat' dir='ltr'><strong>non</strong></span> <span class='ocrx_word' id='word_1_210' title='bbox 3133 1304 3458 1358; x_wconf 88' lang='lat' dir='ltr'><strong>conversus,</strong></span> 
     </span>
    </p>
   </div>
   <div class='ocr_carea' id='block_1_29' title="bbox 1869 1378 3458 1448">
    <p class='ocr_par' dir='ltr' id='par_1_29' title="bbox 1869 1378 3458 1448">
     <span class='ocr_line' id='line_1_29' title="bbox 1869 1378 3458 1448; baseline 0.002 -15"><span class='ocrx_word' id='word_1_211' title='bbox 1869 1394 2043 1448; x_wconf 87' lang='lat' dir='ltr'><strong>neque</strong></span> <span class='ocrx_word' id='word_1_212' title='bbox 2088 1378 2406 1444; x_wconf 81' lang='lat' dir='ltr'><strong>translatus;</strong></span> <span class='ocrx_word' id='word_1_213' title='bbox 2463 1393 2568 1433; x_wconf 91' lang='lat' dir='ltr'><strong>non</strong></span> <span class='ocrx_word' id='word_1_214' title='bbox 2600 1380 2742 1433; x_wconf 90' lang='lat' dir='ltr'><strong>enim</strong></span> <span class='ocrx_word' id='word_1_215' title='bbox 2773 1379 3071 1435; x_wconf 87' lang='lat' dir='ltr'><strong>inhabitare</strong></span> <span class='ocrx_word' id='word_1_216' title='bbox 3100 1380 3395 1437; x_wconf 88' lang='lat' dir='ltr'><strong>diceretur.</strong></span> <span class='ocrx_word' id='word_1_217' title='bbox 3438 1402 3458 1436; x_wconf 70' lang='grc' dir='ltr'><strong>ι</strong></span> 
     </span>
    </p>
   </div>
   <div class='ocr_carea' id='block_1_30' title="bbox 1870 1470 3461 1545">
    <p class='ocr_par' dir='ltr' id='par_1_30' title="bbox 1870 1470 3461 1545">
     <span class='ocr_line' id='line_1_30' title="bbox 1870 1470 3461 1545; baseline 0.004 -19"><span class='ocrx_word' id='word_1_218' title='bbox 1870 1470 2205 1526; x_wconf 76' lang='lat' dir='ltr'><strong>Manifestum</strong></span> <span class='ocrx_word' id='word_1_219' title='bbox 2252 1479 2335 1525; x_wconf 90' lang='lat' dir='ltr'><strong>est</strong></span> <span class='ocrx_word' id='word_1_220' title='bbox 2379 1486 2510 1541; x_wconf 82' lang='lat' dir='ltr'><strong>ergo</strong></span> <span class='ocrx_word' id='word_1_221' title='bbox 2538 1487 2604 1527; x_wconf 91' lang='lat' dir='ltr'><strong>ex</strong></span> <span class='ocrx_word' id='word_1_222' title='bbox 2655 1471 2740 1525; x_wconf 90' lang='lat' dir='ltr'><strong>his</strong></span> <span class='ocrx_word' id='word_1_223' title='bbox 2787 1472 3052 1527; x_wconf 87' lang='lat' dir='ltr'><strong>Theodori</strong></span> <span class='ocrx_word' id='word_1_224' title='bbox 3086 1475 3289 1541; x_wconf 81' lang='lat' dir='ltr'><strong>verbis,</strong></span> <span class='ocrx_word' id='word_1_225' title='bbox 3321 1477 3461 1545; x_wconf 87' lang='lat' dir='ltr'><strong>quod</strong></span> 
     </span>
    </p>
   </div>
   <div class='ocr_carea' id='block_1_31' title="bbox 1870 1562 3462 1631">
    <p class='ocr_par' dir='ltr' id='par_1_31' title="bbox 1870 1562 3462 1631">
     <span class='ocr_line' id='line_1_31' title="bbox 1870 1562 3462 1631; baseline 0.005 -15"><span class='ocrx_word' id='word_1_226' title='bbox 1870 1563 2073 1631; x_wconf 78' lang='lat' dir='ltr'><strong>antiqui</strong></span> <span class='ocrx_word' id='word_1_227' title='bbox 2121 1562 2371 1618; x_wconf 89' lang='lat' dir='ltr'><strong>doctores</strong></span> <span class='ocrx_word' id='word_1_228' title='bbox 2442 1564 2697 1619; x_wconf 80' lang='lat' dir='ltr'><strong>Ecclesia</strong></span> <span class='ocrx_word' id='word_1_229' title='bbox 2764 1564 2926 1621; x_wconf 89' lang='lat' dir='ltr'><strong>Deum</strong></span> <span class='ocrx_word' id='word_1_230' title='bbox 2989 1565 3223 1622; x_wconf 85' lang='lat' dir='ltr'><strong>Verbum</strong></span> <span class='ocrx_word' id='word_1_231' title='bbox 3278 1580 3462 1629; x_wconf 87' lang='lat' dir='ltr'><strong>contra</strong></span> 
     </span>
    </p>
   </div>
   <div class='ocr_carea' id='block_1_32' title="bbox 1876 1653 3469 1728">
    <p class='ocr_par' dir='ltr' id='par_1_32' title="bbox 1876 1653 3469 1728">
     <span class='ocr_line' id='line_1_32' title="bbox 1876 1653 3469 1728; baseline 0.004 -21"><span class='ocrx_word' id='word_1_232' title='bbox 1876 1653 2220 1723; x_wconf 82' lang='lat' dir='ltr'><strong>Evangelium</strong></span> <span class='ocrx_word' id='word_1_233' title='bbox 2253 1668 2360 1707; x_wconf 89' lang='lat' dir='ltr'><strong>non</strong></span> <span class='ocrx_word' id='word_1_234' title='bbox 2415 1655 2730 1726; x_wconf 80' lang='lat' dir='ltr'><strong>negaverint</strong></span> <span class='ocrx_word' id='word_1_235' title='bbox 2775 1669 2993 1709; x_wconf 90' lang='lat' dir='ltr'><strong>carnem</strong></span> <span class='ocrx_word' id='word_1_236' title='bbox 3036 1654 3276 1711; x_wconf 84' lang='lat' dir='ltr'><strong>factum:</strong></span> <span class='ocrx_word' id='word_1_237' title='bbox 3326 1673 3469 1728; x_wconf 88' lang='lat' dir='ltr'><strong>quo-</strong></span> 
     </span>
    </p>
   </div>
   <div class='ocr_carea' id='block_1_33' title="bbox 183 1743 3463 1815">
    <p class='ocr_par' dir='ltr' id='par_1_33' title="bbox 183 1743 3463 1815">
     <span class='ocr_line' id='line_1_33' title="bbox 183 1743 3463 1815; baseline 0.001 -14"><span class='ocrx_word' id='word_1_238' title='bbox 183 1749 285 1803; x_wconf 83' lang='lat' dir='ltr'><strong>sine</strong></span> <span class='ocrx_word' id='word_1_239' title='bbox 308 1749 487 1812; x_wconf 90' lang='lat' dir='ltr'><strong>initio,</strong></span> <span class='ocrx_word' id='word_1_240' title='bbox 516 1747 611 1802; x_wconf 86' lang='lat' dir='ltr'><strong>sed</strong></span> <span class='ocrx_word' id='word_1_241' title='bbox 635 1762 701 1802; x_wconf 85' lang='lat' dir='ltr'><strong>ex</strong></span> <span class='ocrx_word' id='word_1_242' title='bbox 735 1746 852 1815; x_wconf 86' lang='lat' dir='ltr'><strong>eius</strong></span> <span class='ocrx_word' id='word_1_243' title='bbox 877 1755 1029 1801; x_wconf 90' lang='lat' dir='ltr'><strong>utero</strong></span> <span class='ocrx_word' id='word_1_244' title='bbox 1050 1755 1234 1801; x_wconf 88' lang='lat' dir='ltr'><strong>natum</strong></span> <span class='ocrx_word' id='word_1_245' title='bbox 1261 1761 1404 1810; x_wconf 85' lang='lat' dir='ltr'><strong>esse,</strong></span> <span class='ocrx_word' id='word_1_246' title='bbox 1433 1745 1482 1799; x_wconf 92' lang='lat' dir='ltr'><strong>id</strong></span> <span class='ocrx_word' id='word_1_247' title='bbox 1513 1753 1598 1800; x_wconf 88' lang='lat' dir='ltr'><strong>est</strong></span> <span class='ocrx_word' id='word_1_248' title='bbox 1627 1744 1770 1801; x_wconf 89' lang='lat' dir='ltr'><strong>velut</strong></span> <span class='ocrx_word' id='word_1_249' title='bbox 1803 1746 1846 1805; x_wconf 86' lang='lat' dir='ltr'><strong>B</strong></span> <span class='ocrx_word' id='word_1_250' title='bbox 1875 1743 2034 1799; x_wconf 88' lang='lat' dir='ltr'><strong>modo</strong></span> <span class='ocrx_word' id='word_1_251' title='bbox 2058 1744 2201 1798; x_wconf 87' lang='lat' dir='ltr'><strong>enim</strong></span> <span class='ocrx_word' id='word_1_252' title='bbox 2233 1754 2452 1814; x_wconf 86' lang='lat' dir='ltr'><strong>possent</strong></span> <span class='ocrx_word' id='word_1_253' title='bbox 2485 1745 2775 1815; x_wconf 78' lang='lat' dir='ltr'><strong>Evangelio</strong></span> <span class='ocrx_word' id='word_1_254' title='bbox 2805 1757 2989 1815; x_wconf 87' lang='lat' dir='ltr'><strong>aperte</strong></span> <span class='ocrx_word' id='word_1_255' title='bbox 3019 1748 3295 1814; x_wconf 77' lang='lat' dir='ltr'><strong>resistere,</strong></span> <span class='ocrx_word' id='word_1_256' title='bbox 3323 1759 3377 1804; x_wconf 89' lang='lat' dir='ltr'><strong>et</strong></span> <span class='ocrx_word' id='word_1_257' title='bbox 3409 1749 3463 1807; x_wconf 88' lang='lat' dir='ltr'><strong>in</strong></span> 
     </span>
    </p>
   </div>
   <div class='ocr_carea' id='block_1_34' title="bbox 185 1839 1773 1908">
    <p class='ocr_par' dir='ltr' id='par_1_34' title="bbox 185 1839 1773 1908">
     <span class='ocr_line' id='line_1_34' title="bbox 185 1839 1773 1908; baseline -0.001 -13"><span class='ocrx_word' id='word_1_258' title='bbox 185 1842 262 1907; x_wconf 88' lang='lat' dir='ltr'><strong>qui</strong></span> <span class='ocrx_word' id='word_1_259' title='bbox 308 1850 440 1896; x_wconf 85' lang='lat' dir='ltr'><strong>ante</strong></span> <span class='ocrx_word' id='word_1_260' title='bbox 487 1856 591 1895; x_wconf 74' lang='lat' dir='ltr'><strong>non</strong></span> <span class='ocrx_word' id='word_1_261' title='bbox 633 1848 801 1905; x_wconf 86' lang='lat' dir='ltr'><strong>esset,</strong></span> <span class='ocrx_word' id='word_1_262' title='bbox 831 1841 1110 1896; x_wconf 76' lang='lat' dir='ltr'><strong>exstitisse</strong></span> <span class='ocrx_word' id='word_1_263' title='bbox 1139 1840 1360 1896; x_wconf 82' lang='lat' dir='ltr'><strong>diceret.</strong></span> <span class='ocrx_word' id='word_1_264' title='bbox 1398 1839 1565 1908; x_wconf 82' lang='lat' dir='ltr'><strong>Cujus</strong></span> <span class='ocrx_word' id='word_1_265' title='bbox 1596 1854 1773 1894; x_wconf 88' lang='lat' dir='ltr'><strong>remo-</strong></span> 
     </span>
    </p>
   </div>
   <div class='ocr_carea' id='block_1_35' title="bbox 184 1931 1773 2000">
    <p class='ocr_par' dir='ltr' id='par_1_35' title="bbox 184 1931 1773 2000">
     <span class='ocr_line' id='line_1_35' title="bbox 184 1931 1773 2000; baseline 0.002 -17"><span class='ocrx_word' id='word_1_266' title='bbox 184 1931 357 1986; x_wconf 84' lang='lat' dir='ltr'><strong>venda</strong></span> <span class='ocrx_word' id='word_1_267' title='bbox 386 1932 780 1986; x_wconf 84' lang='lat' dir='ltr'><strong>criminationis</strong></span> <span class='ocrx_word' id='word_1_268' title='bbox 829 1933 1152 1987; x_wconf 85' lang='lat' dir='ltr'><strong>necessitate</strong></span> <span class='ocrx_word' id='word_1_269' title='bbox 1176 1972 1193 1999; x_wconf 95' lang='lat'><strong>,</strong></span> <span class='ocrx_word' id='word_1_270' title='bbox 1239 1932 1285 1987; x_wconf 88' lang='lat' dir='ltr'><strong>si</strong></span> <span class='ocrx_word' id='word_1_271' title='bbox 1319 1931 1486 2000; x_wconf 86' lang='lat' dir='ltr'><strong>aliqui</strong></span> <span class='ocrx_word' id='word_1_272' title='bbox 1515 1933 1773 1986; x_wconf 85' lang='lat' dir='ltr'><strong>adversus</strong></span> 
     </span>
    </p>
   </div>
   <div class='ocr_carea' id='block_1_36' title="bbox 186 2021 1771 2091">
    <p class='ocr_par' dir='ltr' id='par_1_36' title="bbox 186 2021 1771 2091">
     <span class='ocr_line' id='line_1_36' title="bbox 186 2021 1771 2091; baseline -0.002 -13"><span class='ocrx_word' id='word_1_273' title='bbox 186 2037 268 2079; x_wconf 74' lang='lat' dir='ltr'><strong>eos</strong></span> <span class='ocrx_word' id='word_1_274' title='bbox 294 2039 362 2079; x_wconf 87' lang='lat' dir='ltr'><strong>ex</strong></span> <span class='ocrx_word' id='word_1_275' title='bbox 393 2024 631 2091; x_wconf 87' lang='lat' dir='ltr'><strong>antiquis</strong></span> <span class='ocrx_word' id='word_1_276' title='bbox 667 2021 922 2077; x_wconf 60' lang='lat' dir='ltr'><strong>Ecclesia</strong></span> <span class='ocrx_word' id='word_1_277' title='bbox 964 2022 1276 2079; x_wconf 91' lang='lat' dir='ltr'><strong>doctoribus</strong></span> <span class='ocrx_word' id='word_1_278' title='bbox 1300 2064 1316 2089; x_wconf 95' lang='lat'><strong>,</strong></span> <span class='ocrx_word' id='word_1_279' title='bbox 1350 2023 1576 2078; x_wconf 77' lang='lat' dir='ltr'><strong>neclum</strong></span> <span class='ocrx_word' id='word_1_280' title='bbox 1607 2037 1674 2077; x_wconf 81' lang='lat' dir='ltr'><strong>ex</strong></span> <span class='ocrx_word' id='word_1_281' title='bbox 1695 2022 1771 2076; x_wconf 71' lang='grc' dir='ltr'><strong>αι-</strong></span> 
     </span>
    </p>
   </div>
   <div class='ocr_carea' id='block_1_37' title="bbox 185 2111 1767 2183">
    <p class='ocr_par' dir='ltr' id='par_1_37' title="bbox 185 2111 1767 2183">
     <span class='ocr_line' id='line_1_37' title="bbox 185 2111 1767 2183; baseline -0.001 -15"><span class='ocrx_word' id='word_1_282' title='bbox 185 2120 285 2168; x_wconf 81' lang='lat' dir='ltr'><strong>tora</strong></span> <span class='ocrx_word' id='word_1_283' title='bbox 312 2122 472 2181; x_wconf 88' lang='lat' dir='ltr'><strong>parte</strong></span> <span class='ocrx_word' id='word_1_284' title='bbox 499 2112 825 2167; x_wconf 87' lang='lat' dir='ltr'><strong>sollicitante</strong></span> <span class='ocrx_word' id='word_1_285' title='bbox 862 2111 1092 2168; x_wconf 85' lang='lat' dir='ltr'><strong>Nestorii</strong></span> <span class='ocrx_word' id='word_1_286' title='bbox 1137 2114 1455 2183; x_wconf 89' lang='lat' dir='ltr'><strong>quastione,</strong></span> <span class='ocrx_word' id='word_1_287' title='bbox 1493 2113 1767 2177; x_wconf 83' lang='lat' dir='ltr'><strong>dixerunt.</strong></span> 
     </span>
    </p>
   </div>
   <div class='ocr_carea' id='block_1_38' title="bbox 185 2202 1773 2272">
    <p class='ocr_par' dir='ltr' id='par_1_38' title="bbox 185 2202 1773 2272">
     <span class='ocr_line' id='line_1_38' title="bbox 185 2202 1773 2272; baseline 0.001 -16"><span class='ocrx_word' id='word_1_288' title='bbox 185 2216 280 2256; x_wconf 88' lang='lat' dir='ltr'><strong>non</strong></span> <span class='ocrx_word' id='word_1_289' title='bbox 310 2202 457 2257; x_wconf 86' lang='lat' dir='ltr'><strong>Deus</strong></span> <span class='ocrx_word' id='word_1_290' title='bbox 490 2202 721 2259; x_wconf 86' lang='lat' dir='ltr'><strong>Verbum</strong></span> <span class='ocrx_word' id='word_1_291' title='bbox 750 2217 816 2255; x_wconf 85' lang='lat' dir='ltr'><strong>ex</strong></span> <span class='ocrx_word' id='word_1_292' title='bbox 845 2202 1070 2258; x_wconf 85' lang='lat' dir='ltr'><strong>muliere</strong></span> <span class='ocrx_word' id='word_1_293' title='bbox 1099 2211 1256 2259; x_wconf 88' lang='lat' dir='ltr'><strong>natus</strong></span> <span class='ocrx_word' id='word_1_294' title='bbox 1284 2213 1402 2258; x_wconf 91' lang='lat' dir='ltr'><strong>est:</strong></span> <span class='ocrx_word' id='word_1_295' title='bbox 1437 2211 1688 2272; x_wconf 88' lang='lat' dir='ltr'><strong>tanquam</strong></span> <span class='ocrx_word' id='word_1_296' title='bbox 1725 2205 1773 2258; x_wconf 88' lang='lat' dir='ltr'><strong>si</strong></span> 
     </span>
    </p>
   </div>
   <div class='ocr_carea' id='block_1_39' title="bbox 182 2292 1770 2361">
    <p class='ocr_par' dir='ltr' id='par_1_39' title="bbox 182 2292 1770 2361">
     <span class='ocr_line' id='line_1_39' title="bbox 182 2292 1770 2361; baseline -0.001 -11"><span class='ocrx_word' id='word_1_297' title='bbox 182 2292 439 2360; x_wconf 84' lang='lat' dir='ltr'><strong>dicerent,</strong></span> <span class='ocrx_word' id='word_1_298' title='bbox 475 2310 602 2358; x_wconf 89' lang='lat' dir='ltr'><strong>non.</strong></span> <span class='ocrx_word' id='word_1_299' title='bbox 636 2303 695 2349; x_wconf 88' lang='lat' dir='ltr'><strong>ut</strong></span> <span class='ocrx_word' id='word_1_300' title='bbox 722 2295 1125 2350; x_wconf 84' lang='lat' dir='ltr'><strong>calumniamini</strong></span> <span class='ocrx_word' id='word_1_301' title='bbox 1146 2337 1160 2359; x_wconf 96' lang='lat'><strong>,</strong></span> <span class='ocrx_word' id='word_1_302' title='bbox 1197 2294 1300 2353; x_wconf 89' lang='lat' dir='ltr'><strong>hoc</strong></span> <span class='ocrx_word' id='word_1_303' title='bbox 1326 2298 1484 2351; x_wconf 80' lang='lat' dir='ltr'><strong>decet</strong></span> <span class='ocrx_word' id='word_1_304' title='bbox 1513 2295 1770 2361; x_wconf 85' lang='lat' dir='ltr'><strong>Ecclesia,</strong></span> 
     </span>
    </p>
   </div>
   <div class='ocr_carea' id='block_1_40' title="bbox 184 2386 1773 2457">
    <p class='ocr_par' dir='ltr' id='par_1_40' title="bbox 184 2386 1773 2457">
     <span class='ocr_line' id='line_1_40' title="bbox 184 2386 1773 2457; baseline -0.001 -15"><span class='ocrx_word' id='word_1_305' title='bbox 184 2388 312 2456; x_wconf 85' lang='lat' dir='ltr'><strong>quod</strong></span> <span class='ocrx_word' id='word_1_306' title='bbox 342 2388 530 2444; x_wconf 89' lang='lat' dir='ltr'><strong>divina</strong></span> <span class='ocrx_word' id='word_1_307' title='bbox 564 2388 658 2442; x_wconf 90' lang='lat' dir='ltr'><strong>Dei</strong></span> <span class='ocrx_word' id='word_1_308' title='bbox 685 2386 842 2443; x_wconf 85' lang='lat' dir='ltr'><strong>Verbi</strong></span> <span class='ocrx_word' id='word_1_309' title='bbox 873 2396 1059 2442; x_wconf 88' lang='lat' dir='ltr'><strong>natura</strong></span> <span class='ocrx_word' id='word_1_310' title='bbox 1087 2402 1152 2443; x_wconf 85' lang='lat' dir='ltr'><strong>ex</strong></span> <span class='ocrx_word' id='word_1_311' title='bbox 1185 2396 1338 2443; x_wconf 83' lang='lat' dir='ltr'><strong>utero</strong></span> <span class='ocrx_word' id='word_1_312' title='bbox 1368 2390 1389 2419; x_wconf 87' lang='grc'><strong><em>²</em></strong></span> <span class='ocrx_word' id='word_1_313' title='bbox 1425 2387 1655 2457; x_wconf 76' lang='lat' dir='ltr'><strong>Virginis</strong></span> <span class='ocrx_word' id='word_1_314' title='bbox 1675 2402 1773 2443; x_wconf 78' lang='lat' dir='ltr'><strong>es-</strong></span> 
     </span>
    </p>
   </div>
   <div class='ocr_carea' id='block_1_41' title="bbox 185 2478 1776 2547">
    <p class='ocr_par' dir='ltr' id='par_1_41' title="bbox 185 2478 1776 2547">
     <span class='ocr_line' id='line_1_41' title="bbox 185 2478 1776 2547; baseline -0.002 -13"><span class='ocrx_word' id='word_1_315' title='bbox 185 2479 329 2544; x_wconf 79' lang='lat' dir='ltr'><strong>Ititit,</strong></span> <span class='ocrx_word' id='word_1_316' title='bbox 369 2478 474 2535; x_wconf 88' lang='lat' dir='ltr'><strong>sed</strong></span> <span class='ocrx_word' id='word_1_317' title='bbox 518 2478 770 2542; x_wconf 89' lang='lat' dir='ltr'><strong>humana,</strong></span> <span class='ocrx_word' id='word_1_318' title='bbox 821 2493 941 2547; x_wconf 91' lang='lat' dir='ltr'><strong>qua</strong></span> <span class='ocrx_word' id='word_1_319' title='bbox 988 2492 1054 2533; x_wconf 88' lang='lat' dir='ltr'><strong>ex</strong></span> <span class='ocrx_word' id='word_1_320' title='bbox 1101 2478 1309 2535; x_wconf 85' lang='lat' dir='ltr'><strong>semine</strong></span> <span class='ocrx_word' id='word_1_321' title='bbox 1350 2478 1516 2534; x_wconf 81' lang='lat' dir='ltr'><strong>David</strong></span> <span class='ocrx_word' id='word_1_322' title='bbox 1546 2478 1776 2547; x_wconf 82' lang='lat' dir='ltr'><strong>sumpsit</strong></span> 
     </span>
    </p>
   </div>
   <div class='ocr_carea' id='block_1_42' title="bbox 185 2567 1777 2635">
    <p class='ocr_par' dir='ltr' id='par_1_42' title="bbox 185 2567 1777 2635">
     <span class='ocr_line' id='line_1_42' title="bbox 185 2567 1777 2635; baseline 0.001 -12"><span class='ocrx_word' id='word_1_323' title='bbox 185 2568 386 2625; x_wconf 88' lang='lat' dir='ltr'><strong>initium</strong></span> <span class='ocrx_word' id='word_1_324' title='bbox 416 2588 434 2624; x_wconf 85' lang='lat'><strong>:</strong></span> <span class='ocrx_word' id='word_1_325' title='bbox 466 2569 660 2625; x_wconf 88' lang='lat' dir='ltr'><strong>ideone</strong></span> <span class='ocrx_word' id='word_1_326' title='bbox 687 2582 875 2623; x_wconf 85' lang='lat' dir='ltr'><strong>causas</strong></span> <span class='ocrx_word' id='word_1_327' title='bbox 900 2583 996 2625; x_wconf 91' lang='lat' dir='ltr'><strong>cur</strong></span> <span class='ocrx_word' id='word_1_328' title='bbox 1025 2567 1101 2622; x_wconf 89' lang='lat' dir='ltr'><strong>ita</strong></span> <span class='ocrx_word' id='word_1_329' title='bbox 1133 2568 1297 2625; x_wconf 87' lang='lat' dir='ltr'><strong>locuti</strong></span> <span class='ocrx_word' id='word_1_330' title='bbox 1325 2579 1472 2635; x_wconf 92' lang='lat' dir='ltr'><strong>sunt,</strong></span> <span class='ocrx_word' id='word_1_331' title='bbox 1497 2586 1603 2625; x_wconf 90' lang='lat' dir='ltr'><strong>non</strong></span> <span class='ocrx_word' id='word_1_332' title='bbox 1625 2570 1777 2625; x_wconf 84' lang='lat' dir='ltr'><strong>inve-</strong></span> 
     </span>
    </p>
   </div>
   <div class='ocr_carea' id='block_1_43' title="bbox 186 2656 1773 2729">
    <p class='ocr_par' dir='ltr' id='par_1_43' title="bbox 186 2656 1773 2729">
     <span class='ocr_line' id='line_1_43' title="bbox 186 2656 1773 2729; baseline 0.003 -18"><span class='ocrx_word' id='word_1_333' title='bbox 186 2660 377 2729; x_wconf 80' lang='lat' dir='ltr'><strong>stigare</strong></span> <span class='ocrx_word' id='word_1_334' title='bbox 406 2672 475 2713; x_wconf 87' lang='lat' dir='ltr'><strong>ac</strong></span> <span class='ocrx_word' id='word_1_335' title='bbox 503 2657 875 2714; x_wconf 88' lang='lat' dir='ltr'><strong>demonstrare</strong></span> <span class='ocrx_word' id='word_1_336' title='bbox 909 2656 1165 2713; x_wconf 85' lang='lat' dir='ltr'><strong>debemus</strong></span> <span class='ocrx_word' id='word_1_337' title='bbox 1185 2701 1202 2728; x_wconf 89' lang='lat'><strong>,</strong></span> <span class='ocrx_word' id='word_1_338' title='bbox 1233 2659 1328 2714; x_wconf 87' lang='lat' dir='ltr'><strong>sed</strong></span> <span class='ocrx_word' id='word_1_339' title='bbox 1359 2659 1773 2715; x_wconf 76' lang='lat' dir='ltr'><strong>condemnanda</strong></span> 
     </span>
    </p>
   </div>
   <div class='ocr_carea' id='block_1_44' title="bbox 184 2746 1776 2818">
    <p class='ocr_par' dir='ltr' id='par_1_44' title="bbox 184 2746 1776 2818">
     <span class='ocr_line' id='line_1_44' title="bbox 184 2746 1776 2818; baseline 0 -12"><span class='ocrx_word' id='word_1_340' title='bbox 184 2763 287 2818; x_wconf 78' lang='lat' dir='ltr'><strong>eos,</strong></span> <span class='ocrx_word' id='word_1_341' title='bbox 314 2751 473 2805; x_wconf 88' lang='lat' dir='ltr'><strong>velut</strong></span> <span class='ocrx_word' id='word_1_342' title='bbox 491 2749 796 2805; x_wconf 80' lang='lat' dir='ltr'><strong>Nestoriani</strong></span> <span class='ocrx_word' id='word_1_343' title='bbox 822 2748 1024 2806; x_wconf 86' lang='lat' dir='ltr'><strong>erroris</strong></span> <span class='ocrx_word' id='word_1_344' title='bbox 1050 2758 1318 2813; x_wconf 86' lang='lat' dir='ltr'><strong>auctores,</strong></span> <span class='ocrx_word' id='word_1_345' title='bbox 1348 2746 1548 2806; x_wconf 90' lang='lat' dir='ltr'><strong>Christi</strong></span> <span class='ocrx_word' id='word_1_346' title='bbox 1592 2751 1776 2806; x_wconf 86' lang='lat' dir='ltr'><strong>Eccle-</strong></span> 
     </span>
    </p>
   </div>
   <div class='ocr_carea' id='block_1_45' title="bbox 182 2839 1778 2910">
    <p class='ocr_par' dir='ltr' id='par_1_45' title="bbox 182 2839 1778 2910">
     <span class='ocr_line' id='line_1_45' title="bbox 182 2839 1778 2910; baseline 0.002 -16"><span class='ocrx_word' id='word_1_347' title='bbox 182 2840 327 2906; x_wconf 78' lang='lat' dir='ltr'><strong>sism,</strong></span> <span class='ocrx_word' id='word_1_348' title='bbox 365 2840 419 2895; x_wconf 90' lang='lat' dir='ltr'><strong>in</strong></span> <span class='ocrx_word' id='word_1_349' title='bbox 449 2840 602 2910; x_wconf 88' lang='lat' dir='ltr'><strong>cuius</strong></span> <span class='ocrx_word' id='word_1_350' title='bbox 630 2840 836 2895; x_wconf 90' lang='lat' dir='ltr'><strong>honore</strong></span> <span class='ocrx_word' id='word_1_351' title='bbox 862 2839 1101 2896; x_wconf 77' lang='lat' dir='ltr'><strong>defuncti</strong></span> <span class='ocrx_word' id='word_1_352' title='bbox 1131 2849 1280 2906; x_wconf 91' lang='lat' dir='ltr'><strong>sunt,</strong></span> <span class='ocrx_word' id='word_1_353' title='bbox 1323 2840 1631 2895; x_wconf 73' lang='lat' dir='ltr'><strong>criminari?</strong></span> <span class='ocrx_word' id='word_1_354' title='bbox 1670 2842 1778 2897; x_wconf 78' lang='lat' dir='ltr'><strong>Aut</strong></span> 
     </span>
    </p>
   </div>
   <div class='ocr_carea' id='block_1_46' title="bbox 180 2930 1774 3002">
    <p class='ocr_par' dir='ltr' id='par_1_46' title="bbox 180 2930 1774 3002">
     <span class='ocr_line' id='line_1_46' title="bbox 180 2930 1774 3002; baseline 0 -14"><span class='ocrx_word' id='word_1_355' title='bbox 180 2931 224 2988; x_wconf 78' lang='lat' dir='ltr'><strong>si</strong></span> <span class='ocrx_word' id='word_1_356' title='bbox 246 2932 516 2987; x_wconf 88' lang='lat' dir='ltr'><strong>adversus</strong></span> <span class='ocrx_word' id='word_1_357' title='bbox 556 2930 867 2988; x_wconf 88' lang='lat' dir='ltr'><strong>eoruntdem</strong></span> <span class='ocrx_word' id='word_1_358' title='bbox 889 2931 1371 3002; x_wconf 84' lang='lat' dir='ltr'><strong>Apolinaristarum</strong></span> <span class='ocrx_word' id='word_1_359' title='bbox 1400 2931 1774 3002; x_wconf 82' lang='lat' dir='ltr'><strong>intentionem,</strong></span> 
     </span>
    </p>
   </div>
   <div class='ocr_carea' id='block_1_47' title="bbox 182 3019 1772 3092">
    <p class='ocr_par' dir='ltr' id='par_1_47' title="bbox 182 3019 1772 3092">
     <span class='ocr_line' id='line_1_47' title="bbox 182 3019 1772 3092; baseline 0.003 -18"><span class='ocrx_word' id='word_1_360' title='bbox 182 3019 314 3075; x_wconf 84' lang='lat' dir='ltr'><strong>trale</strong></span> <span class='ocrx_word' id='word_1_361' title='bbox 368 3019 839 3090; x_wconf 87' lang='lat' dir='ltr'><strong>interpretantium</strong></span> <span class='ocrx_word' id='word_1_362' title='bbox 887 3021 1051 3076; x_wconf 86' lang='lat' dir='ltr'><strong>verba</strong></span> <span class='ocrx_word' id='word_1_363' title='bbox 1099 3019 1322 3076; x_wconf 82' lang='lat' dir='ltr'><strong>Joannis</strong></span> <span class='ocrx_word' id='word_1_364' title='bbox 1389 3022 1772 3092; x_wconf 57' lang='lat' dir='ltr'><strong>evangeliua,</strong></span> 
     </span>
    </p>
   </div>
   <div class='ocr_carea' id='block_1_48' title="bbox 180 3110 1776 3183">
    <p class='ocr_par' dir='ltr' id='par_1_48' title="bbox 180 3110 1776 3183">
     <span class='ocr_line' id='line_1_48' title="bbox 180 3110 1776 3183; baseline 0.003 -16"><span class='ocrx_word' id='word_1_365' title='bbox 180 3113 378 3183; x_wconf 76' lang='lat' dir='ltr'><strong>quibus</strong></span> <span class='ocrx_word' id='word_1_366' title='bbox 402 3113 516 3168; x_wconf 80' lang='lat' dir='ltr'><strong>ait:</strong></span> <span class='ocrx_word' id='word_1_367' title='bbox 557 3110 782 3166; x_wconf 84' lang='lat' dir='ltr'><strong>Verbum</strong></span> <span class='ocrx_word' id='word_1_368' title='bbox 824 3129 944 3167; x_wconf 84' lang='lat' dir='ltr'><strong>caro</strong></span> <span class='ocrx_word' id='word_1_369' title='bbox 974 3113 1169 3183; x_wconf 86' lang='lat' dir='ltr'><strong>factum</strong></span> <span class='ocrx_word' id='word_1_370' title='bbox 1195 3121 1271 3167; x_wconf 83' lang='lat' dir='ltr'><strong>est</strong></span> <span class='ocrx_word' id='word_1_371' title='bbox 1296 3110 1474 3183; x_wconf 80' lang='lat' dir='ltr'><strong>(Joan.</strong></span> <span class='ocrx_word' id='word_1_372' title='bbox 1506 3129 1546 3180; x_wconf 83' lang='grc' dir='ltr'><strong>ι,</strong></span> <span class='ocrx_word' id='word_1_373' title='bbox 1581 3113 1691 3183; x_wconf 71' lang='lat' dir='ltr'><strong>hi),</strong></span> <span class='ocrx_word' id='word_1_374' title='bbox 1722 3126 1776 3171; x_wconf 91' lang='lat' dir='ltr'><strong>ct</strong></span> 
     </span>
    </p>
   </div>
   <div class='ocr_carea' id='block_1_49' title="bbox 181 3203 1783 3273">
    <p class='ocr_par' dir='ltr' id='par_1_49' title="bbox 181 3203 1783 3273">
     <span class='ocr_line' id='line_1_49' title="bbox 181 3203 1783 3273; baseline 0.002 -15"><span class='ocrx_word' id='word_1_375' title='bbox 181 3203 497 3273; x_wconf 69' lang='lat' dir='ltr'><strong>dicentium,</strong></span> <span class='ocrx_word' id='word_1_376' title='bbox 531 3204 672 3273; x_wconf 88' lang='lat' dir='ltr'><strong>quod</strong></span> <span class='ocrx_word' id='word_1_377' title='bbox 701 3206 1128 3261; x_wconf 87' lang='lat' dir='ltr'><strong>convertibiliter</strong></span> <span class='ocrx_word' id='word_1_378' title='bbox 1159 3204 1393 3260; x_wconf 89' lang='lat' dir='ltr'><strong>Verbum</strong></span> <span class='ocrx_word' id='word_1_379' title='bbox 1425 3220 1552 3261; x_wconf 89' lang='lat' dir='ltr'><strong>caro</strong></span> <span class='ocrx_word' id='word_1_380' title='bbox 1591 3207 1662 3261; x_wconf 87' lang='lat' dir='ltr'><strong>sit</strong></span> <span class='ocrx_word' id='word_1_381' title='bbox 1700 3206 1783 3261; x_wconf 63' lang='grc' dir='ltr'><strong>τελε·</strong></span> 
     </span>
    </p>
   </div>
   <div class='ocr_carea' id='block_1_50' title="bbox 176 3295 1779 3373">
    <p class='ocr_par' dir='ltr' id='par_1_50' title="bbox 176 3295 1779 3373">
     <span class='ocr_line' id='line_1_50' title="bbox 176 3295 1779 3373; baseline 0.002 -25"><span class='ocrx_word' id='word_1_382' title='bbox 176 3302 334 3361; x_wconf 82' lang='lat' dir='ltr'><strong>curm,</strong></span> <span class='ocrx_word' id='word_1_383' title='bbox 401 3295 800 3363; x_wconf 89' lang='lat' dir='ltr'><strong>responderunt</strong></span> <span class='ocrx_word' id='word_1_384' title='bbox 839 3296 1002 3364; x_wconf 84' lang='lat' dir='ltr'><strong>aliqui</strong></span> <span class='ocrx_word' id='word_1_385' title='bbox 1049 3295 1290 3351; x_wconf 88' lang='lat' dir='ltr'><strong>dicentes</strong></span> <span class='ocrx_word' id='word_1_386' title='bbox 1324 3312 1340 3348; x_wconf 91' lang='lat'><strong>:</strong></span> <span class='ocrx_word' id='word_1_387' title='bbox 1376 3296 1515 3351; x_wconf 88' lang='lat' dir='ltr'><strong>Deus</strong></span> <span class='ocrx_word' id='word_1_388' title='bbox 1548 3296 1779 3373; x_wconf 75' lang='lat' dir='ltr'><strong>vcrhuni</strong></span> 
     </span>
    </p>
   </div>
   <div class='ocr_carea' id='block_1_51' title="bbox 182 3386 1810 3456">
    <p class='ocr_par' dir='ltr' id='par_1_51' title="bbox 182 3386 1810 3456">
     <span class='ocr_line' id='line_1_51' title="bbox 182 3386 1810 3456; baseline 0.003 -16"><span class='ocrx_word' id='word_1_389' title='bbox 182 3401 279 3440; x_wconf 88' lang='lat' dir='ltr'><strong>non</strong></span> <span class='ocrx_word' id='word_1_390' title='bbox 310 3386 498 3442; x_wconf 76' lang='lat' dir='ltr'><strong>factus</strong></span> <span class='ocrx_word' id='word_1_391' title='bbox 527 3397 611 3442; x_wconf 92' lang='lat' dir='ltr'><strong>est</strong></span> <span class='ocrx_word' id='word_1_392' title='bbox 639 3402 765 3443; x_wconf 85' lang='lat' dir='ltr'><strong>caro</strong></span> <span class='ocrx_word' id='word_1_393' title='bbox 792 3396 853 3455; x_wconf 78' lang='grc' dir='ltr'><strong>ιι,</strong></span> <span class='ocrx_word' id='word_1_394' title='bbox 903 3387 955 3443; x_wconf 91' lang='lat' dir='ltr'><strong>id</strong></span> <span class='ocrx_word' id='word_1_395' title='bbox 983 3397 1065 3443; x_wconf 90' lang='lat' dir='ltr'><strong>est</strong></span> <span class='ocrx_word' id='word_1_396' title='bbox 1092 3387 1535 3456; x_wconf 89' lang='lat' dir='ltr'><strong>convertibiliter,</strong></span> <span class='ocrx_word' id='word_1_397' title='bbox 1570 3389 1664 3444; x_wconf 85' lang='lat' dir='ltr'><strong>sed</strong></span> <span class='ocrx_word' id='word_1_398' title='bbox 1695 3388 1810 3445; x_wconf 73' lang='lat' dir='ltr'><strong>as—&#39;</strong></span> 
     </span>
    </p>
   </div>
   <div class='ocr_carea' id='block_1_52' title="bbox 182 3478 1780 3549">
    <p class='ocr_par' dir='ltr' id='par_1_52' title="bbox 182 3478 1780 3549">
     <span class='ocr_line' id='line_1_52' title="bbox 182 3478 1780 3549; baseline 0.002 -19"><span class='ocrx_word' id='word_1_399' title='bbox 182 3478 417 3548; x_wconf 77' lang='lat' dir='ltr'><strong>sumpsit</strong></span> <span class='ocrx_word' id='word_1_400' title='bbox 436 3492 651 3534; x_wconf 85' lang='lat' dir='ltr'><strong>carnem</strong></span> <span class='ocrx_word' id='word_1_401' title='bbox 682 3492 906 3534; x_wconf 89' lang='lat' dir='ltr'><strong>manens</strong></span> <span class='ocrx_word' id='word_1_402' title='bbox 935 3478 1075 3549; x_wconf 88' lang='lat' dir='ltr'><strong>quod</strong></span> <span class='ocrx_word' id='word_1_403' title='bbox 1100 3487 1238 3545; x_wconf 88' lang='lat' dir='ltr'><strong>erat,</strong></span> <span class='ocrx_word' id='word_1_404' title='bbox 1271 3478 1560 3547; x_wconf 83' lang='lat' dir='ltr'><strong>Evangelio</strong></span> <span class='ocrx_word' id='word_1_405' title='bbox 1582 3478 1780 3534; x_wconf 87' lang='lat' dir='ltr'><strong>debent</strong></span> 
     </span>
    </p>
   </div>
   <div class='ocr_carea' id='block_1_53' title="bbox 181 3569 1779 3642">
    <p class='ocr_par' dir='ltr' id='par_1_53' title="bbox 181 3569 1779 3642">
     <span class='ocr_line' id='line_1_53' title="bbox 181 3569 1779 3642; baseline 0.001 -19"><span class='ocrx_word' id='word_1_406' title='bbox 181 3581 363 3625; x_wconf 83' lang='lat' dir='ltr'><strong>contra</strong></span> <span class='ocrx_word' id='word_1_407' title='bbox 378 3571 439 3625; x_wconf 89' lang='lat' dir='ltr'><strong>rii</strong></span> <span class='ocrx_word' id='word_1_408' title='bbox 463 3571 739 3642; x_wconf 83' lang='lat' dir='ltr'><strong>iudicari?</strong></span> <span class='ocrx_word' id='word_1_409' title='bbox 770 3571 923 3640; x_wconf 88' lang='lat' dir='ltr'><strong>Quod</strong></span> <span class='ocrx_word' id='word_1_410' title='bbox 976 3571 1023 3627; x_wconf 91' lang='lat' dir='ltr'><strong>si</strong></span> <span class='ocrx_word' id='word_1_411' title='bbox 1054 3572 1125 3625; x_wconf 90' lang='lat' dir='ltr'><strong>ita</strong></span> <span class='ocrx_word' id='word_1_412' title='bbox 1153 3579 1257 3637; x_wconf 90' lang='lat' dir='ltr'><strong>est,</strong></span> <span class='ocrx_word' id='word_1_413' title='bbox 1289 3569 1668 3640; x_wconf 84' lang='lat' dir='ltr'><strong>Apolinarista</strong></span> <span class='ocrx_word' id='word_1_414' title='bbox 1697 3572 1779 3624; x_wconf 88' lang='lat' dir='ltr'><strong>vi-</strong></span> 
     </span>
    </p>
   </div>
   <div class='ocr_carea' id='block_1_54' title="bbox 179 3658 1779 3733">
    <p class='ocr_par' dir='ltr' id='par_1_54' title="bbox 179 3658 1779 3733">
     <span class='ocr_line' id='line_1_54' title="bbox 179 3658 1779 3733; baseline -0.001 -18"><span class='ocrx_word' id='word_1_415' title='bbox 179 3659 455 3717; x_wconf 74' lang='lat' dir='ltr'><strong>debunlur</strong></span> <span class='ocrx_word' id='word_1_416' title='bbox 482 3662 806 3733; x_wconf 83' lang='lat' dir='ltr'><strong>evangelica</strong></span> <span class='ocrx_word' id='word_1_417' title='bbox 836 3661 1209 3733; x_wconf 85' lang='lat' dir='ltr'><strong>pradicationi</strong></span> <span class='ocrx_word' id='word_1_418' title='bbox 1238 3674 1556 3731; x_wconf 84' lang='lat' dir='ltr'><strong>congruere.</strong></span> <span class='ocrx_word' id='word_1_419' title='bbox 1589 3658 1649 3715; x_wconf 90' lang='lat' dir='ltr'><strong>Si</strong></span> <span class='ocrx_word' id='word_1_420' title='bbox 1676 3674 1779 3715; x_wconf 88' lang='lat' dir='ltr'><strong>au-</strong></span> 
     </span>
    </p>
   </div>
   <div class='ocr_carea' id='block_1_55' title="bbox 178 3756 1782 3828">
    <p class='ocr_par' dir='ltr' id='par_1_55' title="bbox 178 3756 1782 3828">
     <span class='ocr_line' id='line_1_55' title="bbox 178 3756 1782 3828; baseline 0.001 -18"><span class='ocrx_word' id='word_1_421' title='bbox 178 3761 285 3810; x_wconf 84' lang='lat' dir='ltr'><strong>tem</strong></span> <span class='ocrx_word' id='word_1_422' title='bbox 315 3757 708 3827; x_wconf 77' lang='lat' dir='ltr'><strong>Apolinarista</strong></span> <span class='ocrx_word' id='word_1_423' title='bbox 739 3772 837 3828; x_wconf 91' lang='lat' dir='ltr'><strong>pro</strong></span> <span class='ocrx_word' id='word_1_424' title='bbox 886 3773 997 3814; x_wconf 84' lang='lat' dir='ltr'><strong>sua</strong></span> <span class='ocrx_word' id='word_1_425' title='bbox 1026 3758 1225 3814; x_wconf 88' lang='lat' dir='ltr'><strong>mentis</strong></span> <span class='ocrx_word' id='word_1_426' title='bbox 1253 3756 1570 3824; x_wconf 88' lang='lat' dir='ltr'><strong>intentione,</strong></span> <span class='ocrx_word' id='word_1_427' title='bbox 1594 3772 1782 3828; x_wconf 88' lang='lat' dir='ltr'><strong>quam-</strong></span> 
     </span>
    </p>
   </div>
   <div class='ocr_carea' id='block_1_56' title="bbox 181 3850 1781 3917">
    <p class='ocr_par' dir='ltr' id='par_1_56' title="bbox 181 3850 1781 3917">
     <span class='ocr_line' id='line_1_56' title="bbox 181 3850 1781 3917; baseline 0.003 -15"><span class='ocrx_word' id='word_1_428' title='bbox 181 3851 255 3907; x_wconf 85' lang='lat' dir='ltr'><strong>vis</strong></span> <span class='ocrx_word' id='word_1_429' title='bbox 282 3851 540 3907; x_wconf 85' lang='lat' dir='ltr'><strong>dicerent</strong></span> <span class='ocrx_word' id='word_1_430' title='bbox 571 3850 804 3907; x_wconf 85' lang='lat' dir='ltr'><strong>Verbum</strong></span> <span class='ocrx_word' id='word_1_431' title='bbox 834 3867 962 3908; x_wconf 91' lang='lat' dir='ltr'><strong>caro</strong></span> <span class='ocrx_word' id='word_1_432' title='bbox 993 3850 1191 3908; x_wconf 91' lang='lat' dir='ltr'><strong>factum</strong></span> <span class='ocrx_word' id='word_1_433' title='bbox 1217 3860 1340 3917; x_wconf 90' lang='lat' dir='ltr'><strong>est,</strong></span> <span class='ocrx_word' id='word_1_434' title='bbox 1374 3851 1572 3906; x_wconf 91' lang='lat' dir='ltr'><strong>inimici</strong></span> <span class='ocrx_word' id='word_1_435' title='bbox 1598 3859 1781 3906; x_wconf 85' lang='lat' dir='ltr'><strong>tamen</strong></span> 
     </span>
    </p>
   </div>
   <div class='ocr_carea' id='block_1_57' title="bbox 176 3942 1781 4015">
    <p class='ocr_par' dir='ltr' id='par_1_57' title="bbox 176 3942 1781 4015">
     <span class='ocr_line' id='line_1_57' title="bbox 176 3942 1781 4015; baseline 0 -18"><span class='ocrx_word' id='word_1_436' title='bbox 176 3944 554 4012; x_wconf 69' lang='lat' dir='ltr'><strong>pradicationi</strong></span> <span class='ocrx_word' id='word_1_437' title='bbox 598 3944 922 4015; x_wconf 83' lang='lat' dir='ltr'><strong>evangelica</strong></span> <span class='ocrx_word' id='word_1_438' title='bbox 964 3942 1306 4014; x_wconf 82' lang='lat' dir='ltr'><strong>iudicantur;</strong></span> <span class='ocrx_word' id='word_1_439' title='bbox 1358 3944 1520 3999; x_wconf 83' lang='lat' dir='ltr'><strong>etiam</strong></span> <span class='ocrx_word' id='word_1_440' title='bbox 1568 3943 1647 3998; x_wconf 91' lang='lat' dir='ltr'><strong>illi</strong></span> <span class='ocrx_word' id='word_1_441' title='bbox 1691 3944 1781 4013; x_wconf 90' lang='lat' dir='ltr'><strong>qni</strong></span> 
     </span>
    </p>
   </div>
   <div class='ocr_carea' id='block_1_58' title="bbox 180 4034 1782 4103">
    <p class='ocr_par' dir='ltr' id='par_1_58' title="bbox 180 4034 1782 4103">
     <span class='ocr_line' id='line_1_58' title="bbox 180 4034 1782 4103; baseline 0.001 -15"><span class='ocrx_word' id='word_1_442' title='bbox 180 4035 383 4090; x_wconf 79' lang='lat' dir='ltr'><strong>talibus</strong></span> <span class='ocrx_word' id='word_1_443' title='bbox 411 4034 464 4090; x_wconf 91' lang='lat' dir='ltr'><strong>in</strong></span> <span class='ocrx_word' id='word_1_444' title='bbox 495 4035 736 4091; x_wconf 81' lang='lat' dir='ltr'><strong>Ecclesia</strong></span> <span class='ocrx_word' id='word_1_445' title='bbox 766 4046 1045 4091; x_wconf 87' lang='lat' dir='ltr'><strong>manentes</strong></span> <span class='ocrx_word' id='word_1_446' title='bbox 1066 4035 1531 4099; x_wconf 83' lang='lat' dir='ltr'><strong>contradixerunt,</strong></span> <span class='ocrx_word' id='word_1_447' title='bbox 1555 4047 1652 4103; x_wconf 85' lang='lat' dir='ltr'><strong>pro</strong></span> <span class='ocrx_word' id='word_1_448' title='bbox 1672 4049 1782 4089; x_wconf 89' lang='lat' dir='ltr'><strong>sua</strong></span> 
     </span>
    </p>
   </div>
   <div class='ocr_carea' id='block_1_59' title="bbox 178 4125 1785 4195">
    <p class='ocr_par' dir='ltr' id='par_1_59' title="bbox 178 4125 1785 4195">
     <span class='ocr_line' id='line_1_59' title="bbox 178 4125 1785 4195; baseline -0.001 -14"><span class='ocrx_word' id='word_1_449' title='bbox 178 4126 383 4182; x_wconf 78' lang='lat' dir='ltr'><strong>mentis</strong></span> <span class='ocrx_word' id='word_1_450' title='bbox 434 4126 735 4183; x_wconf 88' lang='lat' dir='ltr'><strong>intentione</strong></span> <span class='ocrx_word' id='word_1_451' title='bbox 780 4127 1169 4183; x_wconf 89' lang='lat' dir='ltr'><strong>convenientes</strong></span> <span class='ocrx_word' id='word_1_452' title='bbox 1218 4125 1581 4195; x_wconf 84' lang='lat' dir='ltr'><strong>pradicationi</strong></span> <span class='ocrx_word' id='word_1_453' title='bbox 1610 4140 1785 4181; x_wconf 87' lang='lat' dir='ltr'><strong>evan-</strong></span> 
     </span>
    </p>
   </div>
   <div class='ocr_carea' id='block_1_60' title="bbox 177 4217 1784 4289">
    <p class='ocr_par' dir='ltr' id='par_1_60' title="bbox 177 4217 1784 4289">
     <span class='ocr_line' id='line_1_60' title="bbox 177 4217 1784 4289; baseline 0.003 -19"><span class='ocrx_word' id='word_1_454' title='bbox 177 4217 375 4288; x_wconf 65' lang='lat' dir='ltr'><strong>gelica</strong></span> <span class='ocrx_word' id='word_1_455' title='bbox 406 4217 739 4288; x_wconf 87' lang='lat' dir='ltr'><strong>iudicentur.</strong></span> <span class='ocrx_word' id='word_1_456' title='bbox 776 4217 982 4274; x_wconf 88' lang='lat' dir='ltr'><strong>Idcirco</strong></span> <span class='ocrx_word' id='word_1_457' title='bbox 1027 4217 1343 4274; x_wconf 86' lang='lat' dir='ltr'><strong>Theodorus</strong></span> <span class='ocrx_word' id='word_1_458' title='bbox 1386 4232 1600 4289; x_wconf 90' lang='lat' dir='ltr'><strong>quoque</strong></span> <span class='ocrx_word' id='word_1_459' title='bbox 1642 4233 1784 4275; x_wconf 88' lang='lat' dir='ltr'><strong>nono</strong></span> 
     </span>
    </p>
   </div>
   <div class='ocr_carea' id='block_1_61' title="bbox 256 4397 1781 4464">
    <p class='ocr_par' dir='ltr' id='par_1_61' title="bbox 256 4397 1781 4464">
     <span class='ocr_line' id='line_1_61' title="bbox 256 4397 1781 4464; baseline 0.001 -11"><span class='ocrx_word' id='word_1_460' title='bbox 256 4404 284 4433; x_wconf 82' lang='grc' dir='ltr'>ι</span> <span class='ocrx_word' id='word_1_461' title='bbox 326 4398 607 4454; x_wconf 86' lang='lat' dir='ltr'><strong>Theodori</strong></span> <span class='ocrx_word' id='word_1_462' title='bbox 648 4399 811 4454; x_wconf 88' lang='lat' dir='ltr'><strong>verba</strong></span> <span class='ocrx_word' id='word_1_463' title='bbox 854 4414 921 4454; x_wconf 86' lang='lat' dir='ltr'><strong>ex</strong></span> <span class='ocrx_word' id='word_1_464' title='bbox 960 4398 1057 4454; x_wconf 90' lang='lat' dir='ltr'><strong>lih.</strong></span> <span class='ocrx_word' id='word_1_465' title='bbox 1093 4414 1146 4452; x_wconf 86' lang='lat' dir='ltr'><strong>tv</strong></span> <span class='ocrx_word' id='word_1_466' title='bbox 1201 4406 1388 4453; x_wconf 89' lang='lat' dir='ltr'><strong>contra</strong></span> <span class='ocrx_word' id='word_1_467' title='bbox 1435 4397 1781 4464; x_wconf 81' lang='lat' dir='ltr'><strong>Apolinarcm</strong></span> 
     </span>
    </p>
   </div>
   <div class='ocr_carea' id='block_1_62' title="bbox 172 4469 1857 4549">
    <p class='ocr_par' dir='ltr' id='par_1_62' title="bbox 172 4469 1857 4549">
     <span class='ocr_line' id='line_1_62' title="bbox 172 4469 1857 4549; baseline -0.001 -25"><span class='ocrx_word' id='word_1_468' title='bbox 172 4472 398 4542; x_wconf 77' lang='lat' dir='ltr'><strong>profert</strong></span> <span class='ocrx_word' id='word_1_469' title='bbox 425 4470 693 4549; x_wconf 45' lang='lat' dir='ltr'><strong>Perintiu-s.</strong></span> <span class='ocrx_word' id='word_1_470' title='bbox 718 4471 809 4549; x_wconf 80' lang='lat' dir='ltr'><strong>lib.</strong></span> <span class='ocrx_word' id='word_1_471' title='bbox 844 4486 903 4524; x_wconf 85' lang='lat' dir='ltr'><strong>ut</strong></span> <span class='ocrx_word' id='word_1_472' title='bbox 921 4488 940 4549; x_wconf 57' lang='grc' dir='ltr'>ξ</span> <span class='ocrx_word' id='word_1_473' title='bbox 978 4470 1104 4534; x_wconf 77' lang='lat' dir='ltr'><strong>Quis</strong></span> <span class='ocrx_word' id='word_1_474' title='bbox 1141 4469 1777 4549; x_wconf 40' lang='lat' dir='ltr'><strong>mente‘prteditus‘difut,</strong></span> <span class='ocrx_word' id='word_1_475' title='bbox 1811 4490 1857 4549; x_wconf 82' lang='lat' dir='ltr'><strong>D</strong></span> 
     </span>
    </p>
   </div>
   <div class='ocr_carea' id='block_1_63' title="bbox 175 4538 1777 4610">
    <p class='ocr_par' dir='ltr' id='par_1_63' title="bbox 175 4538 1777 4610">
     <span class='ocr_line' id='line_1_63' title="bbox 175 4538 1777 4610; baseline -0.002 -14"><span class='ocrx_word' id='word_1_476' title='bbox 175 4538 347 4596; x_wconf 70' lang='lat' dir='ltr'><strong>iteos</strong></span> <span class='ocrx_word' id='word_1_477' title='bbox 403 4540 595 4605; x_wconf 80' lang='lat' dir='ltr'><strong>dicitis,</strong></span> <span class='ocrx_word' id='word_1_478' title='bbox 651 4540 873 4594; x_wconf 82' lang='lat' dir='ltr'><strong>Verbum</strong></span> <span class='ocrx_word' id='word_1_479' title='bbox 912 4540 1099 4610; x_wconf 81' lang='lat' dir='ltr'><strong>factum</strong></span> <span class='ocrx_word' id='word_1_480' title='bbox 1149 4555 1256 4592; x_wconf 81' lang='lat' dir='ltr'><strong>esse</strong></span> <span class='ocrx_word' id='word_1_481' title='bbox 1311 4538 1608 4592; x_wconf 81' lang='lat' dir='ltr'><strong>hominem?</strong></span> <span class='ocrx_word' id='word_1_482' title='bbox 1664 4538 1777 4594; x_wconf 87' lang='lat' dir='ltr'><strong>Nos</strong></span> 
     </span>
    </p>
   </div>
   <div class='ocr_carea' id='block_1_64' title="bbox 173 4610 1780 4678">
    <p class='ocr_par' dir='ltr' id='par_1_64' title="bbox 173 4610 1780 4678">
     <span class='ocr_line' id='line_1_64' title="bbox 173 4610 1780 4678; baseline -0.003 -11"><span class='ocrx_word' id='word_1_483' title='bbox 173 4616 310 4667; x_wconf 80' lang='lat' dir='ltr'><strong>enim</strong></span> <span class='ocrx_word' id='word_1_484' title='bbox 356 4612 704 4677; x_wconf 74' lang='lat' dir='ltr'><strong>assumpsisse</strong></span> <span class='ocrx_word' id='word_1_485' title='bbox 741 4612 941 4678; x_wconf 80' lang='lat' dir='ltr'><strong>quidem</strong></span> <span class='ocrx_word' id='word_1_486' title='bbox 986 4610 1242 4662; x_wconf 70' lang='lat' dir='ltr'><strong>hominem</strong></span> <span class='ocrx_word' id='word_1_487' title='bbox 1280 4620 1621 4662; x_wconf 80' lang='lat' dir='ltr'><strong>asseveranrer</strong></span> <span class='ocrx_word' id='word_1_488' title='bbox 1652 4610 1780 4662; x_wconf 84' lang='lat' dir='ltr'><strong>dici-</strong></span> 
     </span>
    </p>
   </div>
   <div class='ocr_carea' id='block_1_65' title="bbox 170 4680 1780 4749">
    <p class='ocr_par' dir='ltr' id='par_1_65' title="bbox 170 4680 1780 4749">
     <span class='ocr_line' id='line_1_65' title="bbox 170 4680 1780 4749; baseline -0.002 -12"><span class='ocrx_word' id='word_1_489' title='bbox 170 4701 311 4749; x_wconf 67' lang='grc' dir='ltr'><strong>ειν,</strong></span> <span class='ocrx_word' id='word_1_490' title='bbox 347 4681 551 4749; x_wconf 50' lang='lat' dir='ltr'><strong>factum</strong></span> <span class='ocrx_word' id='word_1_491' title='bbox 572 4696 688 4734; x_wconf 70' lang='lat' dir='ltr'><strong>vero</strong></span> <span class='ocrx_word' id='word_1_492' title='bbox 718 4696 824 4734; x_wconf 76' lang='lat' dir='ltr'><strong>esse</strong></span> <span class='ocrx_word' id='word_1_493' title='bbox 844 4680 1098 4734; x_wconf 75' lang='lat' dir='ltr'><strong>hominem</strong></span> <span class='ocrx_word' id='word_1_494' title='bbox 1126 4695 1385 4743; x_wconf 84' lang='lat' dir='ltr'><strong>nunquam</strong></span> <span class='ocrx_word' id='word_1_495' title='bbox 1405 4680 1573 4733; x_wconf 80' lang='lat' dir='ltr'><strong>dicere</strong></span> <span class='ocrx_word' id='word_1_496' title='bbox 1598 4698 1780 4747; x_wconf 84' lang='lat' dir='ltr'><strong>possu-</strong></span> 
     </span>
    </p>
   </div>
   <div class='ocr_carea' id='block_1_66' title="bbox 172 4750 1778 4824">
    <p class='ocr_par' dir='ltr' id='par_1_66' title="bbox 172 4750 1778 4824">
     <span class='ocr_line' id='line_1_66' title="bbox 172 4750 1778 4824; baseline 0 -19"><span class='ocrx_word' id='word_1_497' title='bbox 172 4772 311 4808; x_wconf 63' lang='lat' dir='ltr'><strong>mus.</strong></span> <span class='ocrx_word' id='word_1_498' title='bbox 352 4753 433 4807; x_wconf 74' lang='lat' dir='ltr'><strong>Ex</strong></span> <span class='ocrx_word' id='word_1_499' title='bbox 460 4751 659 4822; x_wconf 83' lang='lat' dir='ltr'><strong>quibus</strong></span> <span class='ocrx_word' id='word_1_500' title='bbox 685 4761 832 4824; x_wconf 81' lang='lat' dir='ltr'><strong>patet</strong></span> <span class='ocrx_word' id='word_1_501' title='bbox 858 4765 963 4824; x_wconf 82' lang='lat' dir='ltr'><strong>non</strong></span> <span class='ocrx_word' id='word_1_502' title='bbox 994 4750 1167 4824; x_wconf 86' lang='lat' dir='ltr'><strong>solum</strong></span> <span class='ocrx_word' id='word_1_503' title='bbox 1195 4753 1325 4805; x_wconf 83' lang='grc' dir='ltr'><strong>κατά</strong></span> <span class='ocrx_word' id='word_1_504' title='bbox 1363 4756 1555 4824; x_wconf 62' lang='grc' dir='ltr'><strong>τροπήν</strong></span> <span class='ocrx_word' id='word_1_505' title='bbox 1584 4753 1778 4824; x_wconf 63' lang='lat' dir='ltr'><strong>factum</strong></span> 
     </span>
    </p>
   </div>
   <div class='ocr_carea' id='block_1_67' title="bbox 170 4820 1779 4893">
    <p class='ocr_par' dir='ltr' id='par_1_67' title="bbox 170 4820 1779 4893">
     <span class='ocr_line' id='line_1_67' title="bbox 170 4820 1779 4893; baseline -0.002 -15"><span class='ocrx_word' id='word_1_506' title='bbox 170 4837 417 4893; x_wconf 70' lang='lat' dir='ltr'><strong>negasse</strong></span> <span class='ocrx_word' id='word_1_507' title='bbox 466 4820 654 4893; x_wconf 77' lang='lat' dir='ltr'><strong>contra</strong></span> <span class='ocrx_word' id='word_1_508' title='bbox 685 4821 987 4890; x_wconf 79' lang='lat' dir='ltr'><strong>Apolinaris</strong></span> <span class='ocrx_word' id='word_1_509' title='bbox 1017 4821 1229 4891; x_wconf 79' lang='lat' dir='ltr'><strong>dogma,</strong></span> <span class='ocrx_word' id='word_1_510' title='bbox 1249 4828 1315 4893; x_wconf 62' lang='grc' dir='ltr'><strong>⁸ιιι</strong></span> <span class='ocrx_word' id='word_1_511' title='bbox 1346 4820 1511 4893; x_wconf 73' lang='lat' dir='ltr'><strong>vidi-ri</strong></span> <span class='ocrx_word' id='word_1_512' title='bbox 1542 4822 1654 4893; x_wconf 80' lang='lat' dir='ltr'><strong>vult</strong></span> <span class='ocrx_word' id='word_1_513' title='bbox 1679 4821 1779 4875; x_wconf 80' lang='lat' dir='ltr'><strong>Fa-</strong></span> 
     </span>
    </p>
   </div>
   <div class='ocr_carea' id='block_1_68' title="bbox 166 4889 1776 4958">
    <p class='ocr_par' dir='ltr' id='par_1_68' title="bbox 166 4889 1776 4958">
     <span class='ocr_line' id='line_1_68' title="bbox 166 4889 1776 4958; baseline -0.002 -8"><span class='ocrx_word' id='word_1_514' title='bbox 166 4889 438 4957; x_wconf 69' lang='lat' dir='ltr'><strong>cundos;</strong></span> <span class='ocrx_word' id='word_1_515' title='bbox 488 4892 584 4947; x_wconf 85' lang='lat' dir='ltr'><strong>sed</strong></span> <span class='ocrx_word' id='word_1_516' title='bbox 633 4889 896 4956; x_wconf 79' lang='lat' dir='ltr'><strong>absolute,</strong></span> <span class='ocrx_word' id='word_1_517' title='bbox 948 4900 1002 4943; x_wconf 89' lang='lat' dir='ltr'><strong>ut</strong></span> <span class='ocrx_word' id='word_1_518' title='bbox 1036 4889 1127 4958; x_wconf 80' lang='lat' dir='ltr'><strong>qui</strong></span> <span class='ocrx_word' id='word_1_519' title='bbox 1174 4890 1423 4942; x_wconf 89' lang='lat' dir='ltr'><strong>unionem</strong></span> <span class='ocrx_word' id='word_1_520' title='bbox 1467 4889 1623 4944; x_wconf 82' lang='lat' dir='ltr'><strong>Verbi</strong></span> <span class='ocrx_word' id='word_1_521' title='bbox 1669 4906 1776 4946; x_wconf 92' lang='lat' dir='ltr'><strong>non</strong></span> 
     </span>
    </p>
   </div>
   <div class='ocr_carea' id='block_1_69' title="bbox 167 4959 1680 5031">
    <p class='ocr_par' dir='ltr' id='par_1_69' title="bbox 167 4959 1680 5031">
     <span class='ocr_line' id='line_1_69' title="bbox 167 4959 1680 5031; baseline -0.003 -12"><span class='ocrx_word' id='word_1_522' title='bbox 167 4966 344 5019; x_wconf 74' lang='lat' dir='ltr'><strong>aliam</strong></span> <span class='ocrx_word' id='word_1_523' title='bbox 378 4974 697 5029; x_wconf 78' lang='lat' dir='ltr'><strong>agnosceret</strong></span> <span class='ocrx_word' id='word_1_524' title='bbox 721 4977 879 5031; x_wconf 90' lang='lat' dir='ltr'><strong>quam</strong></span> <span class='ocrx_word' id='word_1_525' title='bbox 904 4970 994 5022; x_wconf 77' lang='grc' dir='ltr'><strong>τῆς</strong></span> <span class='ocrx_word' id='word_1_526' title='bbox 1025 4960 1297 5019; x_wconf 78' lang='grc' dir='ltr'><strong>διαθέσεως</strong></span> <span class='ocrx_word' id='word_1_527' title='bbox 1325 4962 1410 5031; x_wconf 63' lang='lat' dir='ltr'><strong>tati</strong></span> <span class='ocrx_word' id='word_1_528' title='bbox 1432 4959 1680 5031; x_wconf 67' lang='grc' dir='ltr'><strong>ςὺδᾳκίας.</strong></span> 
     </span>
    </p>
   </div>
   <div class='ocr_carea' id='block_1_70' title="bbox 240 5029 1778 5099">
    <p class='ocr_par' dir='ltr' id='par_1_70' title="bbox 240 5029 1778 5099">
     <span class='ocr_line' id='line_1_70' title="bbox 240 5029 1778 5099; baseline -0.001 -11"><span class='ocrx_word' id='word_1_529' title='bbox 240 5034 275 5074; x_wconf 64' lang='grc' dir='ltr'>δ</span> <span class='ocrx_word' id='word_1_530' title='bbox 319 5033 620 5088; x_wconf 81' lang='lat' dir='ltr'><strong>Theodoro</strong></span> <span class='ocrx_word' id='word_1_531' title='bbox 647 5029 787 5087; x_wconf 84' lang='lat' dir='ltr'><strong>inter</strong></span> <span class='ocrx_word' id='word_1_532' title='bbox 815 5042 1009 5085; x_wconf 85' lang='lat' dir='ltr'><strong>catera</strong></span> <span class='ocrx_word' id='word_1_533' title='bbox 1037 5031 1224 5099; x_wconf 84' lang='lat' dir='ltr'><strong>objicit</strong></span> <span class='ocrx_word' id='word_1_534' title='bbox 1248 5031 1301 5082; x_wconf 90' lang='lat' dir='ltr'><strong>in</strong></span> <span class='ocrx_word' id='word_1_535' title='bbox 1323 5029 1499 5084; x_wconf 81' lang='lat' dir='ltr'><strong>edicto</strong></span> <span class='ocrx_word' id='word_1_536' title='bbox 1521 5030 1778 5085; x_wconf 73' lang='lat' dir='ltr'><strong>Justinia-</strong></span> 
     </span>
    </p>
   </div>
   <div class='ocr_carea' id='block_1_71' title="bbox 162 5100 1778 5171">
    <p class='ocr_par' dir='ltr' id='par_1_71' title="bbox 162 5100 1778 5171">
     <span class='ocr_line' id='line_1_71' title="bbox 162 5100 1778 5171; baseline 0.005 -21"><span class='ocrx_word' id='word_1_537' title='bbox 162 5122 302 5171; x_wconf 66' lang='lat' dir='ltr'><strong>nos,</strong></span> <span class='ocrx_word' id='word_1_538' title='bbox 340 5103 490 5171; x_wconf 77' lang='lat' dir='ltr'><strong>quod</strong></span> <span class='ocrx_word' id='word_1_539' title='bbox 519 5103 721 5157; x_wconf 72' lang='lat' dir='ltr'><strong>diceret</strong></span> <span class='ocrx_word' id='word_1_540' title='bbox 746 5103 1017 5157; x_wconf 89' lang='lat' dir='ltr'><strong>Christum</strong></span> <span class='ocrx_word' id='word_1_541' title='bbox 1049 5117 1143 5169; x_wconf 86' lang='lat' dir='ltr'><strong>per</strong></span> <span class='ocrx_word' id='word_1_542' title='bbox 1167 5100 1489 5171; x_wconf 80' lang='lat' dir='ltr'><strong>baptismum</strong></span> <span class='ocrx_word' id='word_1_543' title='bbox 1518 5103 1778 5164; x_wconf 75' lang='grc' dir='ltr'><strong>υἱοθεσίας</strong></span> 
     </span>
    </p>
   </div>
   <div class='ocr_carea' id='block_1_72' title="bbox 174 5169 1777 5238">
    <p class='ocr_par' dir='ltr' id='par_1_72' title="bbox 174 5169 1777 5238">
     <span class='ocr_line' id='line_1_72' title="bbox 174 5169 1777 5238; baseline -0.002 -10"><span class='ocrx_word' id='word_1_544' title='bbox 174 5169 462 5238; x_wconf 51' lang='lat' dir='ltr'><strong>want</strong></span> <span class='ocrx_word' id='word_1_545' title='bbox 490 5216 505 5238; x_wconf 92' lang='lat'><strong>,</strong></span> <span class='ocrx_word' id='word_1_546' title='bbox 537 5174 763 5227; x_wconf 87' lang='lat' dir='ltr'><strong>filiorum</strong></span> <span class='ocrx_word' id='word_1_547' title='bbox 787 5172 1130 5237; x_wconf 84' lang='lat' dir='ltr'><strong>adoptionem</strong></span> <span class='ocrx_word' id='word_1_548' title='bbox 1157 5169 1409 5235; x_wconf 82' lang='lat' dir='ltr'><strong>adeptum</strong></span> <span class='ocrx_word' id='word_1_549' title='bbox 1439 5185 1579 5225; x_wconf 85' lang='lat' dir='ltr'><strong>esse.</strong></span> <span class='ocrx_word' id='word_1_550' title='bbox 1609 5172 1777 5225; x_wconf 83' lang='lat' dir='ltr'><strong>Leon-</strong></span> 
     </span>
    </p>
   </div>
   <div class='ocr_carea' id='block_1_73' title="bbox 158 5238 1780 5311">
    <p class='ocr_par' dir='ltr' id='par_1_73' title="bbox 158 5238 1780 5311">
     <span class='ocr_line' id='line_1_73' title="bbox 158 5238 1780 5311; baseline -0.003 -11"><span class='ocrx_word' id='word_1_551' title='bbox 158 5238 275 5302; x_wconf 53' lang='lat' dir='ltr'><strong>una</strong></span> <span class='ocrx_word' id='word_1_552' title='bbox 304 5260 387 5300; x_wconf 78' lang='lat' dir='ltr'><strong>ex</strong></span> <span class='ocrx_word' id='word_1_553' title='bbox 413 5245 527 5311; x_wconf 88' lang='lat' dir='ltr'><strong>eius</strong></span> <span class='ocrx_word' id='word_1_554' title='bbox 560 5243 647 5295; x_wconf 90' lang='lat' dir='ltr'><strong>lib.</strong></span> <span class='ocrx_word' id='word_1_555' title='bbox 678 5258 739 5297; x_wconf 83' lang='grc' dir='ltr'><strong>ιιι</strong></span> <span class='ocrx_word' id='word_1_556' title='bbox 779 5242 846 5297; x_wconf 89' lang='lat' dir='ltr'><strong>de</strong></span> <span class='ocrx_word' id='word_1_557' title='bbox 882 5243 1254 5296; x_wconf 65' lang='lat' dir='ltr'><strong>lncarnatt‘oue</strong></span> <span class='ocrx_word' id='word_1_558' title='bbox 1282 5258 1293 5293; x_wconf 94' lang='lat'><strong>:</strong></span> <span class='ocrx_word' id='word_1_559' title='bbox 1330 5238 1397 5294; x_wconf 86' lang='lat' dir='ltr'><strong>Et</strong></span> <span class='ocrx_word' id='word_1_560' title='bbox 1430 5257 1534 5311; x_wconf 72' lang='lat' dir='ltr'><strong>ego</strong></span> <span class='ocrx_word' id='word_1_561' title='bbox 1564 5243 1780 5311; x_wconf 81' lang='lat' dir='ltr'><strong>gloriam</strong></span> 
     </span>
    </p>
   </div>
   <div class='ocr_carea' id='block_1_74' title="bbox 156 5310 1783 5383">
    <p class='ocr_par' dir='ltr' id='par_1_74' title="bbox 156 5310 1783 5383">
     <span class='ocr_line' id='line_1_74' title="bbox 156 5310 1783 5383; baseline -0.002 -15"><span class='ocrx_word' id='word_1_562' title='bbox 156 5332 336 5383; x_wconf 69' lang='lat' dir='ltr'><strong>quam</strong></span> <span class='ocrx_word' id='word_1_563' title='bbox 370 5315 556 5368; x_wconf 75' lang='lat' dir='ltr'><strong>dedisti</strong></span> <span class='ocrx_word' id='word_1_564' title='bbox 586 5315 731 5375; x_wconf 84' lang='lat' dir='ltr'><strong>mihi,</strong></span> <span class='ocrx_word' id='word_1_565' title='bbox 766 5314 882 5366; x_wconf 81' lang='lat' dir='ltr'><strong>dedi</strong></span> <span class='ocrx_word' id='word_1_566' title='bbox 911 5315 1001 5366; x_wconf 77' lang='lat' dir='ltr'><strong>eis.</strong></span> <span class='ocrx_word' id='word_1_567' title='bbox 1038 5312 1367 5379; x_wconf 80' lang='lat' dir='ltr'><strong>Quamnam?</strong></span> <span class='ocrx_word' id='word_1_568' title='bbox 1394 5310 1592 5379; x_wconf 79' lang='lat' dir='ltr'><strong>Nempe</strong></span> <span class='ocrx_word' id='word_1_569' title='bbox 1624 5315 1783 5369; x_wconf 60' lang='lat' dir='ltr'><strong>parti-</strong></span> 
     </span>
    </p>
   </div>
   <div class='ocr_carea' id='block_1_75' title="bbox 160 5382 1783 5453">
    <p class='ocr_par' dir='ltr' id='par_1_75' title="bbox 160 5382 1783 5453">
     <span class='ocr_line' id='line_1_75' title="bbox 160 5382 1783 5453; baseline -0.002 -14"><span class='ocrx_word' id='word_1_570' title='bbox 160 5388 367 5453; x_wconf 64' lang='grc' dir='ltr'><strong>εἰναι</strong></span> <span class='ocrx_word' id='word_1_571' title='bbox 398 5385 737 5451; x_wconf 77' lang='lat' dir='ltr'><strong>adoptionem.</strong></span> <span class='ocrx_word' id='word_1_572' title='bbox 785 5383 933 5436; x_wconf 83' lang='lat' dir='ltr'><strong>Hanc</strong></span> <span class='ocrx_word' id='word_1_573' title='bbox 966 5383 1101 5453; x_wconf 79' lang='lat' dir='ltr'><strong>enim</strong></span> <span class='ocrx_word' id='word_1_574' title='bbox 1142 5382 1475 5453; x_wconf 12' lang='lat' dir='ltr'><strong>accepitiipse</strong></span> <span class='ocrx_word' id='word_1_575' title='bbox 1504 5383 1783 5453; x_wconf 64' lang='lat' dir='ltr'><strong>secundum</strong></span> 
     </span>
    </p>
   </div>
   <div class='ocr_carea' id='block_1_76' title="bbox 149 5452 1782 5521">
    <p class='ocr_par' dir='ltr' id='par_1_76' title="bbox 149 5452 1782 5521">
     <span class='ocr_line' id='line_1_76' title="bbox 149 5452 1782 5521; baseline 0.001 -14"><span class='ocrx_word' id='word_1_576' title='bbox 149 5452 567 5511; x_wconf 59' lang='lat' dir='ltr'><strong>humanitatem</strong></span> <span class='ocrx_word' id='word_1_577' title='bbox 613 5455 901 5521; x_wconf 71' lang='lat' dir='ltr'><strong>baptizatus</strong></span> <span class='ocrx_word' id='word_1_578' title='bbox 946 5455 998 5505; x_wconf 89' lang='lat' dir='ltr'><strong>in</strong></span> <span class='ocrx_word' id='word_1_579' title='bbox 1041 5452 1289 5506; x_wconf 75' lang='lat' dir='ltr'><strong>Iordane.</strong></span> <span class='ocrx_word' id='word_1_580' title='bbox 1325 5452 1494 5520; x_wconf 89' lang='lat' dir='ltr'><strong>Quam</strong></span> <span class='ocrx_word' id='word_1_581' title='bbox 1531 5452 1782 5509; x_wconf 66' lang='lat' dir='ltr'><strong>haeresim</strong></span> 
     </span>
    </p>
   </div>
   <div class='ocr_carea' id='block_1_77' title="bbox 234 5586 1407 5652">
    <p class='ocr_par' dir='ltr' id='par_1_77' title="bbox 234 5586 1407 5652">
     <span class='ocr_line' id='line_1_77' title="bbox 234 5586 1407 5652; baseline -0.001 -11"><span class='ocrx_word' id='word_1_582' title='bbox 234 5592 257 5625; x_wconf 79' lang='grc'><strong><em>³</em></strong></span> <span class='ocrx_word' id='word_1_583' title='bbox 306 5586 456 5641; x_wconf 87' lang='lat' dir='ltr'><strong>Cod.</strong></span> <span class='ocrx_word' id='word_1_584' title='bbox 494 5587 714 5652; x_wconf 66' lang='lat' dir='ltr'><strong>Verum,</strong></span> <span class='ocrx_word' id='word_1_585' title='bbox 742 5587 889 5641; x_wconf 79' lang='lat' dir='ltr'><strong>unius</strong></span> <span class='ocrx_word' id='word_1_586' title='bbox 920 5602 1027 5641; x_wconf 65' lang='lat' dir='ltr'><strong>esse</strong></span> <span class='ocrx_word' id='word_1_587' title='bbox 1047 5596 1265 5650; x_wconf 64' lang='lat' dir='ltr'><strong>natura,</strong></span> <span class='ocrx_word' id='word_1_588' title='bbox 1297 5602 1407 5641; x_wconf 78' lang='lat' dir='ltr'><strong>nec.</strong></span> 
     </span>
    </p>
   </div>
   <div class='ocr_carea' id='block_1_78' title="bbox 231 5657 1271 5727">
    <p class='ocr_par' dir='ltr' id='par_1_78' title="bbox 231 5657 1271 5727">
     <span class='ocr_line' id='line_1_78' title="bbox 231 5657 1271 5727; baseline -0.001 -14"><span class='ocrx_word' id='word_1_589' title='bbox 231 5665 257 5696; x_wconf 80' lang='grc'><strong><em>³</em></strong></span> <span class='ocrx_word' id='word_1_590' title='bbox 310 5658 470 5713; x_wconf 81' lang='lat' dir='ltr'><strong>Idem</strong></span> <span class='ocrx_word' id='word_1_591' title='bbox 497 5657 645 5720; x_wconf 83' lang='lat' dir='ltr'><strong>cod..</strong></span> <span class='ocrx_word' id='word_1_592' title='bbox 678 5659 745 5711; x_wconf 82' lang='lat' dir='ltr'><strong>de</strong></span> <span class='ocrx_word' id='word_1_593' title='bbox 775 5668 959 5711; x_wconf 82' lang='lat' dir='ltr'><strong>natura</strong></span> <span class='ocrx_word' id='word_1_594' title='bbox 995 5657 1236 5727; x_wconf 80' lang='lat' dir='ltr'><strong>Virginis.</strong></span> <span class='ocrx_word' id='word_1_595' title='bbox 1266 5696 1271 5697; x_wconf 50' lang='grc' dir='ltr'><em>ν</em></span> 
     </span>
    </p>
   </div>
   <div class='ocr_carea' id='block_1_79' title="bbox 228 5727 1415 5795">
    <p class='ocr_par' dir='ltr' id='par_1_79' title="bbox 228 5727 1415 5795">
     <span class='ocr_line' id='line_1_79' title="bbox 228 5727 1415 5795; baseline -0.003 -9"><span class='ocrx_word' id='word_1_596' title='bbox 228 5730 261 5765; x_wconf 85' lang='grc'><strong><em>⁸</em></strong></span> <span class='ocrx_word' id='word_1_597' title='bbox 312 5730 477 5786; x_wconf 69' lang='lat' dir='ltr'><strong>Idan</strong></span> <span class='ocrx_word' id='word_1_598' title='bbox 509 5728 650 5794; x_wconf 84' lang='lat' dir='ltr'><strong>cod.,</strong></span> <span class='ocrx_word' id='word_1_599' title='bbox 676 5730 841 5795; x_wconf 74' lang='lat' dir='ltr'><strong>factus</strong></span> <span class='ocrx_word' id='word_1_600' title='bbox 872 5740 942 5785; x_wconf 83' lang='lat' dir='ltr'><strong>est</strong></span> <span class='ocrx_word' id='word_1_601' title='bbox 969 5727 1103 5785; x_wconf 78' lang='lat' dir='ltr'><strong>Deus</strong></span> <span class='ocrx_word' id='word_1_602' title='bbox 1141 5727 1359 5785; x_wconf 66' lang='lat' dir='ltr'><strong>Verbum</strong></span> <span class='ocrx_word' id='word_1_603' title='bbox 1392 5731 1415 5783; x_wconf 84' lang='lat'><strong>.’</strong></span> 
     </span>
    </p>
   </div>
   <div class='ocr_carea' id='block_1_80' title="bbox 1877 1836 3465 1909">
    <p class='ocr_par' dir='ltr' id='par_1_80' title="bbox 1877 1836 3465 1909">
     <span class='ocr_line' id='line_1_80' title="bbox 1877 1836 3465 1909; baseline 0.004 -18"><span class='ocrx_word' id='word_1_604' title='bbox 1877 1836 1964 1892; x_wconf 89' lang='lat' dir='ltr'><strong>illa</strong></span> <span class='ocrx_word' id='word_1_605' title='bbox 1995 1838 2243 1893; x_wconf 82' lang='lat' dir='ltr'><strong>honorati</strong></span> <span class='ocrx_word' id='word_1_606' title='bbox 2271 1838 2535 1894; x_wconf 83' lang='lat' dir='ltr'><strong>manere?</strong></span> <span class='ocrx_word' id='word_1_607' title='bbox 2564 1839 2669 1894; x_wconf 86' lang='lat' dir='ltr'><strong>Sed</strong></span> <span class='ocrx_word' id='word_1_608' title='bbox 2691 1882 2703 1903; x_wconf 85' lang='lat'><strong><em>.</em></strong></span> <span class='ocrx_word' id='word_1_609' title='bbox 2748 1841 2886 1896; x_wconf 83' lang='lat' dir='ltr'><strong>sicut</strong></span> <span class='ocrx_word' id='word_1_610' title='bbox 2915 1841 3002 1898; x_wconf 93' lang='lat' dir='ltr'><strong>hic</strong></span> <span class='ocrx_word' id='word_1_611' title='bbox 3032 1844 3208 1909; x_wconf 86' lang='lat' dir='ltr'><strong>docet,</strong></span> <span class='ocrx_word' id='word_1_612' title='bbox 3242 1859 3465 1900; x_wconf 81' lang='lat' dir='ltr'><strong>conver-</strong></span> 
     </span>
    </p>
   </div>
   <div class='ocr_carea' id='block_1_81' title="bbox 1873 1928 3464 2002">
    <p class='ocr_par' dir='ltr' id='par_1_81' title="bbox 1873 1928 3464 2002">
     <span class='ocr_line' id='line_1_81' title="bbox 1873 1928 3464 2002; baseline 0.007 -20"><span class='ocrx_word' id='word_1_613' title='bbox 1873 1928 2078 1983; x_wconf 85' lang='lat' dir='ltr'><strong>sionem</strong></span> <span class='ocrx_word' id='word_1_614' title='bbox 2111 1928 2134 1999; x_wconf 52' lang='grc' dir='ltr'><strong>ἕ</strong></span> <span class='ocrx_word' id='word_1_615' title='bbox 2162 1943 2377 1983; x_wconf 82' lang='lat' dir='ltr'><strong>carnem</strong></span> <span class='ocrx_word' id='word_1_616' title='bbox 2439 1930 2606 1984; x_wconf 88' lang='lat' dir='ltr'><strong>factus</strong></span> <span class='ocrx_word' id='word_1_617' title='bbox 2669 1931 2933 1987; x_wconf 80' lang='lat' dir='ltr'><strong>adversus</strong></span> <span class='ocrx_word' id='word_1_618' title='bbox 2982 1934 3464 2002; x_wconf 77' lang='lat' dir='ltr'><strong>Apnliuaristarum</strong></span> 
     </span>
    </p>
   </div>
   <div class='ocr_carea' id='block_1_82' title="bbox 1876 2019 3464 2095">
    <p class='ocr_par' dir='ltr' id='par_1_82' title="bbox 1876 2019 3464 2095">
     <span class='ocr_line' id='line_1_82' title="bbox 1876 2019 3464 2095; baseline 0.004 -21"><span class='ocrx_word' id='word_1_619' title='bbox 1876 2019 2137 2074; x_wconf 89' lang='lat' dir='ltr'><strong>insaniam</strong></span> <span class='ocrx_word' id='word_1_620' title='bbox 2164 2020 2499 2090; x_wconf 84' lang='lat' dir='ltr'><strong>denegabant</strong></span> <span class='ocrx_word' id='word_1_621' title='bbox 2523 2039 2537 2074; x_wconf 80' lang='lat'><strong>;</strong></span> <span class='ocrx_word' id='word_1_622' title='bbox 2568 2022 2706 2076; x_wconf 90' lang='lat' dir='ltr'><strong>sicut</strong></span> <span class='ocrx_word' id='word_1_623' title='bbox 2734 2023 2786 2076; x_wconf 88' lang='lat' dir='ltr'><strong>in</strong></span> <span class='ocrx_word' id='word_1_624' title='bbox 2815 2023 3102 2095; x_wconf 77' lang='lat' dir='ltr'><strong>Evangelio</strong></span> <span class='ocrx_word' id='word_1_625' title='bbox 3133 2028 3345 2085; x_wconf 81' lang='lat' dir='ltr'><strong>dicente</strong></span> <span class='ocrx_word' id='word_1_626' title='bbox 3370 2031 3464 2085; x_wconf 83' lang='lat' dir='ltr'><strong>Dn-</strong></span> 
     </span>
    </p>
   </div>
   <div class='ocr_carea' id='block_1_83' title="bbox 1878 2111 3464 2187">
    <p class='ocr_par' dir='ltr' id='par_1_83' title="bbox 1878 2111 3464 2187">
     <span class='ocr_line' id='line_1_83' title="bbox 1878 2111 3464 2187; baseline 0.006 -23"><span class='ocrx_word' id='word_1_627' title='bbox 1878 2112 2044 2177; x_wconf 90' lang='lat' dir='ltr'><strong>mino,</strong></span> <span class='ocrx_word' id='word_1_628' title='bbox 2074 2111 2229 2166; x_wconf 82' lang='lat' dir='ltr'><strong>Pater</strong></span> <span class='ocrx_word' id='word_1_629' title='bbox 2258 2113 2427 2183; x_wconf 86' lang='lat' dir='ltr'><strong>major</strong></span> <span class='ocrx_word' id='word_1_630' title='bbox 2466 2128 2545 2166; x_wconf 78' lang='lat' dir='ltr'><strong>me</strong></span> <span class='ocrx_word' id='word_1_631' title='bbox 2589 2125 2663 2167; x_wconf 83' lang='lat' dir='ltr'><strong>est</strong></span> <span class='ocrx_word' id='word_1_632' title='bbox 2702 2112 2881 2183; x_wconf 81' lang='lat' dir='ltr'><strong>(Joan.</strong></span> <span class='ocrx_word' id='word_1_633' title='bbox 2919 2131 3030 2185; x_wconf 81' lang='lat' dir='ltr'><strong>xiv,</strong></span> <span class='ocrx_word' id='word_1_634' title='bbox 3082 2118 3161 2186; x_wconf 73' lang='lat'><strong>2),</strong></span> <span class='ocrx_word' id='word_1_635' title='bbox 3215 2122 3464 2187; x_wconf 86' lang='lat' dir='ltr'><strong>quoniam</strong></span> 
     </span>
    </p>
   </div>
   <div class='ocr_carea' id='block_1_84' title="bbox 1876 2202 3464 2271">
    <p class='ocr_par' dir='ltr' id='par_1_84' title="bbox 1876 2202 3464 2271">
     <span class='ocr_line' id='line_1_84' title="bbox 1876 2202 3464 2271; baseline 0.006 -15"><span class='ocrx_word' id='word_1_636' title='bbox 1876 2202 2059 2257; x_wconf 82' lang='lat' dir='ltr'><strong>Ariani</strong></span> <span class='ocrx_word' id='word_1_637' title='bbox 2092 2203 2194 2256; x_wconf 91' lang='lat' dir='ltr'><strong>hoc</strong></span> <span class='ocrx_word' id='word_1_638' title='bbox 2222 2202 2528 2258; x_wconf 87' lang='lat' dir='ltr'><strong>testimonio</strong></span> <span class='ocrx_word' id='word_1_639' title='bbox 2553 2203 2869 2271; x_wconf 84' lang='lat' dir='ltr'><strong>abutuntur,</strong></span> <span class='ocrx_word' id='word_1_640' title='bbox 2919 2208 3081 2261; x_wconf 89' lang='lat' dir='ltr'><strong>etiam</strong></span> <span class='ocrx_word' id='word_1_641' title='bbox 3120 2224 3219 2263; x_wconf 92' lang='lat' dir='ltr'><strong>nos</strong></span> <span class='ocrx_word' id='word_1_642' title='bbox 3254 2211 3464 2268; x_wconf 87' lang='lat' dir='ltr'><strong>illorum</strong></span> 
     </span>
    </p>
   </div>
   <div class='ocr_carea' id='block_1_85' title="bbox 1875 2292 3465 2368">
    <p class='ocr_par' dir='ltr' id='par_1_85' title="bbox 1875 2292 3465 2368">
     <span class='ocr_line' id='line_1_85' title="bbox 1875 2292 3465 2368; baseline 0.006 -22"><span class='ocrx_word' id='word_1_643' title='bbox 1875 2292 2159 2349; x_wconf 85' lang='lat' dir='ltr'><strong>intentioni</strong></span> <span class='ocrx_word' id='word_1_644' title='bbox 2184 2309 2287 2349; x_wconf 89' lang='lat' dir='ltr'><strong>non</strong></span> <span class='ocrx_word' id='word_1_645' title='bbox 2303 2294 2594 2365; x_wconf 77' lang='lat' dir='ltr'><strong>Evangelia</strong></span> <span class='ocrx_word' id='word_1_646' title='bbox 2620 2295 2954 2362; x_wconf 80' lang='lat' dir='ltr'><strong>resistentes,</strong></span> <span class='ocrx_word' id='word_1_647' title='bbox 2973 2314 3232 2368; x_wconf 84' lang='lat' dir='ltr'><strong>negamus</strong></span> <span class='ocrx_word' id='word_1_648' title='bbox 3254 2300 3465 2356; x_wconf 78' lang='lat' dir='ltr'><strong>Patrem</strong></span> 
     </span>
    </p>
   </div>
   <div class='ocr_carea' id='block_1_86' title="bbox 1876 2383 3465 2456">
    <p class='ocr_par' dir='ltr' id='par_1_86' title="bbox 1876 2383 3465 2456">
     <span class='ocr_line' id='line_1_86' title="bbox 1876 2383 3465 2456; baseline 0.004 -17"><span class='ocrx_word' id='word_1_649' title='bbox 1876 2383 2012 2440; x_wconf 84' lang='lat' dir='ltr'><strong>Filio</strong></span> <span class='ocrx_word' id='word_1_650' title='bbox 2051 2399 2173 2440; x_wconf 88' lang='lat' dir='ltr'><strong>esse</strong></span> <span class='ocrx_word' id='word_1_651' title='bbox 2219 2385 2502 2456; x_wconf 87' lang='lat' dir='ltr'><strong>maiorem.</strong></span> <span class='ocrx_word' id='word_1_652' title='bbox 2540 2387 2604 2441; x_wconf 87' lang='lat' dir='ltr'><strong>Et</strong></span> <span class='ocrx_word' id='word_1_653' title='bbox 2648 2387 2693 2441; x_wconf 89' lang='lat' dir='ltr'><strong>si</strong></span> <span class='ocrx_word' id='word_1_654' title='bbox 2725 2388 2844 2456; x_wconf 89' lang='lat' dir='ltr'><strong>quis</strong></span> <span class='ocrx_word' id='word_1_655' title='bbox 2870 2390 3029 2443; x_wconf 81' lang='lat' dir='ltr'><strong>etiam</strong></span> <span class='ocrx_word' id='word_1_656' title='bbox 3065 2390 3151 2446; x_wconf 89' lang='lat' dir='ltr'><strong>hic</strong></span> <span class='ocrx_word' id='word_1_657' title='bbox 3182 2393 3465 2447; x_wconf 90' lang='lat' dir='ltr'><strong>verborum</strong></span> 
     </span>
    </p>
   </div>
   <div class='ocr_carea' id='block_1_87' title="bbox 1874 2479 3570 2547">
    <p class='ocr_par' dir='ltr' id='par_1_87' title="bbox 1874 2479 3570 2547">
     <span class='ocr_line' id='line_1_87' title="bbox 1874 2479 3570 2547; baseline 0.005 -16"><span class='ocrx_word' id='word_1_658' title='bbox 1874 2489 2039 2532; x_wconf 86' lang='lat' dir='ltr'><strong>sonos</strong></span> <span class='ocrx_word' id='word_1_659' title='bbox 2084 2485 2139 2531; x_wconf 91' lang='lat' dir='ltr'><strong>et</strong></span> <span class='ocrx_word' id='word_1_660' title='bbox 2174 2492 2281 2532; x_wconf 89' lang='lat' dir='ltr'><strong>non</strong></span> <span class='ocrx_word' id='word_1_661' title='bbox 2324 2479 2658 2547; x_wconf 89' lang='lat' dir='ltr'><strong>propositum</strong></span> <span class='ocrx_word' id='word_1_662' title='bbox 2690 2480 2889 2534; x_wconf 88' lang='lat' dir='ltr'><strong>mentis</strong></span> <span class='ocrx_word' id='word_1_663' title='bbox 2924 2482 3202 2547; x_wconf 87' lang='lat' dir='ltr'><strong>attendat,</strong></span> <span class='ocrx_word' id='word_1_664' title='bbox 3237 2484 3467 2539; x_wconf 78' lang='lat' dir='ltr'><strong>Arianos</strong></span> <span class='ocrx_word' id='word_1_665' title='bbox 3564 2540 3570 2546; x_wconf 94' lang='lat'><em>_</em></span> 
     </span>
    </p>
   </div>
   <div class='ocr_carea' id='block_1_88' title="bbox 1878 2566 3468 2637">
    <p class='ocr_par' dir='ltr' id='par_1_88' title="bbox 1878 2566 3468 2637">
     <span class='ocr_line' id='line_1_88' title="bbox 1878 2566 3468 2637; baseline 0.004 -17"><span class='ocrx_word' id='word_1_666' title='bbox 1878 2568 2055 2635; x_wconf 87' lang='lat' dir='ltr'><strong>potius</strong></span> <span class='ocrx_word' id='word_1_667' title='bbox 2082 2581 2244 2636; x_wconf 88' lang='lat' dir='ltr'><strong>quam</strong></span> <span class='ocrx_word' id='word_1_668' title='bbox 2272 2581 2374 2621; x_wconf 89' lang='lat' dir='ltr'><strong>nos</strong></span> <span class='ocrx_word' id='word_1_669' title='bbox 2402 2566 2614 2635; x_wconf 84' lang='lat' dir='ltr'><strong>putabit</strong></span> <span class='ocrx_word' id='word_1_670' title='bbox 2650 2566 2925 2637; x_wconf 85' lang='lat' dir='ltr'><strong>Evangelii</strong></span> <span class='ocrx_word' id='word_1_671' title='bbox 2956 2571 3236 2625; x_wconf 87' lang='lat' dir='ltr'><strong>sententia</strong></span> <span class='ocrx_word' id='word_1_672' title='bbox 3274 2586 3468 2627; x_wconf 57' lang='lat' dir='ltr'><strong>conve.</strong></span> 
     </span>
    </p>
   </div>
   <div class='ocr_carea' id='block_1_89' title="bbox 1878 2656 3469 2731">
    <p class='ocr_par' dir='ltr' id='par_1_89' title="bbox 1878 2656 3469 2731">
     <span class='ocr_line' id='line_1_89' title="bbox 1878 2656 3469 2731; baseline 0.005 -20"><span class='ocrx_word' id='word_1_673' title='bbox 1878 2656 2015 2712; x_wconf 90' lang='lat' dir='ltr'><strong>nire.</strong></span> <span class='ocrx_word' id='word_1_674' title='bbox 2062 2656 2345 2724; x_wconf 86' lang='lat' dir='ltr'><strong>Quomodo</strong></span> <span class='ocrx_word' id='word_1_675' title='bbox 2384 2666 2561 2712; x_wconf 88' lang='lat' dir='ltr'><strong>autem</strong></span> <span class='ocrx_word' id='word_1_676' title='bbox 2613 2658 2855 2715; x_wconf 86' lang='lat' dir='ltr'><strong>dicerent</strong></span> <span class='ocrx_word' id='word_1_677' title='bbox 2903 2661 3301 2731; x_wconf 77' lang='lat' dir='ltr'><strong>Apolinarista,</strong></span> <span class='ocrx_word' id='word_1_678' title='bbox 3340 2663 3469 2719; x_wconf 82' lang='lat' dir='ltr'><strong>Ver-</strong></span> 
     </span>
    </p>
   </div>
   <div class='ocr_carea' id='block_1_90' title="bbox 1876 2752 3467 2825">
    <p class='ocr_par' dir='ltr' id='par_1_90' title="bbox 1876 2752 3467 2825">
     <span class='ocr_line' id='line_1_90' title="bbox 1876 2752 3467 2825; baseline 0.006 -21"><span class='ocrx_word' id='word_1_679' title='bbox 1876 2753 1994 2805; x_wconf 81' lang='lat' dir='ltr'><strong>bum</strong></span> <span class='ocrx_word' id='word_1_680' title='bbox 2022 2765 2141 2803; x_wconf 85' lang='lat' dir='ltr'><strong>caro</strong></span> <span class='ocrx_word' id='word_1_681' title='bbox 2167 2753 2364 2820; x_wconf 76' lang='lat' dir='ltr'><strong>factum</strong></span> <span class='ocrx_word' id='word_1_682' title='bbox 2383 2759 2480 2818; x_wconf 83' lang='lat' dir='ltr'><strong>est,</strong></span> <span class='ocrx_word' id='word_1_683' title='bbox 2508 2759 2561 2805; x_wconf 88' lang='lat' dir='ltr'><strong>et</strong></span> <span class='ocrx_word' id='word_1_684' title='bbox 2582 2752 2853 2821; x_wconf 87' lang='lat' dir='ltr'><strong>quomodo</strong></span> <span class='ocrx_word' id='word_1_685' title='bbox 2881 2754 3133 2810; x_wconf 88' lang='lat' dir='ltr'><strong>catholici</strong></span> <span class='ocrx_word' id='word_1_686' title='bbox 3180 2757 3467 2825; x_wconf 56' lang='lat' dir='ltr'><strong>reponde-</strong></span> 
     </span>
    </p>
   </div>
   <div class='ocr_carea' id='block_1_91' title="bbox 1877 2840 3473 2912">
    <p class='ocr_par' dir='ltr' id='par_1_91' title="bbox 1877 2840 3473 2912">
     <span class='ocr_line' id='line_1_91' title="bbox 1877 2840 3473 2912; baseline 0.004 -15"><span class='ocrx_word' id='word_1_687' title='bbox 1877 2851 2018 2908; x_wconf 89' lang='lat' dir='ltr'><strong>rent,</strong></span> <span class='ocrx_word' id='word_1_688' title='bbox 2046 2840 2089 2895; x_wconf 89' lang='lat' dir='ltr'><strong>si</strong></span> <span class='ocrx_word' id='word_1_689' title='bbox 2115 2850 2295 2896; x_wconf 82' lang='lat' dir='ltr'><strong>tamen</strong></span> <span class='ocrx_word' id='word_1_690' title='bbox 2330 2840 2406 2895; x_wconf 90' lang='lat' dir='ltr'><strong>ita</strong></span> <span class='ocrx_word' id='word_1_691' title='bbox 2436 2840 2783 2911; x_wconf 86' lang='lat' dir='ltr'><strong>respondisse</strong></span> <span class='ocrx_word' id='word_1_692' title='bbox 2828 2854 3217 2912; x_wconf 85' lang='lat' dir='ltr'><strong>monstrantur,</strong></span> <span class='ocrx_word' id='word_1_693' title='bbox 3257 2847 3473 2903; x_wconf 80' lang='lat' dir='ltr'><strong>Verbum</strong></span> 
     </span>
    </p>
   </div>
   <div class='ocr_carea' id='block_1_92' title="bbox 1878 2934 3470 3009">
    <p class='ocr_par' dir='ltr' id='par_1_92' title="bbox 1878 2934 3470 3009">
     <span class='ocr_line' id='line_1_92' title="bbox 1878 2934 3470 3009; baseline 0.006 -22"><span class='ocrx_word' id='word_1_694' title='bbox 1878 2949 1998 2988; x_wconf 86' lang='lat' dir='ltr'><strong>caro</strong></span> <span class='ocrx_word' id='word_1_695' title='bbox 2034 2950 2135 2988; x_wconf 90' lang='lat' dir='ltr'><strong>non</strong></span> <span class='ocrx_word' id='word_1_696' title='bbox 2175 2934 2368 3005; x_wconf 79' lang='lat' dir='ltr'><strong>factum</strong></span> <span class='ocrx_word' id='word_1_697' title='bbox 2408 2943 2499 3000; x_wconf 85' lang='lat' dir='ltr'><strong>est,</strong></span> <span class='ocrx_word' id='word_1_698' title='bbox 2542 2934 2784 2991; x_wconf 73' lang='lat' dir='ltr'><strong>Ecclesia</strong></span> <span class='ocrx_word' id='word_1_699' title='bbox 2819 2935 3093 3006; x_wconf 88' lang='lat' dir='ltr'><strong>indicabit,</strong></span> <span class='ocrx_word' id='word_1_700' title='bbox 3124 2956 3242 3009; x_wconf 88' lang='lat' dir='ltr'><strong>qua</strong></span> <span class='ocrx_word' id='word_1_701' title='bbox 3269 2950 3323 2996; x_wconf 87' lang='lat' dir='ltr'><strong>et</strong></span> <span class='ocrx_word' id='word_1_702' title='bbox 3353 2943 3470 2999; x_wconf 83' lang='lat' dir='ltr'><strong>illos</strong></span> 
     </span>
    </p>
   </div>
   <div class='ocr_carea' id='block_1_93' title="bbox 1879 3026 3469 3102">
    <p class='ocr_par' dir='ltr' id='par_1_93' title="bbox 1879 3026 3469 3102">
     <span class='ocr_line' id='line_1_93' title="bbox 1879 3026 3469 3102; baseline 0.004 -20"><span class='ocrx_word' id='word_1_703' title='bbox 1879 3026 2106 3097; x_wconf 86' lang='lat' dir='ltr'><strong>expulit,</strong></span> <span class='ocrx_word' id='word_1_704' title='bbox 2135 3037 2190 3082; x_wconf 91' lang='lat' dir='ltr'><strong>et</strong></span> <span class='ocrx_word' id='word_1_705' title='bbox 2214 3027 2338 3083; x_wconf 89' lang='lat' dir='ltr'><strong>illos</strong></span> <span class='ocrx_word' id='word_1_706' title='bbox 2364 3028 2386 3059; x_wconf 82' lang='grc'>⁸</span> <span class='ocrx_word' id='word_1_707' title='bbox 2413 3027 2598 3082; x_wconf 90' lang='lat' dir='ltr'><strong>habuit</strong></span> <span class='ocrx_word' id='word_1_708' title='bbox 2638 3027 2947 3084; x_wconf 90' lang='lat' dir='ltr'><strong>honoratos.</strong></span> <span class='ocrx_word' id='word_1_709' title='bbox 2993 3030 3144 3087; x_wconf 88' lang='lat' dir='ltr'><strong>Unde</strong></span> <span class='ocrx_word' id='word_1_710' title='bbox 3190 3035 3469 3102; x_wconf 86' lang='lat' dir='ltr'><strong>consequi-</strong></span> 
     </span>
    </p>
   </div>
   <div class='ocr_carea' id='block_1_94' title="bbox 1804 3112 3467 3191">
    <p class='ocr_par' dir='ltr' id='par_1_94' title="bbox 1804 3112 3467 3191">
     <span class='ocr_line' id='line_1_94' title="bbox 1804 3112 3467 3191; baseline 0.002 -17"><span class='ocrx_word' id='word_1_711' title='bbox 1804 3112 1851 3174; x_wconf 87' lang='lat' dir='ltr'><strong>C</strong></span> <span class='ocrx_word' id='word_1_712' title='bbox 1883 3128 1968 3173; x_wconf 89' lang='lat' dir='ltr'><strong>tur</strong></span> <span class='ocrx_word' id='word_1_713' title='bbox 2006 3126 2066 3173; x_wconf 90' lang='lat' dir='ltr'><strong>ut</strong></span> <span class='ocrx_word' id='word_1_714' title='bbox 2092 3119 2137 3173; x_wconf 92' lang='lat' dir='ltr'><strong>si</strong></span> <span class='ocrx_word' id='word_1_715' title='bbox 2167 3118 2286 3188; x_wconf 89' lang='lat' dir='ltr'><strong>quis</strong></span> <span class='ocrx_word' id='word_1_716' title='bbox 2310 3118 2381 3174; x_wconf 86' lang='lat' dir='ltr'><strong>ab</strong></span> <span class='ocrx_word' id='word_1_717' title='bbox 2405 3118 2642 3174; x_wconf 86' lang='lat' dir='ltr'><strong>Ecclesia</strong></span> <span class='ocrx_word' id='word_1_718' title='bbox 2665 3119 2797 3174; x_wconf 88' lang='lat' dir='ltr'><strong>istos</strong></span> <span class='ocrx_word' id='word_1_719' title='bbox 2841 3120 3071 3175; x_wconf 86' lang='lat' dir='ltr'><strong>noluerit</strong></span> <span class='ocrx_word' id='word_1_720' title='bbox 3094 3121 3115 3152; x_wconf 85' lang='grc'><strong>⁸</strong></span> <span class='ocrx_word' id='word_1_721' title='bbox 3160 3123 3467 3191; x_wconf 80' lang='lat' dir='ltr'><strong>expellere,</strong></span> 
     </span>
    </p>
   </div>
   <div class='ocr_carea' id='block_1_95' title="bbox 1880 3208 3469 3283">
    <p class='ocr_par' dir='ltr' id='par_1_95' title="bbox 1880 3208 3469 3283">
     <span class='ocr_line' id='line_1_95' title="bbox 1880 3208 3469 3283; baseline 0.004 -20"><span class='ocrx_word' id='word_1_722' title='bbox 1880 3208 2253 3263; x_wconf 87' lang='lat' dir='ltr'><strong>stultissimam</strong></span> <span class='ocrx_word' id='word_1_723' title='bbox 2280 3224 2466 3265; x_wconf 88' lang='lat' dir='ltr'><strong>eorum</strong></span> <span class='ocrx_word' id='word_1_724' title='bbox 2499 3211 2805 3280; x_wconf 82' lang='lat' dir='ltr'><strong>progeniem</strong></span> <span class='ocrx_word' id='word_1_725' title='bbox 2838 3212 3199 3283; x_wconf 82' lang='lat' dir='ltr'><strong>Eutychianos</strong></span> <span class='ocrx_word' id='word_1_726' title='bbox 3227 3230 3349 3270; x_wconf 89' lang='lat' dir='ltr'><strong>cum</strong></span> <span class='ocrx_word' id='word_1_727' title='bbox 3373 3232 3469 3271; x_wconf 90' lang='lat' dir='ltr'><strong>suo</strong></span> 
     </span>
    </p>
   </div>
   <div class='ocr_carea' id='block_1_96' title="bbox 1880 3300 3470 3375">
    <p class='ocr_par' dir='ltr' id='par_1_96' title="bbox 1880 3300 3470 3375">
     <span class='ocr_line' id='line_1_96' title="bbox 1880 3300 3470 3375; baseline 0.004 -20"><span class='ocrx_word' id='word_1_728' title='bbox 1880 3315 2068 3355; x_wconf 88' lang='lat' dir='ltr'><strong>errore</strong></span> <span class='ocrx_word' id='word_1_729' title='bbox 2095 3300 2257 3355; x_wconf 81' lang='lat' dir='ltr'><strong>faciat</strong></span> <span class='ocrx_word' id='word_1_730' title='bbox 2284 3301 2529 3357; x_wconf 89' lang='lat' dir='ltr'><strong>introire.</strong></span> <span class='ocrx_word' id='word_1_731' title='bbox 2560 3302 2913 3369; x_wconf 81' lang='lat' dir='ltr'><strong>Adeptioneni</strong></span> <span class='ocrx_word' id='word_1_732' title='bbox 2948 3320 3161 3375; x_wconf 88' lang='lat' dir='ltr'><strong>quoque</strong></span> <span class='ocrx_word' id='word_1_733' title='bbox 3195 3306 3423 3361; x_wconf 88' lang='lat' dir='ltr'><strong>filiorum</strong></span> <span class='ocrx_word' id='word_1_734' title='bbox 3444 3308 3470 3345; x_wconf 73' lang='grc' dir='ltr'>ιι</span> 
     </span>
    </p>
   </div>
   <div class='ocr_carea' id='block_1_97' title="bbox 1882 3389 3471 3461">
    <p class='ocr_par' dir='ltr' id='par_1_97' title="bbox 1882 3389 3471 3461">
     <span class='ocr_line' id='line_1_97' title="bbox 1882 3389 3471 3461; baseline 0.006 -16"><span class='ocrx_word' id='word_1_735' title='bbox 1882 3391 2187 3460; x_wconf 86' lang='lat' dir='ltr'><strong>suscepisse</strong></span> <span class='ocrx_word' id='word_1_736' title='bbox 2218 3389 2523 3458; x_wconf 88' lang='lat' dir='ltr'><strong>Christum,</strong></span> <span class='ocrx_word' id='word_1_737' title='bbox 2573 3392 2619 3446; x_wconf 90' lang='lat' dir='ltr'><strong>si</strong></span> <span class='ocrx_word' id='word_1_738' title='bbox 2667 3392 2869 3461; x_wconf 90' lang='lat' dir='ltr'><strong>antiqui</strong></span> <span class='ocrx_word' id='word_1_739' title='bbox 2916 3392 3165 3449; x_wconf 87' lang='lat' dir='ltr'><strong>doctores</strong></span> <span class='ocrx_word' id='word_1_740' title='bbox 3217 3396 3471 3454; x_wconf 78' lang='lat' dir='ltr'><strong>Ecclesia</strong></span> 
     </span>
    </p>
   </div>
   <div class='ocr_carea' id='block_1_98' title="bbox 1881 3479 3469 3552">
    <p class='ocr_par' dir='ltr' id='par_1_98' title="bbox 1881 3479 3469 3552">
     <span class='ocr_line' id='line_1_98' title="bbox 1881 3479 3469 3552; baseline 0.006 -17"><span class='ocrx_word' id='word_1_741' title='bbox 1881 3479 2088 3536; x_wconf 87' lang='lat' dir='ltr'><strong>dixisse</strong></span> <span class='ocrx_word' id='word_1_742' title='bbox 2117 3490 2564 3548; x_wconf 79' lang='lat' dir='ltr'><strong>mmistrarentur,</strong></span> <span class='ocrx_word' id='word_1_743' title='bbox 2594 3496 2695 3537; x_wconf 89' lang='lat' dir='ltr'><strong>nec</strong></span> <span class='ocrx_word' id='word_1_744' title='bbox 2726 3484 2861 3552; x_wconf 89' lang='lat' dir='ltr'><strong>ipsi,</strong></span> <span class='ocrx_word' id='word_1_745' title='bbox 2895 3499 2995 3539; x_wconf 90' lang='lat' dir='ltr'><strong>nec</strong></span> <span class='ocrx_word' id='word_1_746' title='bbox 3025 3487 3200 3541; x_wconf 90' lang='lat' dir='ltr'><strong>omnis</strong></span> <span class='ocrx_word' id='word_1_747' title='bbox 3233 3488 3469 3545; x_wconf 88' lang='lat' dir='ltr'><strong>Ecclesia</strong></span> 
     </span>
    </p>
   </div>
   <div class='ocr_carea' id='block_1_99' title="bbox 1883 3574 3471 3646">
    <p class='ocr_par' dir='ltr' id='par_1_99' title="bbox 1883 3574 3471 3646">
     <span class='ocr_line' id='line_1_99' title="bbox 1883 3574 3471 3646; baseline 0.004 -17"><span class='ocrx_word' id='word_1_748' title='bbox 1883 3589 2003 3646; x_wconf 82' lang='lat' dir='ltr'><strong>qua</strong></span> <span class='ocrx_word' id='word_1_749' title='bbox 2030 3575 2166 3631; x_wconf 86' lang='lat' dir='ltr'><strong>tales</strong></span> <span class='ocrx_word' id='word_1_750' title='bbox 2195 3576 2447 3630; x_wconf 87' lang='lat' dir='ltr'><strong>doctores</strong></span> <span class='ocrx_word' id='word_1_751' title='bbox 2487 3574 2713 3639; x_wconf 85' lang='lat' dir='ltr'><strong>habuit,</strong></span> <span class='ocrx_word' id='word_1_752' title='bbox 2761 3576 2993 3646; x_wconf 85' lang='lat' dir='ltr'><strong>iudicari</strong></span> <span class='ocrx_word' id='word_1_753' title='bbox 3042 3578 3263 3633; x_wconf 88' lang='lat' dir='ltr'><strong>deberet</strong></span> <span class='ocrx_word' id='word_1_754' title='bbox 3302 3580 3471 3635; x_wconf 57' lang='lat' dir='ltr'><strong>hare-</strong></span> 
     </span>
    </p>
   </div>
   <div class='ocr_carea' id='block_1_100' title="bbox 1884 3667 3471 3752">
    <p class='ocr_par' dir='ltr' id='par_1_100' title="bbox 1884 3667 3471 3752">
     <span class='ocr_line' id='line_1_100' title="bbox 1884 3667 3471 3752; baseline 0.003 -29"><span class='ocrx_word' id='word_1_755' title='bbox 1884 3667 2008 3723; x_wconf 81' lang='lat' dir='ltr'><strong>lica.</strong></span> <span class='ocrx_word' id='word_1_756' title='bbox 2040 3667 2170 3723; x_wconf 86' lang='lat' dir='ltr'><strong>Nam</strong></span> <span class='ocrx_word' id='word_1_757' title='bbox 2201 3678 2596 3724; x_wconf 85' lang='lat' dir='ltr'><strong>sacramentum</strong></span> <span class='ocrx_word' id='word_1_758' title='bbox 2644 3668 2948 3752; x_wconf 74' lang='lat' dir='ltr'><strong>adoptionis</strong></span> <span class='ocrx_word' id='word_1_759' title='bbox 2978 3671 3255 3738; x_wconf 89' lang='lat' dir='ltr'><strong>suscipere</strong></span> <span class='ocrx_word' id='word_1_760' title='bbox 3280 3672 3471 3742; x_wconf 88' lang='lat' dir='ltr'><strong>digna-</strong></span> 
     </span>
    </p>
   </div>
   <div class='ocr_carea' id='block_1_101' title="bbox 1884 3761 3473 3831">
    <p class='ocr_par' dir='ltr' id='par_1_101' title="bbox 1884 3761 3473 3831">
     <span class='ocr_line' id='line_1_101' title="bbox 1884 3761 3473 3831; baseline 0.003 -15"><span class='ocrx_word' id='word_1_761' title='bbox 1884 3768 1970 3816; x_wconf 92' lang='lat' dir='ltr'><strong>tus</strong></span> <span class='ocrx_word' id='word_1_762' title='bbox 2016 3770 2100 3816; x_wconf 88' lang='lat' dir='ltr'><strong>est</strong></span> <span class='ocrx_word' id='word_1_763' title='bbox 2151 3761 2428 3829; x_wconf 89' lang='lat' dir='ltr'><strong>Christus,</strong></span> <span class='ocrx_word' id='word_1_764' title='bbox 2488 3770 2545 3817; x_wconf 90' lang='lat' dir='ltr'><strong>et</strong></span> <span class='ocrx_word' id='word_1_765' title='bbox 2597 3762 2809 3831; x_wconf 88' lang='lat' dir='ltr'><strong>quando</strong></span> <span class='ocrx_word' id='word_1_766' title='bbox 2863 3762 3212 3818; x_wconf 88' lang='lat' dir='ltr'><strong>circumcisus</strong></span> <span class='ocrx_word' id='word_1_767' title='bbox 3263 3773 3371 3829; x_wconf 81' lang='lat' dir='ltr'><strong>est,</strong></span> <span class='ocrx_word' id='word_1_768' title='bbox 3420 3775 3473 3821; x_wconf 85' lang='lat' dir='ltr'><strong>et</strong></span> 
     </span>
    </p>
   </div>
   <div class='ocr_carea' id='block_1_102' title="bbox 1883 3854 3473 3924">
    <p class='ocr_par' dir='ltr' id='par_1_102' title="bbox 1883 3854 3473 3924">
     <span class='ocr_line' id='line_1_102' title="bbox 1883 3854 3473 3924; baseline 0.001 -16"><span class='ocrx_word' id='word_1_769' title='bbox 1883 3854 2101 3924; x_wconf 89' lang='lat' dir='ltr'><strong>quando</strong></span> <span class='ocrx_word' id='word_1_770' title='bbox 2132 3854 2430 3922; x_wconf 89' lang='lat' dir='ltr'><strong>baptizatus</strong></span> <span class='ocrx_word' id='word_1_771' title='bbox 2457 3863 2577 3920; x_wconf 88' lang='lat' dir='ltr'><strong>est;</strong></span> <span class='ocrx_word' id='word_1_772' title='bbox 2619 3866 2675 3909; x_wconf 90' lang='lat' dir='ltr'><strong>et</strong></span> <span class='ocrx_word' id='word_1_773' title='bbox 2706 3865 2881 3924; x_wconf 88' lang='lat' dir='ltr'><strong>potest</strong></span> <span class='ocrx_word' id='word_1_774' title='bbox 2913 3866 3305 3912; x_wconf 87' lang='lat' dir='ltr'><strong>sacramentum</strong></span> <span class='ocrx_word' id='word_1_775' title='bbox 3347 3860 3473 3913; x_wconf 80' lang='lat' dir='ltr'><strong>adn-</strong></span> 
     </span>
    </p>
   </div>
   <div class='ocr_carea' id='block_1_103' title="bbox 1884 3944 3474 4018">
    <p class='ocr_par' dir='ltr' id='par_1_103' title="bbox 1884 3944 3474 4018">
     <span class='ocr_line' id='line_1_103' title="bbox 1884 3944 3474 4018; baseline 0.003 -21"><span class='ocrx_word' id='word_1_776' title='bbox 1884 3945 2081 4014; x_wconf 90' lang='lat' dir='ltr'><strong>ptionis</strong></span> <span class='ocrx_word' id='word_1_777' title='bbox 2104 3944 2322 4014; x_wconf 82' lang='lat' dir='ltr'><strong>adeptio</strong></span> <span class='ocrx_word' id='word_1_778' title='bbox 2350 3945 2645 4013; x_wconf 89' lang='lat' dir='ltr'><strong>nuncupari</strong></span> <span class='ocrx_word' id='word_1_779' title='bbox 2669 3963 2683 4000; x_wconf 90' lang='lat'><strong>:</strong></span> <span class='ocrx_word' id='word_1_780' title='bbox 2707 3948 2846 4000; x_wconf 86' lang='lat' dir='ltr'><strong>sicut</strong></span> <span class='ocrx_word' id='word_1_781' title='bbox 2867 3956 3263 4002; x_wconf 87' lang='lat' dir='ltr'><strong>sacramentum</strong></span> <span class='ocrx_word' id='word_1_782' title='bbox 3282 3964 3474 4018; x_wconf 79' lang='lat' dir='ltr'><strong>corpo-</strong></span> 
     </span>
    </p>
   </div>
   <div class='ocr_carea' id='block_1_104' title="bbox 1885 4037 3473 4110">
    <p class='ocr_par' dir='ltr' id='par_1_104' title="bbox 1885 4037 3473 4110">
     <span class='ocr_line' id='line_1_104' title="bbox 1885 4037 3473 4110; baseline 0.002 -18"><span class='ocrx_word' id='word_1_783' title='bbox 1885 4037 1960 4092; x_wconf 91' lang='lat' dir='ltr'><strong>ris</strong></span> <span class='ocrx_word' id='word_1_784' title='bbox 1985 4047 2041 4092; x_wconf 89' lang='lat' dir='ltr'><strong>et</strong></span> <span class='ocrx_word' id='word_1_785' title='bbox 2059 4038 2333 4108; x_wconf 87' lang='lat' dir='ltr'><strong>sanguinis</strong></span> <span class='ocrx_word' id='word_1_786' title='bbox 2354 4038 2491 4105; x_wconf 86' lang='lat' dir='ltr'><strong>eius,</strong></span> <span class='ocrx_word' id='word_1_787' title='bbox 2516 4038 2657 4108; x_wconf 91' lang='lat' dir='ltr'><strong>quod</strong></span> <span class='ocrx_word' id='word_1_788' title='bbox 2687 4048 2771 4093; x_wconf 88' lang='lat' dir='ltr'><strong>est</strong></span> <span class='ocrx_word' id='word_1_789' title='bbox 2800 4039 2852 4093; x_wconf 93' lang='lat' dir='ltr'><strong>in</strong></span> <span class='ocrx_word' id='word_1_790' title='bbox 2886 4054 3024 4109; x_wconf 89' lang='lat' dir='ltr'><strong>pane</strong></span> <span class='ocrx_word' id='word_1_791' title='bbox 3047 4048 3102 4094; x_wconf 90' lang='lat' dir='ltr'><strong>et</strong></span> <span class='ocrx_word' id='word_1_792' title='bbox 3129 4043 3322 4110; x_wconf 92' lang='lat' dir='ltr'><strong>poculo</strong></span> <span class='ocrx_word' id='word_1_793' title='bbox 3344 4058 3473 4097; x_wconf 86' lang='lat' dir='ltr'><strong>con-</strong></span> 
     </span>
    </p>
   </div>
   <div class='ocr_carea' id='block_1_105' title="bbox 1886 4129 3473 4206">
    <p class='ocr_par' dir='ltr' id='par_1_105' title="bbox 1886 4129 3473 4206">
     <span class='ocr_line' id='line_1_105' title="bbox 1886 4129 3473 4206; baseline 0.004 -22"><span class='ocrx_word' id='word_1_794' title='bbox 1886 4139 2122 4193; x_wconf 86' lang='lat' dir='ltr'><strong>secrato.</strong></span> <span class='ocrx_word' id='word_1_795' title='bbox 2144 4144 2340 4198; x_wconf 87' lang='lat' dir='ltr'><strong>corpus</strong></span> <span class='ocrx_word' id='word_1_796' title='bbox 2363 4129 2483 4200; x_wconf 89' lang='lat' dir='ltr'><strong>eius</strong></span> <span class='ocrx_word' id='word_1_797' title='bbox 2505 4138 2561 4183; x_wconf 89' lang='lat' dir='ltr'><strong>et</strong></span> <span class='ocrx_word' id='word_1_798' title='bbox 2580 4132 2892 4202; x_wconf 88' lang='lat' dir='ltr'><strong>sanguinem</strong></span> <span class='ocrx_word' id='word_1_799' title='bbox 2921 4132 3178 4188; x_wconf 85' lang='lat' dir='ltr'><strong>dicimus:</strong></span> <span class='ocrx_word' id='word_1_800' title='bbox 3207 4151 3311 4189; x_wconf 88' lang='lat' dir='ltr'><strong>non</strong></span> <span class='ocrx_word' id='word_1_801' title='bbox 3336 4136 3473 4206; x_wconf 84' lang='lat' dir='ltr'><strong>quod</strong></span> 
     </span>
    </p>
   </div>
   <div class='ocr_carea' id='block_1_106' title="bbox 1886 4220 3474 4294">
    <p class='ocr_par' dir='ltr' id='par_1_106' title="bbox 1886 4220 3474 4294">
     <span class='ocr_line' id='line_1_106' title="bbox 1886 4220 3474 4294; baseline 0.004 -21"><span class='ocrx_word' id='word_1_802' title='bbox 1886 4222 2103 4291; x_wconf 88' lang='lat' dir='ltr'><strong>pr0prie</strong></span> <span class='ocrx_word' id='word_1_803' title='bbox 2128 4233 2327 4290; x_wconf 84' lang='lat' dir='ltr'><strong>corpus</strong></span> <span class='ocrx_word' id='word_1_804' title='bbox 2356 4222 2475 4290; x_wconf 87' lang='lat' dir='ltr'><strong>eius</strong></span> <span class='ocrx_word' id='word_1_805' title='bbox 2505 4220 2575 4274; x_wconf 90' lang='lat' dir='ltr'><strong>sit</strong></span> <span class='ocrx_word' id='word_1_806' title='bbox 2600 4221 2769 4290; x_wconf 83' lang='lat' dir='ltr'><strong>panis,</strong></span> <span class='ocrx_word' id='word_1_807' title='bbox 2801 4230 2854 4276; x_wconf 87' lang='lat' dir='ltr'><strong>et</strong></span> <span class='ocrx_word' id='word_1_808' title='bbox 2877 4221 3121 4291; x_wconf 88' lang='lat' dir='ltr'><strong>poculum</strong></span> <span class='ocrx_word' id='word_1_809' title='bbox 3150 4228 3367 4294; x_wconf 85' lang='lat' dir='ltr'><strong>sanguis</strong></span> <span class='ocrx_word' id='word_1_810' title='bbox 3409 4237 3433 4266; x_wconf 72' lang='grc' dir='ltr'><strong>ε</strong></span> <span class='ocrx_word' id='word_1_811' title='bbox 3461 4244 3474 4294; x_wconf 89' lang='lat'><strong>;</strong></span> 
     </span>
    </p>
   </div>
   <div class='ocr_carea' id='block_1_107' title="bbox 1887 4395 3474 4466">
    <p class='ocr_par' dir='ltr' id='par_1_107' title="bbox 1887 4395 3474 4466">
     <span class='ocr_line' id='line_1_107' title="bbox 1887 4395 3474 4466; baseline 0.005 -16"><span class='ocrx_word' id='word_1_812' title='bbox 1887 4395 2091 4466; x_wconf 89' lang='lat' dir='ltr'><strong>aliquot</strong></span> <span class='ocrx_word' id='word_1_813' title='bbox 2122 4406 2244 4465; x_wconf 87' lang='lat' dir='ltr'><strong>post</strong></span> <span class='ocrx_word' id='word_1_814' title='bbox 2267 4397 2484 4452; x_wconf 81' lang='lat' dir='ltr'><strong>saculis</strong></span> <span class='ocrx_word' id='word_1_815' title='bbox 2509 4399 2576 4451; x_wconf 93' lang='lat' dir='ltr'><strong>ab</strong></span> <span class='ocrx_word' id='word_1_816' title='bbox 2608 4398 2856 4465; x_wconf 89' lang='lat' dir='ltr'><strong>Elipanto</strong></span> <span class='ocrx_word' id='word_1_817' title='bbox 2881 4400 3135 4466; x_wconf 87' lang='lat' dir='ltr'><strong>episcopo</strong></span> <span class='ocrx_word' id='word_1_818' title='bbox 3163 4408 3474 4458; x_wconf 71' lang='lat' dir='ltr'><strong>renovatum</strong></span> 
     </span>
    </p>
   </div>
   <div class='ocr_carea' id='block_1_108' title="bbox 1886 4467 3478 4538">
    <p class='ocr_par' dir='ltr' id='par_1_108' title="bbox 1886 4467 3478 4538">
     <span class='ocr_line' id='line_1_108' title="bbox 1886 4467 3478 4538; baseline 0.003 -17"><span class='ocrx_word' id='word_1_819' title='bbox 1886 4467 2161 4522; x_wconf 80' lang='lat' dir='ltr'><strong>damnavit</strong></span> <span class='ocrx_word' id='word_1_820' title='bbox 2196 4478 2251 4524; x_wconf 90' lang='lat' dir='ltr'><strong>et</strong></span> <span class='ocrx_word' id='word_1_821' title='bbox 2310 4470 2527 4535; x_wconf 78' lang='lat' dir='ltr'><strong>capiose</strong></span> <span class='ocrx_word' id='word_1_822' title='bbox 2576 4470 2827 4522; x_wconf 83' lang='lat' dir='ltr'><strong>refutavit</strong></span> <span class='ocrx_word' id='word_1_823' title='bbox 2868 4469 3107 4538; x_wconf 84' lang='lat' dir='ltr'><strong>synodus</strong></span> <span class='ocrx_word' id='word_1_824' title='bbox 3155 4471 3478 4528; x_wconf 79' lang='lat' dir='ltr'><strong>Francofor-</strong></span> 
     </span>
    </p>
   </div>
   <div class='ocr_carea' id='block_1_109' title="bbox 1884 4538 3479 4611">
    <p class='ocr_par' dir='ltr' id='par_1_109' title="bbox 1884 4538 3479 4611">
     <span class='ocr_line' id='line_1_109' title="bbox 1884 4538 3479 4611; baseline 0.004 -20"><span class='ocrx_word' id='word_1_825' title='bbox 1884 4539 2087 4611; x_wconf 10' lang='lat' dir='ltr'><strong>dienﬁsis</strong></span> <span class='ocrx_word' id='word_1_826' title='bbox 2113 4578 2129 4605; x_wconf 90' lang='lat'><strong>,</strong></span> <span class='ocrx_word' id='word_1_827' title='bbox 2171 4538 2446 4611; x_wconf 67' lang='lat' dir='ltr'><strong>Christum</strong></span> <span class='ocrx_word' id='word_1_828' title='bbox 2476 4550 2715 4611; x_wconf 61' lang='lat' dir='ltr'><strong>statuens</strong></span> <span class='ocrx_word' id='word_1_829' title='bbox 2762 4552 3030 4611; x_wconf 78' lang='lat' dir='ltr'><strong>verutuet</strong></span> <span class='ocrx_word' id='word_1_830' title='bbox 3075 4544 3349 4611; x_wconf 88' lang='lat' dir='ltr'><strong>proprium</strong></span> <span class='ocrx_word' id='word_1_831' title='bbox 3395 4544 3479 4598; x_wconf 85' lang='lat' dir='ltr'><strong>di-</strong></span> 
     </span>
    </p>
   </div>
   <div class='ocr_carea' id='block_1_110' title="bbox 1883 4607 3120 4677">
    <p class='ocr_par' dir='ltr' id='par_1_110' title="bbox 1883 4607 3120 4677">
     <span class='ocr_line' id='line_1_110' title="bbox 1883 4607 3120 4677; baseline -0.002 -14"><span class='ocrx_word' id='word_1_832' title='bbox 1883 4610 2107 4663; x_wconf 85' lang='lat' dir='ltr'><strong>cendum</strong></span> <span class='ocrx_word' id='word_1_833' title='bbox 2140 4622 2260 4663; x_wconf 69' lang='lat' dir='ltr'><strong>esse</strong></span> <span class='ocrx_word' id='word_1_834' title='bbox 2293 4609 2481 4662; x_wconf 82' lang='lat' dir='ltr'><strong>Filium</strong></span> <span class='ocrx_word' id='word_1_835' title='bbox 2508 4607 2624 4675; x_wconf 85' lang='lat' dir='ltr'><strong>Dei,</strong></span> <span class='ocrx_word' id='word_1_836' title='bbox 2654 4624 2760 4663; x_wconf 85' lang='lat' dir='ltr'><strong>non</strong></span> <span class='ocrx_word' id='word_1_837' title='bbox 2790 4610 3120 4677; x_wconf 84' lang='lat' dir='ltr'><strong>adoptivum.</strong></span> 
     </span>
    </p>
   </div>
   <div class='ocr_carea' id='block_1_111' title="bbox 1962 4679 3476 4750">
    <p class='ocr_par' dir='ltr' id='par_1_111' title="bbox 1962 4679 3476 4750">
     <span class='ocr_line' id='line_1_111' title="bbox 1962 4679 3476 4750; baseline 0.003 -18"><span class='ocrx_word' id='word_1_838' title='bbox 1962 4690 1985 4720; x_wconf 84' lang='grc' dir='ltr'><strong><em>ο</em></strong></span> <span class='ocrx_word' id='word_1_839' title='bbox 2028 4679 2187 4732; x_wconf 85' lang='lat' dir='ltr'><strong>Panis</strong></span> <span class='ocrx_word' id='word_1_840' title='bbox 2215 4689 2585 4744; x_wconf 66' lang='lat' dir='ltr'><strong>consecratus,</strong></span> <span class='ocrx_word' id='word_1_841' title='bbox 2632 4690 2821 4734; x_wconf 83' lang='lat' dir='ltr'><strong>natura</strong></span> <span class='ocrx_word' id='word_1_842' title='bbox 2870 4692 3125 4744; x_wconf 87' lang='lat' dir='ltr'><strong>mutatus,</strong></span> <span class='ocrx_word' id='word_1_843' title='bbox 3178 4682 3329 4750; x_wconf 87' lang='lat' dir='ltr'><strong>panis</strong></span> <span class='ocrx_word' id='word_1_844' title='bbox 3373 4698 3476 4736; x_wconf 86' lang='lat' dir='ltr'><strong>non</strong></span> 
     </span>
    </p>
   </div>
   <div class='ocr_carea' id='block_1_112' title="bbox 1886 4750 3477 4820">
    <p class='ocr_par' dir='ltr' id='par_1_112' title="bbox 1886 4750 3477 4820">
     <span class='ocr_line' id='line_1_112' title="bbox 1886 4750 3477 4820; baseline 0.001 -16"><span class='ocrx_word' id='word_1_845' title='bbox 1886 4758 1999 4815; x_wconf 90' lang='lat' dir='ltr'><strong>est;</strong></span> <span class='ocrx_word' id='word_1_846' title='bbox 2034 4750 2189 4817; x_wconf 89' lang='lat' dir='ltr'><strong>panis</strong></span> <span class='ocrx_word' id='word_1_847' title='bbox 2210 4758 2389 4804; x_wconf 87' lang='lat' dir='ltr'><strong>tamen</strong></span> <span class='ocrx_word' id='word_1_848' title='bbox 2420 4752 2743 4818; x_wconf 84' lang='lat' dir='ltr'><strong>appellatur,</strong></span> <span class='ocrx_word' id='word_1_849' title='bbox 2771 4768 2893 4817; x_wconf 80' lang='lat' dir='ltr'><strong>quia</strong></span> <span class='ocrx_word' id='word_1_850' title='bbox 2919 4753 3070 4820; x_wconf 86' lang='lat' dir='ltr'><strong>panis</strong></span> <span class='ocrx_word' id='word_1_851' title='bbox 3099 4755 3218 4815; x_wconf 82' lang='lat' dir='ltr'><strong>fuit,</strong></span> <span class='ocrx_word' id='word_1_852' title='bbox 3244 4767 3292 4806; x_wconf 86' lang='lat' dir='ltr'><strong>et</strong></span> <span class='ocrx_word' id='word_1_853' title='bbox 3327 4756 3477 4820; x_wconf 79' lang='lat' dir='ltr'><strong>panis</strong></span> 
     </span>
    </p>
   </div>
   <div class='ocr_carea' id='block_1_113' title="bbox 1885 4821 3478 4889">
    <p class='ocr_par' dir='ltr' id='par_1_113' title="bbox 1885 4821 3478 4889">
     <span class='ocr_line' id='line_1_113' title="bbox 1885 4821 3478 4889; baseline 0.001 -15"><span class='ocrx_word' id='word_1_854' title='bbox 1885 4821 2119 4889; x_wconf 87' lang='lat' dir='ltr'><strong>speciem</strong></span> <span class='ocrx_word' id='word_1_855' title='bbox 2152 4821 2383 4874; x_wconf 87' lang='lat' dir='ltr'><strong>retinet:</strong></span> <span class='ocrx_word' id='word_1_856' title='bbox 2436 4821 2687 4889; x_wconf 89' lang='lat' dir='ltr'><strong>idemque</strong></span> <span class='ocrx_word' id='word_1_857' title='bbox 2720 4823 2979 4887; x_wconf 86' lang='lat' dir='ltr'><strong>iudiciuin</strong></span> <span class='ocrx_word' id='word_1_858' title='bbox 3010 4832 3093 4876; x_wconf 89' lang='lat' dir='ltr'><strong>est</strong></span> <span class='ocrx_word' id='word_1_859' title='bbox 3124 4823 3249 4876; x_wconf 86' lang='lat' dir='ltr'><strong>vini.</strong></span> <span class='ocrx_word' id='word_1_860' title='bbox 3285 4823 3478 4876; x_wconf 81' lang='lat' dir='ltr'><strong>Panem</strong></span> 
     </span>
    </p>
   </div>
   <div class='ocr_carea' id='block_1_114' title="bbox 1886 4890 3480 4960">
    <p class='ocr_par' dir='ltr' id='par_1_114' title="bbox 1886 4890 3480 4960">
     <span class='ocr_line' id='line_1_114' title="bbox 1886 4890 3480 4960; baseline 0 -15"><span class='ocrx_word' id='word_1_861' title='bbox 1886 4904 2070 4945; x_wconf 85' lang='lat' dir='ltr'><strong>rursus</strong></span> <span class='ocrx_word' id='word_1_862' title='bbox 2102 4891 2390 4959; x_wconf 86' lang='lat' dir='ltr'><strong>vinumque</strong></span> <span class='ocrx_word' id='word_1_863' title='bbox 2424 4896 2620 4960; x_wconf 75' lang='lat' dir='ltr'><strong>corpus</strong></span> <span class='ocrx_word' id='word_1_864' title='bbox 2656 4890 2855 4946; x_wconf 88' lang='lat' dir='ltr'><strong>Christi</strong></span> <span class='ocrx_word' id='word_1_865' title='bbox 2897 4902 2952 4946; x_wconf 91' lang='lat' dir='ltr'><strong>et</strong></span> <span class='ocrx_word' id='word_1_866' title='bbox 2990 4898 3301 4959; x_wconf 71' lang='lat' dir='ltr'><strong>sanguinmn</strong></span> <span class='ocrx_word' id='word_1_867' title='bbox 3343 4892 3480 4945; x_wconf 75' lang='lat' dir='ltr'><strong>ilici-</strong></span> 
     </span>
    </p>
   </div>
   <div class='ocr_carea' id='block_1_115' title="bbox 1886 4959 3478 5032">
    <p class='ocr_par' dir='ltr' id='par_1_115' title="bbox 1886 4959 3478 5032">
     <span class='ocr_line' id='line_1_115' title="bbox 1886 4959 3478 5032; baseline 0 -17"><span class='ocrx_word' id='word_1_868' title='bbox 1886 4975 2027 5026; x_wconf 86' lang='lat' dir='ltr'><strong>mus,</strong></span> <span class='ocrx_word' id='word_1_869' title='bbox 2061 4969 2118 5013; x_wconf 90' lang='lat' dir='ltr'><strong>ut</strong></span> <span class='ocrx_word' id='word_1_870' title='bbox 2139 4959 2469 5032; x_wconf 81' lang='lat' dir='ltr'><strong>Augustinus</strong></span> <span class='ocrx_word' id='word_1_871' title='bbox 2496 4959 2706 5030; x_wconf 88' lang='lat' dir='ltr'><strong>quoque</strong></span> <span class='ocrx_word' id='word_1_872' title='bbox 2729 4964 2960 5015; x_wconf 84' lang='lat' dir='ltr'><strong>affirmat</strong></span> <span class='ocrx_word' id='word_1_873' title='bbox 2994 4964 3085 5015; x_wconf 88' lang='lat' dir='ltr'><strong>lib.</strong></span> <span class='ocrx_word' id='word_1_874' title='bbox 3121 4975 3178 5013; x_wconf 70' lang='lat' dir='ltr'><strong>III</strong></span> <span class='ocrx_word' id='word_1_875' title='bbox 3205 4962 3269 5015; x_wconf 87' lang='lat' dir='ltr'><strong>de</strong></span> <span class='ocrx_word' id='word_1_876' title='bbox 3297 4960 3478 5015; x_wconf 85' lang='lat' dir='ltr'><strong>Trini-</strong></span> 
     </span>
    </p>
   </div>
   <div class='ocr_carea' id='block_1_116' title="bbox 1889 5031 3479 5100">
    <p class='ocr_par' dir='ltr' id='par_1_116' title="bbox 1889 5031 3479 5100">
     <span class='ocr_line' id='line_1_116' title="bbox 1889 5031 3479 5100; baseline 0 -15"><span class='ocrx_word' id='word_1_877' title='bbox 1889 5040 2018 5097; x_wconf 69' lang='lat' dir='ltr'><strong>tafe,</strong></span> <span class='ocrx_word' id='word_1_878' title='bbox 2043 5046 2167 5098; x_wconf 83' lang='lat' dir='ltr'><strong>cap.</strong></span> <span class='ocrx_word' id='word_1_879' title='bbox 2190 5031 2247 5095; x_wconf 70' lang='grc'>4,</span> <span class='ocrx_word' id='word_1_880' title='bbox 2279 5047 2384 5086; x_wconf 89' lang='lat' dir='ltr'><strong>non</strong></span> <span class='ocrx_word' id='word_1_881' title='bbox 2416 5033 2647 5100; x_wconf 85' lang='lat' dir='ltr'><strong>proprie,</strong></span> <span class='ocrx_word' id='word_1_882' title='bbox 2683 5033 2776 5085; x_wconf 90' lang='lat' dir='ltr'><strong>sed</strong></span> <span class='ocrx_word' id='word_1_883' title='bbox 2808 5032 3030 5096; x_wconf 77' lang='lat' dir='ltr'><strong>(igtirate</strong></span> <span class='ocrx_word' id='word_1_884' title='bbox 3060 5050 3073 5085; x_wconf 90' lang='lat'><strong>:</strong></span> <span class='ocrx_word' id='word_1_885' title='bbox 3105 5031 3226 5097; x_wconf 82' lang='lat' dir='ltr'><strong>quis</strong></span> <span class='ocrx_word' id='word_1_886' title='bbox 3260 5032 3361 5085; x_wconf 87' lang='lat' dir='ltr'><strong>sub</strong></span> <span class='ocrx_word' id='word_1_887' title='bbox 3390 5047 3479 5099; x_wconf 76' lang='lat' dir='ltr'><strong>pa~</strong></span> 
     </span>
    </p>
   </div>
   <div class='ocr_carea' id='block_1_117' title="bbox 1889 5101 3479 5171">
    <p class='ocr_par' dir='ltr' id='par_1_117' title="bbox 1889 5101 3479 5171">
     <span class='ocr_line' id='line_1_117' title="bbox 1889 5101 3479 5171; baseline 0.001 -17"><span class='ocrx_word' id='word_1_888' title='bbox 1889 5101 1969 5156; x_wconf 90' lang='lat' dir='ltr'><strong>nis</strong></span> <span class='ocrx_word' id='word_1_889' title='bbox 1996 5111 2051 5155; x_wconf 91' lang='lat' dir='ltr'><strong>et</strong></span> <span class='ocrx_word' id='word_1_890' title='bbox 2072 5102 2178 5156; x_wconf 89' lang='lat' dir='ltr'><strong>vini</strong></span> <span class='ocrx_word' id='word_1_891' title='bbox 2222 5106 2403 5171; x_wconf 90' lang='lat' dir='ltr'><strong>specie</strong></span> <span class='ocrx_word' id='word_1_892' title='bbox 2426 5118 2624 5169; x_wconf 75' lang='lat' dir='ltr'><strong>corpus</strong></span> <span class='ocrx_word' id='word_1_893' title='bbox 2658 5102 2855 5156; x_wconf 87' lang='lat' dir='ltr'><strong>Christi</strong></span> <span class='ocrx_word' id='word_1_894' title='bbox 2883 5112 2937 5155; x_wconf 87' lang='lat' dir='ltr'><strong>et</strong></span> <span class='ocrx_word' id='word_1_895' title='bbox 2965 5103 3183 5170; x_wconf 84' lang='lat' dir='ltr'><strong>sanguis</strong></span> <span class='ocrx_word' id='word_1_896' title='bbox 3214 5102 3267 5156; x_wconf 91' lang='lat' dir='ltr'><strong>in</strong></span> <span class='ocrx_word' id='word_1_897' title='bbox 3300 5117 3479 5157; x_wconf 79' lang='lat' dir='ltr'><strong>sacra-</strong></span> 
     </span>
    </p>
   </div>
   <div class='ocr_carea' id='block_1_118' title="bbox 1890 5172 3482 5239">
    <p class='ocr_par' dir='ltr' id='par_1_118' title="bbox 1890 5172 3482 5239">
     <span class='ocr_line' id='line_1_118' title="bbox 1890 5172 3482 5239; baseline 0.003 -15"><span class='ocrx_word' id='word_1_898' title='bbox 1890 5182 2071 5226; x_wconf 89' lang='lat' dir='ltr'><strong>mento</strong></span> <span class='ocrx_word' id='word_1_899' title='bbox 2114 5175 2477 5227; x_wconf 84' lang='lat' dir='ltr'><strong>continentur.</strong></span> <span class='ocrx_word' id='word_1_900' title='bbox 2520 5173 2630 5225; x_wconf 82' lang='lat' dir='ltr'><strong>Nec</strong></span> <span class='ocrx_word' id='word_1_901' title='bbox 2673 5172 2800 5230; x_wconf 79' lang='lat' dir='ltr'><strong>alia.</strong></span> <span class='ocrx_word' id='word_1_902' title='bbox 2846 5174 3058 5239; x_wconf 74' lang='lat' dir='ltr'><strong>opinor,</strong></span> <span class='ocrx_word' id='word_1_903' title='bbox 3105 5173 3155 5224; x_wconf 91' lang='lat' dir='ltr'><strong>in</strong></span> <span class='ocrx_word' id='word_1_904' title='bbox 3186 5175 3273 5227; x_wconf 87' lang='lat' dir='ltr'><strong>his</strong></span> <span class='ocrx_word' id='word_1_905' title='bbox 3306 5175 3482 5229; x_wconf 83' lang='lat' dir='ltr'><strong>verbis</strong></span> 
     </span>
    </p>
   </div>
   <div class='ocr_carea' id='block_1_119' title="bbox 1889 5242 3484 5299">
    <p class='ocr_par' dir='ltr' id='par_1_119' title="bbox 1889 5242 3484 5299">
     <span class='ocr_line' id='line_1_119' title="bbox 1889 5242 3484 5299; baseline 0.001 -3"><span class='ocrx_word' id='word_1_906' title='bbox 1889 5242 2156 5297; x_wconf 88' lang='lat' dir='ltr'><strong>sententia</strong></span> <span class='ocrx_word' id='word_1_907' title='bbox 2188 5255 2269 5296; x_wconf 90' lang='lat' dir='ltr'><strong>est</strong></span> <span class='ocrx_word' id='word_1_908' title='bbox 2300 5242 2563 5298; x_wconf 83' lang='lat' dir='ltr'><strong>Facundi.</strong></span> <span class='ocrx_word' id='word_1_909' title='bbox 2595 5242 2724 5295; x_wconf 84' lang='lat' dir='ltr'><strong>Nam</strong></span> <span class='ocrx_word' id='word_1_910' title='bbox 2753 5242 2822 5295; x_wconf 92' lang='lat' dir='ltr'><strong>de</strong></span> <span class='ocrx_word' id='word_1_911' title='bbox 2845 5244 3067 5296; x_wconf 87' lang='lat' dir='ltr'><strong>veritate</strong></span> <span class='ocrx_word' id='word_1_912' title='bbox 3090 5246 3266 5299; x_wconf 89' lang='lat' dir='ltr'><strong>carnis</strong></span> <span class='ocrx_word' id='word_1_913' title='bbox 3288 5256 3342 5298; x_wconf 89' lang='lat' dir='ltr'><strong>et</strong></span> <span class='ocrx_word' id='word_1_914' title='bbox 3363 5261 3484 5298; x_wconf 78' lang='lat' dir='ltr'><strong>san-</strong></span> 
     </span>
    </p>
   </div>
   <div class='ocr_carea' id='block_1_120' title="bbox 1890 5312 3483 5381">
    <p class='ocr_par' dir='ltr' id='par_1_120' title="bbox 1890 5312 3483 5381">
     <span class='ocr_line' id='line_1_120' title="bbox 1890 5312 3483 5381; baseline 0.001 -17"><span class='ocrx_word' id='word_1_915' title='bbox 1890 5315 2066 5381; x_wconf 87' lang='lat' dir='ltr'><strong>guinis</strong></span> <span class='ocrx_word' id='word_1_916' title='bbox 2106 5312 2305 5368; x_wconf 86' lang='lat' dir='ltr'><strong>Christi</strong></span> <span class='ocrx_word' id='word_1_917' title='bbox 2364 5315 2419 5367; x_wconf 90' lang='lat' dir='ltr'><strong>in</strong></span> <span class='ocrx_word' id='word_1_918' title='bbox 2470 5314 2793 5367; x_wconf 77' lang='lat' dir='ltr'><strong>eucliariSIia</strong></span> <span class='ocrx_word' id='word_1_919' title='bbox 2845 5313 3094 5368; x_wconf 74' lang='lat' dir='ltr'><strong>dubitate</strong></span> <span class='ocrx_word' id='word_1_920' title='bbox 3140 5330 3245 5368; x_wconf 85' lang='lat' dir='ltr'><strong>non</strong></span> <span class='ocrx_word' id='word_1_921' title='bbox 3295 5316 3483 5379; x_wconf 77' lang='lat' dir='ltr'><strong>potuit,</strong></span> 
     </span>
    </p>
   </div>
   <div class='ocr_carea' id='block_1_121' title="bbox 1892 5383 3483 5451">
    <p class='ocr_par' dir='ltr' id='par_1_121' title="bbox 1892 5383 3483 5451">
     <span class='ocr_line' id='line_1_121' title="bbox 1892 5383 3483 5451; baseline 0.001 -16"><span class='ocrx_word' id='word_1_922' title='bbox 1892 5385 2015 5451; x_wconf 86' lang='lat' dir='ltr'><strong>quia</strong></span> <span class='ocrx_word' id='word_1_923' title='bbox 2058 5393 2173 5451; x_wconf 90' lang='lat' dir='ltr'><strong>post</strong></span> <span class='ocrx_word' id='word_1_924' title='bbox 2205 5384 2369 5451; x_wconf 71' lang='lat' dir='ltr'><strong>ipsius</strong></span> <span class='ocrx_word' id='word_1_925' title='bbox 2408 5383 2617 5437; x_wconf 83' lang='lat' dir='ltr'><strong>Domini</strong></span> <span class='ocrx_word' id='word_1_926' title='bbox 2662 5385 3072 5450; x_wconf 80' lang='lat' dir='ltr'><strong>professionem,</strong></span> <span class='ocrx_word' id='word_1_927' title='bbox 3112 5395 3168 5438; x_wconf 88' lang='lat' dir='ltr'><strong>nt</strong></span> <span class='ocrx_word' id='word_1_928' title='bbox 3200 5386 3354 5440; x_wconf 80' lang='lat' dir='ltr'><strong>docet</strong></span> <span class='ocrx_word' id='word_1_929' title='bbox 3395 5385 3483 5437; x_wconf 82' lang='lat' dir='ltr'><strong>Hi-</strong></span> 
     </span>
    </p>
   </div>
   <div class='ocr_carea' id='block_1_122' title="bbox 1893 5452 3589 5521">
    <p class='ocr_par' dir='ltr' id='par_1_122' title="bbox 1893 5452 3589 5521">
     <span class='ocr_line' id='line_1_122' title="bbox 1893 5452 3589 5521; baseline 0.002 -14"><span class='ocrx_word' id='word_1_930' title='bbox 1893 5452 2058 5510; x_wconf 70' lang='lat' dir='ltr'><strong>larius</strong></span> <span class='ocrx_word' id='word_1_931' title='bbox 2088 5455 2180 5509; x_wconf 83' lang='lat' dir='ltr'><strong>lib.</strong></span> <span class='ocrx_word' id='word_1_932' title='bbox 2215 5470 2309 5508; x_wconf 85' lang='lat' dir='ltr'><strong>vttt</strong></span> <span class='ocrx_word' id='word_1_933' title='bbox 2349 5454 2418 5510; x_wconf 86' lang='lat' dir='ltr'><strong>de</strong></span> <span class='ocrx_word' id='word_1_934' title='bbox 2458 5453 2741 5521; x_wconf 83' lang='lat' dir='ltr'><strong>&#39;l‘rinitatc,</strong></span> <span class='ocrx_word' id='word_1_935' title='bbox 2784 5470 2888 5509; x_wconf 92' lang='lat' dir='ltr'><strong>non</strong></span> <span class='ocrx_word' id='word_1_936' title='bbox 2934 5466 3020 5511; x_wconf 55' lang='lat' dir='ltr'><strong>est</strong></span> <span class='ocrx_word' id='word_1_937' title='bbox 3064 5457 3291 5512; x_wconf 80' lang='lat' dir='ltr'><strong>rclicms</strong></span> <span class='ocrx_word' id='word_1_938' title='bbox 3317 5453 3484 5508; x_wconf 82' lang='lat' dir='ltr'><strong>atubi-</strong></span> <span class='ocrx_word' id='word_1_939' title='bbox 3584 5506 3589 5511; x_wconf 83' lang='lat'><strong>.</strong></span> 
     </span>
    </p>
   </div>
   <div class='ocr_carea' id='block_1_123' title="bbox 1960 5582 3408 5652">
    <p class='ocr_par' dir='ltr' id='par_1_123' title="bbox 1960 5582 3408 5652">
     <span class='ocr_line' id='line_1_123' title="bbox 1960 5582 3408 5652; baseline 0.001 -15"><span class='ocrx_word' id='word_1_940' title='bbox 1960 5582 1982 5612; x_wconf 76' lang='grc'><strong>⁸</strong></span> <span class='ocrx_word' id='word_1_941' title='bbox 2024 5583 2164 5638; x_wconf 88' lang='lat' dir='ltr'><strong>fdem</strong></span> <span class='ocrx_word' id='word_1_942' title='bbox 2196 5584 2345 5652; x_wconf 81' lang='lat' dir='ltr'><strong>cod.,</strong></span> <span class='ocrx_word' id='word_1_943' title='bbox 2376 5585 2706 5640; x_wconf 82' lang='lat' dir='ltr'><strong>conversione</strong></span> <span class='ocrx_word' id='word_1_944' title='bbox 2734 5595 2780 5640; x_wconf 79' lang='lat' dir='ltr'><strong>et</strong></span> <span class='ocrx_word' id='word_1_945' title='bbox 2811 5587 3151 5641; x_wconf 81' lang='lat' dir='ltr'><strong>translatione</strong></span> <span class='ocrx_word' id='word_1_946' title='bbox 3178 5599 3408 5639; x_wconf 76' lang='lat' dir='ltr'><strong>carnem.</strong></span> 
     </span>
    </p>
   </div>
   <div class='ocr_carea' id='block_1_124' title="bbox 1962 5654 3102 5728">
    <p class='ocr_par' dir='ltr' id='par_1_124' title="bbox 1962 5654 3102 5728">
     <span class='ocr_line' id='line_1_124' title="bbox 1962 5654 3102 5728; baseline 0.007 -21"><span class='ocrx_word' id='word_1_947' title='bbox 1962 5655 1981 5728; x_wconf 48' lang='grc' dir='ltr'><strong>ξ</strong></span> <span class='ocrx_word' id='word_1_948' title='bbox 2020 5654 2163 5728; x_wconf 74' lang='lat' dir='ltr'><strong>idem</strong></span> <span class='ocrx_word' id='word_1_949' title='bbox 2192 5656 2342 5728; x_wconf 85' lang='lat' dir='ltr'><strong>cod.,</strong></span> <span class='ocrx_word' id='word_1_950' title='bbox 2374 5656 2517 5728; x_wconf 85' lang='lat' dir='ltr'><strong>istos,</strong></span> <span class='ocrx_word' id='word_1_951' title='bbox 2552 5671 2747 5728; x_wconf 78' lang='lat' dir='ltr'><strong>nempe</strong></span> <span class='ocrx_word' id='word_1_952' title='bbox 2776 5654 3102 5715; x_wconf 76' lang='lat' dir='ltr'><strong>catholicos.</strong></span> 
     </span>
    </p>
   </div>
   <div class='ocr_carea' id='block_1_125' title="bbox 1962 5724 3115 5798">
    <p class='ocr_par' dir='ltr' id='par_1_125' title="bbox 1962 5724 3115 5798">
     <span class='ocr_line' id='line_1_125' title="bbox 1962 5724 3115 5798; baseline 0.006 -19"><span class='ocrx_word' id='word_1_953' title='bbox 1962 5726 1981 5757; x_wconf 80' lang='grc'><strong>⁸</strong></span> <span class='ocrx_word' id='word_1_954' title='bbox 2021 5724 2164 5781; x_wconf 82' lang='lat' dir='ltr'><strong>Ideni</strong></span> <span class='ocrx_word' id='word_1_955' title='bbox 2198 5727 2349 5798; x_wconf 87' lang='lat' dir='ltr'><strong>cod.,</strong></span> <span class='ocrx_word' id='word_1_956' title='bbox 2373 5725 2607 5783; x_wconf 79' lang='lat' dir='ltr'><strong>coluerit.</strong></span> <span class='ocrx_word' id='word_1_957' title='bbox 2682 5724 2701 5728; x_wconf 71' lang='grc'><strong><em>“</em></strong></span> <span class='ocrx_word' id='word_1_958' title='bbox 3112 5754 3115 5755; x_wconf 51' lang='grc' dir='ltr'><em>ν</em></span> 
     </span>
    </p>
   </div>
  </div>
