  <div class='ocr_page' id='page_1' title='image "/cluster/home/n/w/nwhite01/storage/ocr_20150623/67/hvd.32044073505273/389.png"; bbox 0 0 3998 6194; ppageno 0'>
   <div class='ocr_carea' id='block_1_1' title="bbox 507 308 613 362">
    <p class='ocr_par' dir='ltr' id='par_1_1' title="bbox 507 308 613 362">
     <span class='ocr_line' id='line_1_1' title="bbox 507 308 613 362; baseline 0 0"><span class='ocrx_word' id='word_1_1' title='bbox 507 308 613 362; x_wconf 76' lang='grc'><strong>765</strong></span> 
     </span>
    </p>
   </div>
   <div class='ocr_carea' id='block_1_2' title="bbox 1614 300 3715 376">
    <p class='ocr_par' dir='ltr' id='par_1_2' title="bbox 1614 300 3715 376">
     <span class='ocr_line' id='line_1_2' title="bbox 1614 300 3715 376; baseline -0.001 -16"><span class='ocrx_word' id='word_1_2' title='bbox 1614 301 1909 361; x_wconf 71' lang='lat' dir='ltr'><strong>FACUNDI</strong></span> <span class='ocrx_word' id='word_1_3' title='bbox 1948 300 2163 360; x_wconf 77' lang='lat' dir='ltr'><strong>EPISC.</strong></span> <span class='ocrx_word' id='word_1_4' title='bbox 2206 301 2714 363; x_wconf 71' lang='lat' dir='ltr'><strong>llERMlANENSlS</strong></span> <span class='ocrx_word' id='word_1_5' title='bbox 3628 320 3715 376; x_wconf 61' lang='grc' dir='ltr'><strong>γα</strong></span> 
     </span>
    </p>
   </div>
   <div class='ocr_carea' id='block_1_3' title="bbox 508 415 3720 500">
    <p class='ocr_par' dir='ltr' id='par_1_3' title="bbox 508 415 3720 500">
     <span class='ocr_line' id='line_1_3' title="bbox 508 415 3720 500; baseline 0.001 -25"><span class='ocrx_word' id='word_1_6' title='bbox 508 422 601 477; x_wconf 64' lang='lat' dir='ltr'><strong>sed</strong></span> <span class='ocrx_word' id='word_1_7' title='bbox 631 421 770 490; x_wconf 82' lang='lat' dir='ltr'><strong>quod</strong></span> <span class='ocrx_word' id='word_1_8' title='bbox 800 420 854 474; x_wconf 90' lang='lat' dir='ltr'><strong>in</strong></span> <span class='ocrx_word' id='word_1_9' title='bbox 883 433 943 475; x_wconf 90' lang='lat' dir='ltr'><strong>se</strong></span> <span class='ocrx_word' id='word_1_10' title='bbox 966 417 1279 490; x_wconf 79' lang='lat' dir='ltr'><strong>mysterium</strong></span> <span class='ocrx_word' id='word_1_11' title='bbox 1308 415 1552 487; x_wconf 85' lang='lat' dir='ltr'><strong>corporis</strong></span> <span class='ocrx_word' id='word_1_12' title='bbox 1573 416 1693 487; x_wconf 83' lang='lat' dir='ltr'><strong>ejus</strong></span> <span class='ocrx_word' id='word_1_13' title='bbox 1714 416 2101 487; x_wconf 77' lang='lat' dir='ltr'><strong>sanguinisque</strong></span> <span class='ocrx_word' id='word_1_14' title='bbox 2123 417 2170 474; x_wconf 80' lang='grc' dir='ltr'>Α</span> <span class='ocrx_word' id='word_1_15' title='bbox 2203 416 2388 471; x_wconf 85' lang='lat' dir='ltr'><strong>eadem</strong></span> <span class='ocrx_word' id='word_1_16' title='bbox 2418 417 2590 486; x_wconf 88' lang='lat' dir='ltr'><strong>gloria</strong></span> <span class='ocrx_word' id='word_1_17' title='bbox 2622 424 2676 471; x_wconf 89' lang='lat' dir='ltr'><strong>et</strong></span> <span class='ocrx_word' id='word_1_18' title='bbox 2707 422 2950 484; x_wconf 74' lang='lat' dir='ltr'><strong>potestas</strong></span> <span class='ocrx_word' id='word_1_19' title='bbox 2978 420 3098 485; x_wconf 89' lang='lat' dir='ltr'><strong>post</strong></span> <span class='ocrx_word' id='word_1_20' title='bbox 3129 418 3541 479; x_wconf 78' lang='lat' dir='ltr'><strong>resurrectionem</strong></span> <span class='ocrx_word' id='word_1_21' title='bbox 3582 434 3720 500; x_wconf 63' lang='lat' dir='ltr'><strong>magis</strong></span> 
     </span>
    </p>
   </div>
   <div class='ocr_carea' id='block_1_4' title="bbox 508 506 2096 577">
    <p class='ocr_par' dir='ltr' id='par_1_4' title="bbox 508 506 2096 577">
     <span class='ocr_line' id='line_1_4' title="bbox 508 506 2096 577; baseline -0.005 -9"><span class='ocrx_word' id='word_1_22' title='bbox 508 514 838 568; x_wconf 89' lang='lat' dir='ltr'><strong>contineant.</strong></span> <span class='ocrx_word' id='word_1_23' title='bbox 866 511 1003 565; x_wconf 86' lang='lat' dir='ltr'><strong>llinc</strong></span> <span class='ocrx_word' id='word_1_24' title='bbox 1030 517 1084 564; x_wconf 89' lang='lat' dir='ltr'><strong>et</strong></span> <span class='ocrx_word' id='word_1_25' title='bbox 1108 509 1229 577; x_wconf 87' lang='lat' dir='ltr'><strong>ipse</strong></span> <span class='ocrx_word' id='word_1_26' title='bbox 1255 507 1512 562; x_wconf 79' lang='lat' dir='ltr'><strong>Dominus</strong></span> <span class='ocrx_word' id='word_1_27' title='bbox 1540 506 1881 562; x_wconf 71' lang='lat' dir='ltr'><strong>benedictum</strong></span> <span class='ocrx_word' id='word_1_28' title='bbox 1907 519 2096 575; x_wconf 85' lang='lat' dir='ltr'><strong>panem</strong></span> 
     </span>
    </p>
   </div>
   <div class='ocr_carea' id='block_1_5' title="bbox 509 598 2102 670">
    <p class='ocr_par' dir='ltr' id='par_1_5' title="bbox 509 598 2102 670">
     <span class='ocr_line' id='line_1_5' title="bbox 509 598 2102 670; baseline -0.006 -8"><span class='ocrx_word' id='word_1_29' title='bbox 509 619 563 662; x_wconf 78' lang='lat' dir='ltr'><strong>et</strong></span> <span class='ocrx_word' id='word_1_30' title='bbox 590 606 811 660; x_wconf 83' lang='lat' dir='ltr'><strong>calicem</strong></span> <span class='ocrx_word' id='word_1_31' title='bbox 845 617 1002 667; x_wconf 85' lang='lat' dir='ltr'><strong>quem</strong></span> <span class='ocrx_word' id='word_1_32' title='bbox 1035 599 1313 670; x_wconf 80' lang='lat' dir='ltr'><strong>discipulis</strong></span> <span class='ocrx_word' id='word_1_33' title='bbox 1348 598 1590 665; x_wconf 82' lang='lat' dir='ltr'><strong>tradidit,</strong></span> <span class='ocrx_word' id='word_1_34' title='bbox 1631 612 1832 666; x_wconf 86' lang='lat' dir='ltr'><strong>corpus</strong></span> <span class='ocrx_word' id='word_1_35' title='bbox 1878 607 1934 653; x_wconf 87' lang='lat' dir='ltr'><strong>et</strong></span> <span class='ocrx_word' id='word_1_36' title='bbox 1974 612 2102 653; x_wconf 87' lang='lat' dir='ltr'><strong>san-</strong></span> 
     </span>
    </p>
   </div>
   <div class='ocr_carea' id='block_1_6' title="bbox 508 686 2107 766">
    <p class='ocr_par' dir='ltr' id='par_1_6' title="bbox 508 686 2107 766">
     <span class='ocr_line' id='line_1_6' title="bbox 508 686 2107 766; baseline -0.005 -14"><span class='ocrx_word' id='word_1_37' title='bbox 508 698 723 766; x_wconf 84' lang='lat' dir='ltr'><strong>guinem</strong></span> <span class='ocrx_word' id='word_1_38' title='bbox 752 710 911 750; x_wconf 85' lang='lat' dir='ltr'><strong>suum</strong></span> <span class='ocrx_word' id='word_1_39' title='bbox 939 692 1172 749; x_wconf 81' lang='lat' dir='ltr'><strong>vocavit.</strong></span> <span class='ocrx_word' id='word_1_40' title='bbox 1211 691 1473 759; x_wconf 82' lang='lat' dir='ltr'><strong>Quocirca</strong></span> <span class='ocrx_word' id='word_1_41' title='bbox 1513 691 1657 745; x_wconf 85' lang='lat' dir='ltr'><strong>sicut</strong></span> <span class='ocrx_word' id='word_1_42' title='bbox 1681 686 1883 746; x_wconf 76' lang='lat' dir='ltr'><strong>Christi</strong></span> <span class='ocrx_word' id='word_1_43' title='bbox 1914 689 2107 745; x_wconf 76' lang='lat' dir='ltr'><strong>ﬁdeles</strong></span> 
     </span>
    </p>
   </div>
   <div class='ocr_carea' id='block_1_7' title="bbox 507 781 2094 854">
    <p class='ocr_par' dir='ltr' id='par_1_7' title="bbox 507 781 2094 854">
     <span class='ocr_line' id='line_1_7' title="bbox 507 781 2094 854; baseline -0.003 -13"><span class='ocrx_word' id='word_1_44' title='bbox 507 799 902 842; x_wconf 70' lang='lat' dir='ltr'><strong>sacramentum</strong></span> <span class='ocrx_word' id='word_1_45' title='bbox 928 785 1172 854; x_wconf 88' lang='lat' dir='ltr'><strong>corporis</strong></span> <span class='ocrx_word' id='word_1_46' title='bbox 1196 790 1253 839; x_wconf 88' lang='lat' dir='ltr'><strong>et</strong></span> <span class='ocrx_word' id='word_1_47' title='bbox 1288 782 1559 852; x_wconf 72' lang='lat' dir='ltr'><strong>sanguinis</strong></span> <span class='ocrx_word' id='word_1_48' title='bbox 1590 783 1715 852; x_wconf 75' lang='lat' dir='ltr'><strong>eius</strong></span> <span class='ocrx_word' id='word_1_49' title='bbox 1751 781 2094 852; x_wconf 83' lang='lat' dir='ltr'><strong>accipientes,</strong></span> 
     </span>
    </p>
   </div>
   <div class='ocr_carea' id='block_1_8' title="bbox 509 875 2098 947">
    <p class='ocr_par' dir='ltr' id='par_1_8' title="bbox 509 875 2098 947">
     <span class='ocr_line' id='line_1_8' title="bbox 509 875 2098 947; baseline -0.002 -16"><span class='ocrx_word' id='word_1_50' title='bbox 509 892 705 945; x_wconf 63' lang='lat' dir='ltr'><strong>torpns</strong></span> <span class='ocrx_word' id='word_1_51' title='bbox 734 887 788 933; x_wconf 88' lang='lat' dir='ltr'><strong>et</strong></span> <span class='ocrx_word' id='word_1_52' title='bbox 815 878 1128 947; x_wconf 87' lang='lat' dir='ltr'><strong>sanguinem</strong></span> <span class='ocrx_word' id='word_1_53' title='bbox 1156 875 1358 932; x_wconf 66' lang='lat' dir='ltr'><strong>Chr-imi</strong></span> <span class='ocrx_word' id='word_1_54' title='bbox 1388 885 1536 932; x_wconf 86' lang='lat' dir='ltr'><strong>recte</strong></span> <span class='ocrx_word' id='word_1_55' title='bbox 1555 875 1807 931; x_wconf 84' lang='lat' dir='ltr'><strong>dicuntur</strong></span> <span class='ocrx_word' id='word_1_56' title='bbox 1829 875 2098 945; x_wconf 88' lang='lat' dir='ltr'><strong>accipere,</strong></span> 
     </span>
    </p>
   </div>
   <div class='ocr_carea' id='block_1_9' title="bbox 510 966 2100 1039">
    <p class='ocr_par' dir='ltr' id='par_1_9' title="bbox 510 966 2100 1039">
     <span class='ocr_line' id='line_1_9' title="bbox 510 966 2100 1039; baseline -0.005 -11"><span class='ocrx_word' id='word_1_57' title='bbox 510 971 584 1028; x_wconf 83' lang='lat' dir='ltr'><strong>sic</strong></span> <span class='ocrx_word' id='word_1_58' title='bbox 608 979 665 1027; x_wconf 88' lang='lat' dir='ltr'><strong>et</strong></span> <span class='ocrx_word' id='word_1_59' title='bbox 691 970 807 1038; x_wconf 75' lang='lat' dir='ltr'><strong>ipse</strong></span> <span class='ocrx_word' id='word_1_60' title='bbox 832 969 1099 1034; x_wconf 83' lang='lat' dir='ltr'><strong>Christus,</strong></span> <span class='ocrx_word' id='word_1_61' title='bbox 1124 978 1525 1024; x_wconf 75' lang='lat' dir='ltr'><strong>sacramentum</strong></span> <span class='ocrx_word' id='word_1_62' title='bbox 1547 968 1850 1039; x_wconf 86' lang='lat' dir='ltr'><strong>adoptionis</strong></span> <span class='ocrx_word' id='word_1_63' title='bbox 1870 966 2100 1022; x_wconf 81' lang='lat' dir='ltr'><strong>ﬁliorum</strong></span> 
     </span>
    </p>
   </div>
   <div class='ocr_carea' id='block_1_10' title="bbox 509 1057 2104 1130">
    <p class='ocr_par' dir='ltr' id='par_1_10' title="bbox 509 1057 2104 1130">
     <span class='ocr_line' id='line_1_10' title="bbox 509 1057 2104 1130; baseline -0.003 -13"><span class='ocrx_word' id='word_1_64' title='bbox 509 1078 628 1117; x_wconf 89' lang='lat' dir='ltr'><strong>cum</strong></span> <span class='ocrx_word' id='word_1_65' title='bbox 658 1062 1011 1128; x_wconf 69' lang='lat' dir='ltr'><strong>suscepisset,</strong></span> <span class='ocrx_word' id='word_1_66' title='bbox 1056 1061 1229 1130; x_wconf 76' lang='lat' dir='ltr'><strong>pomis</strong></span> <span class='ocrx_word' id='word_1_67' title='bbox 1269 1069 1416 1116; x_wconf 87' lang='lat' dir='ltr'><strong>recte</strong></span> <span class='ocrx_word' id='word_1_68' title='bbox 1450 1061 1556 1115; x_wconf 88' lang='lat' dir='ltr'><strong>dici</strong></span> <span class='ocrx_word' id='word_1_69' title='bbox 1588 1059 1936 1129; x_wconf 82' lang='lat' dir='ltr'><strong>adoptionem</strong></span> <span class='ocrx_word' id='word_1_70' title='bbox 1964 1057 2104 1113; x_wconf 85' lang='lat' dir='ltr'><strong>lilio-</strong></span> 
     </span>
    </p>
   </div>
   <div class='ocr_carea' id='block_1_11' title="bbox 510 1150 2099 1221">
    <p class='ocr_par' dir='ltr' id='par_1_11' title="bbox 510 1150 2099 1221">
     <span class='ocr_line' id='line_1_11' title="bbox 510 1150 2099 1221; baseline -0.001 -15"><span class='ocrx_word' id='word_1_71' title='bbox 510 1168 625 1208; x_wconf 91' lang='lat' dir='ltr'><strong>rum</strong></span> <span class='ocrx_word' id='word_1_72' title='bbox 656 1153 999 1220; x_wconf 75' lang='lat' dir='ltr'><strong>suscepisse:</strong></span> <span class='ocrx_word' id='word_1_73' title='bbox 1038 1151 1274 1221; x_wconf 84' lang='lat' dir='ltr'><strong>alioquin</strong></span> <span class='ocrx_word' id='word_1_74' title='bbox 1303 1152 1580 1221; x_wconf 81' lang='lat' dir='ltr'><strong>nequede</strong></span> <span class='ocrx_word' id='word_1_75' title='bbox 1616 1153 1773 1207; x_wconf 63' lang='lat' dir='ltr'><strong>notus</strong></span> <span class='ocrx_word' id='word_1_76' title='bbox 1807 1150 2099 1207; x_wconf 81' lang='lat' dir='ltr'><strong>dicendum</strong></span> 
     </span>
    </p>
   </div>
   <div class='ocr_carea' id='block_1_12' title="bbox 512 1243 2109 1314">
    <p class='ocr_par' dir='ltr' id='par_1_12' title="bbox 512 1243 2109 1314">
     <span class='ocr_line' id='line_1_12' title="bbox 512 1243 2109 1314; baseline -0.001 -15"><span class='ocrx_word' id='word_1_77' title='bbox 512 1254 594 1300; x_wconf 71' lang='lat' dir='ltr'><strong>est</strong></span> <span class='ocrx_word' id='word_1_78' title='bbox 633 1245 886 1314; x_wconf 86' lang='lat' dir='ltr'><strong>quoniam</strong></span> <span class='ocrx_word' id='word_1_79' title='bbox 936 1243 1280 1313; x_wconf 81' lang='lat' dir='ltr'><strong>adoptionem</strong></span> <span class='ocrx_word' id='word_1_80' title='bbox 1330 1243 1670 1313; x_wconf 75' lang='lat' dir='ltr'><strong>suscepimus</strong></span> <span class='ocrx_word' id='word_1_81' title='bbox 1711 1243 1979 1310; x_wconf 79' lang='lat' dir='ltr'><strong>ﬁliorum,</strong></span> <span class='ocrx_word' id='word_1_82' title='bbox 2010 1250 2109 1299; x_wconf 79' lang='lat' dir='ltr'><strong>aut</strong></span> 
     </span>
    </p>
   </div>
   <div class='ocr_carea' id='block_1_13' title="bbox 511 1334 2105 1407">
    <p class='ocr_par' dir='ltr' id='par_1_13' title="bbox 511 1334 2105 1407">
     <span class='ocr_line' id='line_1_13' title="bbox 511 1334 2105 1407; baseline -0.001 -17"><span class='ocrx_word' id='word_1_83' title='bbox 511 1338 632 1407; x_wconf 85' lang='lat' dir='ltr'><strong>quia</strong></span> <span class='ocrx_word' id='word_1_84' title='bbox 656 1336 919 1404; x_wconf 87' lang='lat' dir='ltr'><strong>redempti</strong></span> <span class='ocrx_word' id='word_1_85' title='bbox 949 1349 1135 1390; x_wconf 89' lang='lat' dir='ltr'><strong>sumus</strong></span> <span class='ocrx_word' id='word_1_86' title='bbox 1162 1344 1324 1405; x_wconf 86' lang='lat' dir='ltr'><strong>atque</strong></span> <span class='ocrx_word' id='word_1_87' title='bbox 1354 1336 1568 1399; x_wconf 85' lang='lat' dir='ltr'><strong>salvati,</strong></span> <span class='ocrx_word' id='word_1_88' title='bbox 1590 1334 1843 1406; x_wconf 86' lang='lat' dir='ltr'><strong>quoniam</strong></span> <span class='ocrx_word' id='word_1_89' title='bbox 1873 1338 2105 1405; x_wconf 87' lang='lat' dir='ltr'><strong>Aposto-</strong></span> 
     </span>
    </p>
   </div>
   <div class='ocr_carea' id='block_1_14' title="bbox 514 1428 2105 1499">
    <p class='ocr_par' dir='ltr' id='par_1_14' title="bbox 514 1428 2105 1499">
     <span class='ocr_line' id='line_1_14' title="bbox 514 1428 2105 1499; baseline -0.001 -17"><span class='ocrx_word' id='word_1_90' title='bbox 514 1430 596 1483; x_wconf 79' lang='lat' dir='ltr'><strong>lus</strong></span> <span class='ocrx_word' id='word_1_91' title='bbox 618 1430 750 1485; x_wconf 83' lang='lat' dir='ltr'><strong>dicit</strong></span> <span class='ocrx_word' id='word_1_92' title='bbox 781 1446 795 1483; x_wconf 88' lang='lat'><strong>:</strong></span> <span class='ocrx_word' id='word_1_93' title='bbox 830 1428 943 1483; x_wconf 86' lang='lat' dir='ltr'><strong>Nos</strong></span> <span class='ocrx_word' id='word_1_94' title='bbox 974 1429 1071 1499; x_wconf 91' lang='lat' dir='ltr'><strong>ipsi</strong></span> <span class='ocrx_word' id='word_1_95' title='bbox 1101 1428 1354 1496; x_wconf 76' lang='lat' dir='ltr'><strong>primitias</strong></span> <span class='ocrx_word' id='word_1_96' title='bbox 1384 1429 1597 1497; x_wconf 82' lang='lat' dir='ltr'><strong>spiritus</strong></span> <span class='ocrx_word' id='word_1_97' title='bbox 1623 1430 1863 1483; x_wconf 76' lang='lat' dir='ltr'><strong>habentes</strong></span> <span class='ocrx_word' id='word_1_98' title='bbox 1887 1468 1903 1494; x_wconf 87' lang='lat'><strong>,</strong></span> <span class='ocrx_word' id='word_1_99' title='bbox 1934 1436 1979 1481; x_wconf 88' lang='lat' dir='ltr'><strong>et</strong></span> <span class='ocrx_word' id='word_1_100' title='bbox 2007 1428 2105 1497; x_wconf 86' lang='lat' dir='ltr'><strong>ipsi</strong></span> 
     </span>
    </p>
   </div>
   <div class='ocr_carea' id='block_1_15' title="bbox 511 1521 2106 1592">
    <p class='ocr_par' dir='ltr' id='par_1_15' title="bbox 511 1521 2106 1592">
     <span class='ocr_line' id='line_1_15' title="bbox 511 1521 2106 1592; baseline -0.002 -18"><span class='ocrx_word' id='word_1_101' title='bbox 511 1526 648 1577; x_wconf 81' lang='lat' dir='ltr'><strong>intra</strong></span> <span class='ocrx_word' id='word_1_102' title='bbox 677 1538 772 1577; x_wconf 90' lang='lat' dir='ltr'><strong>nos</strong></span> <span class='ocrx_word' id='word_1_103' title='bbox 800 1523 1049 1592; x_wconf 80' lang='lat' dir='ltr'><strong>gemimus</strong></span> <span class='ocrx_word' id='word_1_104' title='bbox 1072 1521 1405 1589; x_wconf 79' lang='lat' dir='ltr'><strong>adoptionem</strong></span> <span class='ocrx_word' id='word_1_105' title='bbox 1429 1521 1657 1589; x_wconf 80' lang='lat' dir='ltr'><strong>ﬁliorum</strong></span> <span class='ocrx_word' id='word_1_106' title='bbox 1684 1521 1778 1575; x_wconf 96' lang='lat' dir='ltr'><strong>Dei</strong></span> <span class='ocrx_word' id='word_1_107' title='bbox 1802 1527 2106 1588; x_wconf 76' lang='lat' dir='ltr'><strong>exspectan-</strong></span> 
     </span>
    </p>
   </div>
   <div class='ocr_carea' id='block_1_16' title="bbox 515 1611 2106 1685">
    <p class='ocr_par' dir='ltr' id='par_1_16' title="bbox 515 1611 2106 1685">
     <span class='ocr_line' id='line_1_16' title="bbox 515 1611 2106 1685; baseline -0.002 -17"><span class='ocrx_word' id='word_1_108' title='bbox 515 1626 607 1681; x_wconf 89' lang='lat' dir='ltr'><strong>tes,</strong></span> <span class='ocrx_word' id='word_1_109' title='bbox 639 1613 1033 1685; x_wconf 71' lang='lat' dir='ltr'><strong>redemptione»:</strong></span> <span class='ocrx_word' id='word_1_110' title='bbox 1064 1615 1299 1682; x_wconf 82' lang='lat' dir='ltr'><strong>corporis</strong></span> <span class='ocrx_word' id='word_1_111' title='bbox 1326 1614 1521 1679; x_wconf 83' lang='lat' dir='ltr'><strong>nostri;</strong></span> <span class='ocrx_word' id='word_1_112' title='bbox 1552 1630 1643 1681; x_wconf 84' lang='lat' dir='ltr'><strong>spe</strong></span> <span class='ocrx_word' id='word_1_113' title='bbox 1660 1614 1797 1668; x_wconf 72' lang='lat' dir='ltr'><strong>enim</strong></span> <span class='ocrx_word' id='word_1_114' title='bbox 1821 1611 1951 1668; x_wconf 77' lang='lat' dir='ltr'><strong>solvi</strong></span> <span class='ocrx_word' id='word_1_115' title='bbox 1980 1611 2106 1683; x_wconf 76' lang='lat' dir='ltr'><strong>facti</strong></span> 
     </span>
    </p>
   </div>
   <div class='ocr_carea' id='block_1_17' title="bbox 512 1703 2102 1775">
    <p class='ocr_par' dir='ltr' id='par_1_17' title="bbox 512 1703 2102 1775">
     <span class='ocr_line' id='line_1_17' title="bbox 512 1703 2102 1775; baseline -0.003 -15"><span class='ocrx_word' id='word_1_116' title='bbox 512 1722 721 1771; x_wconf 81' lang='lat' dir='ltr'><strong>sumus;</strong></span> <span class='ocrx_word' id='word_1_117' title='bbox 771 1721 887 1774; x_wconf 85' lang='lat' dir='ltr'><strong>spes</strong></span> <span class='ocrx_word' id='word_1_118' title='bbox 915 1715 1088 1760; x_wconf 81' lang='lat' dir='ltr'><strong>autem</strong></span> <span class='ocrx_word' id='word_1_119' title='bbox 1124 1720 1238 1774; x_wconf 70' lang='lat' dir='ltr'><strong>quc</strong></span> <span class='ocrx_word' id='word_1_120' title='bbox 1265 1705 1484 1772; x_wconf 72' lang='lat' dir='ltr'><strong>videtur,</strong></span> <span class='ocrx_word' id='word_1_121' title='bbox 1524 1721 1629 1758; x_wconf 82' lang='lat' dir='ltr'><strong>non</strong></span> <span class='ocrx_word' id='word_1_122' title='bbox 1662 1714 1739 1759; x_wconf 87' lang='lat' dir='ltr'><strong>est</strong></span> <span class='ocrx_word' id='word_1_123' title='bbox 1772 1720 1887 1775; x_wconf 78' lang='lat' dir='ltr'><strong>spes</strong></span> <span class='ocrx_word' id='word_1_124' title='bbox 1923 1703 2102 1775; x_wconf 83' lang='lat' dir='ltr'><strong>(Rom.</strong></span> 
     </span>
    </p>
   </div>
   <div class='ocr_carea' id='block_1_18' title="bbox 2206 508 3719 590">
    <p class='ocr_par' dir='ltr' id='par_1_18' title="bbox 2206 508 3719 590">
     <span class='ocr_line' id='line_1_18' title="bbox 2206 508 3719 590; baseline 0.008 -28"><span class='ocrx_word' id='word_1_125' title='bbox 2206 508 2470 563; x_wconf 85' lang='lat' dir='ltr'><strong>innotuit:</strong></span> <span class='ocrx_word' id='word_1_126' title='bbox 2513 518 2646 563; x_wconf 87' lang='lat' dir='ltr'><strong>tunc</strong></span> <span class='ocrx_word' id='word_1_127' title='bbox 2687 508 3020 578; x_wconf 82' lang='lat' dir='ltr'><strong>gloriﬁcatus</strong></span> <span class='ocrx_word' id='word_1_128' title='bbox 3058 517 3112 563; x_wconf 90' lang='lat' dir='ltr'><strong>et</strong></span> <span class='ocrx_word' id='word_1_129' title='bbox 3158 518 3459 577; x_wconf 81' lang='lat' dir='ltr'><strong>potestatem</strong></span> <span class='ocrx_word' id='word_1_130' title='bbox 3490 522 3719 590; x_wconf 71' lang='lat' dir='ltr'><strong>accepisse</strong></span> 
     </span>
    </p>
   </div>
   <div class='ocr_carea' id='block_1_19' title="bbox 2205 599 3724 671">
    <p class='ocr_par' dir='ltr' id='par_1_19' title="bbox 2205 599 3724 671">
     <span class='ocr_line' id='line_1_19' title="bbox 2205 599 3724 671; baseline 0.01 -16"><span class='ocrx_word' id='word_1_131' title='bbox 2205 610 2477 666; x_wconf 75' lang='lat' dir='ltr'><strong>narratur,</strong></span> <span class='ocrx_word' id='word_1_132' title='bbox 2502 600 2717 668; x_wconf 79' lang='lat' dir='ltr'><strong>quando</strong></span> <span class='ocrx_word' id='word_1_133' title='bbox 2746 600 2861 654; x_wconf 68' lang='lat' dir='ltr'><strong>hmo</strong></span> <span class='ocrx_word' id='word_1_134' title='bbox 2886 600 2940 654; x_wconf 91' lang='lat' dir='ltr'><strong>in</strong></span> <span class='ocrx_word' id='word_1_135' title='bbox 2968 599 3270 671; x_wconf 81' lang='lat' dir='ltr'><strong>cognitione</strong></span> <span class='ocrx_word' id='word_1_136' title='bbox 3293 604 3594 663; x_wconf 87' lang='lat' dir='ltr'><strong>credentium</strong></span> <span class='ocrx_word' id='word_1_137' title='bbox 3614 612 3724 669; x_wconf 84' lang='lat' dir='ltr'><strong>laeta</strong></span> 
     </span>
    </p>
   </div>
   <div class='ocr_carea' id='block_1_20' title="bbox 2204 692 3724 767">
    <p class='ocr_par' dir='ltr' id='par_1_20' title="bbox 2204 692 3724 767">
     <span class='ocr_line' id='line_1_20' title="bbox 2204 692 3724 767; baseline 0.001 -19"><span class='ocrx_word' id='word_1_138' title='bbox 2204 703 2356 759; x_wconf 83' lang='lat' dir='ltr'><strong>sunt,</strong></span> <span class='ocrx_word' id='word_1_139' title='bbox 2386 695 2529 749; x_wconf 82' lang='lat' dir='ltr'><strong>sicut</strong></span> <span class='ocrx_word' id='word_1_140' title='bbox 2553 701 2610 747; x_wconf 91' lang='lat' dir='ltr'><strong>et</strong></span> <span class='ocrx_word' id='word_1_141' title='bbox 2638 695 2689 747; x_wconf 87' lang='lat' dir='ltr'><strong>in</strong></span> <span class='ocrx_word' id='word_1_142' title='bbox 2718 693 2962 748; x_wconf 83' lang='lat' dir='ltr'><strong>oratione</strong></span> <span class='ocrx_word' id='word_1_143' title='bbox 2988 692 3213 748; x_wconf 87' lang='lat' dir='ltr'><strong>dicimus</strong></span> <span class='ocrx_word' id='word_1_144' title='bbox 3252 710 3265 746; x_wconf 76' lang='grc' dir='ltr'><strong><em>τ</em></strong></span> <span class='ocrx_word' id='word_1_145' title='bbox 3294 693 3621 767; x_wconf 69' lang='lat' dir='ltr'><strong>Sancti/iretur</strong></span> <span class='ocrx_word' id='word_1_146' title='bbox 3648 721 3724 759; x_wconf 68' lang='lat' dir='ltr'><strong>ao.</strong></span> 
     </span>
    </p>
   </div>
   <div class='ocr_carea' id='block_1_21' title="bbox 2204 782 3726 855">
    <p class='ocr_par' dir='ltr' id='par_1_21' title="bbox 2204 782 3726 855">
     <span class='ocr_line' id='line_1_21' title="bbox 2204 782 3726 855; baseline 0.007 -17"><span class='ocrx_word' id='word_1_147' title='bbox 2204 799 2317 838; x_wconf 82' lang='lat' dir='ltr'><strong>men</strong></span> <span class='ocrx_word' id='word_1_148' title='bbox 2346 794 2494 838; x_wconf 71' lang='lat' dir='ltr'><strong>tuum</strong></span> <span class='ocrx_word' id='word_1_149' title='bbox 2516 782 2671 851; x_wconf 74' lang='lat' dir='ltr'><strong>(Lac.</strong></span> <span class='ocrx_word' id='word_1_150' title='bbox 2696 798 2775 850; x_wconf 73' lang='lat' dir='ltr'><strong>st,</strong></span> <span class='ocrx_word' id='word_1_151' title='bbox 2805 783 2886 852; x_wconf 74' lang='lat'><strong>2),</strong></span> <span class='ocrx_word' id='word_1_152' title='bbox 2930 782 3135 837; x_wconf 85' lang='lat' dir='ltr'><strong>scilicet</strong></span> <span class='ocrx_word' id='word_1_153' title='bbox 3160 790 3215 837; x_wconf 89' lang='lat' dir='ltr'><strong>ut</strong></span> <span class='ocrx_word' id='word_1_154' title='bbox 3238 783 3291 838; x_wconf 90' lang='lat' dir='ltr'><strong>in</strong></span> <span class='ocrx_word' id='word_1_155' title='bbox 3320 788 3595 855; x_wconf 82' lang='lat' dir='ltr'><strong>cognitione</strong></span> <span class='ocrx_word' id='word_1_156' title='bbox 3618 792 3726 849; x_wconf 81' lang='lat' dir='ltr'><strong>lide-</strong></span> 
     </span>
    </p>
   </div>
   <div class='ocr_carea' id='block_1_22' title="bbox 2206 872 3723 953">
    <p class='ocr_par' dir='ltr' id='par_1_22' title="bbox 2206 872 3723 953">
     <span class='ocr_line' id='line_1_22' title="bbox 2206 872 3723 953; baseline 0.004 -21"><span class='ocrx_word' id='word_1_157' title='bbox 2206 876 2336 932; x_wconf 86' lang='lat' dir='ltr'><strong>lium</strong></span> <span class='ocrx_word' id='word_1_158' title='bbox 2368 876 2461 931; x_wconf 80' lang='lat' dir='ltr'><strong>ﬁat</strong></span> <span class='ocrx_word' id='word_1_159' title='bbox 2489 885 2751 930; x_wconf 87' lang='lat' dir='ltr'><strong>sanctum.</strong></span> <span class='ocrx_word' id='word_1_160' title='bbox 2785 875 2912 930; x_wconf 82' lang='lat' dir='ltr'><strong>Sive</strong></span> <span class='ocrx_word' id='word_1_161' title='bbox 2935 874 3056 944; x_wconf 87' lang='lat' dir='ltr'><strong>quia</strong></span> <span class='ocrx_word' id='word_1_162' title='bbox 3084 872 3128 927; x_wconf 90' lang='lat' dir='ltr'><strong>si</strong></span> <span class='ocrx_word' id='word_1_163' title='bbox 3150 874 3273 943; x_wconf 88' lang='lat' dir='ltr'><strong>quid</strong></span> <span class='ocrx_word' id='word_1_164' title='bbox 3300 880 3555 945; x_wconf 80' lang='lat' dir='ltr'><strong>potestatis</strong></span> <span class='ocrx_word' id='word_1_165' title='bbox 3570 891 3620 937; x_wconf 87' lang='lat' dir='ltr'><strong>et</strong></span> <span class='ocrx_word' id='word_1_166' title='bbox 3635 884 3723 953; x_wconf 76' lang='lat' dir='ltr'><strong>glo-</strong></span> 
     </span>
    </p>
   </div>
   <div class='ocr_carea' id='block_1_23' title="bbox 2204 965 3731 1042">
    <p class='ocr_par' dir='ltr' id='par_1_23' title="bbox 2204 965 3731 1042">
     <span class='ocr_line' id='line_1_23' title="bbox 2204 965 3731 1042; baseline 0.005 -19"><span class='ocrx_word' id='word_1_167' title='bbox 2204 967 2301 1023; x_wconf 65' lang='lat' dir='ltr'><strong>riae</strong></span> <span class='ocrx_word' id='word_1_168' title='bbox 2327 975 2448 1037; x_wconf 86' lang='lat' dir='ltr'><strong>post</strong></span> <span class='ocrx_word' id='word_1_169' title='bbox 2482 971 2599 1036; x_wconf 78' lang='lat' dir='ltr'><strong>ejus</strong></span> <span class='ocrx_word' id='word_1_170' title='bbox 2629 966 3075 1023; x_wconf 85' lang='lat' dir='ltr'><strong>resurrectionem</strong></span> <span class='ocrx_word' id='word_1_171' title='bbox 3106 965 3359 1023; x_wconf 67' lang='lat' dir='ltr'><strong>Ecclesia:</strong></span> <span class='ocrx_word' id='word_1_172' title='bbox 3385 968 3612 1027; x_wconf 87' lang='lat' dir='ltr'><strong>donatum</strong></span> <span class='ocrx_word' id='word_1_173' title='bbox 3642 984 3731 1042; x_wconf 85' lang='lat' dir='ltr'><strong>est,</strong></span> 
     </span>
    </p>
   </div>
   <div class='ocr_carea' id='block_1_24' title="bbox 2206 1057 3728 1129">
    <p class='ocr_par' dir='ltr' id='par_1_24' title="bbox 2206 1057 3728 1129">
     <span class='ocr_line' id='line_1_24' title="bbox 2206 1057 3728 1129; baseline 0.003 -14"><span class='ocrx_word' id='word_1_174' title='bbox 2206 1061 2322 1129; x_wconf 82' lang='lat' dir='ltr'><strong>ipse</strong></span> <span class='ocrx_word' id='word_1_175' title='bbox 2348 1057 2545 1113; x_wconf 88' lang='lat' dir='ltr'><strong>dicitur</strong></span> <span class='ocrx_word' id='word_1_176' title='bbox 2574 1058 2865 1128; x_wconf 86' lang='lat' dir='ltr'><strong>accepisse,</strong></span> <span class='ocrx_word' id='word_1_177' title='bbox 2891 1066 3144 1128; x_wconf 87' lang='lat' dir='ltr'><strong>tanquam</strong></span> <span class='ocrx_word' id='word_1_178' title='bbox 3167 1066 3324 1126; x_wconf 79' lang='lat' dir='ltr'><strong>caput</strong></span> <span class='ocrx_word' id='word_1_179' title='bbox 3346 1058 3397 1113; x_wconf 90' lang='lat' dir='ltr'><strong>in</strong></span> <span class='ocrx_word' id='word_1_180' title='bbox 3424 1063 3665 1127; x_wconf 70' lang='lat' dir='ltr'><strong>membris,</strong></span> <span class='ocrx_word' id='word_1_181' title='bbox 3687 1065 3728 1119; x_wconf 81' lang='lat' dir='ltr'><strong>id</strong></span> 
     </span>
    </p>
   </div>
   <div class='ocr_carea' id='block_1_25' title="bbox 2205 1150 3735 1225">
    <p class='ocr_par' dir='ltr' id='par_1_25' title="bbox 2205 1150 3735 1225">
     <span class='ocr_line' id='line_1_25' title="bbox 2205 1150 3735 1225; baseline -0.001 -17"><span class='ocrx_word' id='word_1_182' title='bbox 2205 1152 2370 1208; x_wconf 89' lang='lat' dir='ltr'><strong>estin</strong></span> <span class='ocrx_word' id='word_1_183' title='bbox 2402 1151 2707 1206; x_wconf 82' lang='lat' dir='ltr'><strong>hominibus</strong></span> <span class='ocrx_word' id='word_1_184' title='bbox 2736 1150 3005 1206; x_wconf 79' lang='lat' dir='ltr'><strong>ﬁdelibus.</strong></span> <span class='ocrx_word' id='word_1_185' title='bbox 3041 1150 3194 1206; x_wconf 86' lang='lat' dir='ltr'><strong>Unde</strong></span> <span class='ocrx_word' id='word_1_186' title='bbox 3230 1150 3423 1207; x_wconf 90' lang='lat' dir='ltr'><strong>dictum</strong></span> <span class='ocrx_word' id='word_1_187' title='bbox 3462 1165 3537 1209; x_wconf 86' lang='lat' dir='ltr'><strong>est</strong></span> <span class='ocrx_word' id='word_1_188' title='bbox 3571 1170 3599 1210; x_wconf 78' lang='grc' dir='ltr'>ι</span> <span class='ocrx_word' id='word_1_189' title='bbox 3634 1172 3735 1225; x_wconf 85' lang='lat' dir='ltr'><strong>pro.</strong></span> 
     </span>
    </p>
   </div>
   <div class='ocr_carea' id='block_1_26' title="bbox 2207 1242 3728 1314">
    <p class='ocr_par' dir='ltr' id='par_1_26' title="bbox 2207 1242 3728 1314">
     <span class='ocr_line' id='line_1_26' title="bbox 2207 1242 3728 1314; baseline 0.003 -17"><span class='ocrx_word' id='word_1_190' title='bbox 2207 1243 2404 1314; x_wconf 80' lang='lat' dir='ltr'><strong>pheta:</strong></span> <span class='ocrx_word' id='word_1_191' title='bbox 2455 1242 2748 1297; x_wconf 82' lang='lat' dir='ltr'><strong>Ascendens</strong></span> <span class='ocrx_word' id='word_1_192' title='bbox 2785 1243 2839 1295; x_wconf 78' lang='lat' dir='ltr'><strong>in</strong></span> <span class='ocrx_word' id='word_1_193' title='bbox 2874 1242 3037 1295; x_wconf 86' lang='lat' dir='ltr'><strong>altum</strong></span> <span class='ocrx_word' id='word_1_194' title='bbox 3067 1242 3323 1310; x_wconf 83' lang='lat' dir='ltr'><strong>captivam</strong></span> <span class='ocrx_word' id='word_1_195' title='bbox 3347 1245 3486 1297; x_wconf 68' lang='lat' dir='ltr'><strong>duxit</strong></span> <span class='ocrx_word' id='word_1_196' title='bbox 3508 1247 3728 1312; x_wconf 60' lang='lat' dir='ltr'><strong>captivus»</strong></span> 
     </span>
    </p>
   </div>
   <div class='ocr_carea' id='block_1_27' title="bbox 2208 1333 3731 1408">
    <p class='ocr_par' dir='ltr' id='par_1_27' title="bbox 2208 1333 3731 1408">
     <span class='ocr_line' id='line_1_27' title="bbox 2208 1333 3731 1408; baseline 0.002 -17"><span class='ocrx_word' id='word_1_197' title='bbox 2208 1337 2588 1408; x_wconf 72' lang='lat' dir='ltr'><strong>tem,accepisti</strong></span> <span class='ocrx_word' id='word_1_198' title='bbox 2616 1336 2754 1390; x_wconf 85' lang='lat' dir='ltr'><strong>dona</strong></span> <span class='ocrx_word' id='word_1_199' title='bbox 2783 1336 2837 1389; x_wconf 83' lang='lat' dir='ltr'><strong>in</strong></span> <span class='ocrx_word' id='word_1_200' title='bbox 2864 1334 3152 1389; x_wconf 82' lang='lat' dir='ltr'><strong>hominibus</strong></span> <span class='ocrx_word' id='word_1_201' title='bbox 3175 1333 3344 1405; x_wconf 83' lang='lat' dir='ltr'><strong>(Psal.</strong></span> <span class='ocrx_word' id='word_1_202' title='bbox 3373 1350 3527 1404; x_wconf 74' lang='lat' dir='ltr'><strong>amt,</strong></span> <span class='ocrx_word' id='word_1_203' title='bbox 3551 1337 3644 1405; x_wconf 85' lang='lat' dir='ltr'><strong>l9).</strong></span> <span class='ocrx_word' id='word_1_204' title='bbox 3662 1340 3731 1394; x_wconf 68' lang='lat' dir='ltr'><strong>lita</strong></span> 
     </span>
    </p>
   </div>
   <div class='ocr_carea' id='block_1_28' title="bbox 2207 1428 3733 1497">
    <p class='ocr_par' dir='ltr' id='par_1_28' title="bbox 2207 1428 3733 1497">
     <span class='ocr_line' id='line_1_28' title="bbox 2207 1428 3733 1497; baseline -0.001 -11"><span class='ocrx_word' id='word_1_205' title='bbox 2207 1441 2262 1487; x_wconf 91' lang='lat' dir='ltr'><strong>et</strong></span> <span class='ocrx_word' id='word_1_206' title='bbox 2296 1431 2421 1485; x_wconf 87' lang='lat' dir='ltr'><strong>aliis</strong></span> <span class='ocrx_word' id='word_1_207' title='bbox 2451 1429 2819 1497; x_wconf 87' lang='lat' dir='ltr'><strong>compluribus</strong></span> <span class='ocrx_word' id='word_1_208' title='bbox 2858 1428 3032 1483; x_wconf 89' lang='lat' dir='ltr'><strong>modis</strong></span> <span class='ocrx_word' id='word_1_209' title='bbox 3057 1428 3198 1483; x_wconf 89' lang='lat' dir='ltr'><strong>dicta</strong></span> <span class='ocrx_word' id='word_1_210' title='bbox 3230 1429 3615 1496; x_wconf 65' lang='lat' dir='ltr'><strong>praecedentium</strong></span> <span class='ocrx_word' id='word_1_211' title='bbox 3652 1432 3733 1485; x_wconf 64' lang='lat' dir='ltr'><strong>Pa.</strong></span> 
     </span>
    </p>
   </div>
   <div class='ocr_carea' id='block_1_29' title="bbox 2208 1519 3732 1591">
    <p class='ocr_par' dir='ltr' id='par_1_29' title="bbox 2208 1519 3732 1591">
     <span class='ocr_line' id='line_1_29' title="bbox 2208 1519 3732 1591; baseline 0 -15"><span class='ocrx_word' id='word_1_212' title='bbox 2208 1530 2348 1577; x_wconf 88' lang='lat' dir='ltr'><strong>trum</strong></span> <span class='ocrx_word' id='word_1_213' title='bbox 2377 1522 2497 1591; x_wconf 88' lang='lat' dir='ltr'><strong>pius</strong></span> <span class='ocrx_word' id='word_1_214' title='bbox 2518 1529 2679 1589; x_wconf 84' lang='lat' dir='ltr'><strong>atque</strong></span> <span class='ocrx_word' id='word_1_215' title='bbox 2700 1519 2981 1575; x_wconf 73' lang='lat' dir='ltr'><strong>exercitati</strong></span> <span class='ocrx_word' id='word_1_216' title='bbox 3002 1533 3197 1574; x_wconf 88' lang='lat' dir='ltr'><strong>sensus</strong></span> <span class='ocrx_word' id='word_1_217' title='bbox 3220 1519 3383 1574; x_wconf 88' lang='lat' dir='ltr'><strong>lector</strong></span> <span class='ocrx_word' id='word_1_218' title='bbox 3401 1528 3453 1575; x_wconf 89' lang='lat' dir='ltr'><strong>et</strong></span> <span class='ocrx_word' id='word_1_219' title='bbox 3468 1520 3732 1590; x_wconf 78' lang='lat' dir='ltr'><strong>intelligere,</strong></span> 
     </span>
    </p>
   </div>
   <div class='ocr_carea' id='block_1_30' title="bbox 2210 1611 3734 1681">
    <p class='ocr_par' dir='ltr' id='par_1_30' title="bbox 2210 1611 3734 1681">
     <span class='ocr_line' id='line_1_30' title="bbox 2210 1611 3734 1681; baseline -0.002 -11"><span class='ocrx_word' id='word_1_220' title='bbox 2210 1623 2264 1670; x_wconf 87' lang='lat' dir='ltr'><strong>et</strong></span> <span class='ocrx_word' id='word_1_221' title='bbox 2291 1614 2549 1669; x_wconf 80' lang='lat' dir='ltr'><strong>adversus</strong></span> <span class='ocrx_word' id='word_1_222' title='bbox 2571 1613 2949 1669; x_wconf 61' lang='lat' dir='ltr'><strong>haretlcorum</strong></span> <span class='ocrx_word' id='word_1_223' title='bbox 2969 1611 3268 1667; x_wconf 86' lang='lat' dir='ltr'><strong>calumnias</strong></span> <span class='ocrx_word' id='word_1_224' title='bbox 3287 1612 3557 1669; x_wconf 81' lang='lat' dir='ltr'><strong>defendere</strong></span> <span class='ocrx_word' id='word_1_225' title='bbox 3579 1622 3734 1681; x_wconf 79' lang='lat' dir='ltr'><strong>potest;</strong></span> 
     </span>
    </p>
   </div>
   <div class='ocr_carea' id='block_1_31' title="bbox 2211 1702 3738 1776">
    <p class='ocr_par' dir='ltr' id='par_1_31' title="bbox 2211 1702 3738 1776">
     <span class='ocr_line' id='line_1_31' title="bbox 2211 1702 3738 1776; baseline -0.001 -17"><span class='ocrx_word' id='word_1_226' title='bbox 2211 1706 2493 1776; x_wconf 88' lang='lat' dir='ltr'><strong>imperitus</strong></span> <span class='ocrx_word' id='word_1_227' title='bbox 2522 1714 2702 1759; x_wconf 85' lang='lat' dir='ltr'><strong>autem</strong></span> <span class='ocrx_word' id='word_1_228' title='bbox 2731 1713 2781 1758; x_wconf 89' lang='lat' dir='ltr'><strong>et</strong></span> <span class='ocrx_word' id='word_1_229' title='bbox 2814 1716 3093 1773; x_wconf 76' lang='lat' dir='ltr'><strong>arrogans,</strong></span> <span class='ocrx_word' id='word_1_230' title='bbox 3119 1702 3212 1771; x_wconf 91' lang='lat' dir='ltr'><strong>qui</strong></span> <span class='ocrx_word' id='word_1_231' title='bbox 3242 1717 3400 1758; x_wconf 88' lang='lat' dir='ltr'><strong>omne</strong></span> <span class='ocrx_word' id='word_1_232' title='bbox 3423 1704 3550 1771; x_wconf 88' lang='lat' dir='ltr'><strong>quod</strong></span> <span class='ocrx_word' id='word_1_233' title='bbox 3574 1704 3738 1758; x_wconf 80' lang='lat' dir='ltr'><strong>noniu-</strong></span> 
     </span>
    </p>
   </div>
   <div class='ocr_carea' id='block_1_32' title="bbox 512 1791 3735 1867">
    <p class='ocr_par' dir='ltr' id='par_1_32' title="bbox 512 1791 3735 1867">
     <span class='ocr_line' id='line_1_32' title="bbox 512 1791 3735 1867; baseline -0.001 -16"><span class='ocrx_word' id='word_1_234' title='bbox 512 1812 628 1863; x_wconf 84' lang='lat' dir='ltr'><strong>vnt,</strong></span> <span class='ocrx_word' id='word_1_235' title='bbox 659 1795 753 1863; x_wconf 69' lang='lat'><strong>25,</strong></span> <span class='ocrx_word' id='word_1_236' title='bbox 782 1796 898 1867; x_wconf 70' lang='grc'><strong>24).</strong></span> <span class='ocrx_word' id='word_1_237' title='bbox 929 1795 1078 1853; x_wconf 87' lang='lat' dir='ltr'><strong>Sicut</strong></span> <span class='ocrx_word' id='word_1_238' title='bbox 1104 1810 1254 1865; x_wconf 86' lang='lat' dir='ltr'><strong>ergo,</strong></span> <span class='ocrx_word' id='word_1_239' title='bbox 1288 1796 1530 1865; x_wconf 83' lang='lat' dir='ltr'><strong>quamvis</strong></span> <span class='ocrx_word' id='word_1_240' title='bbox 1575 1796 1775 1863; x_wconf 89' lang='lat' dir='ltr'><strong>adhuc,</strong></span> <span class='ocrx_word' id='word_1_241' title='bbox 1808 1793 2103 1850; x_wconf 80' lang='lat' dir='ltr'><strong>secundum</strong></span> <span class='ocrx_word' id='word_1_242' title='bbox 2137 1794 2185 1855; x_wconf 84' lang='lat' dir='ltr'><strong>B</strong></span> <span class='ocrx_word' id='word_1_243' title='bbox 2211 1793 2497 1860; x_wconf 76' lang='lat' dir='ltr'><strong>tellexerit,</strong></span> <span class='ocrx_word' id='word_1_244' title='bbox 2530 1808 2637 1849; x_wconf 91' lang='lat' dir='ltr'><strong>non</strong></span> <span class='ocrx_word' id='word_1_245' title='bbox 2663 1792 2896 1858; x_wconf 87' lang='lat' dir='ltr'><strong>discere,</strong></span> <span class='ocrx_word' id='word_1_246' title='bbox 2924 1792 3022 1847; x_wconf 89' lang='lat' dir='ltr'><strong>sed</strong></span> <span class='ocrx_word' id='word_1_247' title='bbox 3048 1791 3410 1847; x_wconf 84' lang='lat' dir='ltr'><strong>condemnare</strong></span> <span class='ocrx_word' id='word_1_248' title='bbox 3440 1792 3646 1863; x_wconf 83' lang='lat' dir='ltr'><strong>festinat,</strong></span> <span class='ocrx_word' id='word_1_249' title='bbox 3668 1808 3735 1847; x_wconf 89' lang='lat' dir='ltr'><strong>ue-</strong></span> 
     </span>
    </p>
   </div>
   <div class='ocr_carea' id='block_1_33' title="bbox 516 1884 2107 1956">
    <p class='ocr_par' dir='ltr' id='par_1_33' title="bbox 516 1884 2107 1956">
     <span class='ocr_line' id='line_1_33' title="bbox 516 1884 2107 1956; baseline -0.003 -14"><span class='ocrx_word' id='word_1_250' title='bbox 516 1887 863 1956; x_wconf 83' lang='lat' dir='ltr'><strong>Apostolum,</strong></span> <span class='ocrx_word' id='word_1_251' title='bbox 894 1895 1274 1956; x_wconf 72' lang='lat' dir='ltr'><strong>exspectemus</strong></span> <span class='ocrx_word' id='word_1_252' title='bbox 1302 1887 1645 1955; x_wconf 84' lang='lat' dir='ltr'><strong>adoptionem</strong></span> <span class='ocrx_word' id='word_1_253' title='bbox 1681 1896 1737 1941; x_wconf 89' lang='lat' dir='ltr'><strong>et</strong></span> <span class='ocrx_word' id='word_1_254' title='bbox 1774 1884 2107 1954; x_wconf 88' lang='lat' dir='ltr'><strong>redemptio-</strong></span> 
     </span>
    </p>
   </div>
   <div class='ocr_carea' id='block_1_34' title="bbox 516 1974 2120 2069">
    <p class='ocr_par' dir='ltr' id='par_1_34' title="bbox 516 1974 2120 2069">
     <span class='ocr_line' id='line_1_34' title="bbox 516 1974 2120 2069; baseline -0.002 -38"><span class='ocrx_word' id='word_1_255' title='bbox 516 1992 662 2043; x_wconf 87' lang='lat' dir='ltr'><strong>nem,</strong></span> <span class='ocrx_word' id='word_1_256' title='bbox 717 1986 772 2033; x_wconf 92' lang='lat' dir='ltr'><strong>et</strong></span> <span class='ocrx_word' id='word_1_257' title='bbox 817 1976 1084 2043; x_wconf 84' lang='lat' dir='ltr'><strong>salutem;</strong></span> <span class='ocrx_word' id='word_1_258' title='bbox 1128 1984 1329 2041; x_wconf 83' lang='lat' dir='ltr'><strong>tamen,</strong></span> <span class='ocrx_word' id='word_1_259' title='bbox 1384 1976 1509 2044; x_wconf 85' lang='lat' dir='ltr'><strong>quia</strong></span> <span class='ocrx_word' id='word_1_260' title='bbox 1555 1974 1667 2045; x_wconf 85' lang='lat' dir='ltr'><strong>jam</strong></span> <span class='ocrx_word' id='word_1_261' title='bbox 1715 1983 2120 2069; x_wconf 39' lang='lat' dir='ltr'><strong>sacramentum,</strong></span> 
     </span>
    </p>
   </div>
   <div class='ocr_carea' id='block_1_35' title="bbox 516 2068 2113 2140">
    <p class='ocr_par' dir='ltr' id='par_1_35' title="bbox 516 2068 2113 2140">
     <span class='ocr_line' id='line_1_35' title="bbox 516 2068 2113 2140; baseline -0.001 -16"><span class='ocrx_word' id='word_1_262' title='bbox 516 2070 843 2140; x_wconf 88' lang='lat' dir='ltr'><strong>adoptionis,</strong></span> <span class='ocrx_word' id='word_1_263' title='bbox 874 2080 927 2126; x_wconf 88' lang='lat' dir='ltr'><strong>et</strong></span> <span class='ocrx_word' id='word_1_264' title='bbox 956 2070 1367 2139; x_wconf 86' lang='lat' dir='ltr'><strong>redemptionis,</strong></span> <span class='ocrx_word' id='word_1_265' title='bbox 1410 2078 1465 2124; x_wconf 90' lang='lat' dir='ltr'><strong>et</strong></span> <span class='ocrx_word' id='word_1_266' title='bbox 1488 2069 1680 2123; x_wconf 88' lang='lat' dir='ltr'><strong>salutis</strong></span> <span class='ocrx_word' id='word_1_267' title='bbox 1709 2068 2027 2137; x_wconf 88' lang='lat' dir='ltr'><strong>accipimus,</strong></span> <span class='ocrx_word' id='word_1_268' title='bbox 2056 2068 2113 2122; x_wconf 86' lang='lat' dir='ltr'><strong>et</strong></span> 
     </span>
    </p>
   </div>
   <div class='ocr_carea' id='block_1_36' title="bbox 518 2157 2108 2232">
    <p class='ocr_par' dir='ltr' id='par_1_36' title="bbox 518 2157 2108 2232">
     <span class='ocr_line' id='line_1_36' title="bbox 518 2157 2108 2232; baseline -0.004 -14"><span class='ocrx_word' id='word_1_269' title='bbox 518 2166 607 2218; x_wconf 78' lang='lat' dir='ltr'><strong>ﬁlii</strong></span> <span class='ocrx_word' id='word_1_270' title='bbox 644 2164 758 2228; x_wconf 85' lang='lat' dir='ltr'><strong>Dei,</strong></span> <span class='ocrx_word' id='word_1_271' title='bbox 790 2174 842 2218; x_wconf 90' lang='lat' dir='ltr'><strong>et</strong></span> <span class='ocrx_word' id='word_1_272' title='bbox 874 2178 912 2219; x_wconf 65' lang='lat' dir='ltr'><strong>r.</strong></span> <span class='ocrx_word' id='word_1_273' title='bbox 936 2161 1160 2232; x_wconf 86' lang='lat' dir='ltr'><strong>dempti,</strong></span> <span class='ocrx_word' id='word_1_274' title='bbox 1190 2169 1248 2217; x_wconf 90' lang='lat' dir='ltr'><strong>et</strong></span> <span class='ocrx_word' id='word_1_275' title='bbox 1290 2161 1486 2215; x_wconf 84' lang='lat' dir='ltr'><strong>salvati</strong></span> <span class='ocrx_word' id='word_1_276' title='bbox 1531 2171 1678 2215; x_wconf 88' lang='lat' dir='ltr'><strong>recte</strong></span> <span class='ocrx_word' id='word_1_277' title='bbox 1706 2174 1963 2213; x_wconf 88' lang='lat' dir='ltr'><strong>vocamur</strong></span> <span class='ocrx_word' id='word_1_278' title='bbox 1990 2176 2005 2211; x_wconf 86' lang='lat'><strong>:</strong></span> <span class='ocrx_word' id='word_1_279' title='bbox 2036 2157 2108 2211; x_wconf 92' lang='lat' dir='ltr'><strong>ita</strong></span> 
     </span>
    </p>
   </div>
   <div class='ocr_carea' id='block_1_37' title="bbox 517 2248 2110 2324">
    <p class='ocr_par' dir='ltr' id='par_1_37' title="bbox 517 2248 2110 2324">
     <span class='ocr_line' id='line_1_37' title="bbox 517 2248 2110 2324; baseline -0.004 -14"><span class='ocrx_word' id='word_1_280' title='bbox 517 2255 764 2310; x_wconf 85' lang='lat' dir='ltr'><strong>Christus</strong></span> <span class='ocrx_word' id='word_1_281' title='bbox 816 2269 1029 2324; x_wconf 87' lang='lat' dir='ltr'><strong>quoque</strong></span> <span class='ocrx_word' id='word_1_282' title='bbox 1074 2262 1469 2309; x_wconf 85' lang='lat' dir='ltr'><strong>sacramentum</strong></span> <span class='ocrx_word' id='word_1_283' title='bbox 1514 2250 1835 2321; x_wconf 80' lang='lat' dir='ltr'><strong>adoptionis,</strong></span> <span class='ocrx_word' id='word_1_284' title='bbox 1885 2266 1991 2305; x_wconf 80' lang='lat' dir='ltr'><strong>non</strong></span> <span class='ocrx_word' id='word_1_285' title='bbox 2043 2248 2110 2304; x_wconf 90' lang='lat' dir='ltr'><strong>ad</strong></span> 
     </span>
    </p>
   </div>
   <div class='ocr_carea' id='block_1_38' title="bbox 520 2343 2114 2413">
    <p class='ocr_par' dir='ltr' id='par_1_38' title="bbox 520 2343 2114 2413">
     <span class='ocr_line' id='line_1_38' title="bbox 520 2343 2114 2413; baseline -0.001 -14"><span class='ocrx_word' id='word_1_286' title='bbox 520 2347 807 2401; x_wconf 83' lang='lat' dir='ltr'><strong>utilitatem</strong></span> <span class='ocrx_word' id='word_1_287' title='bbox 835 2360 1010 2410; x_wconf 89' lang='lat' dir='ltr'><strong>suam,</strong></span> <span class='ocrx_word' id='word_1_288' title='bbox 1044 2344 1137 2399; x_wconf 85' lang='lat' dir='ltr'><strong>sed</strong></span> <span class='ocrx_word' id='word_1_289' title='bbox 1166 2343 1235 2399; x_wconf 84' lang='lat' dir='ltr'><strong>ad</strong></span> <span class='ocrx_word' id='word_1_290' title='bbox 1274 2344 1440 2413; x_wconf 78' lang='lat' dir='ltr'><strong>ipsius</strong></span> <span class='ocrx_word' id='word_1_291' title='bbox 1472 2344 1795 2399; x_wconf 85' lang='lat' dir='ltr'><strong>sacramenti</strong></span> <span class='ocrx_word' id='word_1_292' title='bbox 1825 2343 2114 2398; x_wconf 75' lang='lat' dir='ltr'><strong>conﬁrma-</strong></span> 
     </span>
    </p>
   </div>
   <div class='ocr_carea' id='block_1_39' title="bbox 519 2435 2110 2504">
    <p class='ocr_par' dir='ltr' id='par_1_39' title="bbox 519 2435 2110 2504">
     <span class='ocr_line' id='line_1_39' title="bbox 519 2435 2110 2504; baseline -0.003 -13"><span class='ocrx_word' id='word_1_293' title='bbox 519 2438 775 2502; x_wconf 77' lang='lat' dir='ltr'><strong>tionem,</strong></span> <span class='ocrx_word' id='word_1_294' title='bbox 806 2436 859 2489; x_wconf 90' lang='lat' dir='ltr'><strong>in</strong></span> <span class='ocrx_word' id='word_1_295' title='bbox 906 2435 1315 2491; x_wconf 87' lang='lat' dir='ltr'><strong>circumcisione</strong></span> <span class='ocrx_word' id='word_1_296' title='bbox 1363 2446 1418 2490; x_wconf 85' lang='lat' dir='ltr'><strong>et</strong></span> <span class='ocrx_word' id='word_1_297' title='bbox 1460 2435 1727 2503; x_wconf 84' lang='lat' dir='ltr'><strong>baptismo</strong></span> <span class='ocrx_word' id='word_1_298' title='bbox 1774 2435 2110 2504; x_wconf 71' lang='lat' dir='ltr'><strong>suscipiens,</strong></span> 
     </span>
    </p>
   </div>
   <div class='ocr_carea' id='block_1_40' title="bbox 519 2525 2116 2594">
    <p class='ocr_par' dir='ltr' id='par_1_40' title="bbox 519 2525 2116 2594">
     <span class='ocr_line' id='line_1_40' title="bbox 519 2525 2116 2594; baseline -0.002 -12"><span class='ocrx_word' id='word_1_299' title='bbox 519 2529 655 2582; x_wconf 86' lang='lat' dir='ltr'><strong>sicut</strong></span> <span class='ocrx_word' id='word_1_300' title='bbox 703 2527 991 2594; x_wconf 82' lang='lat' dir='ltr'><strong>Apostolus</strong></span> <span class='ocrx_word' id='word_1_301' title='bbox 1032 2527 1143 2580; x_wconf 87' lang='lat' dir='ltr'><strong>ait:</strong></span> <span class='ocrx_word' id='word_1_302' title='bbox 1188 2525 1321 2581; x_wconf 85' lang='lat' dir='ltr'><strong>Dico</strong></span> <span class='ocrx_word' id='word_1_303' title='bbox 1362 2527 1496 2581; x_wconf 85' lang='lat' dir='ltr'><strong>enim</strong></span> <span class='ocrx_word' id='word_1_304' title='bbox 1536 2526 1797 2580; x_wconf 75' lang='lat' dir='ltr'><strong>Christum</strong></span> <span class='ocrx_word' id='word_1_305' title='bbox 1825 2526 2116 2580; x_wconf 71' lang='lat' dir='ltr'><strong>ministrum</strong></span> 
     </span>
    </p>
   </div>
   <div class='ocr_carea' id='block_1_41' title="bbox 519 2615 2114 2685">
    <p class='ocr_par' dir='ltr' id='par_1_41' title="bbox 519 2615 2114 2685">
     <span class='ocr_line' id='line_1_41' title="bbox 519 2615 2114 2685; baseline 0.001 -16"><span class='ocrx_word' id='word_1_306' title='bbox 519 2618 679 2685; x_wconf 79' lang='lat' dir='ltr'><strong>[uisse</strong></span> <span class='ocrx_word' id='word_1_307' title='bbox 707 2617 1109 2672; x_wconf 78' lang='lat' dir='ltr'><strong>circumeisionis</strong></span> <span class='ocrx_word' id='word_1_308' title='bbox 1139 2626 1345 2683; x_wconf 79' lang='lat' dir='ltr'><strong>propter</strong></span> <span class='ocrx_word' id='word_1_309' title='bbox 1374 2616 1635 2670; x_wconf 80' lang='lat' dir='ltr'><strong>ueritatem</strong></span> <span class='ocrx_word' id='word_1_310' title='bbox 1662 2615 1779 2681; x_wconf 83' lang='lat' dir='ltr'><strong>Dei,</strong></span> <span class='ocrx_word' id='word_1_311' title='bbox 1816 2617 1885 2669; x_wconf 86' lang='lat' dir='ltr'><strong>ad</strong></span> <span class='ocrx_word' id='word_1_312' title='bbox 1921 2618 2114 2685; x_wconf 48' lang='lat' dir='ltr'><strong>conﬁt-‘-</strong></span> 
     </span>
    </p>
   </div>
   <div class='ocr_carea' id='block_1_42' title="bbox 522 2707 2115 2780">
    <p class='ocr_par' dir='ltr' id='par_1_42' title="bbox 522 2707 2115 2780">
     <span class='ocr_line' id='line_1_42' title="bbox 522 2707 2115 2780; baseline 0.001 -17"><span class='ocrx_word' id='word_1_313' title='bbox 522 2708 741 2763; x_wconf 84' lang='lat' dir='ltr'><strong>mandas</strong></span> <span class='ocrx_word' id='word_1_314' title='bbox 769 2708 1128 2779; x_wconf 82' lang='lat' dir='ltr'><strong>promissiones</strong></span> <span class='ocrx_word' id='word_1_315' title='bbox 1152 2718 1360 2777; x_wconf 72' lang='lat' dir='ltr'><strong>patrum</strong></span> <span class='ocrx_word' id='word_1_316' title='bbox 1403 2707 1581 2780; x_wconf 80' lang='lat' dir='ltr'><strong>(Rom.</strong></span> <span class='ocrx_word' id='word_1_317' title='bbox 1612 2723 1701 2775; x_wconf 77' lang='lat' dir='ltr'><strong>xv,</strong></span> <span class='ocrx_word' id='word_1_318' title='bbox 1733 2708 1814 2779; x_wconf 89' lang='lat'><strong>8),</strong></span> <span class='ocrx_word' id='word_1_319' title='bbox 1848 2710 2019 2777; x_wconf 87' lang='lat' dir='ltr'><strong>potuit</strong></span> <span class='ocrx_word' id='word_1_320' title='bbox 2048 2709 2115 2764; x_wconf 89' lang='lat' dir='ltr'><strong>ab</strong></span> 
     </span>
    </p>
   </div>
   <div class='ocr_carea' id='block_1_43' title="bbox 520 2796 2116 2868">
    <p class='ocr_par' dir='ltr' id='par_1_43' title="bbox 520 2796 2116 2868">
     <span class='ocr_line' id='line_1_43' title="bbox 520 2796 2116 2868; baseline 0.001 -16"><span class='ocrx_word' id='word_1_321' title='bbox 520 2796 758 2867; x_wconf 86' lang='lat' dir='ltr'><strong>antiquis</strong></span> <span class='ocrx_word' id='word_1_322' title='bbox 786 2796 1039 2852; x_wconf 76' lang='lat' dir='ltr'><strong>Ecclesia:</strong></span> <span class='ocrx_word' id='word_1_323' title='bbox 1058 2796 1369 2852; x_wconf 86' lang='lat' dir='ltr'><strong>doctoribus</strong></span> <span class='ocrx_word' id='word_1_324' title='bbox 1394 2805 1541 2853; x_wconf 89' lang='lat' dir='ltr'><strong>recte</strong></span> <span class='ocrx_word' id='word_1_325' title='bbox 1565 2796 1678 2852; x_wconf 84' lang='lat' dir='ltr'><strong>dici</strong></span> <span class='ocrx_word' id='word_1_326' title='bbox 1705 2797 1849 2868; x_wconf 90' lang='lat' dir='ltr'><strong>quod</strong></span> <span class='ocrx_word' id='word_1_327' title='bbox 1870 2797 2116 2868; x_wconf 80' lang='lat' dir='ltr'><strong>adoptio-</strong></span> 
     </span>
    </p>
   </div>
   <div class='ocr_carea' id='block_1_44' title="bbox 526 2888 2113 2959">
    <p class='ocr_par' dir='ltr' id='par_1_44' title="bbox 526 2888 2113 2959">
     <span class='ocr_line' id='line_1_44' title="bbox 526 2888 2113 2959; baseline -0.002 -14"><span class='ocrx_word' id='word_1_328' title='bbox 526 2905 649 2945; x_wconf 87' lang='lat' dir='ltr'><strong>nem</strong></span> <span class='ocrx_word' id='word_1_329' title='bbox 676 2890 974 2959; x_wconf 87' lang='lat' dir='ltr'><strong>susceperit</strong></span> <span class='ocrx_word' id='word_1_330' title='bbox 997 2888 1248 2944; x_wconf 83' lang='lat' dir='ltr'><strong>liliorum.</strong></span> <span class='ocrx_word' id='word_1_331' title='bbox 1277 2889 1428 2956; x_wconf 85' lang='lat' dir='ltr'><strong>Quod</strong></span> <span class='ocrx_word' id='word_1_332' title='bbox 1459 2888 1505 2943; x_wconf 86' lang='lat' dir='ltr'><strong>si</strong></span> <span class='ocrx_word' id='word_1_333' title='bbox 1525 2897 1583 2945; x_wconf 89' lang='lat' dir='ltr'><strong>et</strong></span> <span class='ocrx_word' id='word_1_334' title='bbox 1612 2888 1716 2944; x_wconf 90' lang='lat' dir='ltr'><strong>hoc</strong></span> <span class='ocrx_word' id='word_1_335' title='bbox 1742 2888 1943 2945; x_wconf 78' lang='lat' dir='ltr'><strong>dixisse</strong></span> <span class='ocrx_word' id='word_1_336' title='bbox 1965 2890 2113 2959; x_wconf 37' lang='lat' dir='ltr'><strong>inve:</strong></span> 
     </span>
    </p>
   </div>
   <div class='ocr_carea' id='block_1_45' title="bbox 523 2981 2117 3051">
    <p class='ocr_par' dir='ltr' id='par_1_45' title="bbox 523 2981 2117 3051">
     <span class='ocr_line' id='line_1_45' title="bbox 523 2981 2117 3051; baseline -0.001 -15"><span class='ocrx_word' id='word_1_337' title='bbox 523 2983 770 3048; x_wconf 87' lang='lat' dir='ltr'><strong>uiantur,</strong></span> <span class='ocrx_word' id='word_1_338' title='bbox 803 2981 927 3051; x_wconf 88' lang='lat' dir='ltr'><strong>quia</strong></span> <span class='ocrx_word' id='word_1_339' title='bbox 967 2991 1087 3050; x_wconf 92' lang='lat' dir='ltr'><strong>post</strong></span> <span class='ocrx_word' id='word_1_340' title='bbox 1114 2981 1418 3051; x_wconf 81' lang='lat' dir='ltr'><strong>passionem</strong></span> <span class='ocrx_word' id='word_1_341' title='bbox 1444 3022 1462 3047; x_wconf 97' lang='lat'><strong>,</strong></span> <span class='ocrx_word' id='word_1_342' title='bbox 1494 2981 1609 3038; x_wconf 88' lang='lat' dir='ltr'><strong>sive</strong></span> <span class='ocrx_word' id='word_1_343' title='bbox 1636 2994 1929 3050; x_wconf 75' lang='lat' dir='ltr'><strong>resurgens</strong></span> <span class='ocrx_word' id='word_1_344' title='bbox 1952 3020 1968 3046; x_wconf 86' lang='lat'><strong>,</strong></span> <span class='ocrx_word' id='word_1_345' title='bbox 1999 2981 2117 3035; x_wconf 88' lang='lat' dir='ltr'><strong>sive</strong></span> 
     </span>
    </p>
   </div>
   <div class='ocr_carea' id='block_1_46' title="bbox 525 3074 2117 3145">
    <p class='ocr_par' dir='ltr' id='par_1_46' title="bbox 525 3074 2117 3145">
     <span class='ocr_line' id='line_1_46' title="bbox 525 3074 2117 3145; baseline -0.003 -12"><span class='ocrx_word' id='word_1_346' title='bbox 525 3077 687 3133; x_wconf 85' lang='lat' dir='ltr'><strong>etiam</strong></span> <span class='ocrx_word' id='word_1_347' title='bbox 720 3078 771 3129; x_wconf 89' lang='lat' dir='ltr'><strong>in</strong></span> <span class='ocrx_word' id='word_1_348' title='bbox 799 3076 994 3131; x_wconf 78' lang='lat' dir='ltr'><strong>C(Blum</strong></span> <span class='ocrx_word' id='word_1_349' title='bbox 1024 3074 1341 3139; x_wconf 77' lang='lat' dir='ltr'><strong>ascendens,</strong></span> <span class='ocrx_word' id='word_1_350' title='bbox 1372 3074 1698 3145; x_wconf 75' lang='lat' dir='ltr'><strong>gloriﬁcatus</strong></span> <span class='ocrx_word' id='word_1_351' title='bbox 1717 3084 1803 3129; x_wconf 87' lang='lat' dir='ltr'><strong>est</strong></span> <span class='ocrx_word' id='word_1_352' title='bbox 1837 3074 2117 3140; x_wconf 84' lang='lat' dir='ltr'><strong>Dominus,</strong></span> 
     </span>
    </p>
   </div>
   <div class='ocr_carea' id='block_1_47' title="bbox 2210 1880 3735 1949">
    <p class='ocr_par' dir='ltr' id='par_1_47' title="bbox 2210 1880 3735 1949">
     <span class='ocr_line' id='line_1_47' title="bbox 2210 1880 3735 1949; baseline -0.005 -7"><span class='ocrx_word' id='word_1_353' title='bbox 2210 1900 2364 1942; x_wconf 80' lang='lat' dir='ltr'><strong>cesso</strong></span> <span class='ocrx_word' id='word_1_354' title='bbox 2394 1893 2479 1941; x_wconf 87' lang='lat' dir='ltr'><strong>est</strong></span> <span class='ocrx_word' id='word_1_355' title='bbox 2511 1892 2570 1939; x_wconf 91' lang='lat' dir='ltr'><strong>ut</strong></span> <span class='ocrx_word' id='word_1_356' title='bbox 2610 1882 2959 1939; x_wconf 81' lang='lat' dir='ltr'><strong>conturbetur</strong></span> <span class='ocrx_word' id='word_1_357' title='bbox 2985 1882 3042 1937; x_wconf 90' lang='lat' dir='ltr'><strong>in</strong></span> <span class='ocrx_word' id='word_1_358' title='bbox 3068 1880 3269 1937; x_wconf 80' lang='lat' dir='ltr'><strong>talibus</strong></span> <span class='ocrx_word' id='word_1_359' title='bbox 3294 1898 3309 1948; x_wconf 89' lang='lat'><strong>;</strong></span> <span class='ocrx_word' id='word_1_360' title='bbox 3346 1890 3433 1949; x_wconf 86' lang='lat' dir='ltr'><strong>et,</strong></span> <span class='ocrx_word' id='word_1_361' title='bbox 3462 1882 3505 1937; x_wconf 87' lang='lat' dir='ltr'><strong>si</strong></span> <span class='ocrx_word' id='word_1_362' title='bbox 3531 1881 3735 1949; x_wconf 84' lang='lat' dir='ltr'><strong>potuerit,</strong></span> 
     </span>
    </p>
   </div>
   <div class='ocr_carea' id='block_1_48' title="bbox 2213 1973 3743 2048">
    <p class='ocr_par' dir='ltr' id='par_1_48' title="bbox 2213 1973 3743 2048">
     <span class='ocr_line' id='line_1_48' title="bbox 2213 1973 3743 2048; baseline -0.003 -16"><span class='ocrx_word' id='word_1_363' title='bbox 2213 1979 2350 2034; x_wconf 84' lang='lat' dir='ltr'><strong>alios</strong></span> <span class='ocrx_word' id='word_1_364' title='bbox 2372 1991 2587 2048; x_wconf 86' lang='lat' dir='ltr'><strong>quoque</strong></span> <span class='ocrx_word' id='word_1_365' title='bbox 2615 1976 2924 2040; x_wconf 87' lang='lat' dir='ltr'><strong>conturbet,</strong></span> <span class='ocrx_word' id='word_1_366' title='bbox 2957 1973 3087 2029; x_wconf 85' lang='lat' dir='ltr'><strong>dum</strong></span> <span class='ocrx_word' id='word_1_367' title='bbox 3114 1974 3386 2028; x_wconf 82' lang='lat' dir='ltr'><strong>rationem</strong></span> <span class='ocrx_word' id='word_1_368' title='bbox 3411 1988 3557 2043; x_wconf 89' lang='lat' dir='ltr'><strong>quam</strong></span> <span class='ocrx_word' id='word_1_369' title='bbox 3577 1989 3656 2041; x_wconf 83' lang='lat' dir='ltr'><strong>pro</strong></span> <span class='ocrx_word' id='word_1_370' title='bbox 3672 1989 3743 2028; x_wconf 81' lang='lat' dir='ltr'><strong>sua</strong></span> 
     </span>
    </p>
   </div>
   <div class='ocr_carea' id='block_1_49' title="bbox 2219 2066 3742 2139">
    <p class='ocr_par' dir='ltr' id='par_1_49' title="bbox 2219 2066 3742 2139">
     <span class='ocr_line' id='line_1_49' title="bbox 2219 2066 3742 2139; baseline -0.005 -13"><span class='ocrx_word' id='word_1_371' title='bbox 2219 2069 2481 2139; x_wconf 86' lang='lat' dir='ltr'><strong>imperitia</strong></span> <span class='ocrx_word' id='word_1_372' title='bbox 2512 2083 2620 2124; x_wconf 87' lang='lat' dir='ltr'><strong>non</strong></span> <span class='ocrx_word' id='word_1_373' title='bbox 2667 2067 2841 2137; x_wconf 90' lang='lat' dir='ltr'><strong>potuit</strong></span> <span class='ocrx_word' id='word_1_374' title='bbox 2867 2066 3135 2132; x_wconf 90' lang='lat' dir='ltr'><strong>invenire,</strong></span> <span class='ocrx_word' id='word_1_375' title='bbox 3173 2066 3337 2122; x_wconf 79' lang='lat' dir='ltr'><strong>etiam</strong></span> <span class='ocrx_word' id='word_1_376' title='bbox 3368 2080 3460 2135; x_wconf 89' lang='lat' dir='ltr'><strong>pro</strong></span> <span class='ocrx_word' id='word_1_377' title='bbox 3494 2068 3742 2136; x_wconf 80' lang='lat' dir='ltr'><strong>arrogantia</strong></span> 
     </span>
    </p>
   </div>
   <div class='ocr_carea' id='block_1_50' title="bbox 2213 2154 3746 2231">
    <p class='ocr_par' dir='ltr' id='par_1_50' title="bbox 2213 2154 3746 2231">
     <span class='ocr_line' id='line_1_50' title="bbox 2213 2154 3746 2231; baseline -0.005 -15"><span class='ocrx_word' id='word_1_378' title='bbox 2213 2162 2534 2231; x_wconf 79' lang='lat' dir='ltr'><strong>dedignatur</strong></span> <span class='ocrx_word' id='word_1_379' title='bbox 2580 2161 2846 2228; x_wconf 85' lang='lat' dir='ltr'><strong>accipere.</strong></span> <span class='ocrx_word' id='word_1_380' title='bbox 2890 2157 3025 2213; x_wconf 87' lang='lat' dir='ltr'><strong>Illud</strong></span> <span class='ocrx_word' id='word_1_381' title='bbox 3058 2166 3247 2213; x_wconf 86' lang='lat' dir='ltr'><strong>autem</strong></span> <span class='ocrx_word' id='word_1_382' title='bbox 3274 2156 3392 2227; x_wconf 88' lang='lat' dir='ltr'><strong>quis</strong></span> <span class='ocrx_word' id='word_1_383' title='bbox 3432 2154 3590 2221; x_wconf 83' lang='lat' dir='ltr'><strong>lerat,</strong></span> <span class='ocrx_word' id='word_1_384' title='bbox 3637 2154 3746 2225; x_wconf 84' lang='lat' dir='ltr'><strong>quod</strong></span> 
     </span>
    </p>
   </div>
   <div class='ocr_carea' id='block_1_51' title="bbox 2212 2246 3746 2324">
    <p class='ocr_par' dir='ltr' id='par_1_51' title="bbox 2212 2246 3746 2324">
     <span class='ocr_line' id='line_1_51' title="bbox 2212 2246 3746 2324; baseline -0.006 -16"><span class='ocrx_word' id='word_1_385' title='bbox 2212 2254 2374 2324; x_wconf 91' lang='lat' dir='ltr'><strong>aliqui</strong></span> <span class='ocrx_word' id='word_1_386' title='bbox 2395 2253 2638 2308; x_wconf 85' lang='lat' dir='ltr'><strong>dicentes</strong></span> <span class='ocrx_word' id='word_1_387' title='bbox 2665 2250 2792 2307; x_wconf 86' lang='lat' dir='ltr'><strong>cred</strong></span> <span class='ocrx_word' id='word_1_388' title='bbox 2803 2265 2894 2306; x_wconf 88' lang='lat' dir='ltr'><strong>ere</strong></span> <span class='ocrx_word' id='word_1_389' title='bbox 2915 2263 2976 2305; x_wconf 89' lang='lat' dir='ltr'><strong>se</strong></span> <span class='ocrx_word' id='word_1_390' title='bbox 3004 2248 3298 2304; x_wconf 86' lang='lat' dir='ltr'><strong>nobiscqu</strong></span> <span class='ocrx_word' id='word_1_391' title='bbox 3322 2248 3451 2302; x_wconf 90' lang='lat' dir='ltr'><strong>duas</strong></span> <span class='ocrx_word' id='word_1_392' title='bbox 3466 2246 3636 2302; x_wconf 89' lang='lat' dir='ltr'><strong>Christi</strong></span> <span class='ocrx_word' id='word_1_393' title='bbox 3656 2259 3746 2300; x_wconf 82' lang='lat' dir='ltr'><strong>esse</strong></span> 
     </span>
    </p>
   </div>
   <div class='ocr_carea' id='block_1_52' title="bbox 2215 2338 3748 2412">
    <p class='ocr_par' dir='ltr' id='par_1_52' title="bbox 2215 2338 3748 2412">
     <span class='ocr_line' id='line_1_52' title="bbox 2215 2338 3748 2412; baseline -0.008 -10"><span class='ocrx_word' id='word_1_394' title='bbox 2215 2355 2453 2412; x_wconf 77' lang='lat' dir='ltr'><strong>naturas,</strong></span> <span class='ocrx_word' id='word_1_395' title='bbox 2483 2353 2537 2399; x_wconf 86' lang='lat' dir='ltr'><strong>et</strong></span> <span class='ocrx_word' id='word_1_396' title='bbox 2568 2344 2733 2398; x_wconf 86' lang='lat' dir='ltr'><strong>Deum</strong></span> <span class='ocrx_word' id='word_1_397' title='bbox 2761 2343 2912 2396; x_wconf 87' lang='lat' dir='ltr'><strong>illum</strong></span> <span class='ocrx_word' id='word_1_398' title='bbox 2947 2350 3111 2412; x_wconf 87' lang='lat' dir='ltr'><strong>atque</strong></span> <span class='ocrx_word' id='word_1_399' title='bbox 3152 2338 3426 2394; x_wconf 87' lang='lat' dir='ltr'><strong>hominem</strong></span> <span class='ocrx_word' id='word_1_400' title='bbox 3466 2352 3562 2392; x_wconf 86' lang='lat' dir='ltr'><strong>non</strong></span> <span class='ocrx_word' id='word_1_401' title='bbox 3585 2350 3748 2405; x_wconf 83' lang='lat' dir='ltr'><strong>negan-</strong></span> 
     </span>
    </p>
   </div>
   <div class='ocr_carea' id='block_1_53' title="bbox 2214 2426 3748 2503">
    <p class='ocr_par' dir='ltr' id='par_1_53' title="bbox 2214 2426 3748 2503">
     <span class='ocr_line' id='line_1_53' title="bbox 2214 2426 3748 2503; baseline -0.01 -10"><span class='ocrx_word' id='word_1_402' title='bbox 2214 2445 2318 2502; x_wconf 87' lang='lat' dir='ltr'><strong>tes,</strong></span> <span class='ocrx_word' id='word_1_403' title='bbox 2344 2438 2393 2491; x_wconf 84' lang='lat' dir='ltr'><strong>si</strong></span> <span class='ocrx_word' id='word_1_404' title='bbox 2422 2432 2691 2491; x_wconf 87' lang='lat' dir='ltr'><strong>audierint</strong></span> <span class='ocrx_word' id='word_1_405' title='bbox 2717 2432 2860 2502; x_wconf 92' lang='lat' dir='ltr'><strong>quod</strong></span> <span class='ocrx_word' id='word_1_406' title='bbox 2889 2432 3055 2503; x_wconf 85' lang='lat' dir='ltr'><strong>gratia</strong></span> <span class='ocrx_word' id='word_1_407' title='bbox 3093 2430 3172 2486; x_wconf 89' lang='lat' dir='ltr'><strong>sit</strong></span> <span class='ocrx_word' id='word_1_408' title='bbox 3210 2429 3376 2485; x_wconf 82' lang='lat' dir='ltr'><strong>Filius</strong></span> <span class='ocrx_word' id='word_1_409' title='bbox 3398 2429 3508 2492; x_wconf 86' lang='lat' dir='ltr'><strong>Dei,</strong></span> <span class='ocrx_word' id='word_1_410' title='bbox 3542 2429 3611 2483; x_wconf 71' lang='lat' dir='ltr'><strong>sic</strong></span> <span class='ocrx_word' id='word_1_411' title='bbox 3632 2426 3748 2479; x_wconf 84' lang='lat' dir='ltr'><strong>dete-</strong></span> 
     </span>
    </p>
   </div>
   <div class='ocr_carea' id='block_1_54' title="bbox 2215 2515 3754 2593">
    <p class='ocr_par' dir='ltr' id='par_1_54' title="bbox 2215 2515 3754 2593">
     <span class='ocr_line' id='line_1_54' title="bbox 2215 2515 3754 2593; baseline -0.009 -9"><span class='ocrx_word' id='word_1_412' title='bbox 2215 2535 2427 2584; x_wconf 85' lang='lat' dir='ltr'><strong>stantur</strong></span> <span class='ocrx_word' id='word_1_413' title='bbox 2456 2527 2556 2581; x_wconf 84' lang='lat' dir='ltr'><strong>hoc</strong></span> <span class='ocrx_word' id='word_1_414' title='bbox 2586 2526 2806 2589; x_wconf 76' lang='lat' dir='ltr'><strong>verbum</strong></span> <span class='ocrx_word' id='word_1_415' title='bbox 2832 2566 2847 2591; x_wconf 89' lang='lat'><strong>,</strong></span> <span class='ocrx_word' id='word_1_416' title='bbox 2878 2533 3138 2593; x_wconf 88' lang='lat' dir='ltr'><strong>tanquam</strong></span> <span class='ocrx_word' id='word_1_417' title='bbox 3177 2522 3227 2576; x_wconf 89' lang='lat' dir='ltr'><strong>si</strong></span> <span class='ocrx_word' id='word_1_418' title='bbox 3252 2520 3320 2576; x_wconf 90' lang='lat' dir='ltr'><strong>de</strong></span> <span class='ocrx_word' id='word_1_419' title='bbox 3346 2520 3436 2576; x_wconf 91' lang='lat' dir='ltr'><strong>illo</strong></span> <span class='ocrx_word' id='word_1_420' title='bbox 3459 2520 3664 2583; x_wconf 82' lang='lat' dir='ltr'><strong>dicatur,</strong></span> <span class='ocrx_word' id='word_1_421' title='bbox 3684 2515 3754 2587; x_wconf 79' lang='lat' dir='ltr'><strong>qui</strong></span> 
     </span>
    </p>
   </div>
   <div class='ocr_carea' id='block_1_55' title="bbox 2219 2614 3755 2676">
    <p class='ocr_par' dir='ltr' id='par_1_55' title="bbox 2219 2614 3755 2676">
     <span class='ocr_line' id='line_1_55' title="bbox 2219 2614 3755 2676; baseline -0.009 -1"><span class='ocrx_word' id='word_1_422' title='bbox 2219 2621 2361 2676; x_wconf 89' lang='lat' dir='ltr'><strong>Deus</strong></span> <span class='ocrx_word' id='word_1_423' title='bbox 2387 2627 2592 2675; x_wconf 90' lang='lat' dir='ltr'><strong>tantum</strong></span> <span class='ocrx_word' id='word_1_424' title='bbox 2622 2619 2912 2673; x_wconf 83' lang='lat' dir='ltr'><strong>nonetiam</strong></span> <span class='ocrx_word' id='word_1_425' title='bbox 2940 2616 3104 2671; x_wconf 87' lang='lat' dir='ltr'><strong>homo</strong></span> <span class='ocrx_word' id='word_1_426' title='bbox 3126 2616 3224 2670; x_wconf 91' lang='lat' dir='ltr'><strong>sit.</strong></span> <span class='ocrx_word' id='word_1_427' title='bbox 3268 2614 3421 2671; x_wconf 87' lang='lat' dir='ltr'><strong>Sicut</strong></span> <span class='ocrx_word' id='word_1_428' title='bbox 3444 2620 3601 2668; x_wconf 87' lang='lat' dir='ltr'><strong>autem</strong></span> <span class='ocrx_word' id='word_1_429' title='bbox 3624 2618 3669 2665; x_wconf 86' lang='lat' dir='ltr'><strong>et</strong></span> <span class='ocrx_word' id='word_1_430' title='bbox 3686 2624 3755 2663; x_wconf 82' lang='lat' dir='ltr'><strong>na-</strong></span> 
     </span>
    </p>
   </div>
   <div class='ocr_carea' id='block_1_56' title="bbox 2219 2702 3758 2778">
    <p class='ocr_par' dir='ltr' id='par_1_56' title="bbox 2219 2702 3758 2778">
     <span class='ocr_line' id='line_1_56' title="bbox 2219 2702 3758 2778; baseline -0.008 -12"><span class='ocrx_word' id='word_1_431' title='bbox 2219 2719 2335 2766; x_wconf 89' lang='lat' dir='ltr'><strong>tura</strong></span> <span class='ocrx_word' id='word_1_432' title='bbox 2359 2711 2504 2765; x_wconf 81' lang='lat' dir='ltr'><strong>illius</strong></span> <span class='ocrx_word' id='word_1_433' title='bbox 2532 2721 2614 2766; x_wconf 89' lang='lat' dir='ltr'><strong>est</strong></span> <span class='ocrx_word' id='word_1_434' title='bbox 2651 2709 2883 2764; x_wconf 85' lang='lat' dir='ltr'><strong>hominis</strong></span> <span class='ocrx_word' id='word_1_435' title='bbox 2932 2715 3158 2778; x_wconf 83' lang='lat' dir='ltr'><strong>propter</strong></span> <span class='ocrx_word' id='word_1_436' title='bbox 3196 2720 3382 2762; x_wconf 86' lang='lat' dir='ltr'><strong>veram</strong></span> <span class='ocrx_word' id='word_1_437' title='bbox 3409 2702 3758 2765; x_wconf 84' lang='lat' dir='ltr'><strong>humanitatem,</strong></span> 
     </span>
    </p>
   </div>
   <div class='ocr_carea' id='block_1_57' title="bbox 2217 2795 3761 2878">
    <p class='ocr_par' dir='ltr' id='par_1_57' title="bbox 2217 2795 3761 2878">
     <span class='ocr_line' id='line_1_57' title="bbox 2217 2795 3761 2878; baseline -0.01 -16"><span class='ocrx_word' id='word_1_438' title='bbox 2217 2817 2272 2862; x_wconf 90' lang='lat' dir='ltr'><strong>et</strong></span> <span class='ocrx_word' id='word_1_439' title='bbox 2300 2805 2610 2878; x_wconf 75' lang='lat' dir='ltr'><strong>dignatione</strong></span> <span class='ocrx_word' id='word_1_440' title='bbox 2636 2805 2779 2860; x_wconf 81' lang='lat' dir='ltr'><strong>illius</strong></span> <span class='ocrx_word' id='word_1_441' title='bbox 2826 2812 2912 2861; x_wconf 89' lang='lat' dir='ltr'><strong>est</strong></span> <span class='ocrx_word' id='word_1_442' title='bbox 2962 2801 3208 2857; x_wconf 86' lang='lat' dir='ltr'><strong>hominis</strong></span> <span class='ocrx_word' id='word_1_443' title='bbox 3240 2808 3462 2870; x_wconf 82' lang='lat' dir='ltr'><strong>propter</strong></span> <span class='ocrx_word' id='word_1_444' title='bbox 3490 2810 3651 2853; x_wconf 82' lang='lat' dir='ltr'><strong>veram</strong></span> <span class='ocrx_word' id='word_1_445' title='bbox 3672 2795 3761 2849; x_wconf 85' lang='lat' dir='ltr'><strong>dei-</strong></span> 
     </span>
    </p>
   </div>
   <div class='ocr_carea' id='block_1_58' title="bbox 2218 2892 3761 2961">
    <p class='ocr_par' dir='ltr' id='par_1_58' title="bbox 2218 2892 3761 2961">
     <span class='ocr_line' id='line_1_58' title="bbox 2218 2892 3761 2961; baseline -0.01 -7"><span class='ocrx_word' id='word_1_446' title='bbox 2218 2905 2381 2954; x_wconf 80' lang='lat' dir='ltr'><strong>tatem</strong></span> <span class='ocrx_word' id='word_1_447' title='bbox 2407 2939 2422 2961; x_wconf 94' lang='lat'><strong>,</strong></span> <span class='ocrx_word' id='word_1_448' title='bbox 2451 2900 2524 2953; x_wconf 85' lang='lat' dir='ltr'><strong>ita</strong></span> <span class='ocrx_word' id='word_1_449' title='bbox 2551 2898 2713 2953; x_wconf 87' lang='lat' dir='ltr'><strong>etiam</strong></span> <span class='ocrx_word' id='word_1_450' title='bbox 2746 2904 2799 2952; x_wconf 91' lang='lat' dir='ltr'><strong>et</strong></span> <span class='ocrx_word' id='word_1_451' title='bbox 2822 2904 3008 2950; x_wconf 86' lang='lat' dir='ltr'><strong>natura</strong></span> <span class='ocrx_word' id='word_1_452' title='bbox 3040 2893 3221 2949; x_wconf 89' lang='lat' dir='ltr'><strong>Filius</strong></span> <span class='ocrx_word' id='word_1_453' title='bbox 3251 2892 3348 2949; x_wconf 90' lang='lat' dir='ltr'><strong>Dei</strong></span> <span class='ocrx_word' id='word_1_454' title='bbox 3379 2898 3461 2947; x_wconf 85' lang='lat' dir='ltr'><strong>est</strong></span> <span class='ocrx_word' id='word_1_455' title='bbox 3487 2896 3677 2960; x_wconf 86' lang='lat' dir='ltr'><strong>propter</strong></span> <span class='ocrx_word' id='word_1_456' title='bbox 3692 2899 3761 2940; x_wconf 87' lang='lat' dir='ltr'><strong>ve-</strong></span> 
     </span>
    </p>
   </div>
   <div class='ocr_carea' id='block_1_59' title="bbox 2218 2984 3764 3057">
    <p class='ocr_par' dir='ltr' id='par_1_59' title="bbox 2218 2984 3764 3057">
     <span class='ocr_line' id='line_1_59' title="bbox 2218 2984 3764 3057; baseline -0.008 -12"><span class='ocrx_word' id='word_1_457' title='bbox 2218 3004 2332 3044; x_wconf 89' lang='lat' dir='ltr'><strong>ram</strong></span> <span class='ocrx_word' id='word_1_458' title='bbox 2362 2989 2640 3054; x_wconf 84' lang='lat' dir='ltr'><strong>deitatem,</strong></span> <span class='ocrx_word' id='word_1_459' title='bbox 2670 2996 2726 3042; x_wconf 92' lang='lat' dir='ltr'><strong>et</strong></span> <span class='ocrx_word' id='word_1_460' title='bbox 2748 2987 2917 3057; x_wconf 85' lang='lat' dir='ltr'><strong>gratia</strong></span> <span class='ocrx_word' id='word_1_461' title='bbox 2952 2985 3117 3041; x_wconf 74' lang='lat' dir='ltr'><strong>Filius</strong></span> <span class='ocrx_word' id='word_1_462' title='bbox 3152 2984 3255 3041; x_wconf 90' lang='lat' dir='ltr'><strong>Dei</strong></span> <span class='ocrx_word' id='word_1_463' title='bbox 3285 2992 3372 3039; x_wconf 86' lang='lat' dir='ltr'><strong>est</strong></span> <span class='ocrx_word' id='word_1_464' title='bbox 3399 2990 3601 3053; x_wconf 85' lang='lat' dir='ltr'><strong>propter</strong></span> <span class='ocrx_word' id='word_1_465' title='bbox 3619 2990 3764 3034; x_wconf 82' lang='lat' dir='ltr'><strong>veram</strong></span> 
     </span>
    </p>
   </div>
   <div class='ocr_carea' id='block_1_60' title="bbox 2222 3074 3765 3135">
    <p class='ocr_par' dir='ltr' id='par_1_60' title="bbox 2222 3074 3765 3135">
     <span class='ocr_line' id='line_1_60' title="bbox 2222 3074 3765 3135; baseline -0.008 0"><span class='ocrx_word' id='word_1_466' title='bbox 2222 3081 2627 3135; x_wconf 78' lang='lat' dir='ltr'><strong>humanitatem.</strong></span> <span class='ocrx_word' id='word_1_467' title='bbox 2663 3078 2719 3135; x_wconf 89' lang='lat' dir='ltr'><strong>Si</strong></span> <span class='ocrx_word' id='word_1_468' title='bbox 2746 3093 2873 3133; x_wconf 89' lang='lat' dir='ltr'><strong>vero</strong></span> <span class='ocrx_word' id='word_1_469' title='bbox 2897 3086 2953 3132; x_wconf 91' lang='lat' dir='ltr'><strong>ct</strong></span> <span class='ocrx_word' id='word_1_470' title='bbox 2980 3075 3289 3133; x_wconf 87' lang='lat' dir='ltr'><strong>secundum</strong></span> <span class='ocrx_word' id='word_1_471' title='bbox 3321 3074 3673 3130; x_wconf 81' lang='lat' dir='ltr'><strong>humanitatem</strong></span> <span class='ocrx_word' id='word_1_472' title='bbox 3694 3084 3765 3123; x_wconf 80' lang='lat' dir='ltr'><strong>na-</strong></span> 
     </span>
    </p>
   </div>
   <div class='ocr_carea' id='block_1_61' title="bbox 523 3161 3766 3240">
    <p class='ocr_par' dir='ltr' id='par_1_61' title="bbox 523 3161 3766 3240">
     <span class='ocr_line' id='line_1_61' title="bbox 523 3161 3766 3240; baseline -0.006 -4"><span class='ocrx_word' id='word_1_473' title='bbox 523 3177 612 3220; x_wconf 70' lang='lat' dir='ltr'><strong>aul</strong></span> <span class='ocrx_word' id='word_1_474' title='bbox 654 3174 969 3236; x_wconf 70' lang='lat' dir='ltr'><strong>potestatem</strong></span> <span class='ocrx_word' id='word_1_475' title='bbox 1018 3165 1264 3231; x_wconf 71' lang='lat' dir='ltr'><strong>accepit;</strong></span> <span class='ocrx_word' id='word_1_476' title='bbox 1312 3163 1389 3217; x_wconf 74' lang='lat' dir='ltr'><strong>sic</strong></span> <span class='ocrx_word' id='word_1_477' title='bbox 1432 3162 1501 3218; x_wconf 77' lang='lat' dir='ltr'><strong>ab</strong></span> <span class='ocrx_word' id='word_1_478' title='bbox 1542 3161 1623 3217; x_wconf 76' lang='lat' dir='ltr'><strong>eis</strong></span> <span class='ocrx_word' id='word_1_479' title='bbox 1648 3161 1855 3217; x_wconf 74' lang='lat' dir='ltr'><strong>dictum</strong></span> <span class='ocrx_word' id='word_1_480' title='bbox 1886 3162 2110 3233; x_wconf 67' lang='lat' dir='ltr'><strong>intelligi</strong></span> <span class='ocrx_word' id='word_1_481' title='bbox 2143 3177 2188 3240; x_wconf 84' lang='lat' dir='ltr'><strong>c</strong></span> <span class='ocrx_word' id='word_1_482' title='bbox 2222 3184 2339 3229; x_wconf 89' lang='lat' dir='ltr'><strong>tura</strong></span> <span class='ocrx_word' id='word_1_483' title='bbox 2365 3173 2533 3229; x_wconf 83' lang='lat' dir='ltr'><strong>Filius</strong></span> <span class='ocrx_word' id='word_1_484' title='bbox 2556 3172 2646 3227; x_wconf 89' lang='lat' dir='ltr'><strong>Dei</strong></span> <span class='ocrx_word' id='word_1_485' title='bbox 2676 3171 2907 3236; x_wconf 76' lang='lat' dir='ltr'><strong>dicatur,</strong></span> <span class='ocrx_word' id='word_1_486' title='bbox 2950 3171 3001 3224; x_wconf 92' lang='lat' dir='ltr'><strong>in</strong></span> <span class='ocrx_word' id='word_1_487' title='bbox 3036 3170 3179 3225; x_wconf 91' lang='lat' dir='ltr'><strong>illud</strong></span> <span class='ocrx_word' id='word_1_488' title='bbox 3212 3166 3513 3239; x_wconf 80' lang='lat' dir='ltr'><strong>Apnlinaris</strong></span> <span class='ocrx_word' id='word_1_489' title='bbox 3537 3164 3766 3227; x_wconf 83' lang='lat' dir='ltr'><strong>inciditur,</strong></span> 
     </span>
    </p>
   </div>
   <div class='ocr_carea' id='block_1_62' title="bbox 525 3253 2111 3325">
    <p class='ocr_par' dir='ltr' id='par_1_62' title="bbox 525 3253 2111 3325">
     <span class='ocr_line' id='line_1_62' title="bbox 525 3253 2111 3325; baseline -0.004 -10"><span class='ocrx_word' id='word_1_490' title='bbox 525 3260 704 3325; x_wconf 84' lang='lat' dir='ltr'><strong>debet,</strong></span> <span class='ocrx_word' id='word_1_491' title='bbox 735 3260 875 3313; x_wconf 88' lang='lat' dir='ltr'><strong>sicut</strong></span> <span class='ocrx_word' id='word_1_492' title='bbox 910 3273 940 3310; x_wconf 86' lang='lat' dir='ltr'><strong>a</strong></span> <span class='ocrx_word' id='word_1_493' title='bbox 978 3257 1138 3312; x_wconf 87' lang='lat' dir='ltr'><strong>Petro</strong></span> <span class='ocrx_word' id='word_1_494' title='bbox 1164 3255 1409 3324; x_wconf 85' lang='lat' dir='ltr'><strong>apostolo</strong></span> <span class='ocrx_word' id='word_1_495' title='bbox 1451 3255 1652 3309; x_wconf 91' lang='lat' dir='ltr'><strong>dictum</strong></span> <span class='ocrx_word' id='word_1_496' title='bbox 1678 3262 1760 3308; x_wconf 88' lang='lat' dir='ltr'><strong>est</strong></span> <span class='ocrx_word' id='word_1_497' title='bbox 1790 3271 1803 3307; x_wconf 91' lang='lat'><strong>:</strong></span> <span class='ocrx_word' id='word_1_498' title='bbox 1838 3253 2111 3323; x_wconf 70' lang='lat' dir='ltr'><strong>Exquisie-</strong></span> 
     </span>
    </p>
   </div>
   <div class='ocr_carea' id='block_1_63' title="bbox 524 3343 2115 3417">
    <p class='ocr_par' dir='ltr' id='par_1_63' title="bbox 524 3343 2115 3417">
     <span class='ocr_line' id='line_1_63' title="bbox 524 3343 2115 3417; baseline -0.001 -13"><span class='ocrx_word' id='word_1_499' title='bbox 524 3358 643 3404; x_wconf 75' lang='lat' dir='ltr'><strong>runt</strong></span> <span class='ocrx_word' id='word_1_500' title='bbox 671 3360 821 3417; x_wconf 86' lang='lat' dir='ltr'><strong>atque</strong></span> <span class='ocrx_word' id='word_1_501' title='bbox 845 3347 1059 3401; x_wconf 83' lang='lat' dir='ltr'><strong>scrutati</strong></span> <span class='ocrx_word' id='word_1_502' title='bbox 1083 3354 1199 3401; x_wconf 75' lang='lat' dir='ltr'><strong>sunt</strong></span> <span class='ocrx_word' id='word_1_503' title='bbox 1225 3346 1506 3416; x_wconf 64' lang='lat' dir='ltr'><strong>prophetae,</strong></span> <span class='ocrx_word' id='word_1_504' title='bbox 1540 3345 1627 3413; x_wconf 82' lang='lat' dir='ltr'><strong>qui</strong></span> <span class='ocrx_word' id='word_1_505' title='bbox 1647 3343 1712 3397; x_wconf 81' lang='lat' dir='ltr'><strong>de</strong></span> <span class='ocrx_word' id='word_1_506' title='bbox 1738 3344 1918 3413; x_wconf 78' lang='lat' dir='ltr'><strong>future</strong></span> <span class='ocrx_word' id='word_1_507' title='bbox 1944 3352 1998 3399; x_wconf 84' lang='lat' dir='ltr'><strong>in</strong></span> <span class='ocrx_word' id='word_1_508' title='bbox 2025 3362 2115 3402; x_wconf 82' lang='lat' dir='ltr'><strong>uos</strong></span> 
     </span>
    </p>
   </div>
   <div class='ocr_carea' id='block_1_64' title="bbox 526 3437 2117 3510">
    <p class='ocr_par' dir='ltr' id='par_1_64' title="bbox 526 3437 2117 3510">
     <span class='ocr_line' id='line_1_64' title="bbox 526 3437 2117 3510; baseline 0.001 -19"><span class='ocrx_word' id='word_1_509' title='bbox 526 3441 693 3510; x_wconf 82' lang='lat' dir='ltr'><strong>gratia</strong></span> <span class='ocrx_word' id='word_1_510' title='bbox 740 3437 837 3491; x_wconf 86' lang='lat' dir='ltr'><strong>Dei</strong></span> <span class='ocrx_word' id='word_1_511' title='bbox 888 3440 1349 3508; x_wconf 76' lang='lat' dir='ltr'><strong>prophetauerunt,</strong></span> <span class='ocrx_word' id='word_1_512' title='bbox 1392 3445 1677 3491; x_wconf 78' lang='lat' dir='ltr'><strong>scrutantes</strong></span> <span class='ocrx_word' id='word_1_513' title='bbox 1714 3438 1771 3491; x_wconf 78' lang='lat' dir='ltr'><strong>in</strong></span> <span class='ocrx_word' id='word_1_514' title='bbox 1815 3439 1993 3507; x_wconf 74' lang='lat' dir='ltr'><strong>quibus</strong></span> <span class='ocrx_word' id='word_1_515' title='bbox 2037 3438 2117 3493; x_wconf 79' lang='lat' dir='ltr'><strong>vel</strong></span> 
     </span>
    </p>
   </div>
   <div class='ocr_carea' id='block_1_65' title="bbox 527 3526 2113 3602">
    <p class='ocr_par' dir='ltr' id='par_1_65' title="bbox 527 3526 2113 3602">
     <span class='ocr_line' id='line_1_65' title="bbox 527 3526 2113 3602; baseline -0.001 -18"><span class='ocrx_word' id='word_1_516' title='bbox 527 3530 677 3601; x_wconf 82' lang='lat' dir='ltr'><strong>quale</strong></span> <span class='ocrx_word' id='word_1_517' title='bbox 704 3541 899 3600; x_wconf 82' lang='lat' dir='ltr'><strong>tempus</strong></span> <span class='ocrx_word' id='word_1_518' title='bbox 923 3529 1230 3602; x_wconf 78' lang='lat' dir='ltr'><strong>signiﬁcaret</strong></span> <span class='ocrx_word' id='word_1_519' title='bbox 1261 3528 1347 3598; x_wconf 86' lang='lat' dir='ltr'><strong>qui</strong></span> <span class='ocrx_word' id='word_1_520' title='bbox 1376 3528 1426 3581; x_wconf 87' lang='lat' dir='ltr'><strong>in</strong></span> <span class='ocrx_word' id='word_1_521' title='bbox 1448 3528 1519 3582; x_wconf 87' lang='lat' dir='ltr'><strong>eis</strong></span> <span class='ocrx_word' id='word_1_522' title='bbox 1544 3535 1652 3581; x_wconf 81' lang='lat' dir='ltr'><strong>erat</strong></span> <span class='ocrx_word' id='word_1_523' title='bbox 1672 3529 1883 3598; x_wconf 78' lang='lat' dir='ltr'><strong>spiritus</strong></span> <span class='ocrx_word' id='word_1_524' title='bbox 1904 3526 2113 3595; x_wconf 78' lang='lat' dir='ltr'><strong>Christi,</strong></span> 
     </span>
    </p>
   </div>
   <div class='ocr_carea' id='block_1_66' title="bbox 529 3620 2119 3694">
    <p class='ocr_par' dir='ltr' id='par_1_66' title="bbox 529 3620 2119 3694">
     <span class='ocr_line' id='line_1_66' title="bbox 529 3620 2119 3694; baseline -0.001 -18"><span class='ocrx_word' id='word_1_525' title='bbox 529 3625 615 3693; x_wconf 88' lang='lat' dir='ltr'><strong>qui</strong></span> <span class='ocrx_word' id='word_1_526' title='bbox 643 3621 1018 3694; x_wconf 79' lang='lat' dir='ltr'><strong>pramantiabat</strong></span> <span class='ocrx_word' id='word_1_527' title='bbox 1043 3623 1096 3675; x_wconf 86' lang='lat' dir='ltr'><strong>in</strong></span> <span class='ocrx_word' id='word_1_528' title='bbox 1125 3620 1328 3675; x_wconf 78' lang='lat' dir='ltr'><strong>Christo</strong></span> <span class='ocrx_word' id='word_1_529' title='bbox 1351 3620 1633 3689; x_wconf 80' lang='lat' dir='ltr'><strong>passiones,</strong></span> <span class='ocrx_word' id='word_1_530' title='bbox 1662 3629 1708 3673; x_wconf 91' lang='lat' dir='ltr'><strong>et</strong></span> <span class='ocrx_word' id='word_1_531' title='bbox 1738 3630 1848 3690; x_wconf 84' lang='lat' dir='ltr'><strong>post</strong></span> <span class='ocrx_word' id='word_1_532' title='bbox 1876 3621 1982 3674; x_wconf 60' lang='lat' dir='ltr'><strong>hinc</strong></span> <span class='ocrx_word' id='word_1_533' title='bbox 2006 3621 2119 3692; x_wconf 72' lang='lat' dir='ltr'><strong>glo-</strong></span> 
     </span>
    </p>
   </div>
   <div class='ocr_carea' id='block_1_67' title="bbox 531 3711 2117 3784">
    <p class='ocr_par' dir='ltr' id='par_1_67' title="bbox 531 3711 2117 3784">
     <span class='ocr_line' id='line_1_67' title="bbox 531 3711 2117 3784; baseline -0.001 -16"><span class='ocrx_word' id='word_1_534' title='bbox 531 3717 633 3769; x_wconf 81' lang='lat' dir='ltr'><strong>rias</strong></span> <span class='ocrx_word' id='word_1_535' title='bbox 657 3714 707 3784; x_wconf 83' lang='grc' dir='ltr'><strong>(Ι</strong></span> <span class='ocrx_word' id='word_1_536' title='bbox 739 3714 882 3768; x_wconf 86' lang='lat' dir='ltr'><strong>Petr.</strong></span> <span class='ocrx_word' id='word_1_537' title='bbox 908 3729 949 3779; x_wconf 83' lang='grc' dir='ltr'><strong>ι,</strong></span> <span class='ocrx_word' id='word_1_538' title='bbox 980 3713 1091 3784; x_wconf 80' lang='grc'><strong>10).</strong></span> <span class='ocrx_word' id='word_1_539' title='bbox 1119 3713 1186 3767; x_wconf 83' lang='lat' dir='ltr'><strong>Et</strong></span> <span class='ocrx_word' id='word_1_540' title='bbox 1207 3712 1343 3767; x_wconf 85' lang='lat' dir='ltr'><strong>sicut</strong></span> <span class='ocrx_word' id='word_1_541' title='bbox 1371 3712 1439 3766; x_wconf 92' lang='lat' dir='ltr'><strong>ah</strong></span> <span class='ocrx_word' id='word_1_542' title='bbox 1469 3711 1586 3781; x_wconf 86' lang='lat' dir='ltr'><strong>ipso</strong></span> <span class='ocrx_word' id='word_1_543' title='bbox 1624 3712 1852 3767; x_wconf 85' lang='lat' dir='ltr'><strong>Domino</strong></span> <span class='ocrx_word' id='word_1_544' title='bbox 1879 3720 2000 3782; x_wconf 91' lang='lat' dir='ltr'><strong>post</strong></span> <span class='ocrx_word' id='word_1_545' title='bbox 2026 3729 2117 3767; x_wconf 88' lang='lat' dir='ltr'><strong>re-</strong></span> 
     </span>
    </p>
   </div>
   <div class='ocr_carea' id='block_1_68' title="bbox 528 3802 2120 3874">
    <p class='ocr_par' dir='ltr' id='par_1_68' title="bbox 528 3802 2120 3874">
     <span class='ocr_line' id='line_1_68' title="bbox 528 3802 2120 3874; baseline -0.002 -13"><span class='ocrx_word' id='word_1_546' title='bbox 528 3806 913 3863; x_wconf 85' lang='lat' dir='ltr'><strong>surrectionem</strong></span> <span class='ocrx_word' id='word_1_547' title='bbox 962 3805 1163 3860; x_wconf 85' lang='lat' dir='ltr'><strong>dictum</strong></span> <span class='ocrx_word' id='word_1_548' title='bbox 1215 3813 1335 3859; x_wconf 86' lang='lat' dir='ltr'><strong>est:</strong></span> <span class='ocrx_word' id='word_1_549' title='bbox 1368 3802 1557 3857; x_wconf 78' lang='lat' dir='ltr'><strong>Nonae</strong></span> <span class='ocrx_word' id='word_1_550' title='bbox 1594 3804 1701 3858; x_wconf 73' lang='lat' dir='ltr'><strong>Iure</strong></span> <span class='ocrx_word' id='word_1_551' title='bbox 1735 3806 1961 3872; x_wconf 81' lang='lat' dir='ltr'><strong>oportuit</strong></span> <span class='ocrx_word' id='word_1_552' title='bbox 2012 3803 2120 3874; x_wconf 85' lang='lat' dir='ltr'><strong>pati</strong></span> 
     </span>
    </p>
   </div>
   <div class='ocr_carea' id='block_1_69' title="bbox 532 3897 2118 3969">
    <p class='ocr_par' dir='ltr' id='par_1_69' title="bbox 532 3897 2118 3969">
     <span class='ocr_line' id='line_1_69' title="bbox 532 3897 2118 3969; baseline -0.004 -12"><span class='ocrx_word' id='word_1_553' title='bbox 532 3902 811 3969; x_wconf 82' lang='lat' dir='ltr'><strong>Christum,</strong></span> <span class='ocrx_word' id='word_1_554' title='bbox 849 3915 895 3955; x_wconf 82' lang='lat' dir='ltr'><strong>et</strong></span> <span class='ocrx_word' id='word_1_555' title='bbox 924 3902 997 3956; x_wconf 85' lang='lat' dir='ltr'><strong>ita</strong></span> <span class='ocrx_word' id='word_1_556' title='bbox 1032 3901 1227 3954; x_wconf 80' lang='lat' dir='ltr'><strong>intrare</strong></span> <span class='ocrx_word' id='word_1_557' title='bbox 1251 3899 1304 3952; x_wconf 86' lang='lat' dir='ltr'><strong>in</strong></span> <span class='ocrx_word' id='word_1_558' title='bbox 1331 3899 1547 3969; x_wconf 79' lang='lat' dir='ltr'><strong>gloriam</strong></span> <span class='ocrx_word' id='word_1_559' title='bbox 1586 3914 1734 3952; x_wconf 84' lang='lat' dir='ltr'><strong>suam</strong></span> <span class='ocrx_word' id='word_1_560' title='bbox 1769 3897 1922 3967; x_wconf 80' lang='lat' dir='ltr'><strong>(Luc.</strong></span> <span class='ocrx_word' id='word_1_561' title='bbox 1969 3913 2118 3964; x_wconf 65' lang='grc' dir='ltr'><strong>ναν,</strong></span> 
     </span>
    </p>
   </div>
   <div class='ocr_carea' id='block_1_70' title="bbox 530 3989 2123 4063">
    <p class='ocr_par' dir='ltr' id='par_1_70' title="bbox 530 3989 2123 4063">
     <span class='ocr_line' id='line_1_70' title="bbox 530 3989 2123 4063; baseline -0.002 -15"><span class='ocrx_word' id='word_1_562' title='bbox 530 3993 661 4063; x_wconf 71' lang='grc' dir='ltr'><strong>26)ἳ</strong></span> <span class='ocrx_word' id='word_1_563' title='bbox 682 4002 736 4047; x_wconf 87' lang='lat' dir='ltr'><strong>et</strong></span> <span class='ocrx_word' id='word_1_564' title='bbox 762 3993 953 4048; x_wconf 82' lang='lat' dir='ltr'><strong>iterum</strong></span> <span class='ocrx_word' id='word_1_565' title='bbox 973 4010 986 4047; x_wconf 91' lang='lat'><strong>:</strong></span> <span class='ocrx_word' id='word_1_566' title='bbox 1010 3990 1148 4046; x_wconf 85' lang='lat' dir='ltr'><strong>Data</strong></span> <span class='ocrx_word' id='word_1_567' title='bbox 1186 4000 1258 4044; x_wconf 83' lang='lat' dir='ltr'><strong>est</strong></span> <span class='ocrx_word' id='word_1_568' title='bbox 1286 3989 1411 4042; x_wconf 83' lang='lat' dir='ltr'><strong>mihi</strong></span> <span class='ocrx_word' id='word_1_569' title='bbox 1438 3990 1600 4043; x_wconf 80' lang='lat' dir='ltr'><strong>omnis</strong></span> <span class='ocrx_word' id='word_1_570' title='bbox 1626 3990 1911 4059; x_wconf 82' lang='lat' dir='ltr'><strong>potestasitt</strong></span> <span class='ocrx_word' id='word_1_571' title='bbox 1935 3989 2059 4043; x_wconf 72' lang='lat' dir='ltr'><strong>calo</strong></span> <span class='ocrx_word' id='word_1_572' title='bbox 2073 4000 2123 4045; x_wconf 89' lang='lat' dir='ltr'><strong>et</strong></span> 
     </span>
    </p>
   </div>
   <div class='ocr_carea' id='block_1_71' title="bbox 531 4078 2124 4153">
    <p class='ocr_par' dir='ltr' id='par_1_71' title="bbox 531 4078 2124 4153">
     <span class='ocr_line' id='line_1_71' title="bbox 531 4078 2124 4153; baseline 0 -18"><span class='ocrx_word' id='word_1_573' title='bbox 531 4088 585 4137; x_wconf 85' lang='lat' dir='ltr'><strong>in</strong></span> <span class='ocrx_word' id='word_1_574' title='bbox 616 4093 749 4138; x_wconf 87' lang='lat' dir='ltr'><strong>terra</strong></span> <span class='ocrx_word' id='word_1_575' title='bbox 779 4082 997 4153; x_wconf 78' lang='lat' dir='ltr'><strong>(Matth.</strong></span> <span class='ocrx_word' id='word_1_576' title='bbox 1025 4096 1216 4145; x_wconf 77' lang='lat' dir='ltr'><strong>xxvnt,</strong></span> <span class='ocrx_word' id='word_1_577' title='bbox 1234 4078 1321 4149; x_wconf 82' lang='grc'><strong>18)</strong></span> <span class='ocrx_word' id='word_1_578' title='bbox 1340 4097 1353 4134; x_wconf 91' lang='lat'><strong>:</strong></span> <span class='ocrx_word' id='word_1_579' title='bbox 1375 4081 1497 4135; x_wconf 89' lang='lat' dir='ltr'><strong>item</strong></span> <span class='ocrx_word' id='word_1_580' title='bbox 1513 4079 1581 4135; x_wconf 91' lang='lat' dir='ltr'><strong>de</strong></span> <span class='ocrx_word' id='word_1_581' title='bbox 1594 4079 1975 4134; x_wconf 81' lang='lat' dir='ltr'><strong>clariﬁcatione</strong></span> <span class='ocrx_word' id='word_1_582' title='bbox 2002 4089 2124 4148; x_wconf 88' lang='lat' dir='ltr'><strong>post</strong></span> 
     </span>
    </p>
   </div>
   <div class='ocr_carea' id='block_1_72' title="bbox 534 4168 2125 4229">
    <p class='ocr_par' dir='ltr' id='par_1_72' title="bbox 534 4168 2125 4229">
     <span class='ocr_line' id='line_1_72' title="bbox 534 4168 2125 4229; baseline -0.001 -2"><span class='ocrx_word' id='word_1_583' title='bbox 534 4174 904 4229; x_wconf 82' lang='lat' dir='ltr'><strong>ascensionem</strong></span> <span class='ocrx_word' id='word_1_584' title='bbox 925 4187 1075 4227; x_wconf 88' lang='lat' dir='ltr'><strong>suam</strong></span> <span class='ocrx_word' id='word_1_585' title='bbox 1097 4169 1338 4224; x_wconf 80' lang='lat' dir='ltr'><strong>facienda</strong></span> <span class='ocrx_word' id='word_1_586' title='bbox 1369 4169 1446 4223; x_wconf 87' lang='lat' dir='ltr'><strong>sic</strong></span> <span class='ocrx_word' id='word_1_587' title='bbox 1474 4168 1576 4223; x_wconf 86' lang='lat' dir='ltr'><strong>ait:</strong></span> <span class='ocrx_word' id='word_1_588' title='bbox 1600 4168 1726 4223; x_wconf 82' lang='lat' dir='ltr'><strong>Cum</strong></span> <span class='ocrx_word' id='word_1_589' title='bbox 1748 4178 1918 4223; x_wconf 86' lang='lat' dir='ltr'><strong>autem</strong></span> <span class='ocrx_word' id='word_1_590' title='bbox 1935 4170 2125 4225; x_wconf 81' lang='lat' dir='ltr'><strong>uenerit</strong></span> 
     </span>
    </p>
   </div>
   <div class='ocr_carea' id='block_1_73' title="bbox 535 4260 2125 4333">
    <p class='ocr_par' dir='ltr' id='par_1_73' title="bbox 535 4260 2125 4333">
     <span class='ocr_line' id='line_1_73' title="bbox 535 4260 2125 4333; baseline -0.001 -16"><span class='ocrx_word' id='word_1_591' title='bbox 535 4268 621 4318; x_wconf 69' lang='lat' dir='ltr'><strong>ille</strong></span> <span class='ocrx_word' id='word_1_592' title='bbox 643 4264 867 4333; x_wconf 75' lang='lat' dir='ltr'><strong>Spiritus</strong></span> <span class='ocrx_word' id='word_1_593' title='bbox 885 4263 1132 4326; x_wconf 74' lang='lat' dir='ltr'><strong>veritatis,</strong></span> <span class='ocrx_word' id='word_1_594' title='bbox 1150 4261 1343 4314; x_wconf 77' lang='lat' dir='ltr'><strong>docebit</strong></span> <span class='ocrx_word' id='word_1_595' title='bbox 1372 4276 1456 4314; x_wconf 81' lang='lat' dir='ltr'><strong>vos</strong></span> <span class='ocrx_word' id='word_1_596' title='bbox 1476 4274 1678 4313; x_wconf 80' lang='lat' dir='ltr'><strong>omnem</strong></span> <span class='ocrx_word' id='word_1_597' title='bbox 1706 4260 1985 4316; x_wconf 81' lang='lat' dir='ltr'><strong>veritatem.</strong></span> <span class='ocrx_word' id='word_1_598' title='bbox 2002 4260 2125 4317; x_wconf 82' lang='lat' dir='ltr'><strong>Non</strong></span> 
     </span>
    </p>
   </div>
   <div class='ocr_carea' id='block_1_74' title="bbox 533 4352 2126 4423">
    <p class='ocr_par' dir='ltr' id='par_1_74' title="bbox 533 4352 2126 4423">
     <span class='ocr_line' id='line_1_74' title="bbox 533 4352 2126 4423; baseline -0.001 -16"><span class='ocrx_word' id='word_1_599' title='bbox 533 4359 667 4409; x_wconf 75' lang='lat' dir='ltr'><strong>mini</strong></span> <span class='ocrx_word' id='word_1_600' title='bbox 700 4361 930 4423; x_wconf 88' lang='lat' dir='ltr'><strong>loquetur</strong></span> <span class='ocrx_word' id='word_1_601' title='bbox 965 4371 996 4408; x_wconf 91' lang='lat' dir='ltr'><strong>a</strong></span> <span class='ocrx_word' id='word_1_602' title='bbox 1032 4354 1338 4423; x_wconf 83' lang='lat' dir='ltr'><strong>semetipso;</strong></span> <span class='ocrx_word' id='word_1_603' title='bbox 1386 4352 1474 4405; x_wconf 80' lang='lat' dir='ltr'><strong>sed</strong></span> <span class='ocrx_word' id='word_1_604' title='bbox 1500 4367 1812 4421; x_wconf 82' lang='lat' dir='ltr'><strong>quwcunque</strong></span> <span class='ocrx_word' id='word_1_605' title='bbox 1844 4352 2019 4405; x_wconf 82' lang='lat' dir='ltr'><strong>audiet</strong></span> <span class='ocrx_word' id='word_1_606' title='bbox 2048 4353 2126 4406; x_wconf 84' lang='lat' dir='ltr'><strong>lo-</strong></span> 
     </span>
    </p>
   </div>
   <div class='ocr_carea' id='block_1_75' title="bbox 534 4424 2123 4515">
    <p class='ocr_par' dir='ltr' id='par_1_75' title="bbox 534 4424 2123 4515">
     <span class='ocr_line' id='line_1_75' title="bbox 534 4424 2123 4515; baseline -0.001 -19"><span class='ocrx_word' id='word_1_607' title='bbox 534 4457 736 4513; x_wconf 80' lang='lat' dir='ltr'><strong>quetur,</strong></span> <span class='ocrx_word' id='word_1_608' title='bbox 768 4456 813 4498; x_wconf 92' lang='lat' dir='ltr'><strong>et</strong></span> <span class='ocrx_word' id='word_1_609' title='bbox 836 4459 954 4515; x_wconf 68' lang='lat' dir='ltr'><strong>qua</strong></span> <span class='ocrx_word' id='word_1_610' title='bbox 996 4451 1205 4497; x_wconf 81' lang='lat' dir='ltr'><strong>uentura</strong></span> <span class='ocrx_word' id='word_1_611' title='bbox 1241 4450 1359 4495; x_wconf 87' lang='lat' dir='ltr'><strong>sunt</strong></span> <span class='ocrx_word' id='word_1_612' title='bbox 1397 4440 1721 4494; x_wconf 82' lang='lat' dir='ltr'><strong>annuntiabit</strong></span> <span class='ocrx_word' id='word_1_613' title='bbox 1746 4424 1920 4495; x_wconf 72' lang='lat' dir='ltr'><strong>uobis‘</strong></span> <span class='ocrx_word' id='word_1_614' title='bbox 1946 4439 2123 4512; x_wconf 77' lang='lat' dir='ltr'><strong>(Joan.</strong></span> 
     </span>
    </p>
   </div>
   <div class='ocr_carea' id='block_1_76' title="bbox 2216 3254 3768 3334">
    <p class='ocr_par' dir='ltr' id='par_1_76' title="bbox 2216 3254 3768 3334">
     <span class='ocr_line' id='line_1_76' title="bbox 2216 3254 3768 3334; baseline -0.009 -16"><span class='ocrx_word' id='word_1_615' title='bbox 2216 3262 2359 3334; x_wconf 90' lang='lat' dir='ltr'><strong>quod</strong></span> <span class='ocrx_word' id='word_1_616' title='bbox 2385 3261 2616 3317; x_wconf 89' lang='lat' dir='ltr'><strong>credidit</strong></span> <span class='ocrx_word' id='word_1_617' title='bbox 2643 3261 2809 3315; x_wconf 90' lang='lat' dir='ltr'><strong>Deum</strong></span> <span class='ocrx_word' id='word_1_618' title='bbox 2842 3258 3075 3315; x_wconf 81' lang='lat' dir='ltr'><strong>Verbum</strong></span> <span class='ocrx_word' id='word_1_619' title='bbox 3105 3272 3183 3314; x_wconf 81' lang='lat' dir='ltr'><strong>ex</strong></span> <span class='ocrx_word' id='word_1_620' title='bbox 3218 3268 3378 3328; x_wconf 88' lang='lat' dir='ltr'><strong>parte</strong></span> <span class='ocrx_word' id='word_1_621' title='bbox 3419 3271 3525 3311; x_wconf 69' lang='lat' dir='ltr'><strong>sua:</strong></span> <span class='ocrx_word' id='word_1_622' title='bbox 3561 3254 3768 3309; x_wconf 72' lang='lat' dir='ltr'><strong>sub-tan-</strong></span> 
     </span>
    </p>
   </div>
   <div class='ocr_carea' id='block_1_77' title="bbox 2215 3349 3773 3419">
    <p class='ocr_par' dir='ltr' id='par_1_77' title="bbox 2215 3349 3773 3419">
     <span class='ocr_line' id='line_1_77' title="bbox 2215 3349 3773 3419; baseline -0.009 -11"><span class='ocrx_word' id='word_1_623' title='bbox 2215 3354 2303 3409; x_wconf 64' lang='lat' dir='ltr'><strong>tiae</strong></span> <span class='ocrx_word' id='word_1_624' title='bbox 2320 3353 2367 3419; x_wconf 77' lang='grc'>³,</span> <span class='ocrx_word' id='word_1_625' title='bbox 2398 3364 2518 3418; x_wconf 70' lang='lat' dir='ltr'><strong>qua:</strong></span> <span class='ocrx_word' id='word_1_626' title='bbox 2538 3358 2650 3405; x_wconf 88' lang='lat' dir='ltr'><strong>tota</strong></span> <span class='ocrx_word' id='word_1_627' title='bbox 2676 3349 2873 3419; x_wconf 90' lang='lat' dir='ltr'><strong>ubique</strong></span> <span class='ocrx_word' id='word_1_628' title='bbox 2901 3355 3004 3414; x_wconf 87' lang='lat' dir='ltr'><strong>est,</strong></span> <span class='ocrx_word' id='word_1_629' title='bbox 3030 3355 3086 3403; x_wconf 90' lang='lat' dir='ltr'><strong>et</strong></span> <span class='ocrx_word' id='word_1_630' title='bbox 3111 3349 3311 3417; x_wconf 88' lang='lat' dir='ltr'><strong>partiri</strong></span> <span class='ocrx_word' id='word_1_631' title='bbox 3346 3361 3450 3401; x_wconf 91' lang='lat' dir='ltr'><strong>non</strong></span> <span class='ocrx_word' id='word_1_632' title='bbox 3476 3351 3656 3415; x_wconf 87' lang='lat' dir='ltr'><strong>potest,</strong></span> <span class='ocrx_word' id='word_1_633' title='bbox 3681 3354 3773 3395; x_wconf 86' lang='lat' dir='ltr'><strong>car-</strong></span> 
     </span>
    </p>
   </div>
   <div class='ocr_carea' id='block_1_78' title="bbox 2218 3430 3768 3509">
    <p class='ocr_par' dir='ltr' id='par_1_78' title="bbox 2218 3430 3768 3509">
     <span class='ocr_line' id='line_1_78' title="bbox 2218 3430 3768 3509; baseline -0.012 -7"><span class='ocrx_word' id='word_1_634' title='bbox 2218 3460 2339 3501; x_wconf 87' lang='lat' dir='ltr'><strong>nem</strong></span> <span class='ocrx_word' id='word_1_635' title='bbox 2368 3444 2470 3500; x_wconf 84' lang='lat' dir='ltr'><strong>sibi</strong></span> <span class='ocrx_word' id='word_1_636' title='bbox 2502 3441 2712 3499; x_wconf 81' lang='lat' dir='ltr'><strong>iecisse.</strong></span> <span class='ocrx_word' id='word_1_637' title='bbox 2735 3441 2889 3509; x_wconf 81' lang='lat' dir='ltr'><strong>Quod</strong></span> <span class='ocrx_word' id='word_1_638' title='bbox 2918 3439 2964 3495; x_wconf 89' lang='lat' dir='ltr'><strong>si</strong></span> <span class='ocrx_word' id='word_1_639' title='bbox 2994 3442 3280 3497; x_wconf 87' lang='lat' dir='ltr'><strong>veraciter</strong></span> <span class='ocrx_word' id='word_1_640' title='bbox 3315 3438 3450 3493; x_wconf 88' lang='lat' dir='ltr'><strong>duas</strong></span> <span class='ocrx_word' id='word_1_641' title='bbox 3486 3436 3655 3491; x_wconf 82' lang='lat' dir='ltr'><strong>dicunt</strong></span> <span class='ocrx_word' id='word_1_642' title='bbox 3677 3430 3768 3500; x_wconf 84' lang='lat' dir='ltr'><strong>ejus</strong></span> 
     </span>
    </p>
   </div>
   <div class='ocr_carea' id='block_1_79' title="bbox 2216 3523 3775 3602">
    <p class='ocr_par' dir='ltr' id='par_1_79' title="bbox 2216 3523 3775 3602">
     <span class='ocr_line' id='line_1_79' title="bbox 2216 3523 3775 3602; baseline -0.01 -10"><span class='ocrx_word' id='word_1_643' title='bbox 2216 3545 2456 3601; x_wconf 81' lang='lat' dir='ltr'><strong>naturas,</strong></span> <span class='ocrx_word' id='word_1_644' title='bbox 2486 3544 2542 3591; x_wconf 93' lang='lat' dir='ltr'><strong>et</strong></span> <span class='ocrx_word' id='word_1_645' title='bbox 2563 3534 2737 3591; x_wconf 69' lang='lat' dir='ltr'><strong>ambae</strong></span> <span class='ocrx_word' id='word_1_646' title='bbox 2762 3533 2957 3589; x_wconf 79' lang='lat' dir='ltr'><strong>divina:</strong></span> <span class='ocrx_word' id='word_1_647' title='bbox 2984 3547 3104 3588; x_wconf 90' lang='lat' dir='ltr'><strong>esse</strong></span> <span class='ocrx_word' id='word_1_648' title='bbox 3140 3548 3254 3588; x_wconf 90' lang='lat' dir='ltr'><strong>non</strong></span> <span class='ocrx_word' id='word_1_649' title='bbox 3285 3540 3526 3602; x_wconf 84' lang='lat' dir='ltr'><strong>possant,</strong></span> <span class='ocrx_word' id='word_1_650' title='bbox 3555 3528 3663 3599; x_wconf 82' lang='lat' dir='ltr'><strong>quia</strong></span> <span class='ocrx_word' id='word_1_651' title='bbox 3697 3523 3775 3577; x_wconf 84' lang='lat' dir='ltr'><strong>hu-</strong></span> 
     </span>
    </p>
   </div>
   <div class='ocr_carea' id='block_1_80' title="bbox 2221 3625 3776 3696">
    <p class='ocr_par' dir='ltr' id='par_1_80' title="bbox 2221 3625 3776 3696">
     <span class='ocr_line' id='line_1_80' title="bbox 2221 3625 3776 3696; baseline -0.012 -10"><span class='ocrx_word' id='word_1_652' title='bbox 2221 3630 2493 3686; x_wconf 88' lang='lat' dir='ltr'><strong>manitatis</strong></span> <span class='ocrx_word' id='word_1_653' title='bbox 2520 3643 2627 3684; x_wconf 88' lang='lat' dir='ltr'><strong>una</strong></span> <span class='ocrx_word' id='word_1_654' title='bbox 2653 3640 2842 3684; x_wconf 88' lang='lat' dir='ltr'><strong>natura</strong></span> <span class='ocrx_word' id='word_1_655' title='bbox 2873 3635 2988 3693; x_wconf 90' lang='lat' dir='ltr'><strong>est;</strong></span> <span class='ocrx_word' id='word_1_656' title='bbox 3039 3627 3241 3696; x_wconf 87' lang='lat' dir='ltr'><strong>procul</strong></span> <span class='ocrx_word' id='word_1_657' title='bbox 3270 3625 3457 3689; x_wconf 85' lang='lat' dir='ltr'><strong>dubio,</strong></span> <span class='ocrx_word' id='word_1_658' title='bbox 3488 3636 3586 3677; x_wconf 87' lang='lat' dir='ltr'><strong>non</strong></span> <span class='ocrx_word' id='word_1_659' title='bbox 3624 3629 3776 3687; x_wconf 87' lang='lat' dir='ltr'><strong>quem-</strong></span> 
     </span>
    </p>
   </div>
   <div class='ocr_carea' id='block_1_81' title="bbox 2221 3701 3781 3777">
    <p class='ocr_par' dir='ltr' id='par_1_81' title="bbox 2221 3701 3781 3777">
     <span class='ocr_line' id='line_1_81' title="bbox 2221 3701 3781 3777; baseline -0.012 -2"><span class='ocrx_word' id='word_1_660' title='bbox 2221 3720 2506 3777; x_wconf 90' lang='lat' dir='ltr'><strong>admodum</strong></span> <span class='ocrx_word' id='word_1_661' title='bbox 2548 3719 2846 3775; x_wconf 89' lang='lat' dir='ltr'><strong>secundum</strong></span> <span class='ocrx_word' id='word_1_662' title='bbox 2899 3716 3248 3772; x_wconf 81' lang='lat' dir='ltr'><strong>divinitatem</strong></span> <span class='ocrx_word' id='word_1_663' title='bbox 3300 3721 3485 3769; x_wconf 85' lang='lat' dir='ltr'><strong>natura</strong></span> <span class='ocrx_word' id='word_1_664' title='bbox 3535 3708 3681 3765; x_wconf 76' lang='lat' dir='ltr'><strong>Filius</strong></span> <span class='ocrx_word' id='word_1_665' title='bbox 3706 3701 3781 3759; x_wconf 85' lang='lat' dir='ltr'><strong>Dei</strong></span> 
     </span>
    </p>
   </div>
   <div class='ocr_carea' id='block_1_82' title="bbox 2222 3797 3779 3876">
    <p class='ocr_par' dir='ltr' id='par_1_82' title="bbox 2222 3797 3779 3876">
     <span class='ocr_line' id='line_1_82' title="bbox 2222 3797 3779 3876; baseline -0.013 -9"><span class='ocrx_word' id='word_1_666' title='bbox 2222 3820 2307 3867; x_wconf 87' lang='lat' dir='ltr'><strong>est</strong></span> <span class='ocrx_word' id='word_1_667' title='bbox 2328 3854 2341 3876; x_wconf 95' lang='lat'><strong>,</strong></span> <span class='ocrx_word' id='word_1_668' title='bbox 2373 3811 2446 3865; x_wconf 88' lang='lat' dir='ltr'><strong>ita</strong></span> <span class='ocrx_word' id='word_1_669' title='bbox 2485 3810 2649 3864; x_wconf 87' lang='lat' dir='ltr'><strong>etiam</strong></span> <span class='ocrx_word' id='word_1_670' title='bbox 2679 3808 2973 3864; x_wconf 88' lang='lat' dir='ltr'><strong>secundum</strong></span> <span class='ocrx_word' id='word_1_671' title='bbox 3008 3806 3416 3863; x_wconf 88' lang='lat' dir='ltr'><strong>humanitatem</strong></span> <span class='ocrx_word' id='word_1_672' title='bbox 3449 3810 3623 3859; x_wconf 86' lang='lat' dir='ltr'><strong>natura</strong></span> <span class='ocrx_word' id='word_1_673' title='bbox 3644 3797 3779 3853; x_wconf 74' lang='lat' dir='ltr'><strong>Filius</strong></span> 
     </span>
    </p>
   </div>
   <div class='ocr_carea' id='block_1_83' title="bbox 2224 3895 3785 3957">
    <p class='ocr_par' dir='ltr' id='par_1_83' title="bbox 2224 3895 3785 3957">
     <span class='ocr_line' id='line_1_83' title="bbox 2224 3895 3785 3957; baseline -0.01 0"><span class='ocrx_word' id='word_1_674' title='bbox 2224 3902 2318 3957; x_wconf 88' lang='lat' dir='ltr'><strong>Dei</strong></span> <span class='ocrx_word' id='word_1_675' title='bbox 2347 3908 2444 3955; x_wconf 87' lang='lat' dir='ltr'><strong>est.</strong></span> <span class='ocrx_word' id='word_1_676' title='bbox 2481 3899 2539 3955; x_wconf 90' lang='lat' dir='ltr'><strong>Si</strong></span> <span class='ocrx_word' id='word_1_677' title='bbox 2581 3908 2762 3953; x_wconf 82' lang='lat' dir='ltr'><strong>autem</strong></span> <span class='ocrx_word' id='word_1_678' title='bbox 2804 3898 3097 3953; x_wconf 89' lang='lat' dir='ltr'><strong>secundum</strong></span> <span class='ocrx_word' id='word_1_679' title='bbox 3156 3897 3553 3952; x_wconf 87' lang='lat' dir='ltr'><strong>humanitatem</strong></span> <span class='ocrx_word' id='word_1_680' title='bbox 3603 3904 3693 3945; x_wconf 87' lang='lat' dir='ltr'><strong>non</strong></span> <span class='ocrx_word' id='word_1_681' title='bbox 3724 3895 3785 3942; x_wconf 86' lang='lat' dir='ltr'><strong>est</strong></span> 
     </span>
    </p>
   </div>
   <div class='ocr_carea' id='block_1_84' title="bbox 2223 3978 3783 4060">
    <p class='ocr_par' dir='ltr' id='par_1_84' title="bbox 2223 3978 3783 4060">
     <span class='ocr_line' id='line_1_84' title="bbox 2223 3978 3783 4060; baseline -0.011 -13"><span class='ocrx_word' id='word_1_682' title='bbox 2223 4001 2407 4047; x_wconf 78' lang='lat' dir='ltr'><strong>natura</strong></span> <span class='ocrx_word' id='word_1_683' title='bbox 2436 3990 2602 4046; x_wconf 86' lang='lat' dir='ltr'><strong>Filius</strong></span> <span class='ocrx_word' id='word_1_684' title='bbox 2633 3990 2754 4055; x_wconf 88' lang='lat' dir='ltr'><strong>Dei,</strong></span> <span class='ocrx_word' id='word_1_685' title='bbox 2784 3990 3092 4045; x_wconf 83' lang='lat' dir='ltr'><strong>necessario</strong></span> <span class='ocrx_word' id='word_1_686' title='bbox 3114 3990 3378 4060; x_wconf 89' lang='lat' dir='ltr'><strong>sequitur</strong></span> <span class='ocrx_word' id='word_1_687' title='bbox 3405 3996 3460 4041; x_wconf 83' lang='lat' dir='ltr'><strong>ut</strong></span> <span class='ocrx_word' id='word_1_688' title='bbox 3486 3991 3575 4040; x_wconf 83' lang='lat' dir='ltr'><strong>aut</strong></span> <span class='ocrx_word' id='word_1_689' title='bbox 3599 3978 3783 4039; x_wconf 84' lang='lat' dir='ltr'><strong>meritis,</strong></span> 
     </span>
    </p>
   </div>
   <div class='ocr_carea' id='block_1_85' title="bbox 2225 4072 3787 4152">
    <p class='ocr_par' dir='ltr' id='par_1_85' title="bbox 2225 4072 3787 4152">
     <span class='ocr_line' id='line_1_85' title="bbox 2225 4072 3787 4152; baseline -0.012 -14"><span class='ocrx_word' id='word_1_690' title='bbox 2225 4094 2317 4138; x_wconf 89' lang='lat' dir='ltr'><strong>aut</strong></span> <span class='ocrx_word' id='word_1_691' title='bbox 2343 4081 2511 4152; x_wconf 87' lang='lat' dir='ltr'><strong>gratia</strong></span> <span class='ocrx_word' id='word_1_692' title='bbox 2536 4083 2604 4137; x_wconf 88' lang='lat' dir='ltr'><strong>sit</strong></span> <span class='ocrx_word' id='word_1_693' title='bbox 2630 4081 2797 4137; x_wconf 80' lang='lat' dir='ltr'><strong>Filius</strong></span> <span class='ocrx_word' id='word_1_694' title='bbox 2812 4080 2907 4135; x_wconf 82' lang='lat' dir='ltr'><strong>Dei</strong></span> <span class='ocrx_word' id='word_1_695' title='bbox 2928 4080 2973 4147; x_wconf 84' lang='grc'><strong>⁸,</strong></span> <span class='ocrx_word' id='word_1_696' title='bbox 2998 4080 3107 4149; x_wconf 92' lang='lat' dir='ltr'><strong>qui,</strong></span> <span class='ocrx_word' id='word_1_697' title='bbox 3143 4096 3218 4136; x_wconf 82' lang='lat' dir='ltr'><strong>ex</strong></span> <span class='ocrx_word' id='word_1_698' title='bbox 3244 4093 3357 4149; x_wconf 82' lang='lat' dir='ltr'><strong>quo</strong></span> <span class='ocrx_word' id='word_1_699' title='bbox 3381 4092 3503 4135; x_wconf 90' lang='lat' dir='ltr'><strong>esse</strong></span> <span class='ocrx_word' id='word_1_700' title='bbox 3521 4072 3687 4143; x_wconf 62' lang='lat' dir='ltr'><strong>capit,</strong></span> <span class='ocrx_word' id='word_1_701' title='bbox 3705 4081 3787 4122; x_wconf 88' lang='lat' dir='ltr'><strong>non</strong></span> 
     </span>
    </p>
   </div>
   <div class='ocr_carea' id='block_1_86' title="bbox 2228 4158 3788 4243">
    <p class='ocr_par' dir='ltr' id='par_1_86' title="bbox 2228 4158 3788 4243">
     <span class='ocr_line' id='line_1_86' title="bbox 2228 4158 3788 4243; baseline -0.01 -14"><span class='ocrx_word' id='word_1_702' title='bbox 2228 4174 2324 4229; x_wconf 88' lang='lat' dir='ltr'><strong>l&#39;uit</strong></span> <span class='ocrx_word' id='word_1_703' title='bbox 2352 4173 2494 4228; x_wconf 83' lang='lat' dir='ltr'><strong>aliud</strong></span> <span class='ocrx_word' id='word_1_704' title='bbox 2523 4186 2685 4243; x_wconf 90' lang='lat' dir='ltr'><strong>quam</strong></span> <span class='ocrx_word' id='word_1_705' title='bbox 2718 4171 2885 4225; x_wconf 83' lang='lat' dir='ltr'><strong>Filius</strong></span> <span class='ocrx_word' id='word_1_706' title='bbox 2912 4170 3032 4227; x_wconf 89' lang='lat' dir='ltr'><strong>Dei.</strong></span> <span class='ocrx_word' id='word_1_707' title='bbox 3060 4170 3265 4227; x_wconf 79' lang='lat' dir='ltr'><strong>Restat</strong></span> <span class='ocrx_word' id='word_1_708' title='bbox 3294 4174 3427 4239; x_wconf 77' lang='lat' dir='ltr'><strong>ergo</strong></span> <span class='ocrx_word' id='word_1_709' title='bbox 3466 4174 3521 4222; x_wconf 86' lang='lat' dir='ltr'><strong>ut</strong></span> <span class='ocrx_word' id='word_1_710' title='bbox 3542 4158 3788 4220; x_wconf 82' lang='lat' dir='ltr'><strong>secundum</strong></span> 
     </span>
    </p>
   </div>
   <div class='ocr_carea' id='block_1_87' title="bbox 2228 4257 3793 4329">
    <p class='ocr_par' dir='ltr' id='par_1_87' title="bbox 2228 4257 3793 4329">
     <span class='ocr_line' id='line_1_87' title="bbox 2228 4257 3793 4329; baseline -0.008 -11"><span class='ocrx_word' id='word_1_711' title='bbox 2228 4263 2614 4318; x_wconf 85' lang='lat' dir='ltr'><strong>humanitatem</strong></span> <span class='ocrx_word' id='word_1_712' title='bbox 2645 4262 2813 4329; x_wconf 73' lang='lat' dir='ltr'><strong>gratia</strong></span> <span class='ocrx_word' id='word_1_713' title='bbox 2845 4262 2918 4316; x_wconf 89' lang='lat' dir='ltr'><strong>sit</strong></span> <span class='ocrx_word' id='word_1_714' title='bbox 2957 4260 3133 4316; x_wconf 81' lang='lat' dir='ltr'><strong>Filius</strong></span> <span class='ocrx_word' id='word_1_715' title='bbox 3188 4261 3312 4316; x_wconf 91' lang='lat' dir='ltr'><strong>Dei.</strong></span> <span class='ocrx_word' id='word_1_716' title='bbox 3356 4258 3444 4316; x_wconf 87' lang='lat' dir='ltr'><strong>0b</strong></span> <span class='ocrx_word' id='word_1_717' title='bbox 3488 4257 3586 4312; x_wconf 85' lang='lat' dir='ltr'><strong>hoc</strong></span> <span class='ocrx_word' id='word_1_718' title='bbox 3623 4260 3793 4323; x_wconf 77' lang='lat' dir='ltr'><strong>quoque</strong></span> 
     </span>
    </p>
   </div>
   <div class='ocr_carea' id='block_1_88' title="bbox 2228 4335 3794 4423">
    <p class='ocr_par' dir='ltr' id='par_1_88' title="bbox 2228 4335 3794 4423">
     <span class='ocr_line' id='line_1_88' title="bbox 2228 4335 3794 4423; baseline -0.011 -12"><span class='ocrx_word' id='word_1_719' title='bbox 2228 4357 2413 4411; x_wconf 74' lang='lat' dir='ltr'><strong>beatus</strong></span> <span class='ocrx_word' id='word_1_720' title='bbox 2436 4353 2789 4423; x_wconf 83' lang='lat' dir='ltr'><strong>Augustinus,</strong></span> <span class='ocrx_word' id='word_1_721' title='bbox 2824 4353 3133 4422; x_wconf 68' lang='lat' dir='ltr'><strong>praecipuus</strong></span> <span class='ocrx_word' id='word_1_722' title='bbox 3161 4350 3456 4406; x_wconf 70' lang='lat' dir='ltr'><strong>catholicae</strong></span> <span class='ocrx_word' id='word_1_723' title='bbox 3484 4346 3601 4401; x_wconf 86' lang='lat' dir='ltr'><strong>ﬁdei</strong></span> <span class='ocrx_word' id='word_1_724' title='bbox 3639 4335 3794 4411; x_wconf 63' lang='lat' dir='ltr'><strong>praedi-</strong></span> 
     </span>
    </p>
   </div>
   <div class='ocr_carea' id='block_1_89' title="bbox 2230 4433 3794 4510">
    <p class='ocr_par' dir='ltr' id='par_1_89' title="bbox 2230 4433 3794 4510">
     <span class='ocr_line' id='line_1_89' title="bbox 2230 4433 3794 4510; baseline -0.012 -11"><span class='ocrx_word' id='word_1_725' title='bbox 2230 4455 2379 4500; x_wconf 85' lang='lat' dir='ltr'><strong>cator</strong></span> <span class='ocrx_word' id='word_1_726' title='bbox 2402 4484 2418 4510; x_wconf 92' lang='lat'><strong>,</strong></span> <span class='ocrx_word' id='word_1_727' title='bbox 2464 4444 2709 4498; x_wconf 77' lang='lat' dir='ltr'><strong>sorbens</strong></span> <span class='ocrx_word' id='word_1_728' title='bbox 2738 4442 2807 4497; x_wconf 89' lang='lat' dir='ltr'><strong>ad</strong></span> <span class='ocrx_word' id='word_1_729' title='bbox 2847 4442 3179 4510; x_wconf 87' lang='lat' dir='ltr'><strong>Prosperum</strong></span> <span class='ocrx_word' id='word_1_730' title='bbox 3212 4449 3272 4496; x_wconf 87' lang='lat' dir='ltr'><strong>et</strong></span> <span class='ocrx_word' id='word_1_731' title='bbox 3304 4439 3568 4496; x_wconf 82' lang='lat' dir='ltr'><strong>Hilarium</strong></span> <span class='ocrx_word' id='word_1_732' title='bbox 3594 4433 3656 4488; x_wconf 89' lang='lat' dir='ltr'><strong>de</strong></span> <span class='ocrx_word' id='word_1_733' title='bbox 3682 4442 3794 4500; x_wconf 75' lang='lat' dir='ltr'><strong>pne-</strong></span> 
     </span>
    </p>
   </div>
   <div class='ocr_carea' id='block_1_90' title="bbox 539 4516 3796 4615">
    <p class='ocr_par' dir='ltr' id='par_1_90' title="bbox 539 4516 3796 4615">
     <span class='ocr_line' id='line_1_90' title="bbox 539 4516 3796 4615; baseline -0.005 -24"><span class='ocrx_word' id='word_1_734' title='bbox 539 4554 649 4603; x_wconf 78' lang='lat' dir='ltr'><strong>xv1,</strong></span> <span class='ocrx_word' id='word_1_735' title='bbox 688 4538 796 4609; x_wconf 80' lang='lat' dir='ltr'><strong>l5).</strong></span> <span class='ocrx_word' id='word_1_736' title='bbox 830 4538 1066 4608; x_wconf 88' lang='lat' dir='ltr'><strong>Itemque</strong></span> <span class='ocrx_word' id='word_1_737' title='bbox 1094 4537 1161 4591; x_wconf 89' lang='lat' dir='ltr'><strong>de</strong></span> <span class='ocrx_word' id='word_1_738' title='bbox 1192 4537 1284 4590; x_wconf 91' lang='lat' dir='ltr'><strong>illo</strong></span> <span class='ocrx_word' id='word_1_739' title='bbox 1313 4536 1512 4590; x_wconf 87' lang='lat' dir='ltr'><strong>dictum</strong></span> <span class='ocrx_word' id='word_1_740' title='bbox 1542 4545 1666 4590; x_wconf 87' lang='lat' dir='ltr'><strong>est:</strong></span> <span class='ocrx_word' id='word_1_741' title='bbox 1716 4534 1959 4589; x_wconf 81' lang='lat' dir='ltr'><strong>Nondum</strong></span> <span class='ocrx_word' id='word_1_742' title='bbox 1990 4537 2123 4590; x_wconf 81' lang='lat' dir='ltr'><strong>enim</strong></span> <span class='ocrx_word' id='word_1_743' title='bbox 2156 4554 2203 4615; x_wconf 77' lang='grc' dir='ltr'><strong>ι)</strong></span> <span class='ocrx_word' id='word_1_744' title='bbox 2228 4536 2585 4591; x_wconf 87' lang='lat' dir='ltr'><strong>destinatione</strong></span> <span class='ocrx_word' id='word_1_745' title='bbox 2615 4543 2920 4588; x_wconf 88' lang='lat' dir='ltr'><strong>sanctorum</strong></span> <span class='ocrx_word' id='word_1_746' title='bbox 2945 4573 2961 4597; x_wconf 93' lang='lat'><strong>,</strong></span> <span class='ocrx_word' id='word_1_747' title='bbox 3012 4541 3069 4587; x_wconf 88' lang='lat' dir='ltr'><strong>et</strong></span> <span class='ocrx_word' id='word_1_748' title='bbox 3113 4532 3337 4588; x_wconf 88' lang='lat' dir='ltr'><strong>docens</strong></span> <span class='ocrx_word' id='word_1_749' title='bbox 3370 4528 3515 4601; x_wconf 88' lang='lat' dir='ltr'><strong>quod</strong></span> <span class='ocrx_word' id='word_1_750' title='bbox 3544 4524 3696 4597; x_wconf 81' lang='lat' dir='ltr'><strong>gratia</strong></span> <span class='ocrx_word' id='word_1_751' title='bbox 3725 4516 3796 4615; x_wconf 68' lang='lat' dir='ltr'><strong>Dei</strong></span> 
     </span>
    </p>
   </div>
   <div class='ocr_carea' id='block_1_91' title="bbox 536 4626 2121 4700">
    <p class='ocr_par' dir='ltr' id='par_1_91' title="bbox 536 4626 2121 4700">
     <span class='ocr_line' id='line_1_91' title="bbox 536 4626 2121 4700; baseline 0 -18"><span class='ocrx_word' id='word_1_752' title='bbox 536 4640 646 4683; x_wconf 85' lang='lat' dir='ltr'><strong>erat</strong></span> <span class='ocrx_word' id='word_1_753' title='bbox 677 4629 901 4700; x_wconf 85' lang='lat' dir='ltr'><strong>Spiritus</strong></span> <span class='ocrx_word' id='word_1_754' title='bbox 927 4631 1095 4693; x_wconf 85' lang='lat' dir='ltr'><strong>datus,</strong></span> <span class='ocrx_word' id='word_1_755' title='bbox 1128 4628 1245 4696; x_wconf 82' lang='lat' dir='ltr'><strong>quia</strong></span> <span class='ocrx_word' id='word_1_756' title='bbox 1284 4626 1436 4682; x_wconf 78' lang='lat' dir='ltr'><strong>Jews</strong></span> <span class='ocrx_word' id='word_1_757' title='bbox 1477 4627 1705 4681; x_wconf 85' lang='lat' dir='ltr'><strong>nondum</strong></span> <span class='ocrx_word' id='word_1_758' title='bbox 1738 4629 1900 4697; x_wconf 79' lang='lat' dir='ltr'><strong>fuerat</strong></span> <span class='ocrx_word' id='word_1_759' title='bbox 1921 4628 2121 4697; x_wconf 83' lang='lat' dir='ltr'><strong>glori/i-</strong></span> 
     </span>
    </p>
   </div>
   <div class='ocr_carea' id='block_1_92' title="bbox 537 4718 2122 4793">
    <p class='ocr_par' dir='ltr' id='par_1_92' title="bbox 537 4718 2122 4793">
     <span class='ocr_line' id='line_1_92' title="bbox 537 4718 2122 4793; baseline 0.001 -17"><span class='ocrx_word' id='word_1_760' title='bbox 537 4732 680 4776; x_wconf 85' lang='lat' dir='ltr'><strong>catus</strong></span> <span class='ocrx_word' id='word_1_761' title='bbox 693 4720 871 4793; x_wconf 80' lang='lat' dir='ltr'><strong>(Ioan.</strong></span> <span class='ocrx_word' id='word_1_762' title='bbox 897 4737 994 4788; x_wconf 80' lang='lat' dir='ltr'><strong>vir,</strong></span> <span class='ocrx_word' id='word_1_763' title='bbox 1018 4720 1132 4790; x_wconf 77' lang='lat'><strong>59).</strong></span> <span class='ocrx_word' id='word_1_764' title='bbox 1160 4718 1386 4774; x_wconf 75' lang='lat' dir='ltr'><strong>Proinde</strong></span> <span class='ocrx_word' id='word_1_765' title='bbox 1402 4720 1590 4775; x_wconf 88' lang='lat' dir='ltr'><strong>melius</strong></span> <span class='ocrx_word' id='word_1_766' title='bbox 1613 4720 1857 4785; x_wconf 81' lang='lat' dir='ltr'><strong>iacimus,</strong></span> <span class='ocrx_word' id='word_1_767' title='bbox 1876 4721 1919 4775; x_wconf 87' lang='lat' dir='ltr'><strong>si</strong></span> <span class='ocrx_word' id='word_1_768' title='bbox 1936 4737 2122 4792; x_wconf 88' lang='lat' dir='ltr'><strong>quem—</strong></span> 
     </span>
    </p>
   </div>
   <div class='ocr_carea' id='block_1_93' title="bbox 539 4813 2121 4884">
    <p class='ocr_par' dir='ltr' id='par_1_93' title="bbox 539 4813 2121 4884">
     <span class='ocr_line' id='line_1_93' title="bbox 539 4813 2121 4884; baseline 0 -15"><span class='ocrx_word' id='word_1_769' title='bbox 539 4816 827 4869; x_wconf 83' lang='lat' dir='ltr'><strong>admodum</strong></span> <span class='ocrx_word' id='word_1_770' title='bbox 876 4815 1112 4869; x_wconf 85' lang='lat' dir='ltr'><strong>divinam</strong></span> <span class='ocrx_word' id='word_1_771' title='bbox 1168 4813 1499 4881; x_wconf 83' lang='lat' dir='ltr'><strong>Scri-pturam</strong></span> <span class='ocrx_word' id='word_1_772' title='bbox 1526 4854 1540 4879; x_wconf 92' lang='lat'><strong>,</strong></span> <span class='ocrx_word' id='word_1_773' title='bbox 1587 4813 1667 4868; x_wconf 88' lang='lat' dir='ltr'><strong>sic</strong></span> <span class='ocrx_word' id='word_1_774' title='bbox 1691 4813 1851 4867; x_wconf 89' lang='lat' dir='ltr'><strong>etiam</strong></span> <span class='ocrx_word' id='word_1_775' title='bbox 1882 4814 2121 4884; x_wconf 85' lang='lat' dir='ltr'><strong>ejusdem</strong></span> 
     </span>
    </p>
   </div>
   <div class='ocr_carea' id='block_1_94' title="bbox 538 4903 2126 4977">
    <p class='ocr_par' dir='ltr' id='par_1_94' title="bbox 538 4903 2126 4977">
     <span class='ocr_line' id='line_1_94' title="bbox 538 4903 2126 4977; baseline 0.002 -16"><span class='ocrx_word' id='word_1_776' title='bbox 538 4908 829 4977; x_wconf 73' lang='lat' dir='ltr'><strong>Scriptum</strong></span> <span class='ocrx_word' id='word_1_777' title='bbox 853 4912 1169 4971; x_wconf 80' lang='lat' dir='ltr'><strong>tractaturos</strong></span> <span class='ocrx_word' id='word_1_778' title='bbox 1200 4903 1409 4959; x_wconf 82' lang='lat' dir='ltr'><strong>locutos</strong></span> <span class='ocrx_word' id='word_1_779' title='bbox 1438 4911 1625 4959; x_wconf 88' lang='lat' dir='ltr'><strong>contra</strong></span> <span class='ocrx_word' id='word_1_780' title='bbox 1656 4904 1935 4961; x_wconf 62' lang='lat' dir='ltr'><strong>haereticos</strong></span> <span class='ocrx_word' id='word_1_781' title='bbox 1957 4906 2126 4963; x_wconf 77' lang='lat' dir='ltr'><strong>fuisse</strong></span> 
     </span>
    </p>
   </div>
   <div class='ocr_carea' id='block_1_95' title="bbox 538 4995 2124 5069">
    <p class='ocr_par' dir='ltr' id='par_1_95' title="bbox 538 4995 2124 5069">
     <span class='ocr_line' id='line_1_95' title="bbox 538 4995 2124 5069; baseline 0.001 -16"><span class='ocrx_word' id='word_1_782' title='bbox 538 5000 839 5054; x_wconf 82' lang='lat' dir='ltr'><strong>credamus.</strong></span> <span class='ocrx_word' id='word_1_783' title='bbox 872 4995 1001 5053; x_wconf 83' lang='lat' dir='ltr'><strong>Sive</strong></span> <span class='ocrx_word' id='word_1_784' title='bbox 1046 4995 1297 5066; x_wconf 85' lang='lat' dir='ltr'><strong>quoniam</strong></span> <span class='ocrx_word' id='word_1_785' title='bbox 1340 4995 1639 5066; x_wconf 81' lang='lat' dir='ltr'><strong>resurgenli</strong></span> <span class='ocrx_word' id='word_1_786' title='bbox 1672 4995 1889 5051; x_wconf 85' lang='lat' dir='ltr'><strong>Christo</strong></span> <span class='ocrx_word' id='word_1_787' title='bbox 1919 4998 2124 5069; x_wconf 86' lang='lat' dir='ltr'><strong>aliquid</strong></span> 
     </span>
    </p>
   </div>
   <div class='ocr_carea' id='block_1_96' title="bbox 542 5089 2126 5158">
    <p class='ocr_par' dir='ltr' id='par_1_96' title="bbox 542 5089 2126 5158">
     <span class='ocr_line' id='line_1_96' title="bbox 542 5089 2126 5158; baseline 0.001 -14"><span class='ocrx_word' id='word_1_788' title='bbox 542 5092 593 5145; x_wconf 90' lang='lat' dir='ltr'><strong>in</strong></span> <span class='ocrx_word' id='word_1_789' title='bbox 631 5099 817 5146; x_wconf 88' lang='lat' dir='ltr'><strong>natura</strong></span> <span class='ocrx_word' id='word_1_790' title='bbox 846 5091 1023 5146; x_wconf 87' lang='lat' dir='ltr'><strong>carnis</strong></span> <span class='ocrx_word' id='word_1_791' title='bbox 1052 5089 1279 5145; x_wconf 85' lang='lat' dir='ltr'><strong>accessit</strong></span> <span class='ocrx_word' id='word_1_792' title='bbox 1299 5127 1315 5155; x_wconf 89' lang='lat'><strong>,</strong></span> <span class='ocrx_word' id='word_1_793' title='bbox 1348 5103 1467 5158; x_wconf 66' lang='lat' dir='ltr'><strong>qua:</strong></span> <span class='ocrx_word' id='word_1_794' title='bbox 1500 5089 1559 5142; x_wconf 83' lang='lat' dir='ltr'><strong>in</strong></span> <span class='ocrx_word' id='word_1_795' title='bbox 1600 5090 1921 5145; x_wconf 87' lang='lat' dir='ltr'><strong>contumelia</strong></span> <span class='ocrx_word' id='word_1_796' title='bbox 1963 5092 2126 5147; x_wconf 84' lang='lat' dir='ltr'><strong>semi-</strong></span> 
     </span>
    </p>
   </div>
   <div class='ocr_carea' id='block_1_97' title="bbox 542 5180 2125 5252">
    <p class='ocr_par' dir='ltr' id='par_1_97' title="bbox 542 5180 2125 5252">
     <span class='ocr_line' id='line_1_97' title="bbox 542 5180 2125 5252; baseline 0.003 -17"><span class='ocrx_word' id='word_1_797' title='bbox 542 5193 685 5251; x_wconf 87' lang='lat' dir='ltr'><strong>nata,</strong></span> <span class='ocrx_word' id='word_1_798' title='bbox 730 5184 839 5252; x_wconf 86' lang='lat' dir='ltr'><strong>jam</strong></span> <span class='ocrx_word' id='word_1_799' title='bbox 871 5190 1179 5238; x_wconf 81' lang='lat' dir='ltr'><strong>surrexerat</strong></span> <span class='ocrx_word' id='word_1_800' title='bbox 1224 5183 1278 5235; x_wconf 90' lang='lat' dir='ltr'><strong>in</strong></span> <span class='ocrx_word' id='word_1_801' title='bbox 1318 5180 1524 5252; x_wconf 88' lang='lat' dir='ltr'><strong>gloria;</strong></span> <span class='ocrx_word' id='word_1_802' title='bbox 1574 5180 1689 5236; x_wconf 87' lang='lat' dir='ltr'><strong>sive</strong></span> <span class='ocrx_word' id='word_1_803' title='bbox 1716 5182 1839 5252; x_wconf 85' lang='lat' dir='ltr'><strong>quia</strong></span> <span class='ocrx_word' id='word_1_804' title='bbox 1878 5181 2125 5239; x_wconf 85' lang='lat' dir='ltr'><strong>ﬁdelibus</strong></span> 
     </span>
    </p>
   </div>
   <div class='ocr_carea' id='block_1_98' title="bbox 541 5310 2125 5380">
    <p class='ocr_par' dir='ltr' id='par_1_98' title="bbox 541 5310 2125 5380">
     <span class='ocr_line' id='line_1_98' title="bbox 541 5310 2125 5380; baseline 0.005 -14"><span class='ocrx_word' id='word_1_805' title='bbox 541 5310 697 5380; x_wconf 73' lang='lat' dir='ltr'><strong>gendi</strong></span> <span class='ocrx_word' id='word_1_806' title='bbox 743 5311 912 5366; x_wconf 86' lang='lat' dir='ltr'><strong>locus.</strong></span> <span class='ocrx_word' id='word_1_807' title='bbox 954 5312 1184 5368; x_wconf 81' lang='lat' dir='ltr'><strong>lrenaeus</strong></span> <span class='ocrx_word' id='word_1_808' title='bbox 1226 5312 1320 5367; x_wconf 90' lang='lat' dir='ltr'><strong>lib.</strong></span> <span class='ocrx_word' id='word_1_809' title='bbox 1356 5328 1387 5363; x_wconf 88' lang='lat' dir='ltr'><strong>v</strong></span> <span class='ocrx_word' id='word_1_810' title='bbox 1432 5312 1703 5368; x_wconf 84' lang='lat' dir='ltr'><strong>Adversus</strong></span> <span class='ocrx_word' id='word_1_811' title='bbox 1745 5313 2018 5372; x_wconf 70' lang='lat' dir='ltr'><strong>hmreses:</strong></span> <span class='ocrx_word' id='word_1_812' title='bbox 2056 5320 2125 5374; x_wconf 83' lang='grc' dir='ltr'><strong>τὸ</strong></span> 
     </span>
    </p>
   </div>
   <div class='ocr_carea' id='block_1_99' title="bbox 542 5380 2127 5459">
    <p class='ocr_par' dir='ltr' id='par_1_99' title="bbox 542 5380 2127 5459">
     <span class='ocr_line' id='line_1_99' title="bbox 542 5380 2127 5459; baseline 0.006 -24"><span class='ocrx_word' id='word_1_813' title='bbox 542 5384 642 5459; x_wconf 55' lang='lat' dir='ltr'><strong>sine</strong></span> <span class='ocrx_word' id='word_1_814' title='bbox 665 5390 755 5442; x_wconf 81' lang='grc' dir='ltr'><strong>τῆς</strong></span> <span class='ocrx_word' id='word_1_815' title='bbox 783 5386 1000 5459; x_wconf 57' lang='lat' dir='ltr'><strong>tricem;</strong></span> <span class='ocrx_word' id='word_1_816' title='bbox 1023 5388 1265 5459; x_wconf 53' lang='lat' dir='ltr'><strong>$01759th</strong></span> <span class='ocrx_word' id='word_1_817' title='bbox 1298 5380 1421 5456; x_wconf 74' lang='grc' dir='ltr'><strong>οἶμαι</strong></span> <span class='ocrx_word' id='word_1_818' title='bbox 1442 5382 1570 5459; x_wconf 57' lang='lat' dir='ltr'><strong>iam)!</strong></span> <span class='ocrx_word' id='word_1_819' title='bbox 1597 5385 1907 5459; x_wconf 65' lang='grc' dir='ltr'><strong>ᾦμᾳλὸγησν</strong></span> <span class='ocrx_word' id='word_1_820' title='bbox 1932 5391 2018 5442; x_wconf 81' lang='grc' dir='ltr'><strong>καὶ</strong></span> <span class='ocrx_word' id='word_1_821' title='bbox 2043 5391 2127 5444; x_wconf 84' lang='grc' dir='ltr'><strong>τὸν</strong></span> 
     </span>
    </p>
   </div>
   <div class='ocr_carea' id='block_1_100' title="bbox 545 5451 2129 5532">
    <p class='ocr_par' dir='ltr' id='par_1_100' title="bbox 545 5451 2129 5532">
     <span class='ocr_line' id='line_1_100' title="bbox 545 5451 2129 5532; baseline 0.004 -24"><span class='ocrx_word' id='word_1_822' title='bbox 545 5455 651 5532; x_wconf 57' lang='grc' dir='ltr'><strong>διμῆ</strong></span> <span class='ocrx_word' id='word_1_823' title='bbox 669 5461 760 5532; x_wconf 67' lang='grc' dir='ltr'><strong>τῆς</strong></span> <span class='ocrx_word' id='word_1_824' title='bbox 781 5457 993 5532; x_wconf 49' lang='lat' dir='ltr'><strong>acriores;</strong></span> <span class='ocrx_word' id='word_1_825' title='bbox 1015 5451 1189 5525; x_wconf 61' lang='grc' dir='ltr'><strong>ἅρτοὺ,</strong></span> <span class='ocrx_word' id='word_1_826' title='bbox 1211 5451 1510 5532; x_wconf 42' lang='lat' dir='ltr'><strong>meonetius:</strong></span> <span class='ocrx_word' id='word_1_827' title='bbox 1529 5451 1953 5532; x_wconf 65' lang='grc' dir='ltr'><strong>διεϐὲϐᾳιῶᾳατο.</strong></span> <span class='ocrx_word' id='word_1_828' title='bbox 1977 5459 2129 5525; x_wconf 71' lang='grc' dir='ltr'><strong>Ουυᾶ</strong></span> 
     </span>
    </p>
   </div>
   <div class='ocr_carea' id='block_1_101' title="bbox 544 5522 2127 5596">
    <p class='ocr_par' dir='ltr' id='par_1_101' title="bbox 544 5522 2127 5596">
     <span class='ocr_line' id='line_1_101' title="bbox 544 5522 2127 5596; baseline 0.006 -20"><span class='ocrx_word' id='word_1_829' title='bbox 544 5522 591 5576; x_wconf 83' lang='lat' dir='ltr'><strong>si</strong></span> <span class='ocrx_word' id='word_1_830' title='bbox 619 5522 808 5577; x_wconf 86' lang='lat' dir='ltr'><strong>durius</strong></span> <span class='ocrx_word' id='word_1_831' title='bbox 832 5523 917 5578; x_wconf 83' lang='lat' dir='ltr'><strong>hic</strong></span> <span class='ocrx_word' id='word_1_832' title='bbox 949 5522 1175 5578; x_wconf 71' lang='lat' dir='ltr'><strong>[ortaese</strong></span> <span class='ocrx_word' id='word_1_833' title='bbox 1204 5527 1288 5579; x_wconf 84' lang='lat' dir='ltr'><strong>vel</strong></span> <span class='ocrx_word' id='word_1_834' title='bbox 1330 5522 1609 5579; x_wconf 82' lang='lat' dir='ltr'><strong>obscurius</strong></span> <span class='ocrx_word' id='word_1_835' title='bbox 1641 5527 1912 5596; x_wconf 82' lang='lat' dir='ltr'><strong>quippiam</strong></span> <span class='ocrx_word' id='word_1_836' title='bbox 1943 5522 2127 5585; x_wconf 76' lang='lat' dir='ltr'><strong>elocu-</strong></span> 
     </span>
    </p>
   </div>
   <div class='ocr_carea' id='block_1_102' title="bbox 620 5657 2124 5741">
    <p class='ocr_par' dir='ltr' id='par_1_102' title="bbox 620 5657 2124 5741">
     <span class='ocr_line' id='line_1_102' title="bbox 620 5657 2124 5741; baseline 0.004 -27"><span class='ocrx_word' id='word_1_837' title='bbox 817 5660 1037 5740; x_wconf 56' lang='grc' dir='ltr'><strong>νει-θη.3</strong></span> <span class='ocrx_word' id='word_1_838' title='bbox 1055 5660 1373 5740; x_wconf 74' lang='lat' dir='ltr'><strong>annuntiabit</strong></span> <span class='ocrx_word' id='word_1_839' title='bbox 1399 5660 1557 5741; x_wconf 70' lang='lat' dir='ltr'><strong>vobis.</strong></span> <span class='ocrx_word' id='word_1_840' title='bbox 1582 5657 1688 5741; x_wconf 67' lang='lat' dir='ltr'><strong>Ille</strong></span> <span class='ocrx_word' id='word_1_841' title='bbox 1702 5664 2124 5741; x_wconf 72' lang='lat' dir='ltr'><strong>meclari/icabit,</strong></span> 
     </span>
    </p>
   </div>
   <div class='ocr_carea' id='block_1_103' title="bbox 548 5731 2013 5808">
    <p class='ocr_par' dir='ltr' id='par_1_103' title="bbox 548 5731 2013 5808">
     <span class='ocr_line' id='line_1_103' title="bbox 548 5731 2013 5808; baseline 0.003 -25"><span class='ocrx_word' id='word_1_842' title='bbox 548 5731 665 5808; x_wconf 75' lang='lat' dir='ltr'><strong>quin</strong></span> <span class='ocrx_word' id='word_1_843' title='bbox 685 5735 754 5808; x_wconf 66' lang='lat' dir='ltr'><strong>de</strong></span> <span class='ocrx_word' id='word_1_844' title='bbox 786 5746 895 5783; x_wconf 88' lang='lat' dir='ltr'><strong>meo</strong></span> <span class='ocrx_word' id='word_1_845' title='bbox 926 5732 1136 5808; x_wconf 73' lang='lat' dir='ltr'><strong>accipiet</strong></span> <span class='ocrx_word' id='word_1_846' title='bbox 1152 5742 1210 5808; x_wconf 81' lang='lat' dir='ltr'><strong>_et</strong></span> <span class='ocrx_word' id='word_1_847' title='bbox 1237 5732 1557 5808; x_wconf 74' lang='lat' dir='ltr'><strong>anmmtiabit</strong></span> <span class='ocrx_word' id='word_1_848' title='bbox 1579 5731 1737 5808; x_wconf 71' lang='lat' dir='ltr'><strong>vobis.</strong></span> <span class='ocrx_word' id='word_1_849' title='bbox 1768 5731 2013 5807; x_wconf 75' lang='lat' dir='ltr'><strong>Itemque.</strong></span> 
     </span>
    </p>
   </div>
   <div class='ocr_carea' id='block_1_104' title="bbox 620 5801 1965 5867">
    <p class='ocr_par' dir='ltr' id='par_1_104' title="bbox 620 5801 1965 5867">
     <span class='ocr_line' id='line_1_104' title="bbox 620 5801 1965 5867; baseline 0 -11"><span class='ocrx_word' id='word_1_850' title='bbox 620 5801 642 5832; x_wconf 81' lang='grc'><strong><em>³</em></strong></span> <span class='ocrx_word' id='word_1_851' title='bbox 681 5804 846 5858; x_wconf 80' lang='lat' dir='ltr'><strong>ldctn.</strong></span> <span class='ocrx_word' id='word_1_852' title='bbox 878 5801 1022 5867; x_wconf 50' lang='grc' dir='ltr'><strong>ωλι..</strong></span> <span class='ocrx_word' id='word_1_853' title='bbox 1059 5801 1239 5854; x_wconf 71' lang='lat' dir='ltr'><strong>divina:</strong></span> <span class='ocrx_word' id='word_1_854' title='bbox 1273 5817 1376 5856; x_wconf 73' lang='lat' dir='ltr'><strong>sum</strong></span> <span class='ocrx_word' id='word_1_855' title='bbox 1405 5801 1717 5856; x_wconf 72' lang='lat' dir='ltr'><strong>substantitr.</strong></span> <span class='ocrx_word' id='word_1_856' title='bbox 1912 5801 1922 5807; x_wconf 86' lang='grc'><em>’</em></span> <span class='ocrx_word' id='word_1_857' title='bbox 1960 5817 1965 5821; x_wconf 72' lang='lat'><strong>‘</strong></span> 
     </span>
    </p>
   </div>
   <div class='ocr_carea' id='block_1_105' title="bbox 2229 4608 3800 4691">
    <p class='ocr_par' dir='ltr' id='par_1_105' title="bbox 2229 4608 3800 4691">
     <span class='ocr_line' id='line_1_105' title="bbox 2229 4608 3800 4691; baseline -0.01 -12"><span class='ocrx_word' id='word_1_858' title='bbox 2229 4640 2333 4679; x_wconf 90' lang='lat' dir='ltr'><strong>non</strong></span> <span class='ocrx_word' id='word_1_859' title='bbox 2363 4622 2654 4679; x_wconf 89' lang='lat' dir='ltr'><strong>secundum</strong></span> <span class='ocrx_word' id='word_1_860' title='bbox 2688 4630 2871 4677; x_wconf 88' lang='lat' dir='ltr'><strong>nostra</strong></span> <span class='ocrx_word' id='word_1_861' title='bbox 2899 4622 3087 4676; x_wconf 80' lang='lat' dir='ltr'><strong>merita</strong></span> <span class='ocrx_word' id='word_1_862' title='bbox 3129 4621 3326 4691; x_wconf 88' lang='lat' dir='ltr'><strong>detur,</strong></span> <span class='ocrx_word' id='word_1_863' title='bbox 3379 4621 3521 4679; x_wconf 77' lang='lat' dir='ltr'><strong>inter</strong></span> <span class='ocrx_word' id='word_1_864' title='bbox 3564 4616 3663 4672; x_wconf 86' lang='lat' dir='ltr'><strong>alia</strong></span> <span class='ocrx_word' id='word_1_865' title='bbox 3697 4608 3800 4667; x_wconf 78' lang='lat' dir='ltr'><strong>dicit</strong></span> 
     </span>
    </p>
   </div>
   <div class='ocr_carea' id='block_1_106' title="bbox 2230 4706 3802 4789">
    <p class='ocr_par' dir='ltr' id='par_1_106' title="bbox 2230 4706 3802 4789">
     <span class='ocr_line' id='line_1_106' title="bbox 2230 4706 3802 4789; baseline -0.01 -19"><span class='ocrx_word' id='word_1_866' title='bbox 2230 4716 2368 4789; x_wconf 85' lang='lat' dir='ltr'><strong>(Lib.</strong></span> <span class='ocrx_word' id='word_1_867' title='bbox 2394 4731 2433 4779; x_wconf 90' lang='lat' dir='ltr'><strong>t,</strong></span> <span class='ocrx_word' id='word_1_868' title='bbox 2458 4730 2573 4784; x_wconf 85' lang='lat' dir='ltr'><strong>cap.</strong></span> <span class='ocrx_word' id='word_1_869' title='bbox 2601 4713 2726 4783; x_wconf 80' lang='lat' dir='ltr'><strong>l5):</strong></span> <span class='ocrx_word' id='word_1_870' title='bbox 2764 4732 2782 4764; x_wconf 74' lang='grc' dir='ltr'>ι</span> <span class='ocrx_word' id='word_1_871' title='bbox 2821 4712 2917 4767; x_wconf 88' lang='lat' dir='ltr'><strong>Est</strong></span> <span class='ocrx_word' id='word_1_872' title='bbox 2940 4713 3105 4767; x_wconf 90' lang='lat' dir='ltr'><strong>etiam</strong></span> <span class='ocrx_word' id='word_1_873' title='bbox 3133 4712 3624 4782; x_wconf 73' lang='lat' dir='ltr'><strong>praeclarissimum</strong></span> <span class='ocrx_word' id='word_1_874' title='bbox 3658 4706 3802 4759; x_wconf 74' lang='lat' dir='ltr'><strong>lumen</strong></span> 
     </span>
    </p>
   </div>
   <div class='ocr_carea' id='block_1_107' title="bbox 2228 4790 3801 4876">
    <p class='ocr_par' dir='ltr' id='par_1_107' title="bbox 2228 4790 3801 4876">
     <span class='ocr_line' id='line_1_107' title="bbox 2228 4790 3801 4876; baseline -0.011 -14"><span class='ocrx_word' id='word_1_875' title='bbox 2228 4804 2714 4876; x_wconf 64' lang='lat' dir='ltr'><strong>prmdestisationis</strong></span> <span class='ocrx_word' id='word_1_876' title='bbox 2741 4811 2797 4858; x_wconf 90' lang='lat' dir='ltr'><strong>et</strong></span> <span class='ocrx_word' id='word_1_877' title='bbox 2814 4803 3000 4873; x_wconf 75' lang='lat' dir='ltr'><strong>gratia:</strong></span> <span class='ocrx_word' id='word_1_878' title='bbox 3027 4804 3147 4872; x_wconf 89' lang='lat' dir='ltr'><strong>ipse</strong></span> <span class='ocrx_word' id='word_1_879' title='bbox 3187 4802 3472 4867; x_wconf 85' lang='lat' dir='ltr'><strong>Salvator,</strong></span> <span class='ocrx_word' id='word_1_880' title='bbox 3501 4799 3613 4870; x_wconf 87' lang='lat' dir='ltr'><strong>ipse</strong></span> <span class='ocrx_word' id='word_1_881' title='bbox 3638 4790 3801 4850; x_wconf 85' lang='lat' dir='ltr'><strong>media-</strong></span> 
     </span>
    </p>
   </div>
   <div class='ocr_carea' id='block_1_108' title="bbox 2233 4884 3806 4961">
    <p class='ocr_par' dir='ltr' id='par_1_108' title="bbox 2233 4884 3806 4961">
     <span class='ocr_line' id='line_1_108' title="bbox 2233 4884 3806 4961; baseline -0.011 -10"><span class='ocrx_word' id='word_1_882' title='bbox 2233 4903 2317 4951; x_wconf 89' lang='lat' dir='ltr'><strong>tor</strong></span> <span class='ocrx_word' id='word_1_883' title='bbox 2343 4894 2434 4950; x_wconf 86' lang='lat' dir='ltr'><strong>Dei</strong></span> <span class='ocrx_word' id='word_1_884' title='bbox 2461 4902 2515 4949; x_wconf 90' lang='lat' dir='ltr'><strong>et</strong></span> <span class='ocrx_word' id='word_1_885' title='bbox 2536 4892 2834 4961; x_wconf 85' lang='lat' dir='ltr'><strong>hominum,</strong></span> <span class='ocrx_word' id='word_1_886' title='bbox 2861 4892 3023 4947; x_wconf 88' lang='lat' dir='ltr'><strong>homo</strong></span> <span class='ocrx_word' id='word_1_887' title='bbox 3042 4890 3308 4948; x_wconf 82' lang='lat' dir='ltr'><strong>Christus</strong></span> <span class='ocrx_word' id='word_1_888' title='bbox 3331 4892 3492 4948; x_wconf 87' lang='lat' dir='ltr'><strong>Jesus</strong></span> <span class='ocrx_word' id='word_1_889' title='bbox 3517 4908 3531 4945; x_wconf 88' lang='lat'><strong>:</strong></span> <span class='ocrx_word' id='word_1_890' title='bbox 3555 4890 3638 4959; x_wconf 90' lang='lat' dir='ltr'><strong>qui</strong></span> <span class='ocrx_word' id='word_1_891' title='bbox 3662 4894 3710 4940; x_wconf 91' lang='lat' dir='ltr'><strong>ut</strong></span> <span class='ocrx_word' id='word_1_892' title='bbox 3728 4884 3806 4935; x_wconf 88' lang='lat' dir='ltr'><strong>hoc</strong></span> 
     </span>
    </p>
   </div>
   <div class='ocr_carea' id='block_1_109' title="bbox 2233 4970 3879 5055">
    <p class='ocr_par' dir='ltr' id='par_1_109' title="bbox 2233 4970 3879 5055">
     <span class='ocr_line' id='line_1_109' title="bbox 2233 4970 3879 5055; baseline -0.012 -12"><span class='ocrx_word' id='word_1_893' title='bbox 2233 4994 2395 5051; x_wconf 87' lang='lat' dir='ltr'><strong>esset,</strong></span> <span class='ocrx_word' id='word_1_894' title='bbox 2435 4985 2630 5054; x_wconf 87' lang='lat' dir='ltr'><strong>quibus</strong></span> <span class='ocrx_word' id='word_1_895' title='bbox 2676 4983 2892 5039; x_wconf 84' lang='lat' dir='ltr'><strong>tandem</strong></span> <span class='ocrx_word' id='word_1_896' title='bbox 2941 4981 3076 5051; x_wconf 88' lang='lat' dir='ltr'><strong>suis,</strong></span> <span class='ocrx_word' id='word_1_897' title='bbox 3131 4982 3226 5039; x_wconf 84' lang='lat' dir='ltr'><strong>vel</strong></span> <span class='ocrx_word' id='word_1_898' title='bbox 3278 4997 3532 5055; x_wconf 71' lang='lat' dir='ltr'><strong>operum,</strong></span> <span class='ocrx_word' id='word_1_899' title='bbox 3585 4976 3665 5034; x_wconf 86' lang='lat' dir='ltr'><strong>vel</strong></span> <span class='ocrx_word' id='word_1_900' title='bbox 3705 4970 3806 5028; x_wconf 69' lang='lat' dir='ltr'><strong>ﬁdei</strong></span> <span class='ocrx_word' id='word_1_901' title='bbox 3878 5050 3879 5053; x_wconf 11' lang='grc' dir='ltr'><strong>η</strong></span> 
     </span>
    </p>
   </div>
   <div class='ocr_carea' id='block_1_110' title="bbox 2226 5070 3808 5151">
    <p class='ocr_par' dir='ltr' id='par_1_110' title="bbox 2226 5070 3808 5151">
     <span class='ocr_line' id='line_1_110' title="bbox 2226 5070 3808 5151; baseline -0.012 -17"><span class='ocrx_word' id='word_1_902' title='bbox 2226 5077 2652 5151; x_wconf 57' lang='lat' dir='ltr'><strong>praecedentibus</strong></span> <span class='ocrx_word' id='word_1_903' title='bbox 2678 5076 2885 5131; x_wconf 90' lang='lat' dir='ltr'><strong>meritis</strong></span> <span class='ocrx_word' id='word_1_904' title='bbox 2914 5084 3102 5130; x_wconf 88' lang='lat' dir='ltr'><strong>natura</strong></span> <span class='ocrx_word' id='word_1_905' title='bbox 3140 5070 3393 5131; x_wconf 82' lang='lat' dir='ltr'><strong>humana</strong></span> <span class='ocrx_word' id='word_1_906' title='bbox 3424 5090 3545 5145; x_wconf 76' lang='lat' dir='ltr'><strong>quae</strong></span> <span class='ocrx_word' id='word_1_907' title='bbox 3567 5073 3618 5127; x_wconf 91' lang='lat' dir='ltr'><strong>in</strong></span> <span class='ocrx_word' id='word_1_908' title='bbox 3641 5070 3720 5123; x_wconf 92' lang='lat' dir='ltr'><strong>illo</strong></span> <span class='ocrx_word' id='word_1_909' title='bbox 3741 5072 3808 5119; x_wconf 85' lang='lat' dir='ltr'><strong>est</strong></span> 
     </span>
    </p>
   </div>
   <div class='ocr_carea' id='block_1_111' title="bbox 2228 5164 3808 5240">
    <p class='ocr_par' dir='ltr' id='par_1_111' title="bbox 2228 5164 3808 5240">
     <span class='ocr_line' id='line_1_111' title="bbox 2228 5164 3808 5240; baseline -0.007 -14"><span class='ocrx_word' id='word_1_910' title='bbox 2228 5168 2598 5240; x_wconf 84' lang='lat' dir='ltr'><strong>comparavit?</strong></span> <span class='ocrx_word' id='word_1_911' title='bbox 2644 5167 3037 5238; x_wconf 88' lang='lat' dir='ltr'><strong>respondeatur</strong></span> <span class='ocrx_word' id='word_1_912' title='bbox 3083 5181 3310 5237; x_wconf 62' lang='lat' dir='ltr'><strong>quaeso.</strong></span> <span class='ocrx_word' id='word_1_913' title='bbox 3362 5165 3463 5222; x_wconf 87' lang='lat' dir='ltr'><strong>Ille</strong></span> <span class='ocrx_word' id='word_1_914' title='bbox 3506 5164 3685 5221; x_wconf 87' lang='lat' dir='ltr'><strong>homo,</strong></span> <span class='ocrx_word' id='word_1_915' title='bbox 3716 5165 3808 5211; x_wconf 65' lang='lat' dir='ltr'><strong>ut:</strong></span> 
     </span>
    </p>
   </div>
   <div class='ocr_carea' id='block_1_112' title="bbox 2230 5296 3813 5395">
    <p class='ocr_par' dir='ltr' id='par_1_112' title="bbox 2230 5296 3813 5395">
     <span class='ocr_line' id='line_1_112' title="bbox 2230 5296 3813 5395; baseline -0.008 -13"><span class='ocrx_word' id='word_1_916' title='bbox 2230 5338 2317 5383; x_wconf 87' lang='lat' dir='ltr'><strong>tus</strong></span> <span class='ocrx_word' id='word_1_917' title='bbox 2342 5296 2605 5389; x_wconf 84' lang='lat' dir='ltr'><strong>videatur,</strong></span> <span class='ocrx_word' id='word_1_918' title='bbox 2636 5323 2831 5395; x_wconf 87' lang='lat' dir='ltr'><strong>dignus</strong></span> <span class='ocrx_word' id='word_1_919' title='bbox 2857 5332 2942 5379; x_wconf 90' lang='lat' dir='ltr'><strong>est</strong></span> <span class='ocrx_word' id='word_1_920' title='bbox 2967 5323 3149 5388; x_wconf 86' lang='lat' dir='ltr'><strong>venia,</strong></span> <span class='ocrx_word' id='word_1_921' title='bbox 3188 5332 3250 5379; x_wconf 89' lang='lat' dir='ltr'><strong>et</strong></span> <span class='ocrx_word' id='word_1_922' title='bbox 3278 5326 3375 5392; x_wconf 88' lang='lat' dir='ltr'><strong>qui</strong></span> <span class='ocrx_word' id='word_1_923' title='bbox 3418 5339 3450 5379; x_wconf 90' lang='lat' dir='ltr'><strong>a</strong></span> <span class='ocrx_word' id='word_1_924' title='bbox 3498 5323 3719 5395; x_wconf 77' lang='lat' dir='ltr'><strong>benigno</strong></span> <span class='ocrx_word' id='word_1_925' title='bbox 3744 5316 3813 5369; x_wconf 83' lang='lat' dir='ltr'><strong>in-</strong></span> 
     </span>
    </p>
   </div>
   <div class='ocr_carea' id='block_1_113' title="bbox 2231 5394 3813 5469">
    <p class='ocr_par' dir='ltr' id='par_1_113' title="bbox 2231 5394 3813 5469">
     <span class='ocr_line' id='line_1_113' title="bbox 2231 5394 3813 5469; baseline -0.009 -14"><span class='ocrx_word' id='word_1_926' title='bbox 2231 5408 2466 5469; x_wconf 89' lang='lat' dir='ltr'><strong>terprete</strong></span> <span class='ocrx_word' id='word_1_927' title='bbox 2497 5397 2665 5453; x_wconf 75' lang='lat' dir='ltr'><strong>vicem</strong></span> <span class='ocrx_word' id='word_1_928' title='bbox 2704 5394 2866 5469; x_wconf 75' lang='lat' dir='ltr'><strong>ofﬁcii</strong></span> <span class='ocrx_word' id='word_1_929' title='bbox 2910 5395 3167 5469; x_wconf 83' lang='lat' dir='ltr'><strong>recipiat,</strong></span> <span class='ocrx_word' id='word_1_930' title='bbox 3201 5395 3360 5465; x_wconf 85' lang='lat' dir='ltr'><strong>quod</strong></span> <span class='ocrx_word' id='word_1_931' title='bbox 3409 5395 3529 5464; x_wconf 89' lang='lat' dir='ltr'><strong>ipse</strong></span> <span class='ocrx_word' id='word_1_932' title='bbox 3549 5394 3813 5469; x_wconf 34' lang='lat' dir='ltr'><strong>_alii_s._stu-</strong></span> 
     </span>
    </p>
   </div>
   <div class='ocr_carea' id='block_1_114' title="bbox 2232 5460 3809 5539">
    <p class='ocr_par' dir='ltr' id='par_1_114' title="bbox 2232 5460 3809 5539">
     <span class='ocr_line' id='line_1_114' title="bbox 2232 5460 3809 5539; baseline -0.01 -13"><span class='ocrx_word' id='word_1_933' title='bbox 2232 5460 2408 5536; x_wconf 61' lang='lat' dir='ltr'><strong>dio&#39;se,</strong></span> <span class='ocrx_word' id='word_1_934' title='bbox 2440 5482 2665 5539; x_wconf 90' lang='lat' dir='ltr'><strong>quorum</strong></span> <span class='ocrx_word' id='word_1_935' title='bbox 2689 5467 2830 5525; x_wconf 85' lang='lat' dir='ltr'><strong>dicta</strong></span> <span class='ocrx_word' id='word_1_936' title='bbox 2858 5460 3361 5533; x_wconf 60' lang='lat' dir='ltr'><strong>notabantur,&#39;noo</strong></span> <span class='ocrx_word' id='word_1_937' title='bbox 3392 5460 3562 5523; x_wconf 82' lang='lat' dir='ltr'><strong>semel</strong></span> <span class='ocrx_word' id='word_1_938' title='bbox 3580 5460 3809 5520; x_wconf 77' lang='lat' dir='ltr'><strong>exhibuit.</strong></span> 
     </span>
    </p>
   </div>
   <div class='ocr_carea' id='block_1_115' title="bbox 2301 5660 3814 5737">
    <p class='ocr_par' dir='ltr' id='par_1_115' title="bbox 2301 5660 3814 5737">
     <span class='ocr_line' id='line_1_115' title="bbox 2301 5660 3814 5737; baseline -0.008 -18"><span class='ocrx_word' id='word_1_939' title='bbox 2301 5665 2322 5695; x_wconf 85' lang='grc'>³</span> <span class='ocrx_word' id='word_1_940' title='bbox 2362 5664 2504 5719; x_wconf 85' lang='lat' dir='ltr'><strong>Idem</strong></span> <span class='ocrx_word' id='word_1_941' title='bbox 2534 5663 2680 5728; x_wconf 87' lang='lat' dir='ltr'><strong>cod.,</strong></span> <span class='ocrx_word' id='word_1_942' title='bbox 2731 5673 2819 5719; x_wconf 87' lang='lat' dir='ltr'><strong>aut</strong></span> <span class='ocrx_word' id='word_1_943' title='bbox 2842 5664 3012 5737; x_wconf 89' lang='lat' dir='ltr'><strong>gratia</strong></span> <span class='ocrx_word' id='word_1_944' title='bbox 3045 5663 3109 5717; x_wconf 84' lang='lat' dir='ltr'><strong>sit</strong></span> <span class='ocrx_word' id='word_1_945' title='bbox 3147 5662 3331 5737; x_wconf 69' lang='lat' dir='ltr'><strong>Filius</strong></span> <span class='ocrx_word' id='word_1_946' title='bbox 3364 5663 3463 5718; x_wconf 82' lang='lat' dir='ltr'><strong>Dei</strong></span> <span class='ocrx_word' id='word_1_947' title='bbox 3490 5680 3533 5737; x_wconf 88' lang='lat'><strong>:_</strong></span> <span class='ocrx_word' id='word_1_948' title='bbox 3557 5660 3694 5737; x_wconf 72' lang='lat' dir='ltr'><strong>nulla</strong></span> <span class='ocrx_word' id='word_1_949' title='bbox 3719 5669 3814 5708; x_wconf 75' lang='lat' dir='ltr'><strong>vero</strong></span> 
     </span>
    </p>
   </div>
   <div class='ocr_carea' id='block_1_116' title="bbox 2231 5732 3811 5807">
    <p class='ocr_par' dir='ltr' id='par_1_116' title="bbox 2231 5732 3811 5807">
     <span class='ocr_line' id='line_1_116' title="bbox 2231 5732 3811 5807; baseline -0.003 -22"><span class='ocrx_word' id='word_1_950' title='bbox 2231 5736 2340 5804; x_wconf 82' lang='lat' dir='ltr'><strong>ejus</strong></span> <span class='ocrx_word' id='word_1_951' title='bbox 2365 5738 2544 5789; x_wconf 84' lang='lat' dir='ltr'><strong>merita</strong></span> <span class='ocrx_word' id='word_1_952' title='bbox 2565 5732 2948 5807; x_wconf 42' lang='lat' dir='ltr'><strong>progesserunt,</strong></span> <span class='ocrx_word' id='word_1_953' title='bbox 2981 5750 3071 5807; x_wconf 84' lang='lat' dir='ltr'><strong>pro</strong></span> <span class='ocrx_word' id='word_1_954' title='bbox 3102 5735 3301 5799; x_wconf 76' lang='lat' dir='ltr'><strong>quibus</strong></span> <span class='ocrx_word' id='word_1_955' title='bbox 3334 5733 3620 5789; x_wconf 78' lang='lat' dir='ltr'><strong>secundum</strong></span> <span class='ocrx_word' id='word_1_956' title='bbox 3656 5732 3811 5783; x_wconf 72' lang='lat' dir='ltr'><strong>hama-</strong></span> 
     </span>
    </p>
   </div>
   <div class='ocr_carea' id='block_1_117' title="bbox 2232 5802 3313 5874">
    <p class='ocr_par' dir='ltr' id='par_1_117' title="bbox 2232 5802 3313 5874">
     <span class='ocr_line' id='line_1_117' title="bbox 2232 5802 3313 5874; baseline -0.001 -15"><span class='ocrx_word' id='word_1_957' title='bbox 2232 5802 2435 5859; x_wconf 77' lang='lat' dir='ltr'><strong>tiitatcm</strong></span> <span class='ocrx_word' id='word_1_958' title='bbox 2463 5802 2606 5867; x_wconf 69' lang='lat' dir='ltr'><strong>ﬁeret</strong></span> <span class='ocrx_word' id='word_1_959' title='bbox 2632 5802 2802 5859; x_wconf 80' lang='lat' dir='ltr'><strong>Filius</strong></span> <span class='ocrx_word' id='word_1_960' title='bbox 2834 5804 2948 5872; x_wconf 84' lang='lat' dir='ltr'><strong>Dei,</strong></span> <span class='ocrx_word' id='word_1_961' title='bbox 2973 5804 3055 5874; x_wconf 87' lang='lat' dir='ltr'><strong>qui</strong></span> <span class='ocrx_word' id='word_1_962' title='bbox 3087 5820 3157 5858; x_wconf 69' lang='lat' dir='ltr'><strong>ex</strong></span> <span class='ocrx_word' id='word_1_963' title='bbox 3186 5822 3313 5873; x_wconf 88' lang='lat' dir='ltr'><strong>quo.</strong></span> 
     </span>
    </p>
   </div>
  </div>
