  <div class='ocr_page' id='page_1' title='image "/cluster/home/n/w/nwhite01/storage/ocr_20150623/67/hvd.32044073505273/390.png"; bbox 0 0 3998 6202; ppageno 0'>
   <div class='ocr_carea' id='block_1_1' title="bbox 220 342 332 399">
    <p class='ocr_par' dir='ltr' id='par_1_1' title="bbox 220 342 332 399">
     <span class='ocr_line' id='line_1_1' title="bbox 220 342 332 399; baseline 0.018 -2"><span class='ocrx_word' id='word_1_1' title='bbox 220 342 332 399; x_wconf 78' lang='lat'><strong>765</strong></span> 
     </span>
    </p>
   </div>
   <div class='ocr_carea' id='block_1_2' title="bbox 1101 343 2578 410">
    <p class='ocr_par' dir='ltr' id='par_1_2' title="bbox 1101 343 2578 410">
     <span class='ocr_line' id='line_1_2' title="bbox 1101 343 2578 410; baseline 0.006 -9"><span class='ocrx_word' id='word_1_2' title='bbox 1101 345 1235 401; x_wconf 77' lang='lat' dir='ltr'><strong>PRO</strong></span> <span class='ocrx_word' id='word_1_3' title='bbox 1279 343 1711 402; x_wconf 75' lang='lat' dir='ltr'><strong>DEFENSIONE</strong></span> <span class='ocrx_word' id='word_1_4' title='bbox 1747 344 1960 401; x_wconf 73' lang='lat' dir='ltr'><strong>TRIUM</strong></span> <span class='ocrx_word' id='word_1_5' title='bbox 1999 346 2314 405; x_wconf 76' lang='lat' dir='ltr'><strong>CAPITUL.</strong></span> <span class='ocrx_word' id='word_1_6' title='bbox 2350 349 2475 406; x_wconf 79' lang='lat' dir='ltr'><strong>UB.</strong></span> <span class='ocrx_word' id='word_1_7' title='bbox 2517 353 2578 410; x_wconf 79' lang='grc' dir='ltr'><strong>Χ.</strong></span> 
     </span>
    </p>
   </div>
   <div class='ocr_carea' id='block_1_3' title="bbox 3396 362 3495 418">
    <p class='ocr_par' dir='ltr' id='par_1_3' title="bbox 3396 362 3495 418">
     <span class='ocr_line' id='line_1_3' title="bbox 3396 362 3495 418; baseline 0.03 -3"><span class='ocrx_word' id='word_1_8' title='bbox 3396 362 3495 418; x_wconf 78' lang='lat'><strong>766</strong></span> 
     </span>
    </p>
   </div>
   <div class='ocr_carea' id='block_1_4' title="bbox 222 459 3513 532">
    <p class='ocr_par' dir='ltr' id='par_1_4' title="bbox 222 459 3513 532">
     <span class='ocr_line' id='line_1_4' title="bbox 222 459 3513 532; baseline 0.005 -17"><span class='ocrx_word' id='word_1_9' title='bbox 222 461 404 518; x_wconf 71' lang='lat' dir='ltr'><strong>Verbo</strong></span> <span class='ocrx_word' id='word_1_10' title='bbox 434 459 576 516; x_wconf 82' lang='lat' dir='ltr'><strong>Patri</strong></span> <span class='ocrx_word' id='word_1_11' title='bbox 624 470 893 516; x_wconf 66' lang='lat' dir='ltr'><strong>coarterno</strong></span> <span class='ocrx_word' id='word_1_12' title='bbox 941 463 991 517; x_wconf 89' lang='lat' dir='ltr'><strong>in</strong></span> <span class='ocrx_word' id='word_1_13' title='bbox 1039 464 1295 518; x_wconf 81' lang='lat' dir='ltr'><strong>unitatem</strong></span> <span class='ocrx_word' id='word_1_14' title='bbox 1323 476 1568 531; x_wconf 71' lang='lat' dir='ltr'><strong>personae</strong></span> <span class='ocrx_word' id='word_1_15' title='bbox 1596 474 1807 515; x_wconf 83' lang='lat' dir='ltr'><strong>assum-</strong></span> <span class='ocrx_word' id='word_1_16' title='bbox 1836 464 1888 522; x_wconf 79' lang='grc' dir='ltr'><strong>Α</strong></span> <span class='ocrx_word' id='word_1_17' title='bbox 1915 476 2017 531; x_wconf 80' lang='lat' dir='ltr'><strong>qna</strong></span> <span class='ocrx_word' id='word_1_18' title='bbox 2062 465 2232 532; x_wconf 82' lang='lat' dir='ltr'><strong>gratia</strong></span> <span class='ocrx_word' id='word_1_19' title='bbox 2276 465 2437 521; x_wconf 83' lang='lat' dir='ltr'><strong>homo</strong></span> <span class='ocrx_word' id='word_1_20' title='bbox 2482 469 2571 523; x_wconf 87' lang='lat' dir='ltr'><strong>ille</strong></span> <span class='ocrx_word' id='word_1_21' title='bbox 2615 470 2684 522; x_wconf 88' lang='lat' dir='ltr'><strong>ab</strong></span> <span class='ocrx_word' id='word_1_22' title='bbox 2727 469 2878 525; x_wconf 85' lang='lat' dir='ltr'><strong>initio</strong></span> <span class='ocrx_word' id='word_1_23' title='bbox 2916 486 3018 526; x_wconf 87' lang='lat' dir='ltr'><strong>suo</strong></span> <span class='ocrx_word' id='word_1_24' title='bbox 3048 471 3217 527; x_wconf 87' lang='lat' dir='ltr'><strong>factus</strong></span> <span class='ocrx_word' id='word_1_25' title='bbox 3244 483 3325 529; x_wconf 83' lang='lat' dir='ltr'><strong>est</strong></span> <span class='ocrx_word' id='word_1_26' title='bbox 3358 474 3513 532; x_wconf 61' lang='lat' dir='ltr'><strong>[teus&#39;</strong></span> 
     </span>
    </p>
   </div>
   <div class='ocr_carea' id='block_1_5' title="bbox 220 554 1810 627">
    <p class='ocr_par' dir='ltr' id='par_1_5' title="bbox 220 554 1810 627">
     <span class='ocr_line' id='line_1_5' title="bbox 220 554 1810 627; baseline 0.001 -16"><span class='ocrx_word' id='word_1_27' title='bbox 220 568 348 627; x_wconf 91' lang='lat' dir='ltr'><strong>ptus</strong></span> <span class='ocrx_word' id='word_1_28' title='bbox 382 554 550 610; x_wconf 75' lang='lat' dir='ltr'><strong>Filius</strong></span> <span class='ocrx_word' id='word_1_29' title='bbox 582 556 676 609; x_wconf 84' lang='lat' dir='ltr'><strong>Dei</strong></span> <span class='ocrx_word' id='word_1_30' title='bbox 705 555 1010 626; x_wconf 82' lang='lat' dir='ltr'><strong>unigenitus</strong></span> <span class='ocrx_word' id='word_1_31' title='bbox 1052 568 1214 625; x_wconf 87' lang='lat' dir='ltr'><strong>esset,</strong></span> <span class='ocrx_word' id='word_1_32' title='bbox 1253 558 1395 613; x_wconf 90' lang='lat' dir='ltr'><strong>unde</strong></span> <span class='ocrx_word' id='word_1_33' title='bbox 1436 556 1537 611; x_wconf 90' lang='lat' dir='ltr'><strong>hoc</strong></span> <span class='ocrx_word' id='word_1_34' title='bbox 1566 557 1810 612; x_wconf 85' lang='lat' dir='ltr'><strong>meruit?</strong></span> 
     </span>
    </p>
   </div>
   <div class='ocr_carea' id='block_1_6' title="bbox 220 647 1812 723">
    <p class='ocr_par' dir='ltr' id='par_1_6' title="bbox 220 647 1812 723">
     <span class='ocr_line' id='line_1_6' title="bbox 220 647 1812 723; baseline 0.003 -20"><span class='ocrx_word' id='word_1_35' title='bbox 220 647 366 720; x_wconf 80' lang='lat' dir='ltr'><strong>quod</strong></span> <span class='ocrx_word' id='word_1_36' title='bbox 397 649 513 717; x_wconf 83' lang='lat' dir='ltr'><strong>ejus</strong></span> <span class='ocrx_word' id='word_1_37' title='bbox 540 647 740 702; x_wconf 89' lang='lat' dir='ltr'><strong>bonum</strong></span> <span class='ocrx_word' id='word_1_38' title='bbox 780 650 1145 719; x_wconf 79' lang='lat' dir='ltr'><strong>qualecunque</strong></span> <span class='ocrx_word' id='word_1_39' title='bbox 1189 651 1497 719; x_wconf 69' lang='lat' dir='ltr'><strong>pra-cessit?</strong></span> <span class='ocrx_word' id='word_1_40' title='bbox 1538 652 1664 722; x_wconf 89' lang='lat' dir='ltr'><strong>quid</strong></span> <span class='ocrx_word' id='word_1_41' title='bbox 1704 653 1812 723; x_wconf 87' lang='lat' dir='ltr'><strong>egit</strong></span> 
     </span>
    </p>
   </div>
   <div class='ocr_carea' id='block_1_7' title="bbox 221 740 1808 813">
    <p class='ocr_par' dir='ltr' id='par_1_7' title="bbox 221 740 1808 813">
     <span class='ocr_line' id='line_1_7' title="bbox 221 740 1808 813; baseline 0.001 -18"><span class='ocrx_word' id='word_1_42' title='bbox 221 742 394 797; x_wconf 83' lang='lat' dir='ltr'><strong>ante?</strong></span> <span class='ocrx_word' id='word_1_43' title='bbox 422 741 549 811; x_wconf 86' lang='lat' dir='ltr'><strong>quid</strong></span> <span class='ocrx_word' id='word_1_44' title='bbox 577 740 838 797; x_wconf 75' lang='lat' dir='ltr'><strong>credidit?</strong></span> <span class='ocrx_word' id='word_1_45' title='bbox 862 743 985 813; x_wconf 89' lang='lat' dir='ltr'><strong>quid</strong></span> <span class='ocrx_word' id='word_1_46' title='bbox 1019 745 1230 811; x_wconf 82' lang='lat' dir='ltr'><strong>petivit.</strong></span> <span class='ocrx_word' id='word_1_47' title='bbox 1260 754 1317 798; x_wconf 87' lang='lat' dir='ltr'><strong>ut</strong></span> <span class='ocrx_word' id='word_1_48' title='bbox 1344 745 1412 799; x_wconf 87' lang='lat' dir='ltr'><strong>ad</strong></span> <span class='ocrx_word' id='word_1_49' title='bbox 1455 744 1592 799; x_wconf 86' lang='lat' dir='ltr'><strong>hanc</strong></span> <span class='ocrx_word' id='word_1_50' title='bbox 1622 744 1808 798; x_wconf 74' lang='lat' dir='ltr'><strong>ineﬂ&#39;a-</strong></span> 
     </span>
    </p>
   </div>
   <div class='ocr_carea' id='block_1_8' title="bbox 224 834 1812 905">
    <p class='ocr_par' dir='ltr' id='par_1_8' title="bbox 224 834 1812 905">
     <span class='ocr_line' id='line_1_8' title="bbox 224 834 1812 905; baseline -0.001 -15"><span class='ocrx_word' id='word_1_51' title='bbox 224 834 387 890; x_wconf 87' lang='lat' dir='ltr'><strong>bilem</strong></span> <span class='ocrx_word' id='word_1_52' title='bbox 432 834 808 890; x_wconf 79' lang='lat' dir='ltr'><strong>excellentiam</strong></span> <span class='ocrx_word' id='word_1_53' title='bbox 854 836 1195 905; x_wconf 85' lang='lat' dir='ltr'><strong>perveniret?</strong></span> <span class='ocrx_word' id='word_1_54' title='bbox 1243 837 1431 891; x_wconf 81' lang='lat' dir='ltr'><strong>Nonne</strong></span> <span class='ocrx_word' id='word_1_55' title='bbox 1479 836 1707 890; x_wconf 80' lang='lat' dir='ltr'><strong>faciente</strong></span> <span class='ocrx_word' id='word_1_56' title='bbox 1747 851 1812 889; x_wconf 88' lang='lat' dir='ltr'><strong>ac</strong></span> 
     </span>
    </p>
   </div>
   <div class='ocr_carea' id='block_1_9' title="bbox 224 924 1810 995">
    <p class='ocr_par' dir='ltr' id='par_1_9' title="bbox 224 924 1810 995">
     <span class='ocr_line' id='line_1_9' title="bbox 224 924 1810 995; baseline 0.001 -17"><span class='ocrx_word' id='word_1_57' title='bbox 224 926 551 995; x_wconf 65' lang='lat' dir='ltr'><strong>suscipiente</strong></span> <span class='ocrx_word' id='word_1_58' title='bbox 579 926 755 980; x_wconf 80' lang='lat' dir='ltr'><strong>Verbo</strong></span> <span class='ocrx_word' id='word_1_59' title='bbox 785 924 899 995; x_wconf 92' lang='lat' dir='ltr'><strong>ipse</strong></span> <span class='ocrx_word' id='word_1_60' title='bbox 927 926 1109 989; x_wconf 89' lang='lat' dir='ltr'><strong>homo,</strong></span> <span class='ocrx_word' id='word_1_61' title='bbox 1140 942 1203 979; x_wconf 77' lang='lat' dir='ltr'><strong>ex</strong></span> <span class='ocrx_word' id='word_1_62' title='bbox 1226 941 1333 995; x_wconf 91' lang='lat' dir='ltr'><strong>quo</strong></span> <span class='ocrx_word' id='word_1_63' title='bbox 1363 942 1482 981; x_wconf 77' lang='lat' dir='ltr'><strong>esse</strong></span> <span class='ocrx_word' id='word_1_64' title='bbox 1508 927 1690 994; x_wconf 66' lang='lat' dir='ltr'><strong>erepit,</strong></span> <span class='ocrx_word' id='word_1_65' title='bbox 1718 927 1810 980; x_wconf 85' lang='lat' dir='ltr'><strong>Fi-</strong></span> 
     </span>
    </p>
   </div>
   <div class='ocr_carea' id='block_1_10' title="bbox 227 1014 1809 1085">
    <p class='ocr_par' dir='ltr' id='par_1_10' title="bbox 227 1014 1809 1085">
     <span class='ocr_line' id='line_1_10' title="bbox 227 1014 1809 1085; baseline 0.004 -18"><span class='ocrx_word' id='word_1_66' title='bbox 227 1014 332 1068; x_wconf 79' lang='lat' dir='ltr'><strong>lius</strong></span> <span class='ocrx_word' id='word_1_67' title='bbox 362 1015 453 1071; x_wconf 55' lang='lat' dir='ltr'><strong>Diri</strong></span> <span class='ocrx_word' id='word_1_68' title='bbox 487 1014 672 1069; x_wconf 88' lang='lat' dir='ltr'><strong>unicus</strong></span> <span class='ocrx_word' id='word_1_69' title='bbox 703 1030 823 1071; x_wconf 88' lang='lat' dir='ltr'><strong>esse</strong></span> <span class='ocrx_word' id='word_1_70' title='bbox 851 1016 1053 1085; x_wconf 70' lang='lat' dir='ltr'><strong>cmpit?</strong></span> <span class='ocrx_word' id='word_1_71' title='bbox 1094 1016 1280 1071; x_wconf 87' lang='lat' dir='ltr'><strong>Nonne</strong></span> <span class='ocrx_word' id='word_1_72' title='bbox 1325 1016 1514 1072; x_wconf 82' lang='lat' dir='ltr'><strong>Filium</strong></span> <span class='ocrx_word' id='word_1_73' title='bbox 1547 1018 1641 1072; x_wconf 78' lang='lat' dir='ltr'><strong>Dei</strong></span> <span class='ocrx_word' id='word_1_74' title='bbox 1687 1018 1809 1073; x_wconf 87' lang='lat' dir='ltr'><strong>uni-</strong></span> 
     </span>
    </p>
   </div>
   <div class='ocr_carea' id='block_1_11' title="bbox 227 1105 1813 1179">
    <p class='ocr_par' dir='ltr' id='par_1_11' title="bbox 227 1105 1813 1179">
     <span class='ocr_line' id='line_1_11' title="bbox 227 1105 1813 1179; baseline 0.005 -21"><span class='ocrx_word' id='word_1_75' title='bbox 227 1120 347 1159; x_wconf 89' lang='lat' dir='ltr'><strong>cum</strong></span> <span class='ocrx_word' id='word_1_76' title='bbox 401 1105 594 1159; x_wconf 65' lang='lat' dir='ltr'><strong>femina</strong></span> <span class='ocrx_word' id='word_1_77' title='bbox 644 1106 735 1160; x_wconf 87' lang='lat' dir='ltr'><strong>illa</strong></span> <span class='ocrx_word' id='word_1_78' title='bbox 779 1109 943 1175; x_wconf 86' lang='lat' dir='ltr'><strong>gratia</strong></span> <span class='ocrx_word' id='word_1_79' title='bbox 998 1108 1148 1178; x_wconf 83' lang='lat' dir='ltr'><strong>plena</strong></span> <span class='ocrx_word' id='word_1_80' title='bbox 1192 1110 1485 1179; x_wconf 90' lang='lat' dir='ltr'><strong>concepit?</strong></span> <span class='ocrx_word' id='word_1_81' title='bbox 1519 1110 1705 1165; x_wconf 86' lang='lat' dir='ltr'><strong>Nonne</strong></span> <span class='ocrx_word' id='word_1_82' title='bbox 1742 1110 1813 1166; x_wconf 86' lang='lat' dir='ltr'><strong>de</strong></span> 
     </span>
    </p>
   </div>
   <div class='ocr_carea' id='block_1_12' title="bbox 229 1196 1812 1269">
    <p class='ocr_par' dir='ltr' id='par_1_12' title="bbox 229 1196 1812 1269">
     <span class='ocr_line' id='line_1_12' title="bbox 229 1196 1812 1269; baseline 0.005 -22"><span class='ocrx_word' id='word_1_83' title='bbox 229 1196 429 1261; x_wconf 63' lang='lat' dir='ltr'><strong>spiritu</strong></span> <span class='ocrx_word' id='word_1_84' title='bbox 474 1206 681 1261; x_wconf 72' lang='lat' dir='ltr'><strong>saneto,</strong></span> <span class='ocrx_word' id='word_1_85' title='bbox 729 1207 784 1251; x_wconf 89' lang='lat' dir='ltr'><strong>et</strong></span> <span class='ocrx_word' id='word_1_86' title='bbox 829 1197 1044 1269; x_wconf 81' lang='lat' dir='ltr'><strong>Virgine</strong></span> <span class='ocrx_word' id='word_1_87' title='bbox 1087 1199 1252 1254; x_wconf 83' lang='lat' dir='ltr'><strong>Maria</strong></span> <span class='ocrx_word' id='word_1_88' title='bbox 1295 1200 1387 1255; x_wconf 90' lang='lat' dir='ltr'><strong>Dei</strong></span> <span class='ocrx_word' id='word_1_89' title='bbox 1429 1200 1595 1255; x_wconf 78' lang='lat' dir='ltr'><strong>Filius</strong></span> <span class='ocrx_word' id='word_1_90' title='bbox 1623 1201 1812 1255; x_wconf 89' lang='lat' dir='ltr'><strong>unicus</strong></span> 
     </span>
    </p>
   </div>
   <div class='ocr_carea' id='block_1_13' title="bbox 230 1291 1815 1369">
    <p class='ocr_par' dir='ltr' id='par_1_13' title="bbox 230 1291 1815 1369">
     <span class='ocr_line' id='line_1_13' title="bbox 230 1291 1815 1369; baseline 0.004 -30"><span class='ocrx_word' id='word_1_91' title='bbox 230 1296 387 1342; x_wconf 91' lang='lat' dir='ltr'><strong>natus</strong></span> <span class='ocrx_word' id='word_1_92' title='bbox 435 1297 541 1353; x_wconf 66' lang='lat' dir='ltr'><strong>est,</strong></span> <span class='ocrx_word' id='word_1_93' title='bbox 590 1304 694 1343; x_wconf 85' lang='lat' dir='ltr'><strong>non</strong></span> <span class='ocrx_word' id='word_1_94' title='bbox 742 1291 917 1344; x_wconf 89' lang='lat' dir='ltr'><strong>carnis</strong></span> <span class='ocrx_word' id='word_1_95' title='bbox 944 1291 1244 1369; x_wconf 83' lang='lat' dir='ltr'><strong>cupidine,</strong></span> <span class='ocrx_word' id='word_1_96' title='bbox 1275 1291 1372 1347; x_wconf 86' lang='lat' dir='ltr'><strong>sed</strong></span> <span class='ocrx_word' id='word_1_97' title='bbox 1415 1293 1531 1346; x_wconf 89' lang='lat' dir='ltr'><strong>solo</strong></span> <span class='ocrx_word' id='word_1_98' title='bbox 1560 1292 1651 1348; x_wconf 87' lang='lat' dir='ltr'><strong>Dei</strong></span> <span class='ocrx_word' id='word_1_99' title='bbox 1695 1307 1815 1345; x_wconf 86' lang='lat' dir='ltr'><strong>mu-</strong></span> 
     </span>
    </p>
   </div>
   <div class='ocr_carea' id='block_1_14' title="bbox 232 1379 1808 1453">
    <p class='ocr_par' dir='ltr' id='par_1_14' title="bbox 232 1379 1808 1453">
     <span class='ocr_line' id='line_1_14' title="bbox 232 1379 1808 1453; baseline 0.004 -21"><span class='ocrx_word' id='word_1_100' title='bbox 232 1379 399 1434; x_wconf 85' lang='lat' dir='ltr'><strong>nere?</strong></span> <span class='ocrx_word' id='word_1_101' title='bbox 426 1380 672 1451; x_wconf 82' lang='lat' dir='ltr'><strong>Nunquid</strong></span> <span class='ocrx_word' id='word_1_102' title='bbox 701 1383 1042 1437; x_wconf 89' lang='lat' dir='ltr'><strong>metuendum</strong></span> <span class='ocrx_word' id='word_1_103' title='bbox 1067 1384 1165 1438; x_wconf 77' lang='lat' dir='ltr'><strong>fuit</strong></span> <span class='ocrx_word' id='word_1_104' title='bbox 1194 1399 1284 1451; x_wconf 89' lang='lat' dir='ltr'><strong>ne,</strong></span> <span class='ocrx_word' id='word_1_105' title='bbox 1319 1385 1608 1441; x_wconf 89' lang='lat' dir='ltr'><strong>accedente</strong></span> <span class='ocrx_word' id='word_1_106' title='bbox 1631 1394 1808 1453; x_wconf 64' lang='lat' dir='ltr'><strong>etate,</strong></span> 
     </span>
    </p>
   </div>
   <div class='ocr_carea' id='block_1_15' title="bbox 232 1471 1814 1541">
    <p class='ocr_par' dir='ltr' id='par_1_15' title="bbox 232 1471 1814 1541">
     <span class='ocr_line' id='line_1_15' title="bbox 232 1471 1814 1541; baseline 0.005 -18"><span class='ocrx_word' id='word_1_107' title='bbox 232 1471 395 1524; x_wconf 78' lang='lat' dir='ltr'><strong>hmno</strong></span> <span class='ocrx_word' id='word_1_108' title='bbox 427 1472 516 1526; x_wconf 90' lang='lat' dir='ltr'><strong>ille</strong></span> <span class='ocrx_word' id='word_1_109' title='bbox 546 1473 713 1526; x_wconf 89' lang='lat' dir='ltr'><strong>libero</strong></span> <span class='ocrx_word' id='word_1_110' title='bbox 739 1482 980 1541; x_wconf 90' lang='lat' dir='ltr'><strong>peccaret</strong></span> <span class='ocrx_word' id='word_1_111' title='bbox 1013 1475 1273 1529; x_wconf 82' lang='lat' dir='ltr'><strong>arbitrio?</strong></span> <span class='ocrx_word' id='word_1_112' title='bbox 1316 1483 1410 1529; x_wconf 88' lang='lat' dir='ltr'><strong>aut</strong></span> <span class='ocrx_word' id='word_1_113' title='bbox 1448 1476 1570 1530; x_wconf 89' lang='lat' dir='ltr'><strong>ideo</strong></span> <span class='ocrx_word' id='word_1_114' title='bbox 1616 1477 1669 1531; x_wconf 93' lang='lat' dir='ltr'><strong>in</strong></span> <span class='ocrx_word' id='word_1_115' title='bbox 1721 1477 1814 1531; x_wconf 94' lang='lat' dir='ltr'><strong>illo</strong></span> 
     </span>
    </p>
   </div>
   <div class='ocr_carea' id='block_1_16' title="bbox 232 1560 1809 1637">
    <p class='ocr_par' dir='ltr' id='par_1_16' title="bbox 232 1560 1809 1637">
     <span class='ocr_line' id='line_1_16' title="bbox 232 1560 1809 1637; baseline 0.005 -24"><span class='ocrx_word' id='word_1_116' title='bbox 232 1575 338 1613; x_wconf 91' lang='lat' dir='ltr'><strong>non</strong></span> <span class='ocrx_word' id='word_1_117' title='bbox 388 1560 551 1614; x_wconf 89' lang='lat' dir='ltr'><strong>libera</strong></span> <span class='ocrx_word' id='word_1_118' title='bbox 597 1562 841 1618; x_wconf 83' lang='lat' dir='ltr'><strong>voluntas</strong></span> <span class='ocrx_word' id='word_1_119' title='bbox 885 1572 1124 1629; x_wconf 63' lang='lat' dir='ltr'><strong>erat,‘ac</strong></span> <span class='ocrx_word' id='word_1_120' title='bbox 1170 1580 1275 1620; x_wconf 93' lang='lat' dir='ltr'><strong>non</strong></span> <span class='ocrx_word' id='word_1_121' title='bbox 1305 1575 1454 1621; x_wconf 90' lang='lat' dir='ltr'><strong>tanto</strong></span> <span class='ocrx_word' id='word_1_122' title='bbox 1483 1566 1652 1637; x_wconf 85' lang='lat' dir='ltr'><strong>magis</strong></span> <span class='ocrx_word' id='word_1_123' title='bbox 1676 1577 1809 1633; x_wconf 81' lang='lat' dir='ltr'><strong>erat,</strong></span> 
     </span>
    </p>
   </div>
   <div class='ocr_carea' id='block_1_17' title="bbox 230 1652 1816 1729">
    <p class='ocr_par' dir='ltr' id='par_1_17' title="bbox 230 1652 1816 1729">
     <span class='ocr_line' id='line_1_17' title="bbox 230 1652 1816 1729; baseline 0.009 -30"><span class='ocrx_word' id='word_1_124' title='bbox 230 1659 433 1721; x_wconf 86' lang='lat' dir='ltr'><strong>quanto</strong></span> <span class='ocrx_word' id='word_1_125' title='bbox 463 1652 627 1721; x_wconf 86' lang='lat' dir='ltr'><strong>magis</strong></span> <span class='ocrx_word' id='word_1_126' title='bbox 675 1664 896 1723; x_wconf 89' lang='lat' dir='ltr'><strong>peccato</strong></span> <span class='ocrx_word' id='word_1_127' title='bbox 938 1656 1137 1711; x_wconf 83' lang='lat' dir='ltr'><strong>servire</strong></span> <span class='ocrx_word' id='word_1_128' title='bbox 1177 1672 1283 1712; x_wconf 90' lang='lat' dir='ltr'><strong>non</strong></span> <span class='ocrx_word' id='word_1_129' title='bbox 1326 1658 1569 1729; x_wconf 78' lang='lat' dir='ltr'><strong>poterat?</strong></span> <span class='ocrx_word' id='word_1_130' title='bbox 1612 1658 1816 1729; x_wconf 85' lang='lat' dir='ltr'><strong>Nempe</strong></span> 
     </span>
    </p>
   </div>
   <div class='ocr_carea' id='block_1_18' title="bbox 231 1744 1815 1822">
    <p class='ocr_par' dir='ltr' id='par_1_18' title="bbox 231 1744 1815 1822">
     <span class='ocr_line' id='line_1_18' title="bbox 231 1744 1815 1822; baseline 0.007 -27"><span class='ocrx_word' id='word_1_131' title='bbox 231 1744 330 1798; x_wconf 92' lang='lat' dir='ltr'><strong>ista</strong></span> <span class='ocrx_word' id='word_1_132' title='bbox 362 1745 544 1799; x_wconf 83' lang='lat' dir='ltr'><strong>omnia</strong></span> <span class='ocrx_word' id='word_1_133' title='bbox 572 1745 908 1815; x_wconf 76' lang='lat' dir='ltr'><strong>singulariter</strong></span> <span class='ocrx_word' id='word_1_134' title='bbox 927 1748 1262 1816; x_wconf 87' lang='lat' dir='ltr'><strong>admiranda,</strong></span> <span class='ocrx_word' id='word_1_135' title='bbox 1288 1760 1339 1804; x_wconf 90' lang='lat' dir='ltr'><strong>et</strong></span> <span class='ocrx_word' id='word_1_136' title='bbox 1366 1751 1468 1805; x_wconf 87' lang='lat' dir='ltr'><strong>alia</strong></span> <span class='ocrx_word' id='word_1_137' title='bbox 1499 1752 1543 1805; x_wconf 90' lang='lat' dir='ltr'><strong>si</strong></span> <span class='ocrx_word' id='word_1_138' title='bbox 1573 1766 1675 1821; x_wconf 86' lang='lat' dir='ltr'><strong>qua</strong></span> <span class='ocrx_word' id='word_1_139' title='bbox 1699 1752 1815 1822; x_wconf 82' lang='lat' dir='ltr'><strong>ejus</strong></span> 
     </span>
    </p>
   </div>
   <div class='ocr_carea' id='block_1_19' title="bbox 1913 556 3499 635">
    <p class='ocr_par' dir='ltr' id='par_1_19' title="bbox 1913 556 3499 635">
     <span class='ocr_line' id='line_1_19' title="bbox 1913 556 3499 635; baseline 0.009 -26"><span class='ocrx_word' id='word_1_140' title='bbox 1913 556 2182 613; x_wconf 83' lang='lat' dir='ltr'><strong>Christus.</strong></span> <span class='ocrx_word' id='word_1_141' title='bbox 2220 558 2293 614; x_wconf 93' lang='lat' dir='ltr'><strong>De</strong></span> <span class='ocrx_word' id='word_1_142' title='bbox 2322 560 2440 629; x_wconf 88' lang='lat' dir='ltr'><strong>ipso</strong></span> <span class='ocrx_word' id='word_1_143' title='bbox 2467 560 2659 629; x_wconf 77' lang='lat' dir='ltr'><strong>Spiritu</strong></span> <span class='ocrx_word' id='word_1_144' title='bbox 2689 572 2744 616; x_wconf 93' lang='lat' dir='ltr'><strong>et</strong></span> <span class='ocrx_word' id='word_1_145' title='bbox 2775 562 2861 617; x_wconf 89' lang='lat' dir='ltr'><strong>hic</strong></span> <span class='ocrx_word' id='word_1_146' title='bbox 2892 573 3133 629; x_wconf 85' lang='lat' dir='ltr'><strong>renatus,</strong></span> <span class='ocrx_word' id='word_1_147' title='bbox 3181 564 3252 619; x_wconf 88' lang='lat' dir='ltr'><strong>de</strong></span> <span class='ocrx_word' id='word_1_148' title='bbox 3276 581 3384 635; x_wconf 86' lang='lat' dir='ltr'><strong>quo</strong></span> <span class='ocrx_word' id='word_1_149' title='bbox 3415 579 3499 624; x_wconf 81' lang='lat' dir='ltr'><strong>est</strong></span> 
     </span>
    </p>
   </div>
   <div class='ocr_carea' id='block_1_20' title="bbox 1913 650 3504 728">
    <p class='ocr_par' dir='ltr' id='par_1_20' title="bbox 1913 650 3504 728">
     <span class='ocr_line' id='line_1_20' title="bbox 1913 650 3504 728; baseline 0.006 -23"><span class='ocrx_word' id='word_1_150' title='bbox 1913 650 2191 708; x_wconf 86' lang='lat' dir='ltr'><strong>illenatus</strong></span> <span class='ocrx_word' id='word_1_151' title='bbox 2218 670 2232 719; x_wconf 91' lang='lat'><strong>;</strong></span> <span class='ocrx_word' id='word_1_152' title='bbox 2263 654 2453 709; x_wconf 89' lang='lat' dir='ltr'><strong>eodem</strong></span> <span class='ocrx_word' id='word_1_153' title='bbox 2484 655 2677 724; x_wconf 84' lang='lat' dir='ltr'><strong>spiritu</strong></span> <span class='ocrx_word' id='word_1_154' title='bbox 2711 656 2766 710; x_wconf 88' lang='lat' dir='ltr'><strong>fit</strong></span> <span class='ocrx_word' id='word_1_155' title='bbox 2794 658 2846 710; x_wconf 92' lang='lat' dir='ltr'><strong>in</strong></span> <span class='ocrx_word' id='word_1_156' title='bbox 2874 658 3029 712; x_wconf 90' lang='lat' dir='ltr'><strong>nobis</strong></span> <span class='ocrx_word' id='word_1_157' title='bbox 3054 658 3298 713; x_wconf 86' lang='lat' dir='ltr'><strong>remissio</strong></span> <span class='ocrx_word' id='word_1_158' title='bbox 3320 674 3504 728; x_wconf 82' lang='lat' dir='ltr'><strong>pecca-</strong></span> 
     </span>
    </p>
   </div>
   <div class='ocr_carea' id='block_1_21' title="bbox 1913 747 3499 816">
    <p class='ocr_par' dir='ltr' id='par_1_21' title="bbox 1913 747 3499 816">
     <span class='ocr_line' id='line_1_21' title="bbox 1913 747 3499 816; baseline 0.004 -17"><span class='ocrx_word' id='word_1_159' title='bbox 1913 755 2113 810; x_wconf 84' lang='lat' dir='ltr'><strong>torum,</strong></span> <span class='ocrx_word' id='word_1_160' title='bbox 2143 760 2249 814; x_wconf 89' lang='lat' dir='ltr'><strong>quo</strong></span> <span class='ocrx_word' id='word_1_161' title='bbox 2274 747 2468 816; x_wconf 84' lang='lat' dir='ltr'><strong>spiritu</strong></span> <span class='ocrx_word' id='word_1_162' title='bbox 2496 748 2691 803; x_wconf 85' lang='lat' dir='ltr'><strong>factum</strong></span> <span class='ocrx_word' id='word_1_163' title='bbox 2719 758 2800 802; x_wconf 86' lang='lat' dir='ltr'><strong>est</strong></span> <span class='ocrx_word' id='word_1_164' title='bbox 2825 757 2886 804; x_wconf 89' lang='lat' dir='ltr'><strong>ut</strong></span> <span class='ocrx_word' id='word_1_165' title='bbox 2912 751 3113 804; x_wconf 88' lang='lat' dir='ltr'><strong>nullum</strong></span> <span class='ocrx_word' id='word_1_166' title='bbox 3144 750 3367 807; x_wconf 81' lang='lat' dir='ltr'><strong>haberet</strong></span> <span class='ocrx_word' id='word_1_167' title='bbox 3404 753 3499 806; x_wconf 84' lang='lat' dir='ltr'><strong>ho-</strong></span> 
     </span>
    </p>
   </div>
   <div class='ocr_carea' id='block_1_22' title="bbox 1914 835 3501 911">
    <p class='ocr_par' dir='ltr' id='par_1_22' title="bbox 1914 835 3501 911">
     <span class='ocr_line' id='line_1_22' title="bbox 1914 835 3501 911; baseline 0.006 -22"><span class='ocrx_word' id='word_1_168' title='bbox 1914 849 2004 889; x_wconf 84' lang='lat' dir='ltr'><strong>mo</strong></span> <span class='ocrx_word' id='word_1_169' title='bbox 2034 835 2125 891; x_wconf 85' lang='lat' dir='ltr'><strong>ille</strong></span> <span class='ocrx_word' id='word_1_170' title='bbox 2154 849 2456 907; x_wconf 86' lang='lat' dir='ltr'><strong>peccatum.</strong></span> <span class='ocrx_word' id='word_1_171' title='bbox 2490 840 2616 894; x_wconf 69' lang='lat' dir='ltr'><strong>limo</strong></span> <span class='ocrx_word' id='word_1_172' title='bbox 2646 854 2707 895; x_wconf 89' lang='lat' dir='ltr'><strong>se</strong></span> <span class='ocrx_word' id='word_1_173' title='bbox 2738 840 2879 895; x_wconf 88' lang='lat' dir='ltr'><strong>Deus</strong></span> <span class='ocrx_word' id='word_1_174' title='bbox 2906 857 3031 907; x_wconf 84' lang='lat' dir='ltr'><strong>esse</strong></span> <span class='ocrx_word' id='word_1_175' title='bbox 3067 842 3334 897; x_wconf 81' lang='lat' dir='ltr'><strong>facturum</strong></span> <span class='ocrx_word' id='word_1_176' title='bbox 3378 859 3501 911; x_wconf 89' lang='lat' dir='ltr'><strong>pro-</strong></span> 
     </span>
    </p>
   </div>
   <div class='ocr_carea' id='block_1_23' title="bbox 1913 926 3503 1002">
    <p class='ocr_par' dir='ltr' id='par_1_23' title="bbox 1913 926 3503 1002">
     <span class='ocr_line' id='line_1_23' title="bbox 1913 926 3503 1002; baseline 0.005 -21"><span class='ocrx_word' id='word_1_177' title='bbox 1913 926 2055 983; x_wconf 88' lang='lat' dir='ltr'><strong>fecto</strong></span> <span class='ocrx_word' id='word_1_178' title='bbox 2087 931 2380 997; x_wconf 75' lang='lat' dir='ltr'><strong>praescivit.</strong></span> <span class='ocrx_word' id='word_1_179' title='bbox 2410 932 2527 1001; x_wconf 86' lang='lat' dir='ltr'><strong>Ipsa</strong></span> <span class='ocrx_word' id='word_1_180' title='bbox 2557 942 2642 987; x_wconf 88' lang='lat' dir='ltr'><strong>est</strong></span> <span class='ocrx_word' id='word_1_181' title='bbox 2672 932 2831 1002; x_wconf 81' lang='lat' dir='ltr'><strong>igitur</strong></span> <span class='ocrx_word' id='word_1_182' title='bbox 2862 934 3262 1001; x_wconf 57' lang='lat' dir='ltr'><strong>praedestinatio</strong></span> <span class='ocrx_word' id='word_1_183' title='bbox 3289 947 3503 990; x_wconf 87' lang='lat' dir='ltr'><strong>sancto-</strong></span> 
     </span>
    </p>
   </div>
   <div class='ocr_carea' id='block_1_24' title="bbox 1915 1022 3500 1091">
    <p class='ocr_par' dir='ltr' id='par_1_24' title="bbox 1915 1022 3500 1091">
     <span class='ocr_line' id='line_1_24' title="bbox 1915 1022 3500 1091; baseline 0.006 -18"><span class='ocrx_word' id='word_1_184' title='bbox 1915 1035 2204 1091; x_wconf 65' lang='lat' dir='ltr'><strong>rum,qua:</strong></span> <span class='ocrx_word' id='word_1_185' title='bbox 2253 1022 2309 1077; x_wconf 87' lang='lat' dir='ltr'><strong>in</strong></span> <span class='ocrx_word' id='word_1_186' title='bbox 2358 1024 2558 1078; x_wconf 82' lang='lat' dir='ltr'><strong>Saneto</strong></span> <span class='ocrx_word' id='word_1_187' title='bbox 2620 1034 2926 1079; x_wconf 86' lang='lat' dir='ltr'><strong>sanctorum</strong></span> <span class='ocrx_word' id='word_1_188' title='bbox 2981 1027 3211 1080; x_wconf 82' lang='lat' dir='ltr'><strong>maxime</strong></span> <span class='ocrx_word' id='word_1_189' title='bbox 3274 1027 3500 1082; x_wconf 85' lang='lat' dir='ltr'><strong>claruit:</strong></span> 
     </span>
    </p>
   </div>
   <div class='ocr_carea' id='block_1_25' title="bbox 1912 1116 3501 1186">
    <p class='ocr_par' dir='ltr' id='par_1_25' title="bbox 1912 1116 3501 1186">
     <span class='ocr_line' id='line_1_25' title="bbox 1912 1116 3501 1186; baseline 0.004 -20"><span class='ocrx_word' id='word_1_190' title='bbox 1912 1126 2070 1182; x_wconf 84' lang='lat' dir='ltr'><strong>quam</strong></span> <span class='ocrx_word' id='word_1_191' title='bbox 2101 1128 2296 1182; x_wconf 87' lang='lat' dir='ltr'><strong>negare</strong></span> <span class='ocrx_word' id='word_1_192' title='bbox 2317 1116 2437 1183; x_wconf 86' lang='lat' dir='ltr'><strong>quis</strong></span> <span class='ocrx_word' id='word_1_193' title='bbox 2470 1124 2645 1183; x_wconf 87' lang='lat' dir='ltr'><strong>potest</strong></span> <span class='ocrx_word' id='word_1_194' title='bbox 2672 1124 2818 1172; x_wconf 87' lang='lat' dir='ltr'><strong>recte</strong></span> <span class='ocrx_word' id='word_1_195' title='bbox 2848 1117 3258 1186; x_wconf 75' lang='lat' dir='ltr'><strong>intelligentiam</strong></span> <span class='ocrx_word' id='word_1_196' title='bbox 3285 1118 3501 1186; x_wconf 86' lang='lat' dir='ltr'><strong>eloquia</strong></span> 
     </span>
    </p>
   </div>
   <div class='ocr_carea' id='block_1_26' title="bbox 1912 1207 3506 1278">
    <p class='ocr_par' dir='ltr' id='par_1_26' title="bbox 1912 1207 3506 1278">
     <span class='ocr_line' id='line_1_26' title="bbox 1912 1207 3506 1278; baseline 0.001 -15"><span class='ocrx_word' id='word_1_197' title='bbox 1912 1207 2194 1263; x_wconf 73' lang='lat' dir='ltr'><strong>veritatis?</strong></span> <span class='ocrx_word' id='word_1_198' title='bbox 2224 1226 2242 1258; x_wconf 77' lang='grc' dir='ltr'><strong><em>ι</em></strong></span> <span class='ocrx_word' id='word_1_199' title='bbox 2284 1208 2438 1262; x_wconf 82' lang='lat' dir='ltr'><strong>Hunc</strong></span> <span class='ocrx_word' id='word_1_200' title='bbox 2474 1208 2654 1277; x_wconf 77' lang='lat' dir='ltr'><strong>itaque</strong></span> <span class='ocrx_word' id='word_1_201' title='bbox 2692 1210 3051 1278; x_wconf 86' lang='lat' dir='ltr'><strong>apostolicum</strong></span> <span class='ocrx_word' id='word_1_202' title='bbox 3082 1211 3277 1274; x_wconf 85' lang='lat' dir='ltr'><strong>virum.</strong></span> <span class='ocrx_word' id='word_1_203' title='bbox 3307 1210 3506 1267; x_wconf 83' lang='lat' dir='ltr'><strong>docen-</strong></span> 
     </span>
    </p>
   </div>
   <div class='ocr_carea' id='block_1_27' title="bbox 1915 1300 3507 1369">
    <p class='ocr_par' dir='ltr' id='par_1_27' title="bbox 1915 1300 3507 1369">
     <span class='ocr_line' id='line_1_27' title="bbox 1915 1300 3507 1369; baseline 0.002 -14"><span class='ocrx_word' id='word_1_204' title='bbox 1915 1309 2019 1355; x_wconf 83' lang='lat' dir='ltr'><strong>tem</strong></span> <span class='ocrx_word' id='word_1_205' title='bbox 2060 1301 2206 1369; x_wconf 84' lang='lat' dir='ltr'><strong>quod</strong></span> <span class='ocrx_word' id='word_1_206' title='bbox 2246 1300 2493 1356; x_wconf 83' lang='lat' dir='ltr'><strong>Christus</strong></span> <span class='ocrx_word' id='word_1_207' title='bbox 2546 1302 2842 1357; x_wconf 85' lang='lat' dir='ltr'><strong>secundum</strong></span> <span class='ocrx_word' id='word_1_208' title='bbox 2880 1302 3299 1368; x_wconf 82' lang='lat' dir='ltr'><strong>humanitatem,</strong></span> <span class='ocrx_word' id='word_1_209' title='bbox 3344 1301 3507 1358; x_wconf 86' lang='lat' dir='ltr'><strong>nullis</strong></span> 
     </span>
    </p>
   </div>
   <div class='ocr_carea' id='block_1_28' title="bbox 1915 1393 3505 1464">
    <p class='ocr_par' dir='ltr' id='par_1_28' title="bbox 1915 1393 3505 1464">
     <span class='ocr_line' id='line_1_28' title="bbox 1915 1393 3505 1464; baseline 0.002 -20"><span class='ocrx_word' id='word_1_210' title='bbox 1915 1393 2341 1463; x_wconf 69' lang='lat' dir='ltr'><strong>praecedentibus</strong></span> <span class='ocrx_word' id='word_1_211' title='bbox 2371 1394 2605 1463; x_wconf 87' lang='lat' dir='ltr'><strong>meritis,</strong></span> <span class='ocrx_word' id='word_1_212' title='bbox 2656 1410 2721 1449; x_wconf 82' lang='lat' dir='ltr'><strong>es</strong></span> <span class='ocrx_word' id='word_1_213' title='bbox 2771 1410 2876 1464; x_wconf 88' lang='lat' dir='ltr'><strong>quo</strong></span> <span class='ocrx_word' id='word_1_214' title='bbox 2908 1395 3073 1464; x_wconf 60' lang='lat' dir='ltr'><strong>capit</strong></span> <span class='ocrx_word' id='word_1_215' title='bbox 3103 1408 3226 1448; x_wconf 89' lang='lat' dir='ltr'><strong>esse</strong></span> <span class='ocrx_word' id='word_1_216' title='bbox 3255 1408 3351 1462; x_wconf 90' lang='lat' dir='ltr'><strong>per</strong></span> <span class='ocrx_word' id='word_1_217' title='bbox 3376 1410 3505 1461; x_wconf 83' lang='lat' dir='ltr'><strong>gra-</strong></span> 
     </span>
    </p>
   </div>
   <div class='ocr_carea' id='block_1_29' title="bbox 1916 1486 3505 1554">
    <p class='ocr_par' dir='ltr' id='par_1_29' title="bbox 1916 1486 3505 1554">
     <span class='ocr_line' id='line_1_29' title="bbox 1916 1486 3505 1554; baseline 0.001 -14"><span class='ocrx_word' id='word_1_218' title='bbox 1916 1486 2043 1541; x_wconf 85' lang='lat' dir='ltr'><strong>tiam</strong></span> <span class='ocrx_word' id='word_1_219' title='bbox 2076 1486 2244 1542; x_wconf 86' lang='lat' dir='ltr'><strong>Filius</strong></span> <span class='ocrx_word' id='word_1_220' title='bbox 2272 1487 2391 1551; x_wconf 88' lang='lat' dir='ltr'><strong>Dei,</strong></span> <span class='ocrx_word' id='word_1_221' title='bbox 2422 1489 2610 1541; x_wconf 90' lang='lat' dir='ltr'><strong>unicus</strong></span> <span class='ocrx_word' id='word_1_222' title='bbox 2639 1501 2759 1542; x_wconf 85' lang='lat' dir='ltr'><strong>esse</strong></span> <span class='ocrx_word' id='word_1_223' title='bbox 2790 1486 2953 1554; x_wconf 68' lang='lat' dir='ltr'><strong>erepit</strong></span> <span class='ocrx_word' id='word_1_224' title='bbox 2972 1526 2989 1552; x_wconf 94' lang='lat'><strong>,</strong></span> <span class='ocrx_word' id='word_1_225' title='bbox 3037 1500 3130 1554; x_wconf 91' lang='lat' dir='ltr'><strong>per</strong></span> <span class='ocrx_word' id='word_1_226' title='bbox 3155 1499 3315 1552; x_wconf 88' lang='lat' dir='ltr'><strong>quam</strong></span> <span class='ocrx_word' id='word_1_227' title='bbox 3345 1487 3505 1541; x_wconf 84' lang='lat' dir='ltr'><strong>etiam</strong></span> 
     </span>
    </p>
   </div>
   <div class='ocr_carea' id='block_1_30' title="bbox 1916 1576 3509 1649">
    <p class='ocr_par' dir='ltr' id='par_1_30' title="bbox 1916 1576 3509 1649">
     <span class='ocr_line' id='line_1_30' title="bbox 1916 1576 3509 1649; baseline 0.001 -16"><span class='ocrx_word' id='word_1_228' title='bbox 1916 1579 2092 1634; x_wconf 76' lang='lat' dir='ltr'><strong>omnia</strong></span> <span class='ocrx_word' id='word_1_229' title='bbox 2124 1578 2468 1649; x_wconf 83' lang='lat' dir='ltr'><strong>singulariter</strong></span> <span class='ocrx_word' id='word_1_230' title='bbox 2496 1579 2808 1635; x_wconf 80' lang='lat' dir='ltr'><strong>admiranda</strong></span> <span class='ocrx_word' id='word_1_231' title='bbox 2839 1579 3181 1649; x_wconf 68' lang='lat' dir='ltr'><strong>singulariter</strong></span> <span class='ocrx_word' id='word_1_232' title='bbox 3209 1578 3263 1630; x_wconf 87' lang='lat' dir='ltr'><strong>in</strong></span> <span class='ocrx_word' id='word_1_233' title='bbox 3295 1576 3391 1631; x_wconf 91' lang='lat' dir='ltr'><strong>illo</strong></span> <span class='ocrx_word' id='word_1_234' title='bbox 3419 1591 3509 1634; x_wconf 75' lang='lat' dir='ltr'><strong>ac—</strong></span> 
     </span>
    </p>
   </div>
   <div class='ocr_carea' id='block_1_31' title="bbox 1917 1669 3507 1740">
    <p class='ocr_par' dir='ltr' id='par_1_31' title="bbox 1917 1669 3507 1740">
     <span class='ocr_line' id='line_1_31' title="bbox 1917 1669 3507 1740; baseline -0.001 -14"><span class='ocrx_word' id='word_1_235' title='bbox 1917 1672 2060 1740; x_wconf 87' lang='lat' dir='ltr'><strong>cepit</strong></span> <span class='ocrx_word' id='word_1_236' title='bbox 2083 1671 2333 1734; x_wconf 86' lang='lat' dir='ltr'><strong>humana,</strong></span> <span class='ocrx_word' id='word_1_237' title='bbox 2368 1671 2469 1726; x_wconf 89' lang='lat' dir='ltr'><strong>hoc</strong></span> <span class='ocrx_word' id='word_1_238' title='bbox 2489 1680 2573 1727; x_wconf 89' lang='lat' dir='ltr'><strong>est</strong></span> <span class='ocrx_word' id='word_1_239' title='bbox 2598 1682 2780 1727; x_wconf 86' lang='lat' dir='ltr'><strong>nostra</strong></span> <span class='ocrx_word' id='word_1_240' title='bbox 2805 1681 3029 1736; x_wconf 86' lang='lat' dir='ltr'><strong>natura;</strong></span> <span class='ocrx_word' id='word_1_241' title='bbox 3058 1679 3115 1723; x_wconf 89' lang='lat' dir='ltr'><strong>et</strong></span> <span class='ocrx_word' id='word_1_242' title='bbox 3144 1669 3297 1738; x_wconf 85' lang='lat' dir='ltr'><strong>cujus</strong></span> <span class='ocrx_word' id='word_1_243' title='bbox 3318 1669 3507 1738; x_wconf 67' lang='lat' dir='ltr'><strong>gratias</strong></span> 
     </span>
    </p>
   </div>
   <div class='ocr_carea' id='block_1_32' title="bbox 1916 1764 3507 1833">
    <p class='ocr_par' dir='ltr' id='par_1_32' title="bbox 1916 1764 3507 1833">
     <span class='ocr_line' id='line_1_32' title="bbox 1916 1764 3507 1833; baseline -0.003 -12"><span class='ocrx_word' id='word_1_244' title='bbox 1916 1764 2227 1822; x_wconf 82' lang='lat' dir='ltr'><strong>diversitate</strong></span> <span class='ocrx_word' id='word_1_245' title='bbox 2254 1767 2451 1823; x_wconf 86' lang='lat' dir='ltr'><strong>factum</strong></span> <span class='ocrx_word' id='word_1_246' title='bbox 2478 1777 2581 1833; x_wconf 83' lang='lat' dir='ltr'><strong>est,</strong></span> <span class='ocrx_word' id='word_1_247' title='bbox 2607 1777 2666 1823; x_wconf 92' lang='lat' dir='ltr'><strong>ut</strong></span> <span class='ocrx_word' id='word_1_248' title='bbox 2695 1768 2812 1823; x_wconf 85' lang='lat' dir='ltr'><strong>talis</strong></span> <span class='ocrx_word' id='word_1_249' title='bbox 2834 1777 2978 1821; x_wconf 84' lang='lat' dir='ltr'><strong>esset</strong></span> <span class='ocrx_word' id='word_1_250' title='bbox 2999 1782 3063 1821; x_wconf 84' lang='lat' dir='ltr'><strong>ac</strong></span> <span class='ocrx_word' id='word_1_251' title='bbox 3086 1775 3296 1827; x_wconf 87' lang='lat' dir='ltr'><strong>tantus,</strong></span> <span class='ocrx_word' id='word_1_252' title='bbox 3324 1772 3382 1820; x_wconf 87' lang='lat' dir='ltr'><strong>et</strong></span> <span class='ocrx_word' id='word_1_253' title='bbox 3403 1779 3507 1818; x_wconf 84' lang='lat' dir='ltr'><strong>nou</strong></span> 
     </span>
    </p>
   </div>
   <div class='ocr_carea' id='block_1_33' title="bbox 233 1834 1812 1928">
    <p class='ocr_par' dir='ltr' id='par_1_33' title="bbox 233 1834 1812 1914">
     <span class='ocr_line' id='line_1_33' title="bbox 233 1834 1812 1914; baseline 0.009 -28"><span class='ocrx_word' id='word_1_254' title='bbox 233 1834 449 1904; x_wconf 89' lang='lat' dir='ltr'><strong>propria</strong></span> <span class='ocrx_word' id='word_1_255' title='bbox 476 1836 757 1894; x_wconf 85' lang='lat' dir='ltr'><strong>verissime</strong></span> <span class='ocrx_word' id='word_1_256' title='bbox 785 1838 891 1894; x_wconf 89' lang='lat' dir='ltr'><strong>dici</strong></span> <span class='ocrx_word' id='word_1_257' title='bbox 920 1841 1149 1909; x_wconf 89' lang='lat' dir='ltr'><strong>possint,</strong></span> <span class='ocrx_word' id='word_1_258' title='bbox 1174 1842 1225 1895; x_wconf 88' lang='lat' dir='ltr'><strong>in</strong></span> <span class='ocrx_word' id='word_1_259' title='bbox 1252 1842 1345 1897; x_wconf 87' lang='lat' dir='ltr'><strong>illo</strong></span> <span class='ocrx_word' id='word_1_260' title='bbox 1363 1844 1709 1914; x_wconf 80' lang='lat' dir='ltr'><strong>singulariter</strong></span> <span class='ocrx_word' id='word_1_261' title='bbox 1726 1858 1812 1900; x_wconf 77' lang='lat' dir='ltr'><strong>ac-</strong></span> 
     </span>
    </p>
   </div>
   <div class='ocr_carea' id='block_1_34' title="bbox 1916 1834 3510 1928">
    <p class='ocr_par' dir='ltr' id='par_1_34' title="bbox 1921 1856 3510 1928">
     <span class='ocr_line' id='line_1_34' title="bbox 1921 1856 3510 1928; baseline 0.001 -18"><span class='ocrx_word' id='word_1_262' title='bbox 1921 1856 2111 1911; x_wconf 87' lang='lat' dir='ltr'><strong>similis</strong></span> <span class='ocrx_word' id='word_1_263' title='bbox 2137 1860 2331 1928; x_wconf 83' lang='lat' dir='ltr'><strong>nostri,</strong></span> <span class='ocrx_word' id='word_1_264' title='bbox 2355 1874 2477 1914; x_wconf 91' lang='lat' dir='ltr'><strong>cum</strong></span> <span class='ocrx_word' id='word_1_265' title='bbox 2499 1858 2568 1912; x_wconf 90' lang='lat' dir='ltr'><strong>sit</strong></span> <span class='ocrx_word' id='word_1_266' title='bbox 2590 1858 2747 1914; x_wconf 85' lang='lat' dir='ltr'><strong>nobis</strong></span> <span class='ocrx_word' id='word_1_267' title='bbox 2771 1866 2961 1911; x_wconf 84' lang='lat' dir='ltr'><strong>natura</strong></span> <span class='ocrx_word' id='word_1_268' title='bbox 2980 1859 3282 1913; x_wconf 84' lang='lat' dir='ltr'><strong>communis</strong></span> <span class='ocrx_word' id='word_1_269' title='bbox 3307 1876 3321 1910; x_wconf 90' lang='lat'><strong>:</strong></span> <span class='ocrx_word' id='word_1_270' title='bbox 3351 1867 3510 1926; x_wconf 84' lang='lat' dir='ltr'><strong>atque</strong></span> 
     </span>
    </p>
   </div>
   <div class='ocr_carea' id='block_1_35' title="bbox 233 1925 1817 2004">
    <p class='ocr_par' dir='ltr' id='par_1_35' title="bbox 233 1925 1817 2004">
     <span class='ocr_line' id='line_1_35' title="bbox 233 1925 1817 2004; baseline 0.008 -27"><span class='ocrx_word' id='word_1_271' title='bbox 233 1925 379 1991; x_wconf 86' lang='lat' dir='ltr'><strong>cepit</strong></span> <span class='ocrx_word' id='word_1_272' title='bbox 407 1925 657 1992; x_wconf 82' lang='lat' dir='ltr'><strong>humana,</strong></span> <span class='ocrx_word' id='word_1_273' title='bbox 692 1927 744 1981; x_wconf 91' lang='lat' dir='ltr'><strong>id</strong></span> <span class='ocrx_word' id='word_1_274' title='bbox 774 1940 854 1984; x_wconf 89' lang='lat' dir='ltr'><strong>est</strong></span> <span class='ocrx_word' id='word_1_275' title='bbox 883 1939 1067 1985; x_wconf 88' lang='lat' dir='ltr'><strong>nostra</strong></span> <span class='ocrx_word' id='word_1_276' title='bbox 1102 1941 1321 1999; x_wconf 86' lang='lat' dir='ltr'><strong>natura,</strong></span> <span class='ocrx_word' id='word_1_277' title='bbox 1353 1935 1512 1989; x_wconf 88' lang='lat' dir='ltr'><strong>nullis</strong></span> <span class='ocrx_word' id='word_1_278' title='bbox 1541 1938 1651 1989; x_wconf 90' lang='lat' dir='ltr'><strong>suis</strong></span> <span class='ocrx_word' id='word_1_279' title='bbox 1682 1950 1817 2004; x_wconf 47' lang='lat' dir='ltr'><strong>prae</strong></span> 
     </span>
    </p>
   </div>
   <div class='ocr_carea' id='block_1_36' title="bbox 232 2020 1815 2093">
    <p class='ocr_par' dir='ltr' id='par_1_36' title="bbox 232 2020 1815 2093">
     <span class='ocr_line' id='line_1_36' title="bbox 232 2020 1815 2093; baseline 0.006 -21"><span class='ocrx_word' id='word_1_280' title='bbox 232 2020 546 2073; x_wconf 72' lang='lat' dir='ltr'><strong>actentibus</strong></span> <span class='ocrx_word' id='word_1_281' title='bbox 597 2021 817 2075; x_wconf 80' lang='lat' dir='ltr'><strong>meritis.</strong></span> <span class='ocrx_word' id='word_1_282' title='bbox 868 2021 1208 2092; x_wconf 84' lang='lat' dir='ltr'><strong>Respondeat</strong></span> <span class='ocrx_word' id='word_1_283' title='bbox 1252 2024 1337 2080; x_wconf 88' lang='lat' dir='ltr'><strong>hic</strong></span> <span class='ocrx_word' id='word_1_284' title='bbox 1382 2026 1543 2081; x_wconf 82' lang='lat' dir='ltr'><strong>homo</strong></span> <span class='ocrx_word' id='word_1_285' title='bbox 1587 2027 1718 2093; x_wconf 89' lang='lat' dir='ltr'><strong>Deo,</strong></span> <span class='ocrx_word' id='word_1_286' title='bbox 1770 2030 1815 2082; x_wconf 92' lang='lat' dir='ltr'><strong>si</strong></span> 
     </span>
    </p>
   </div>
   <div class='ocr_carea' id='block_1_37' title="bbox 230 2107 1817 2185">
    <p class='ocr_par' dir='ltr' id='par_1_37' title="bbox 230 2107 1817 2185">
     <span class='ocr_line' id='line_1_37' title="bbox 230 2107 1817 2185; baseline 0.008 -25"><span class='ocrx_word' id='word_1_287' title='bbox 230 2107 414 2174; x_wconf 82' lang='lat' dir='ltr'><strong>audet,</strong></span> <span class='ocrx_word' id='word_1_288' title='bbox 444 2120 499 2163; x_wconf 91' lang='lat' dir='ltr'><strong>et</strong></span> <span class='ocrx_word' id='word_1_289' title='bbox 523 2110 686 2173; x_wconf 86' lang='lat' dir='ltr'><strong>dicat,</strong></span> <span class='ocrx_word' id='word_1_290' title='bbox 713 2126 809 2166; x_wconf 89' lang='lat' dir='ltr'><strong>cur</strong></span> <span class='ocrx_word' id='word_1_291' title='bbox 835 2127 941 2168; x_wconf 91' lang='lat' dir='ltr'><strong>non</strong></span> <span class='ocrx_word' id='word_1_292' title='bbox 990 2125 1043 2168; x_wconf 91' lang='lat' dir='ltr'><strong>et</strong></span> <span class='ocrx_word' id='word_1_293' title='bbox 1087 2116 1225 2185; x_wconf 86' lang='lat' dir='ltr'><strong>ego?</strong></span> <span class='ocrx_word' id='word_1_294' title='bbox 1268 2126 1322 2171; x_wconf 91' lang='lat' dir='ltr'><strong>et</strong></span> <span class='ocrx_word' id='word_1_295' title='bbox 1369 2118 1413 2172; x_wconf 91' lang='lat' dir='ltr'><strong>si</strong></span> <span class='ocrx_word' id='word_1_296' title='bbox 1461 2118 1728 2183; x_wconf 88' lang='lat' dir='ltr'><strong>audierit,</strong></span> <span class='ocrx_word' id='word_1_297' title='bbox 1773 2120 1817 2173; x_wconf 87' lang='lat'><em>0</em></span> 
     </span>
    </p>
   </div>
   <div class='ocr_carea' id='block_1_38' title="bbox 232 2200 1817 2280">
    <p class='ocr_par' dir='ltr' id='par_1_38' title="bbox 232 2200 1817 2280">
     <span class='ocr_line' id='line_1_38' title="bbox 232 2200 1817 2280; baseline 0.006 -28"><span class='ocrx_word' id='word_1_298' title='bbox 232 2200 416 2267; x_wconf 80' lang='lat' dir='ltr'><strong>homo,</strong></span> <span class='ocrx_word' id='word_1_299' title='bbox 445 2210 497 2253; x_wconf 87' lang='lat' dir='ltr'><strong>lu</strong></span> <span class='ocrx_word' id='word_1_300' title='bbox 527 2203 638 2270; x_wconf 91' lang='lat' dir='ltr'><strong>quis</strong></span> <span class='ocrx_word' id='word_1_301' title='bbox 674 2218 723 2255; x_wconf 87' lang='lat' dir='ltr'><strong>es</strong></span> <span class='ocrx_word' id='word_1_302' title='bbox 761 2204 848 2274; x_wconf 85' lang='lat' dir='ltr'><strong>qui</strong></span> <span class='ocrx_word' id='word_1_303' title='bbox 889 2207 1197 2273; x_wconf 87' lang='lat' dir='ltr'><strong>respondeas</strong></span> <span class='ocrx_word' id='word_1_304' title='bbox 1229 2207 1336 2260; x_wconf 88' lang='lat' dir='ltr'><strong>Deo</strong></span> <span class='ocrx_word' id='word_1_305' title='bbox 1368 2207 1543 2277; x_wconf 81' lang='lat' dir='ltr'><strong>(Rom.</strong></span> <span class='ocrx_word' id='word_1_306' title='bbox 1579 2224 1653 2275; x_wconf 68' lang='grc' dir='ltr'><strong>ιι,</strong></span> <span class='ocrx_word' id='word_1_307' title='bbox 1684 2209 1817 2280; x_wconf 69' lang='lat'><strong>20)?</strong></span> 
     </span>
    </p>
   </div>
   <div class='ocr_carea' id='block_1_39' title="bbox 234 2291 1817 2367">
    <p class='ocr_par' dir='ltr' id='par_1_39' title="bbox 234 2291 1817 2367">
     <span class='ocr_line' id='line_1_39' title="bbox 234 2291 1817 2367; baseline 0.008 -24"><span class='ocrx_word' id='word_1_308' title='bbox 234 2303 335 2344; x_wconf 86' lang='lat' dir='ltr'><strong>nec</strong></span> <span class='ocrx_word' id='word_1_309' title='bbox 362 2292 438 2344; x_wconf 91' lang='lat' dir='ltr'><strong>sic</strong></span> <span class='ocrx_word' id='word_1_310' title='bbox 468 2291 736 2357; x_wconf 86' lang='lat' dir='ltr'><strong>cohibeat,</strong></span> <span class='ocrx_word' id='word_1_311' title='bbox 772 2294 862 2349; x_wconf 91' lang='lat' dir='ltr'><strong>sed</strong></span> <span class='ocrx_word' id='word_1_312' title='bbox 890 2306 1080 2365; x_wconf 85' lang='lat' dir='ltr'><strong>augeat</strong></span> <span class='ocrx_word' id='word_1_313' title='bbox 1109 2297 1549 2366; x_wconf 78' lang='lat' dir='ltr'><strong>imprudentium,</strong></span> <span class='ocrx_word' id='word_1_314' title='bbox 1572 2308 1625 2354; x_wconf 88' lang='lat' dir='ltr'><strong>et</strong></span> <span class='ocrx_word' id='word_1_315' title='bbox 1650 2300 1817 2367; x_wconf 85' lang='lat' dir='ltr'><strong>dicat,</strong></span> 
     </span>
    </p>
   </div>
   <div class='ocr_carea' id='block_1_40' title="bbox 231 2380 1819 2461">
    <p class='ocr_par' dir='ltr' id='par_1_40' title="bbox 231 2380 1819 2461">
     <span class='ocr_line' id='line_1_40' title="bbox 231 2380 1819 2461; baseline 0.008 -29"><span class='ocrx_word' id='word_1_316' title='bbox 231 2380 501 2447; x_wconf 89' lang='lat' dir='ltr'><strong>quomodo</strong></span> <span class='ocrx_word' id='word_1_317' title='bbox 533 2382 713 2447; x_wconf 86' lang='lat' dir='ltr'><strong>audio,</strong></span> <span class='ocrx_word' id='word_1_318' title='bbox 745 2383 822 2437; x_wconf 82' lang='lat' dir='ltr'><strong>Tu</strong></span> <span class='ocrx_word' id='word_1_319' title='bbox 846 2387 961 2455; x_wconf 88' lang='lat' dir='ltr'><strong>quis</strong></span> <span class='ocrx_word' id='word_1_320' title='bbox 990 2404 1065 2449; x_wconf 86' lang='lat' dir='ltr'><strong>es,</strong></span> <span class='ocrx_word' id='word_1_321' title='bbox 1113 2404 1143 2442; x_wconf 92' lang='grc' dir='ltr'><strong><em>ο</em></strong></span> <span class='ocrx_word' id='word_1_322' title='bbox 1166 2388 1364 2444; x_wconf 73' lang='lat' dir='ltr'><strong>homo?</strong></span> <span class='ocrx_word' id='word_1_323' title='bbox 1393 2404 1515 2444; x_wconf 91' lang='lat' dir='ltr'><strong>cum</strong></span> <span class='ocrx_word' id='word_1_324' title='bbox 1544 2390 1645 2445; x_wconf 86' lang='lat' dir='ltr'><strong>sim</strong></span> <span class='ocrx_word' id='word_1_325' title='bbox 1675 2391 1819 2461; x_wconf 88' lang='lat' dir='ltr'><strong>quod</strong></span> 
     </span>
    </p>
   </div>
   <div class='ocr_carea' id='block_1_41' title="bbox 232 2466 1819 2552">
    <p class='ocr_par' dir='ltr' id='par_1_41' title="bbox 232 2466 1819 2552">
     <span class='ocr_line' id='line_1_41' title="bbox 232 2466 1819 2552; baseline 0.011 -31"><span class='ocrx_word' id='word_1_326' title='bbox 232 2467 413 2537; x_wconf 83' lang='lat' dir='ltr'><strong>audio,</strong></span> <span class='ocrx_word' id='word_1_327' title='bbox 438 2466 491 2525; x_wconf 86' lang='lat' dir='ltr'><strong>id</strong></span> <span class='ocrx_word' id='word_1_328' title='bbox 518 2482 599 2525; x_wconf 90' lang='lat' dir='ltr'><strong>est</strong></span> <span class='ocrx_word' id='word_1_329' title='bbox 631 2472 815 2541; x_wconf 87' lang='lat' dir='ltr'><strong>homo,</strong></span> <span class='ocrx_word' id='word_1_330' title='bbox 845 2479 983 2544; x_wconf 88' lang='lat' dir='ltr'><strong>quod</strong></span> <span class='ocrx_word' id='word_1_331' title='bbox 1017 2486 1099 2533; x_wconf 82' lang='lat' dir='ltr'><strong>est</strong></span> <span class='ocrx_word' id='word_1_332' title='bbox 1127 2488 1181 2534; x_wconf 91' lang='lat' dir='ltr'><strong>et</strong></span> <span class='ocrx_word' id='word_1_333' title='bbox 1210 2478 1303 2535; x_wconf 86' lang='lat' dir='ltr'><strong>ille</strong></span> <span class='ocrx_word' id='word_1_334' title='bbox 1342 2481 1408 2535; x_wconf 91' lang='lat' dir='ltr'><strong>de</strong></span> <span class='ocrx_word' id='word_1_335' title='bbox 1435 2497 1541 2552; x_wconf 89' lang='lat' dir='ltr'><strong>quo</strong></span> <span class='ocrx_word' id='word_1_336' title='bbox 1571 2498 1693 2551; x_wconf 87' lang='lat' dir='ltr'><strong>ago,</strong></span> <span class='ocrx_word' id='word_1_337' title='bbox 1723 2497 1819 2538; x_wconf 90' lang='lat' dir='ltr'><strong>cur</strong></span> 
     </span>
    </p>
   </div>
   <div class='ocr_carea' id='block_1_42' title="bbox 233 2563 1818 2640">
    <p class='ocr_par' dir='ltr' id='par_1_42' title="bbox 233 2563 1818 2640">
     <span class='ocr_line' id='line_1_42' title="bbox 233 2563 1818 2640; baseline 0.011 -29"><span class='ocrx_word' id='word_1_338' title='bbox 233 2575 341 2613; x_wconf 87' lang='lat' dir='ltr'><strong>non</strong></span> <span class='ocrx_word' id='word_1_339' title='bbox 373 2563 473 2615; x_wconf 90' lang='lat' dir='ltr'><strong>sim</strong></span> <span class='ocrx_word' id='word_1_340' title='bbox 503 2563 646 2631; x_wconf 88' lang='lat' dir='ltr'><strong>quod</strong></span> <span class='ocrx_word' id='word_1_341' title='bbox 692 2574 744 2620; x_wconf 91' lang='lat' dir='ltr'><strong>et</strong></span> <span class='ocrx_word' id='word_1_342' title='bbox 793 2567 922 2620; x_wconf 88' lang='lat' dir='ltr'><strong>ille?</strong></span> <span class='ocrx_word' id='word_1_343' title='bbox 969 2567 1040 2622; x_wconf 87' lang='lat' dir='ltr'><strong>At</strong></span> <span class='ocrx_word' id='word_1_344' title='bbox 1085 2571 1228 2625; x_wconf 89' lang='lat' dir='ltr'><strong>enim</strong></span> <span class='ocrx_word' id='word_1_345' title='bbox 1275 2572 1441 2640; x_wconf 85' lang='lat' dir='ltr'><strong>gratia</strong></span> <span class='ocrx_word' id='word_1_346' title='bbox 1481 2574 1568 2627; x_wconf 85' lang='lat' dir='ltr'><strong>ille</strong></span> <span class='ocrx_word' id='word_1_347' title='bbox 1612 2574 1729 2627; x_wconf 78' lang='lat' dir='ltr'><strong>talis</strong></span> <span class='ocrx_word' id='word_1_348' title='bbox 1756 2589 1818 2629; x_wconf 89' lang='lat' dir='ltr'><strong>ac</strong></span> 
     </span>
    </p>
   </div>
   <div class='ocr_carea' id='block_1_43' title="bbox 234 2656 1821 2731">
    <p class='ocr_par' dir='ltr' id='par_1_43' title="bbox 234 2656 1821 2731">
     <span class='ocr_line' id='line_1_43' title="bbox 234 2656 1821 2731; baseline 0.009 -26"><span class='ocrx_word' id='word_1_349' title='bbox 234 2661 417 2709; x_wconf 85' lang='lat' dir='ltr'><strong>tantus</strong></span> <span class='ocrx_word' id='word_1_350' title='bbox 447 2665 547 2710; x_wconf 90' lang='lat' dir='ltr'><strong>est.</strong></span> <span class='ocrx_word' id='word_1_351' title='bbox 578 2656 688 2711; x_wconf 88' lang='lat' dir='ltr'><strong>Cur</strong></span> <span class='ocrx_word' id='word_1_352' title='bbox 715 2656 929 2715; x_wconf 84' lang='lat' dir='ltr'><strong>diversa</strong></span> <span class='ocrx_word' id='word_1_353' title='bbox 956 2670 1038 2715; x_wconf 90' lang='lat' dir='ltr'><strong>est</strong></span> <span class='ocrx_word' id='word_1_354' title='bbox 1081 2664 1274 2731; x_wconf 86' lang='lat' dir='ltr'><strong>gratia,</strong></span> <span class='ocrx_word' id='word_1_355' title='bbox 1304 2664 1391 2718; x_wconf 88' lang='lat' dir='ltr'><strong>ubi</strong></span> <span class='ocrx_word' id='word_1_356' title='bbox 1444 2675 1633 2721; x_wconf 79' lang='lat' dir='ltr'><strong>natura</strong></span> <span class='ocrx_word' id='word_1_357' title='bbox 1673 2681 1821 2722; x_wconf 62' lang='lat' dir='ltr'><strong>co.»-</strong></span> 
     </span>
    </p>
   </div>
   <div class='ocr_carea' id='block_1_44' title="bbox 233 2746 1818 2827">
    <p class='ocr_par' dir='ltr' id='par_1_44' title="bbox 233 2746 1818 2827">
     <span class='ocr_line' id='line_1_44' title="bbox 233 2746 1818 2827; baseline 0.009 -30"><span class='ocrx_word' id='word_1_358' title='bbox 233 2746 412 2800; x_wconf 88' lang='lat' dir='ltr'><strong>munis</strong></span> <span class='ocrx_word' id='word_1_359' title='bbox 440 2759 519 2802; x_wconf 90' lang='lat' dir='ltr'><strong>est</strong></span> <span class='ocrx_word' id='word_1_360' title='bbox 543 2748 566 2800; x_wconf 87' lang='lat'><strong>?</strong></span> <span class='ocrx_word' id='word_1_361' title='bbox 587 2761 735 2806; x_wconf 86' lang='lat' dir='ltr'><strong>certe</strong></span> <span class='ocrx_word' id='word_1_362' title='bbox 766 2768 873 2806; x_wconf 92' lang='lat' dir='ltr'><strong>non</strong></span> <span class='ocrx_word' id='word_1_363' title='bbox 918 2761 1001 2808; x_wconf 92' lang='lat' dir='ltr'><strong>est</strong></span> <span class='ocrx_word' id='word_1_364' title='bbox 1030 2756 1268 2825; x_wconf 88' lang='lat' dir='ltr'><strong>acceptio</strong></span> <span class='ocrx_word' id='word_1_365' title='bbox 1298 2772 1648 2827; x_wconf 87' lang='lat' dir='ltr'><strong>personarum</strong></span> <span class='ocrx_word' id='word_1_366' title='bbox 1679 2757 1818 2826; x_wconf 79' lang='lat' dir='ltr'><strong>apud</strong></span> 
     </span>
    </p>
   </div>
   <div class='ocr_carea' id='block_1_45' title="bbox 232 2835 1819 2907">
    <p class='ocr_par' dir='ltr' id='par_1_45' title="bbox 232 2835 1819 2907">
     <span class='ocr_line' id='line_1_45' title="bbox 232 2835 1819 2907; baseline 0.008 -16"><span class='ocrx_word' id='word_1_367' title='bbox 232 2835 426 2892; x_wconf 88' lang='lat' dir='ltr'><strong>Deum.</strong></span> <span class='ocrx_word' id='word_1_368' title='bbox 459 2839 608 2906; x_wconf 86' lang='lat' dir='ltr'><strong>Quis,</strong></span> <span class='ocrx_word' id='word_1_369' title='bbox 637 2856 743 2895; x_wconf 93' lang='lat' dir='ltr'><strong>non</strong></span> <span class='ocrx_word' id='word_1_370' title='bbox 774 2842 897 2897; x_wconf 88' lang='lat' dir='ltr'><strong>dico</strong></span> <span class='ocrx_word' id='word_1_371' title='bbox 925 2844 1263 2900; x_wconf 87' lang='lat' dir='ltr'><strong>Christianus</strong></span> <span class='ocrx_word' id='word_1_372' title='bbox 1288 2888 1300 2907; x_wconf 91' lang='lat'><strong>,</strong></span> <span class='ocrx_word' id='word_1_373' title='bbox 1333 2847 1427 2901; x_wconf 91' lang='lat' dir='ltr'><strong>sed</strong></span> <span class='ocrx_word' id='word_1_374' title='bbox 1459 2850 1675 2902; x_wconf 82' lang='lat' dir='ltr'><strong>insanus</strong></span> <span class='ocrx_word' id='word_1_375' title='bbox 1704 2849 1819 2904; x_wconf 75' lang='lat' dir='ltr'><strong>haec</strong></span> 
     </span>
    </p>
   </div>
   <div class='ocr_carea' id='block_1_46' title="bbox 232 2928 1817 3009">
    <p class='ocr_par' dir='ltr' id='par_1_46' title="bbox 232 2928 1817 3009">
     <span class='ocr_line' id='line_1_46' title="bbox 232 2928 1817 3009; baseline 0.008 -27"><span class='ocrx_word' id='word_1_376' title='bbox 232 2928 422 2985; x_wconf 80' lang='lat' dir='ltr'><strong>dicat?</strong></span> <span class='ocrx_word' id='word_1_377' title='bbox 470 2934 746 3001; x_wconf 83' lang='lat' dir='ltr'><strong>Appareat</strong></span> <span class='ocrx_word' id='word_1_378' title='bbox 788 2932 965 3004; x_wconf 87' lang='lat' dir='ltr'><strong>itaque</strong></span> <span class='ocrx_word' id='word_1_379' title='bbox 1007 2935 1242 2991; x_wconf 89' lang='lat' dir='ltr'><strong>nobisin</strong></span> <span class='ocrx_word' id='word_1_380' title='bbox 1274 2946 1460 2991; x_wconf 90' lang='lat' dir='ltr'><strong>nostro</strong></span> <span class='ocrx_word' id='word_1_381' title='bbox 1487 2939 1660 3006; x_wconf 88' lang='lat' dir='ltr'><strong>capite</strong></span> <span class='ocrx_word' id='word_1_382' title='bbox 1703 2939 1817 3009; x_wconf 87' lang='lat' dir='ltr'><strong>ipse</strong></span> 
     </span>
    </p>
   </div>
   <div class='ocr_carea' id='block_1_47' title="bbox 234 3020 1821 3099">
    <p class='ocr_par' dir='ltr' id='par_1_47' title="bbox 234 3020 1821 3099">
     <span class='ocr_line' id='line_1_47' title="bbox 234 3020 1821 3099; baseline 0.005 -23"><span class='ocrx_word' id='word_1_383' title='bbox 234 3020 360 3077; x_wconf 90' lang='lat' dir='ltr'><strong>fons</strong></span> <span class='ocrx_word' id='word_1_384' title='bbox 402 3023 608 3093; x_wconf 71' lang='lat' dir='ltr'><strong>gratiae,</strong></span> <span class='ocrx_word' id='word_1_385' title='bbox 642 3025 784 3081; x_wconf 90' lang='lat' dir='ltr'><strong>unde</strong></span> <span class='ocrx_word' id='word_1_386' title='bbox 828 3027 1125 3081; x_wconf 89' lang='lat' dir='ltr'><strong>secundum</strong></span> <span class='ocrx_word' id='word_1_387' title='bbox 1157 3027 1573 3099; x_wconf 86' lang='lat' dir='ltr'><strong>uniuscujusque</strong></span> <span class='ocrx_word' id='word_1_388' title='bbox 1607 3044 1821 3085; x_wconf 88' lang='lat' dir='ltr'><strong>mensu-</strong></span> 
     </span>
    </p>
   </div>
   <div class='ocr_carea' id='block_1_48' title="bbox 233 3118 1816 3191">
    <p class='ocr_par' dir='ltr' id='par_1_48' title="bbox 233 3118 1816 3191">
     <span class='ocr_line' id='line_1_48' title="bbox 233 3118 1816 3191; baseline 0.005 -22"><span class='ocrx_word' id='word_1_389' title='bbox 233 3129 351 3170; x_wconf 87' lang='lat' dir='ltr'><strong>ram</strong></span> <span class='ocrx_word' id='word_1_390' title='bbox 380 3131 438 3171; x_wconf 93' lang='lat' dir='ltr'><strong>se</strong></span> <span class='ocrx_word' id='word_1_391' title='bbox 468 3132 561 3185; x_wconf 88' lang='lat' dir='ltr'><strong>per</strong></span> <span class='ocrx_word' id='word_1_392' title='bbox 590 3128 779 3173; x_wconf 91' lang='lat' dir='ltr'><strong>cuncta</strong></span> <span class='ocrx_word' id='word_1_393' title='bbox 819 3118 937 3188; x_wconf 88' lang='lat' dir='ltr'><strong>ejus</strong></span> <span class='ocrx_word' id='word_1_394' title='bbox 963 3120 1201 3174; x_wconf 88' lang='lat' dir='ltr'><strong>membra</strong></span> <span class='ocrx_word' id='word_1_395' title='bbox 1234 3119 1501 3175; x_wconf 62' lang='lat' dir='ltr'><strong>diffundit.</strong></span> <span class='ocrx_word' id='word_1_396' title='bbox 1546 3122 1619 3176; x_wconf 87' lang='lat' dir='ltr'><strong>Ea</strong></span> <span class='ocrx_word' id='word_1_397' title='bbox 1647 3122 1816 3191; x_wconf 88' lang='lat' dir='ltr'><strong>gratia</strong></span> 
     </span>
    </p>
   </div>
   <div class='ocr_carea' id='block_1_49' title="bbox 204 3203 1895 3280">
    <p class='ocr_par' dir='ltr' id='par_1_49' title="bbox 204 3203 1895 3280">
     <span class='ocr_line' id='line_1_49' title="bbox 204 3203 1895 3280; baseline 0.003 -19"><span class='ocrx_word' id='word_1_398' title='bbox 204 3208 291 3262; x_wconf 86' lang='lat' dir='ltr'><strong>&#39;ﬁt</strong></span> <span class='ocrx_word' id='word_1_399' title='bbox 320 3209 390 3261; x_wconf 87' lang='lat' dir='ltr'><strong>ab</strong></span> <span class='ocrx_word' id='word_1_400' title='bbox 428 3207 578 3263; x_wconf 90' lang='lat' dir='ltr'><strong>initio</strong></span> <span class='ocrx_word' id='word_1_401' title='bbox 621 3209 745 3263; x_wconf 77' lang='lat' dir='ltr'><strong>fidei</strong></span> <span class='ocrx_word' id='word_1_402' title='bbox 791 3222 905 3263; x_wconf 74' lang='lat' dir='ltr'><strong>sua:</strong></span> <span class='ocrx_word' id='word_1_403' title='bbox 942 3210 1102 3264; x_wconf 87' lang='lat' dir='ltr'><strong>homo</strong></span> <span class='ocrx_word' id='word_1_404' title='bbox 1130 3212 1434 3280; x_wconf 80' lang='lat' dir='ltr'><strong>quicunque</strong></span> <span class='ocrx_word' id='word_1_405' title='bbox 1462 3211 1816 3279; x_wconf 81' lang='lat' dir='ltr'><strong>Christianus,</strong></span> <span class='ocrx_word' id='word_1_406' title='bbox 1848 3203 1895 3266; x_wconf 88' lang='lat' dir='ltr'><strong>C</strong></span> 
     </span>
    </p>
   </div>
   <div class='ocr_carea' id='block_1_50' title="bbox 1920 1950 3512 2022">
    <p class='ocr_par' dir='ltr' id='par_1_50' title="bbox 1920 1950 3512 2022">
     <span class='ocr_line' id='line_1_50' title="bbox 1920 1950 3512 2022; baseline -0.003 -16"><span class='ocrx_word' id='word_1_407' title='bbox 1920 1962 2253 2009; x_wconf 87' lang='lat' dir='ltr'><strong>asserentem</strong></span> <span class='ocrx_word' id='word_1_408' title='bbox 2288 1953 2433 2022; x_wconf 91' lang='lat' dir='ltr'><strong>quod</strong></span> <span class='ocrx_word' id='word_1_409' title='bbox 2474 1969 2535 2006; x_wconf 87' lang='lat' dir='ltr'><strong>ea</strong></span> <span class='ocrx_word' id='word_1_410' title='bbox 2574 1952 2744 2019; x_wconf 80' lang='lat' dir='ltr'><strong>gratia</strong></span> <span class='ocrx_word' id='word_1_411' title='bbox 2791 1953 2883 2005; x_wconf 84' lang='lat' dir='ltr'><strong>fiat</strong></span> <span class='ocrx_word' id='word_1_412' title='bbox 2929 1952 2997 2005; x_wconf 87' lang='lat' dir='ltr'><strong>ab</strong></span> <span class='ocrx_word' id='word_1_413' title='bbox 3039 1952 3194 2005; x_wconf 83' lang='lat' dir='ltr'><strong>initio</strong></span> <span class='ocrx_word' id='word_1_414' title='bbox 3235 1950 3360 2005; x_wconf 78' lang='lat' dir='ltr'><strong>fidei</strong></span> <span class='ocrx_word' id='word_1_415' title='bbox 3401 1964 3512 2004; x_wconf 76' lang='lat' dir='ltr'><strong>sure</strong></span> 
     </span>
    </p>
   </div>
   <div class='ocr_carea' id='block_1_51' title="bbox 1921 2048 3511 2119">
    <p class='ocr_par' dir='ltr' id='par_1_51' title="bbox 1921 2048 3511 2119">
     <span class='ocr_line' id='line_1_51' title="bbox 1921 2048 3511 2119; baseline 0.001 -17"><span class='ocrx_word' id='word_1_416' title='bbox 1921 2048 2081 2103; x_wconf 83' lang='lat' dir='ltr'><strong>homo</strong></span> <span class='ocrx_word' id='word_1_417' title='bbox 2107 2048 2803 2118; x_wconf 56' lang='lat' dir='ltr'><strong>quicunque-Christianus,</strong></span> <span class='ocrx_word' id='word_1_418' title='bbox 2850 2064 2954 2119; x_wconf 84' lang='lat' dir='ltr'><strong>qua</strong></span> <span class='ocrx_word' id='word_1_419' title='bbox 2996 2051 3167 2119; x_wconf 82' lang='lat' dir='ltr'><strong>gratia</strong></span> <span class='ocrx_word' id='word_1_420' title='bbox 3208 2050 3370 2103; x_wconf 85' lang='lat' dir='ltr'><strong>homo</strong></span> <span class='ocrx_word' id='word_1_421' title='bbox 3417 2049 3511 2103; x_wconf 86' lang='lat' dir='ltr'><strong>ille</strong></span> 
     </span>
    </p>
   </div>
   <div class='ocr_carea' id='block_1_52' title="bbox 1919 2138 3513 2203">
    <p class='ocr_par' dir='ltr' id='par_1_52' title="bbox 1919 2138 3513 2203">
     <span class='ocr_line' id='line_1_52' title="bbox 1919 2138 3513 2203; baseline -0.002 -9"><span class='ocrx_word' id='word_1_422' title='bbox 1919 2142 1987 2194; x_wconf 90' lang='lat' dir='ltr'><strong>ab</strong></span> <span class='ocrx_word' id='word_1_423' title='bbox 2032 2140 2183 2193; x_wconf 90' lang='lat' dir='ltr'><strong>initio</strong></span> <span class='ocrx_word' id='word_1_424' title='bbox 2231 2155 2331 2194; x_wconf 86' lang='lat' dir='ltr'><strong>suo</strong></span> <span class='ocrx_word' id='word_1_425' title='bbox 2372 2139 2542 2194; x_wconf 85' lang='lat' dir='ltr'><strong>factus</strong></span> <span class='ocrx_word' id='word_1_426' title='bbox 2588 2147 2672 2193; x_wconf 89' lang='lat' dir='ltr'><strong>est</strong></span> <span class='ocrx_word' id='word_1_427' title='bbox 2712 2138 2997 2193; x_wconf 84' lang='lat' dir='ltr'><strong>Christus:</strong></span> <span class='ocrx_word' id='word_1_428' title='bbox 3043 2139 3278 2193; x_wconf 84' lang='lat' dir='ltr'><strong>audeant</strong></span> <span class='ocrx_word' id='word_1_429' title='bbox 3321 2139 3436 2203; x_wconf 87' lang='lat' dir='ltr'><strong>isti,</strong></span> <span class='ocrx_word' id='word_1_430' title='bbox 3464 2138 3513 2192; x_wconf 90' lang='lat' dir='ltr'><strong>si</strong></span> 
     </span>
    </p>
   </div>
   <div class='ocr_carea' id='block_1_53' title="bbox 1922 2228 3509 2297">
    <p class='ocr_par' dir='ltr' id='par_1_53' title="bbox 1922 2228 3509 2297">
     <span class='ocr_line' id='line_1_53' title="bbox 1922 2228 3509 2297; baseline -0.002 -14"><span class='ocrx_word' id='word_1_431' title='bbox 1922 2238 2167 2297; x_wconf 87' lang='lat' dir='ltr'><strong>possunt,</strong></span> <span class='ocrx_word' id='word_1_432' title='bbox 2197 2229 2508 2285; x_wconf 73' lang='lat' dir='ltr'><strong>hrereticum</strong></span> <span class='ocrx_word' id='word_1_433' title='bbox 2538 2230 2751 2293; x_wconf 87' lang='lat' dir='ltr'><strong>dicere,</strong></span> <span class='ocrx_word' id='word_1_434' title='bbox 2791 2228 3027 2285; x_wconf 87' lang='lat' dir='ltr'><strong>audeant</strong></span> <span class='ocrx_word' id='word_1_435' title='bbox 3055 2229 3213 2283; x_wconf 88' lang='lat' dir='ltr'><strong>solita</strong></span> <span class='ocrx_word' id='word_1_436' title='bbox 3245 2241 3509 2296; x_wconf 68' lang='lat' dir='ltr'><strong>praesum-</strong></span> 
     </span>
    </p>
   </div>
   <div class='ocr_carea' id='block_1_54' title="bbox 1922 2320 3512 2390">
    <p class='ocr_par' dir='ltr' id='par_1_54' title="bbox 1922 2320 3512 2390">
     <span class='ocr_line' id='line_1_54' title="bbox 1922 2320 3512 2390; baseline -0.001 -16"><span class='ocrx_word' id='word_1_437' title='bbox 1922 2321 2103 2390; x_wconf 90' lang='lat' dir='ltr'><strong>ptione</strong></span> <span class='ocrx_word' id='word_1_438' title='bbox 2132 2320 2406 2376; x_wconf 85' lang='lat' dir='ltr'><strong>damnare.</strong></span> <span class='ocrx_word' id='word_1_439' title='bbox 2440 2320 2509 2375; x_wconf 81' lang='lat' dir='ltr'><strong>Et</strong></span> <span class='ocrx_word' id='word_1_440' title='bbox 2540 2329 2666 2375; x_wconf 92' lang='lat' dir='ltr'><strong>tunc</strong></span> <span class='ocrx_word' id='word_1_441' title='bbox 2694 2335 2823 2376; x_wconf 89' lang='lat' dir='ltr'><strong>vere</strong></span> <span class='ocrx_word' id='word_1_442' title='bbox 2864 2320 3075 2377; x_wconf 86' lang='lat' dir='ltr'><strong>discent</strong></span> <span class='ocrx_word' id='word_1_443' title='bbox 3104 2334 3223 2389; x_wconf 68' lang='lat' dir='ltr'><strong>qua:</strong></span> <span class='ocrx_word' id='word_1_444' title='bbox 3250 2321 3319 2372; x_wconf 88' lang='lat' dir='ltr'><strong>sit</strong></span> <span class='ocrx_word' id='word_1_445' title='bbox 3341 2322 3512 2388; x_wconf 83' lang='lat' dir='ltr'><strong>pietas</strong></span> 
     </span>
    </p>
   </div>
   <div class='ocr_carea' id='block_1_55' title="bbox 1920 2410 3512 2481">
    <p class='ocr_par' dir='ltr' id='par_1_55' title="bbox 1920 2410 3512 2481">
     <span class='ocr_line' id='line_1_55' title="bbox 1920 2410 3512 2481; baseline -0.002 -16"><span class='ocrx_word' id='word_1_446' title='bbox 1920 2419 1975 2465; x_wconf 84' lang='lat' dir='ltr'><strong>et</strong></span> <span class='ocrx_word' id='word_1_447' title='bbox 1999 2412 2299 2465; x_wconf 87' lang='lat' dir='ltr'><strong>constantia</strong></span> <span class='ocrx_word' id='word_1_448' title='bbox 2338 2411 2600 2467; x_wconf 62' lang='lat' dir='ltr'><strong>Ecclesia</strong></span> <span class='ocrx_word' id='word_1_449' title='bbox 2628 2412 2937 2467; x_wconf 83' lang='lat' dir='ltr'><strong>Latinorum</strong></span> <span class='ocrx_word' id='word_1_450' title='bbox 2961 2452 2991 2476; x_wconf 74' lang='grc'><strong>,.</strong></span> <span class='ocrx_word' id='word_1_451' title='bbox 3015 2426 3177 2481; x_wconf 84' lang='lat' dir='ltr'><strong>quam</strong></span> <span class='ocrx_word' id='word_1_452' title='bbox 3215 2410 3360 2465; x_wconf 90' lang='lat' dir='ltr'><strong>Deus</strong></span> <span class='ocrx_word' id='word_1_453' title='bbox 3390 2424 3512 2463; x_wconf 83' lang='lat' dir='ltr'><strong>ma-</strong></span> 
     </span>
    </p>
   </div>
   <div class='ocr_carea' id='block_1_56' title="bbox 1919 2500 3514 2573">
    <p class='ocr_par' dir='ltr' id='par_1_56' title="bbox 1919 2500 3514 2573">
     <span class='ocr_line' id='line_1_56' title="bbox 1919 2500 3514 2573; baseline -0.001 -19"><span class='ocrx_word' id='word_1_454' title='bbox 1919 2504 2141 2573; x_wconf 90' lang='lat' dir='ltr'><strong>gisterio</strong></span> <span class='ocrx_word' id='word_1_455' title='bbox 2166 2502 2283 2573; x_wconf 88' lang='lat' dir='ltr'><strong>ejus</strong></span> <span class='ocrx_word' id='word_1_456' title='bbox 2313 2504 2547 2559; x_wconf 89' lang='lat' dir='ltr'><strong>instituit</strong></span> <span class='ocrx_word' id='word_1_457' title='bbox 2576 2512 2738 2573; x_wconf 88' lang='lat' dir='ltr'><strong>atque</strong></span> <span class='ocrx_word' id='word_1_458' title='bbox 2771 2504 3007 2558; x_wconf 81' lang='lat' dir='ltr'><strong>firmavit</strong></span> <span class='ocrx_word' id='word_1_459' title='bbox 3032 2520 3047 2558; x_wconf 88' lang='lat'><strong>:</strong></span> <span class='ocrx_word' id='word_1_460' title='bbox 3093 2517 3214 2556; x_wconf 89' lang='lat' dir='ltr'><strong>cum</strong></span> <span class='ocrx_word' id='word_1_461' title='bbox 3242 2502 3310 2555; x_wconf 83' lang='lat' dir='ltr'><strong>ab</strong></span> <span class='ocrx_word' id='word_1_462' title='bbox 3340 2500 3514 2553; x_wconf 81' lang='lat' dir='ltr'><strong>omni-</strong></span> 
     </span>
    </p>
   </div>
   <div class='ocr_carea' id='block_1_57' title="bbox 1920 2592 3511 2658">
    <p class='ocr_par' dir='ltr' id='par_1_57' title="bbox 1920 2592 3511 2658">
     <span class='ocr_line' id='line_1_57' title="bbox 1920 2592 3511 2658; baseline -0.004 -9"><span class='ocrx_word' id='word_1_463' title='bbox 1920 2594 2021 2649; x_wconf 90' lang='lat' dir='ltr'><strong>bus</strong></span> <span class='ocrx_word' id='word_1_464' title='bbox 2060 2596 2344 2648; x_wconf 82' lang='lat' dir='ltr'><strong>confestim</strong></span> <span class='ocrx_word' id='word_1_465' title='bbox 2390 2592 2830 2648; x_wconf 82' lang='lat' dir='ltr'><strong>anathematizati</strong></span> <span class='ocrx_word' id='word_1_466' title='bbox 2879 2592 3109 2658; x_wconf 80' lang='lat' dir='ltr'><strong>fuerint,</strong></span> <span class='ocrx_word' id='word_1_467' title='bbox 3158 2599 3215 2646; x_wconf 86' lang='lat' dir='ltr'><strong>et</strong></span> <span class='ocrx_word' id='word_1_468' title='bbox 3258 2600 3511 2657; x_wconf 78' lang='lat' dir='ltr'><strong>tanquam</strong></span> 
     </span>
    </p>
   </div>
   <div class='ocr_carea' id='block_1_58' title="bbox 1920 2682 3513 2755">
    <p class='ocr_par' dir='ltr' id='par_1_58' title="bbox 1920 2682 3513 2755">
     <span class='ocr_line' id='line_1_58' title="bbox 1920 2682 3513 2755; baseline -0.003 -16"><span class='ocrx_word' id='word_1_469' title='bbox 1920 2688 2134 2755; x_wconf 89' lang='lat' dir='ltr'><strong>putrida</strong></span> <span class='ocrx_word' id='word_1_470' title='bbox 2164 2697 2218 2741; x_wconf 87' lang='lat' dir='ltr'><strong>et</strong></span> <span class='ocrx_word' id='word_1_471' title='bbox 2250 2685 2491 2741; x_wconf 88' lang='lat' dir='ltr'><strong>morbida</strong></span> <span class='ocrx_word' id='word_1_472' title='bbox 2522 2686 2762 2741; x_wconf 86' lang='lat' dir='ltr'><strong>membra</strong></span> <span class='ocrx_word' id='word_1_473' title='bbox 2806 2685 3040 2754; x_wconf 64' lang='lat' dir='ltr'><strong>praecisi.</strong></span> <span class='ocrx_word' id='word_1_474' title='bbox 3087 2684 3141 2738; x_wconf 88' lang='lat' dir='ltr'><strong>Si</strong></span> <span class='ocrx_word' id='word_1_475' title='bbox 3188 2683 3351 2752; x_wconf 82' lang='lat' dir='ltr'><strong>igitur</strong></span> <span class='ocrx_word' id='word_1_476' title='bbox 3382 2682 3513 2736; x_wconf 84' lang='lat' dir='ltr'><strong>libet</strong></span> 
     </span>
    </p>
   </div>
   <div class='ocr_carea' id='block_1_59' title="bbox 1921 2778 3515 2850">
    <p class='ocr_par' dir='ltr' id='par_1_59' title="bbox 1921 2778 3515 2850">
     <span class='ocr_line' id='line_1_59' title="bbox 1921 2778 3515 2850; baseline -0.004 -15"><span class='ocrx_word' id='word_1_477' title='bbox 1921 2795 2017 2835; x_wconf 88' lang='lat' dir='ltr'><strong>eos</strong></span> <span class='ocrx_word' id='word_1_478' title='bbox 2043 2781 2097 2834; x_wconf 92' lang='lat' dir='ltr'><strong>in</strong></span> <span class='ocrx_word' id='word_1_479' title='bbox 2128 2794 2258 2847; x_wconf 82' lang='lat' dir='ltr'><strong>pace</strong></span> <span class='ocrx_word' id='word_1_480' title='bbox 2285 2780 2677 2850; x_wconf 88' lang='lat' dir='ltr'><strong>quiescentium</strong></span> <span class='ocrx_word' id='word_1_481' title='bbox 2706 2779 2863 2835; x_wconf 89' lang='lat' dir='ltr'><strong>busta</strong></span> <span class='ocrx_word' id='word_1_482' title='bbox 2894 2778 3142 2834; x_wconf 83' lang='lat' dir='ltr'><strong>refodere</strong></span> <span class='ocrx_word' id='word_1_483' title='bbox 3168 2785 3223 2832; x_wconf 89' lang='lat' dir='ltr'><strong>et</strong></span> <span class='ocrx_word' id='word_1_484' title='bbox 3249 2790 3368 2831; x_wconf 86' lang='lat' dir='ltr'><strong>ossa</strong></span> <span class='ocrx_word' id='word_1_485' title='bbox 3393 2790 3515 2829; x_wconf 83' lang='lat' dir='ltr'><strong>cor-</strong></span> 
     </span>
    </p>
   </div>
   <div class='ocr_carea' id='block_1_60' title="bbox 1922 2869 3512 2937">
    <p class='ocr_par' dir='ltr' id='par_1_60' title="bbox 1922 2869 3512 2937">
     <span class='ocr_line' id='line_1_60' title="bbox 1922 2869 3512 2937; baseline -0.002 -11"><span class='ocrx_word' id='word_1_486' title='bbox 1922 2871 2115 2926; x_wconf 87' lang='lat' dir='ltr'><strong>rodere</strong></span> <span class='ocrx_word' id='word_1_487' title='bbox 2140 2880 2508 2937; x_wconf 84' lang='lat' dir='ltr'><strong>mortuorum;</strong></span> <span class='ocrx_word' id='word_1_488' title='bbox 2532 2870 2586 2925; x_wconf 92' lang='lat' dir='ltr'><strong>in</strong></span> <span class='ocrx_word' id='word_1_489' title='bbox 2617 2872 2721 2925; x_wconf 90' lang='lat' dir='ltr'><strong>hoc</strong></span> <span class='ocrx_word' id='word_1_490' title='bbox 2744 2870 3094 2925; x_wconf 81' lang='lat' dir='ltr'><strong>adamantina</strong></span> <span class='ocrx_word' id='word_1_491' title='bbox 3123 2869 3237 2924; x_wconf 85' lang='lat' dir='ltr'><strong>viro</strong></span> <span class='ocrx_word' id='word_1_492' title='bbox 3268 2883 3396 2923; x_wconf 88' lang='lat' dir='ltr'><strong>suos</strong></span> <span class='ocrx_word' id='word_1_493' title='bbox 3415 2886 3512 2926; x_wconf 72' lang='lat' dir='ltr'><strong>ex.</strong></span> 
     </span>
    </p>
   </div>
   <div class='ocr_carea' id='block_1_61' title="bbox 1924 2962 3512 3033">
    <p class='ocr_par' dir='ltr' id='par_1_61' title="bbox 1924 2962 3512 3033">
     <span class='ocr_line' id='line_1_61' title="bbox 1924 2962 3512 3033; baseline 0.004 -18"><span class='ocrx_word' id='word_1_494' title='bbox 1924 2962 2201 3031; x_wconf 89' lang='lat' dir='ltr'><strong>periantur</strong></span> <span class='ocrx_word' id='word_1_495' title='bbox 2227 2963 2441 3028; x_wconf 87' lang='lat' dir='ltr'><strong>dentes,</strong></span> <span class='ocrx_word' id='word_1_496' title='bbox 2489 2971 2543 3017; x_wconf 89' lang='lat' dir='ltr'><strong>et</strong></span> <span class='ocrx_word' id='word_1_497' title='bbox 2575 2972 2903 3032; x_wconf 85' lang='lat' dir='ltr'><strong>cognoscent</strong></span> <span class='ocrx_word' id='word_1_498' title='bbox 2935 2965 3078 3033; x_wconf 85' lang='lat' dir='ltr'><strong>quod</strong></span> <span class='ocrx_word' id='word_1_499' title='bbox 3118 2966 3187 3019; x_wconf 87' lang='lat' dir='ltr'><strong>ita</strong></span> <span class='ocrx_word' id='word_1_500' title='bbox 3220 2967 3299 3022; x_wconf 84' lang='lat' dir='ltr'><strong>eis</strong></span> <span class='ocrx_word' id='word_1_501' title='bbox 3333 2967 3386 3020; x_wconf 89' lang='lat' dir='ltr'><strong>in</strong></span> <span class='ocrx_word' id='word_1_502' title='bbox 3416 2980 3512 3021; x_wconf 83' lang='lat' dir='ltr'><strong>ore</strong></span> 
     </span>
    </p>
   </div>
   <div class='ocr_carea' id='block_1_62' title="bbox 1922 3054 3510 3128">
    <p class='ocr_par' dir='ltr' id='par_1_62' title="bbox 1922 3054 3510 3128">
     <span class='ocr_line' id='line_1_62' title="bbox 1922 3054 3510 3128; baseline 0.002 -20"><span class='ocrx_word' id='word_1_503' title='bbox 1922 3054 2252 3121; x_wconf 75' lang='lat' dir='ltr'><strong>frangentur,</strong></span> <span class='ocrx_word' id='word_1_504' title='bbox 2269 3062 2325 3109; x_wconf 92' lang='lat' dir='ltr'><strong>ut</strong></span> <span class='ocrx_word' id='word_1_505' title='bbox 2350 3054 2489 3110; x_wconf 87' lang='lat' dir='ltr'><strong>ultra</strong></span> <span class='ocrx_word' id='word_1_506' title='bbox 2518 3056 2787 3110; x_wconf 86' lang='lat' dir='ltr'><strong>neminem</strong></span> <span class='ocrx_word' id='word_1_507' title='bbox 2828 3055 2930 3109; x_wconf 88' lang='lat' dir='ltr'><strong>sub</strong></span> <span class='ocrx_word' id='word_1_508' title='bbox 2965 3054 3067 3111; x_wconf 90' lang='lat' dir='ltr'><strong>hac</strong></span> <span class='ocrx_word' id='word_1_509' title='bbox 3090 3057 3271 3127; x_wconf 88' lang='lat' dir='ltr'><strong>specie</strong></span> <span class='ocrx_word' id='word_1_510' title='bbox 3294 3059 3510 3128; x_wconf 84' lang='lat' dir='ltr'><strong>pictatis</strong></span> 
     </span>
    </p>
   </div>
   <div class='ocr_carea' id='block_1_63' title="bbox 1924 3144 2224 3200">
    <p class='ocr_par' dir='ltr' id='par_1_63' title="bbox 1924 3144 2224 3200">
     <span class='ocr_line' id='line_1_63' title="bbox 1924 3144 2224 3200; baseline 0.003 -1"><span class='ocrx_word' id='word_1_511' title='bbox 1924 3144 2224 3200; x_wconf 87' lang='lat' dir='ltr'><strong>mordeant.</strong></span> 
     </span>
    </p>
   </div>
   <div class='ocr_carea' id='block_1_64' title="bbox 1380 3336 2353 3458">
    <p class='ocr_par' dir='ltr' id='par_1_64' title="bbox 1380 3336 2353 3458">
     <span class='ocr_line' id='line_1_64' title="bbox 1380 3336 2353 3458; baseline -0.002 -5"><span class='ocrx_word' id='word_1_512' title='bbox 1380 3338 1726 3456; x_wconf 75' lang='lat' dir='ltr'><strong>LIBER</strong></span> <span class='ocrx_word' id='word_1_513' title='bbox 1783 3373 2353 3458; x_wconf 84' lang='lat' dir='ltr'><strong>DECIMUS.</strong></span> 
     </span>
    </p>
   </div>
   <div class='ocr_carea' id='block_1_65' title="bbox 751 3526 1297 3585">
    <p class='ocr_par' dir='ltr' id='par_1_65' title="bbox 751 3526 1297 3585">
     <span class='ocr_line' id='line_1_65' title="bbox 751 3526 1297 3585; baseline -0.002 0"><span class='ocrx_word' id='word_1_514' title='bbox 751 3526 975 3585; x_wconf 81' lang='lat' dir='ltr'><strong>CAPUT</strong></span> <span class='ocrx_word' id='word_1_515' title='bbox 1013 3527 1297 3584; x_wconf 77' lang='lat' dir='ltr'><strong>PRIMUM.</strong></span> 
     </span>
    </p>
   </div>
   <div class='ocr_carea' id='block_1_66' title="bbox 232 3618 1815 3692">
    <p class='ocr_par' dir='ltr' id='par_1_66' title="bbox 232 3618 1815 3692">
     <span class='ocr_line' id='line_1_66' title="bbox 232 3618 1815 3692; baseline 0.001 -20"><span class='ocrx_word' id='word_1_516' title='bbox 232 3618 391 3687; x_wconf 65' lang='lat' dir='ltr'><strong>Quod</strong></span> <span class='ocrx_word' id='word_1_517' title='bbox 421 3619 832 3687; x_wconf 82' lang='lat' dir='ltr'><strong>reprehendenda</strong></span> <span class='ocrx_word' id='word_1_518' title='bbox 855 3620 1079 3692; x_wconf 78' lang='lat' dir='ltr'><strong>synodus</strong></span> <span class='ocrx_word' id='word_1_519' title='bbox 1104 3636 1202 3674; x_wconf 83' lang='lat' dir='ltr'><strong>non</strong></span> <span class='ocrx_word' id='word_1_520' title='bbox 1225 3620 1315 3683; x_wconf 84' lang='lat' dir='ltr'><strong>sit,</strong></span> <span class='ocrx_word' id='word_1_521' title='bbox 1347 3620 1465 3692; x_wconf 82' lang='lat' dir='ltr'><strong>quia</strong></span> <span class='ocrx_word' id='word_1_522' title='bbox 1489 3619 1815 3673; x_wconf 77' lang='lat' dir='ltr'><strong>Theodorum</strong></span> 
     </span>
    </p>
   </div>
   <div class='ocr_carea' id='block_1_67' title="bbox 300 3690 1813 3761">
    <p class='ocr_par' dir='ltr' id='par_1_67' title="bbox 300 3690 1813 3761">
     <span class='ocr_line' id='line_1_67' title="bbox 300 3690 1813 3761; baseline -0.001 -18"><span class='ocrx_word' id='word_1_523' title='bbox 300 3707 404 3743; x_wconf 80' lang='lat' dir='ltr'><strong>non</strong></span> <span class='ocrx_word' id='word_1_524' title='bbox 438 3692 715 3756; x_wconf 87' lang='lat' dir='ltr'><strong>damnarit,</strong></span> <span class='ocrx_word' id='word_1_525' title='bbox 747 3690 948 3746; x_wconf 75' lang='lat' dir='ltr'><strong>tantetsi</strong></span> <span class='ocrx_word' id='word_1_526' title='bbox 970 3696 1021 3747; x_wconf 87' lang='lat' dir='ltr'><strong>in</strong></span> <span class='ocrx_word' id='word_1_527' title='bbox 1060 3692 1173 3761; x_wconf 80' lang='lat' dir='ltr'><strong>ejus</strong></span> <span class='ocrx_word' id='word_1_528' title='bbox 1199 3690 1405 3757; x_wconf 82' lang='lat' dir='ltr'><strong>scriptis</strong></span> <span class='ocrx_word' id='word_1_529' title='bbox 1431 3692 1666 3757; x_wconf 64' lang='lat' dir='ltr'><strong>quendam</strong></span> <span class='ocrx_word' id='word_1_530' title='bbox 1713 3692 1813 3746; x_wconf 84' lang='lat' dir='ltr'><strong>sint</strong></span> 
     </span>
    </p>
   </div>
   <div class='ocr_carea' id='block_1_68' title="bbox 299 3761 1814 3831">
    <p class='ocr_par' dir='ltr' id='par_1_68' title="bbox 299 3761 1814 3831">
     <span class='ocr_line' id='line_1_68' title="bbox 299 3761 1814 3831; baseline 0.001 -17"><span class='ocrx_word' id='word_1_531' title='bbox 299 3761 558 3831; x_wconf 78' lang='lat' dir='ltr'><strong>eulpanda</strong></span> <span class='ocrx_word' id='word_1_532' title='bbox 588 3777 608 3816; x_wconf 89' lang='lat'><strong><em>:</em></strong></span> <span class='ocrx_word' id='word_1_533' title='bbox 638 3779 752 3814; x_wconf 86' lang='lat' dir='ltr'><strong>cum</strong></span> <span class='ocrx_word' id='word_1_534' title='bbox 785 3763 900 3830; x_wconf 79' lang='lat' dir='ltr'><strong>ﬁeri</strong></span> <span class='ocrx_word' id='word_1_535' title='bbox 931 3765 1147 3828; x_wconf 80' lang='lat' dir='ltr'><strong>poluerit</strong></span> <span class='ocrx_word' id='word_1_536' title='bbox 1190 3770 1246 3815; x_wconf 88' lang='lat' dir='ltr'><strong>ut</strong></span> <span class='ocrx_word' id='word_1_537' title='bbox 1291 3778 1401 3815; x_wconf 88' lang='lat' dir='ltr'><strong>eam</strong></span> <span class='ocrx_word' id='word_1_538' title='bbox 1449 3764 1687 3827; x_wconf 78' lang='lat' dir='ltr'><strong>laterent,</strong></span> <span class='ocrx_word' id='word_1_539' title='bbox 1739 3763 1814 3817; x_wconf 78' lang='lat' dir='ltr'><strong>ml</strong></span> 
     </span>
    </p>
   </div>
   <div class='ocr_carea' id='block_1_69' title="bbox 302 3832 1815 3905">
    <p class='ocr_par' dir='ltr' id='par_1_69' title="bbox 302 3832 1815 3905">
     <span class='ocr_line' id='line_1_69' title="bbox 302 3832 1815 3905; baseline 0 -21"><span class='ocrx_word' id='word_1_540' title='bbox 302 3832 397 3905; x_wconf 78' lang='lat' dir='ltr'><strong>illa</strong></span> <span class='ocrx_word' id='word_1_541' title='bbox 428 3833 603 3905; x_wconf 80' lang='lat' dir='ltr'><strong>melius</strong></span> <span class='ocrx_word' id='word_1_542' title='bbox 629 3834 1033 3901; x_wconf 87' lang='lat' dir='ltr'><strong>interpretanda,</strong></span> <span class='ocrx_word' id='word_1_543' title='bbox 1060 3843 1150 3887; x_wconf 87' lang='lat' dir='ltr'><strong>aut</strong></span> <span class='ocrx_word' id='word_1_544' title='bbox 1198 3832 1260 3886; x_wconf 82' lang='lat' dir='ltr'><strong>ab</strong></span> <span class='ocrx_word' id='word_1_545' title='bbox 1306 3833 1526 3887; x_wconf 74' lang='lat' dir='ltr'><strong>inimicis</strong></span> <span class='ocrx_word' id='word_1_546' title='bbox 1568 3835 1682 3905; x_wconf 88' lang='lat' dir='ltr'><strong>ejus</strong></span> <span class='ocrx_word' id='word_1_547' title='bbox 1720 3834 1815 3885; x_wconf 86' lang='lat' dir='ltr'><strong>im-</strong></span> 
     </span>
    </p>
   </div>
   <div class='ocr_carea' id='block_1_70' title="bbox 301 3902 823 3957">
    <p class='ocr_par' dir='ltr' id='par_1_70' title="bbox 301 3902 823 3957">
     <span class='ocr_line' id='line_1_70' title="bbox 301 3902 823 3957; baseline 0.004 -3"><span class='ocrx_word' id='word_1_548' title='bbox 301 3903 463 3955; x_wconf 82' lang='lat' dir='ltr'><strong>missa</strong></span> <span class='ocrx_word' id='word_1_549' title='bbox 483 3902 823 3957; x_wconf 78' lang='lat' dir='ltr'><strong>crederentur.</strong></span> 
     </span>
    </p>
   </div>
   <div class='ocr_carea' id='block_1_71' title="bbox 302 3991 1814 4064">
    <p class='ocr_par' dir='ltr' id='par_1_71' title="bbox 302 3991 1814 4064">
     <span class='ocr_line' id='line_1_71' title="bbox 302 3991 1814 4064; baseline 0.001 -16"><span class='ocrx_word' id='word_1_550' title='bbox 302 3991 513 4061; x_wconf 88' lang='lat' dir='ltr'><strong>Siquid</strong></span> <span class='ocrx_word' id='word_1_551' title='bbox 546 3993 675 4046; x_wconf 89' lang='lat' dir='ltr'><strong>mihi</strong></span> <span class='ocrx_word' id='word_1_552' title='bbox 704 3992 973 4058; x_wconf 88' lang='lat' dir='ltr'><strong>creditur,</strong></span> <span class='ocrx_word' id='word_1_553' title='bbox 1024 3994 1335 4064; x_wconf 84' lang='lat' dir='ltr'><strong>imperator,</strong></span> <span class='ocrx_word' id='word_1_554' title='bbox 1385 3995 1612 4049; x_wconf 85' lang='lat' dir='ltr'><strong>multum</strong></span> <span class='ocrx_word' id='word_1_555' title='bbox 1658 3994 1814 4049; x_wconf 88' lang='lat' dir='ltr'><strong>doleo</strong></span> 
     </span>
    </p>
   </div>
   <div class='ocr_carea' id='block_1_72' title="bbox 230 4083 1812 4156">
    <p class='ocr_par' dir='ltr' id='par_1_72' title="bbox 230 4083 1812 4156">
     <span class='ocr_line' id='line_1_72' title="bbox 230 4083 1812 4156; baseline 0.003 -20"><span class='ocrx_word' id='word_1_556' title='bbox 230 4083 514 4152; x_wconf 55' lang='lat' dir='ltr'><strong>praesentis</strong></span> <span class='ocrx_word' id='word_1_557' title='bbox 554 4084 659 4139; x_wconf 88' lang='lat' dir='ltr'><strong>mei</strong></span> <span class='ocrx_word' id='word_1_558' title='bbox 710 4085 887 4154; x_wconf 87' lang='lat' dir='ltr'><strong>operis</strong></span> <span class='ocrx_word' id='word_1_559' title='bbox 930 4094 1152 4153; x_wconf 89' lang='lat' dir='ltr'><strong>sortem,</strong></span> <span class='ocrx_word' id='word_1_560' title='bbox 1190 4085 1260 4140; x_wconf 89' lang='lat' dir='ltr'><strong>de</strong></span> <span class='ocrx_word' id='word_1_561' title='bbox 1303 4100 1409 4156; x_wconf 88' lang='lat' dir='ltr'><strong>quo</strong></span> <span class='ocrx_word' id='word_1_562' title='bbox 1451 4101 1560 4140; x_wconf 90' lang='lat' dir='ltr'><strong>non</strong></span> <span class='ocrx_word' id='word_1_563' title='bbox 1609 4096 1812 4141; x_wconf 88' lang='lat' dir='ltr'><strong>tantum</strong></span> 
     </span>
    </p>
   </div>
   <div class='ocr_carea' id='block_1_73' title="bbox 227 4176 1814 4247">
    <p class='ocr_par' dir='ltr' id='par_1_73' title="bbox 227 4176 1814 4247">
     <span class='ocr_line' id='line_1_73' title="bbox 227 4176 1814 4247; baseline 0.001 -15"><span class='ocrx_word' id='word_1_564' title='bbox 227 4186 483 4246; x_wconf 75' lang='lat' dir='ltr'><strong>exspecto</strong></span> <span class='ocrx_word' id='word_1_565' title='bbox 526 4176 780 4244; x_wconf 87' lang='lat' dir='ltr'><strong>fructum,</strong></span> <span class='ocrx_word' id='word_1_566' title='bbox 814 4187 1073 4247; x_wconf 89' lang='lat' dir='ltr'><strong>quantum</strong></span> <span class='ocrx_word' id='word_1_567' title='bbox 1117 4180 1328 4247; x_wconf 90' lang='lat' dir='ltr'><strong>suscepi</strong></span> <span class='ocrx_word' id='word_1_568' title='bbox 1371 4179 1632 4235; x_wconf 90' lang='lat' dir='ltr'><strong>laborem.</strong></span> <span class='ocrx_word' id='word_1_569' title='bbox 1678 4177 1814 4244; x_wconf 87' lang='lat' dir='ltr'><strong>Quid</strong></span> 
     </span>
    </p>
   </div>
   <div class='ocr_carea' id='block_1_74' title="bbox 225 4270 1816 4340">
    <p class='ocr_par' dir='ltr' id='par_1_74' title="bbox 225 4270 1816 4340">
     <span class='ocr_line' id='line_1_74' title="bbox 225 4270 1816 4340; baseline 0.002 -15"><span class='ocrx_word' id='word_1_570' title='bbox 225 4271 374 4325; x_wconf 85' lang='lat' dir='ltr'><strong>enim</strong></span> <span class='ocrx_word' id='word_1_571' title='bbox 406 4270 633 4337; x_wconf 87' lang='lat' dir='ltr'><strong>amplius</strong></span> <span class='ocrx_word' id='word_1_572' title='bbox 660 4278 765 4325; x_wconf 90' lang='lat' dir='ltr'><strong>tam</strong></span> <span class='ocrx_word' id='word_1_573' title='bbox 798 4271 1183 4340; x_wconf 88' lang='lat' dir='ltr'><strong>multiplicibus</strong></span> <span class='ocrx_word' id='word_1_574' title='bbox 1210 4271 1544 4328; x_wconf 89' lang='lat' dir='ltr'><strong>documentis</strong></span> <span class='ocrx_word' id='word_1_575' title='bbox 1574 4282 1627 4327; x_wconf 88' lang='lat' dir='ltr'><strong>et</strong></span> <span class='ocrx_word' id='word_1_576' title='bbox 1652 4273 1816 4328; x_wconf 82' lang='lat' dir='ltr'><strong>ratio-</strong></span> 
     </span>
    </p>
   </div>
   <div class='ocr_carea' id='block_1_75' title="bbox 226 4364 1809 4435">
    <p class='ocr_par' dir='ltr' id='par_1_75' title="bbox 226 4364 1809 4435">
     <span class='ocr_line' id='line_1_75' title="bbox 226 4364 1809 4435; baseline 0.001 -18"><span class='ocrx_word' id='word_1_577' title='bbox 226 4364 387 4417; x_wconf 88' lang='lat' dir='ltr'><strong>nibus</strong></span> <span class='ocrx_word' id='word_1_578' title='bbox 417 4364 737 4433; x_wconf 87' lang='lat' dir='ltr'><strong>persuadere</strong></span> <span class='ocrx_word' id='word_1_579' title='bbox 765 4364 1084 4419; x_wconf 86' lang='lat' dir='ltr'><strong>mortalibus</strong></span> <span class='ocrx_word' id='word_1_580' title='bbox 1108 4380 1294 4431; x_wconf 88' lang='lat' dir='ltr'><strong>conor,</strong></span> <span class='ocrx_word' id='word_1_581' title='bbox 1326 4380 1485 4435; x_wconf 84' lang='lat' dir='ltr'><strong>quam</strong></span> <span class='ocrx_word' id='word_1_582' title='bbox 1515 4380 1582 4421; x_wconf 92' lang='lat' dir='ltr'><strong>ne</strong></span> <span class='ocrx_word' id='word_1_583' title='bbox 1610 4381 1809 4435; x_wconf 62' lang='lat' dir='ltr'><strong>prrsu-</strong></span> 
     </span>
    </p>
   </div>
   <div class='ocr_carea' id='block_1_76' title="bbox 1918 3532 3508 3597">
    <p class='ocr_par' dir='ltr' id='par_1_76' title="bbox 1918 3532 3508 3597">
     <span class='ocr_line' id='line_1_76' title="bbox 1918 3532 3508 3597; baseline 0.001 -13"><span class='ocrx_word' id='word_1_584' title='bbox 1918 3532 2194 3587; x_wconf 83' lang='lat' dir='ltr'><strong>nescientes</strong></span> <span class='ocrx_word' id='word_1_585' title='bbox 2220 3533 2536 3588; x_wconf 78' lang='lat' dir='ltr'><strong>intellectum</strong></span> <span class='ocrx_word' id='word_1_586' title='bbox 2569 3551 2588 3589; x_wconf 89' lang='lat'><strong><em>:</em></strong></span> <span class='ocrx_word' id='word_1_587' title='bbox 2619 3551 2793 3589; x_wconf 81' lang='lat' dir='ltr'><strong>omnes</strong></span> <span class='ocrx_word' id='word_1_588' title='bbox 2821 3553 2942 3590; x_wconf 87' lang='lat' dir='ltr'><strong>suas</strong></span> <span class='ocrx_word' id='word_1_589' title='bbox 2980 3536 3087 3590; x_wconf 80' lang='lat' dir='ltr'><strong>tias</strong></span> <span class='ocrx_word' id='word_1_590' title='bbox 3124 3536 3343 3590; x_wconf 74' lang='lat' dir='ltr'><strong>exsecuti</strong></span> <span class='ocrx_word' id='word_1_591' title='bbox 3368 3540 3508 3597; x_wconf 83' lang='lat' dir='ltr'><strong>sunt,</strong></span> 
     </span>
    </p>
   </div>
   <div class='ocr_carea' id='block_1_77' title="bbox 1921 3626 3513 3698">
    <p class='ocr_par' dir='ltr' id='par_1_77' title="bbox 1921 3626 3513 3698">
     <span class='ocr_line' id='line_1_77' title="bbox 1921 3626 3513 3698; baseline 0.001 -21"><span class='ocrx_word' id='word_1_592' title='bbox 1921 3627 2269 3695; x_wconf 81' lang='lat' dir='ltr'><strong>unusquisque</strong></span> <span class='ocrx_word' id='word_1_593' title='bbox 2311 3628 2590 3680; x_wconf 88' lang='lat' dir='ltr'><strong>secundum</strong></span> <span class='ocrx_word' id='word_1_594' title='bbox 2636 3644 2690 3682; x_wconf 85' lang='lat' dir='ltr'><strong>se</strong></span> <span class='ocrx_word' id='word_1_595' title='bbox 2734 3628 2871 3698; x_wconf 88' lang='lat' dir='ltr'><strong>(Isa.</strong></span> <span class='ocrx_word' id='word_1_596' title='bbox 2922 3628 3145 3693; x_wconf 59' lang='lat'><strong>“1,10,</strong></span> <span class='ocrx_word' id='word_1_597' title='bbox 3182 3626 3293 3696; x_wconf 81' lang='grc' dir='ltr'><strong>Η).</strong></span> <span class='ocrx_word' id='word_1_598' title='bbox 3338 3626 3513 3680; x_wconf 86' lang='lat' dir='ltr'><strong>Videte</strong></span> 
     </span>
    </p>
   </div>
   <div class='ocr_carea' id='block_1_78' title="bbox 1916 3717 3512 3788">
    <p class='ocr_par' dir='ltr' id='par_1_78' title="bbox 1916 3717 3512 3788">
     <span class='ocr_line' id='line_1_78' title="bbox 1916 3717 3512 3788; baseline -0.001 -18"><span class='ocrx_word' id='word_1_599' title='bbox 1916 3717 2173 3786; x_wconf 80' lang='lat' dir='ltr'><strong>quomodo</strong></span> <span class='ocrx_word' id='word_1_600' title='bbox 2219 3719 2349 3788; x_wconf 77' lang='lat' dir='ltr'><strong>perit</strong></span> <span class='ocrx_word' id='word_1_601' title='bbox 2384 3718 2575 3786; x_wconf 82' lang='lat' dir='ltr'><strong>iustus,</strong></span> <span class='ocrx_word' id='word_1_602' title='bbox 2607 3730 2656 3773; x_wconf 86' lang='lat' dir='ltr'><strong>et</strong></span> <span class='ocrx_word' id='word_1_603' title='bbox 2700 3735 2850 3771; x_wconf 88' lang='lat' dir='ltr'><strong>nemo</strong></span> <span class='ocrx_word' id='word_1_604' title='bbox 2880 3719 3277 3782; x_wconf 77' lang='lat' dir='ltr'><strong>animadvertit;</strong></span> <span class='ocrx_word' id='word_1_605' title='bbox 3318 3725 3370 3769; x_wconf 67' lang='lat' dir='ltr'><strong>et</strong></span> <span class='ocrx_word' id='word_1_606' title='bbox 3413 3718 3512 3770; x_wconf 81' lang='lat' dir='ltr'><strong>viri</strong></span> 
     </span>
    </p>
   </div>
   <div class='ocr_carea' id='block_1_79' title="bbox 1908 3807 3505 3878">
    <p class='ocr_par' dir='ltr' id='par_1_79' title="bbox 1908 3807 3505 3878">
     <span class='ocr_line' id='line_1_79' title="bbox 1908 3807 3505 3878; baseline 0.001 -18"><span class='ocrx_word' id='word_1_607' title='bbox 1908 3810 2041 3878; x_wconf 80' lang='lat' dir='ltr'><strong>justi</strong></span> <span class='ocrx_word' id='word_1_608' title='bbox 2088 3811 2381 3875; x_wconf 80' lang='lat' dir='ltr'><strong>tolluntur,</strong></span> <span class='ocrx_word' id='word_1_609' title='bbox 2432 3819 2478 3864; x_wconf 88' lang='lat' dir='ltr'><strong>et</strong></span> <span class='ocrx_word' id='word_1_610' title='bbox 2529 3826 2675 3863; x_wconf 86' lang='lat' dir='ltr'><strong>nemo</strong></span> <span class='ocrx_word' id='word_1_611' title='bbox 2729 3810 3017 3862; x_wconf 71' lang='lat' dir='ltr'><strong>considerat</strong></span> <span class='ocrx_word' id='word_1_612' title='bbox 3054 3807 3186 3878; x_wconf 86' lang='lat' dir='ltr'><strong>(Isa.</strong></span> <span class='ocrx_word' id='word_1_613' title='bbox 3238 3822 3369 3872; x_wconf 76' lang='lat' dir='ltr'><strong>LV&quot;,</strong></span> <span class='ocrx_word' id='word_1_614' title='bbox 3428 3808 3505 3877; x_wconf 75' lang='grc'><strong>1).</strong></span> 
     </span>
    </p>
   </div>
   <div class='ocr_carea' id='block_1_80' title="bbox 1918 3900 3510 3971">
    <p class='ocr_par' dir='ltr' id='par_1_80' title="bbox 1918 3900 3510 3971">
     <span class='ocr_line' id='line_1_80' title="bbox 1918 3900 3510 3971; baseline -0.003 -14"><span class='ocrx_word' id='word_1_615' title='bbox 1918 3901 2080 3957; x_wconf 89' lang='lat' dir='ltr'><strong>Putes</strong></span> <span class='ocrx_word' id='word_1_616' title='bbox 2110 3904 2213 3957; x_wconf 91' lang='lat' dir='ltr'><strong>hoc</strong></span> <span class='ocrx_word' id='word_1_617' title='bbox 2250 3902 2319 3957; x_wconf 90' lang='lat' dir='ltr'><strong>de</strong></span> <span class='ocrx_word' id='word_1_618' title='bbox 2359 3903 2608 3971; x_wconf 61' lang='lat' dir='ltr'><strong>praesenti</strong></span> <span class='ocrx_word' id='word_1_619' title='bbox 2650 3918 2810 3956; x_wconf 86' lang='lat' dir='ltr'><strong>causa</strong></span> <span class='ocrx_word' id='word_1_620' title='bbox 2848 3901 3060 3969; x_wconf 81' lang='lat' dir='ltr'><strong>preprie</strong></span> <span class='ocrx_word' id='word_1_621' title='bbox 3103 3901 3324 3953; x_wconf 89' lang='lat' dir='ltr'><strong>dictum.</strong></span> <span class='ocrx_word' id='word_1_622' title='bbox 3358 3900 3510 3966; x_wconf 84' lang='lat' dir='ltr'><strong>Quo-</strong></span> 
     </span>
    </p>
   </div>
   <div class='ocr_carea' id='block_1_81' title="bbox 1884 3993 3510 4069">
    <p class='ocr_par' dir='ltr' id='par_1_81' title="bbox 1884 3993 3510 4069">
     <span class='ocr_line' id='line_1_81' title="bbox 1884 3993 3510 4069; baseline -0.003 -17"><span class='ocrx_word' id='word_1_623' title='bbox 1884 4056 1901 4069; x_wconf 31' lang='grc' dir='ltr'><strong>ς</strong></span> <span class='ocrx_word' id='word_1_624' title='bbox 1922 4000 2062 4052; x_wconf 91' lang='lat' dir='ltr'><strong>niam</strong></span> <span class='ocrx_word' id='word_1_625' title='bbox 2088 4013 2216 4053; x_wconf 82' lang='lat' dir='ltr'><strong>vero</strong></span> <span class='ocrx_word' id='word_1_626' title='bbox 2244 4012 2351 4052; x_wconf 92' lang='lat' dir='ltr'><strong>non</strong></span> <span class='ocrx_word' id='word_1_627' title='bbox 2379 4008 2460 4053; x_wconf 89' lang='lat' dir='ltr'><strong>est</strong></span> <span class='ocrx_word' id='word_1_628' title='bbox 2483 3996 2669 4051; x_wconf 89' lang='lat' dir='ltr'><strong>eadem</strong></span> <span class='ocrx_word' id='word_1_629' title='bbox 2698 3996 3009 4064; x_wconf 74' lang='lat' dir='ltr'><strong>quaestionis</strong></span> <span class='ocrx_word' id='word_1_630' title='bbox 3037 3993 3510 4062; x_wconf 85' lang='lat' dir='ltr'><strong>responsionisque</strong></span> 
     </span>
    </p>
   </div>
   <div class='ocr_carea' id='block_1_82' title="bbox 1920 4090 3509 4160">
    <p class='ocr_par' dir='ltr' id='par_1_82' title="bbox 1920 4090 3509 4160">
     <span class='ocr_line' id='line_1_82' title="bbox 1920 4090 3509 4160; baseline -0.003 -13"><span class='ocrx_word' id='word_1_631' title='bbox 1920 4092 2194 4159; x_wconf 90' lang='lat' dir='ltr'><strong>conditio,</strong></span> <span class='ocrx_word' id='word_1_632' title='bbox 2247 4107 2345 4148; x_wconf 92' lang='lat' dir='ltr'><strong>nec</strong></span> <span class='ocrx_word' id='word_1_633' title='bbox 2393 4092 2532 4160; x_wconf 90' lang='lat' dir='ltr'><strong>quod</strong></span> <span class='ocrx_word' id='word_1_634' title='bbox 2589 4090 2826 4145; x_wconf 86' lang='lat' dir='ltr'><strong>breviter</strong></span> <span class='ocrx_word' id='word_1_635' title='bbox 2871 4100 3196 4153; x_wconf 80' lang='lat' dir='ltr'><strong>accusatur,</strong></span> <span class='ocrx_word' id='word_1_636' title='bbox 3254 4090 3509 4143; x_wconf 80' lang='lat' dir='ltr'><strong>continuo</strong></span> 
     </span>
    </p>
   </div>
   <div class='ocr_carea' id='block_1_83' title="bbox 1922 4182 3504 4249">
    <p class='ocr_par' dir='ltr' id='par_1_83' title="bbox 1922 4182 3504 4249">
     <span class='ocr_line' id='line_1_83' title="bbox 1922 4182 3504 4249; baseline -0.004 -10"><span class='ocrx_word' id='word_1_637' title='bbox 1922 4184 2082 4239; x_wconf 87' lang='lat' dir='ltr'><strong>etiam</strong></span> <span class='ocrx_word' id='word_1_638' title='bbox 2110 4182 2356 4238; x_wconf 81' lang='lat' dir='ltr'><strong>excusari</strong></span> <span class='ocrx_word' id='word_1_639' title='bbox 2402 4182 2641 4238; x_wconf 84' lang='lat' dir='ltr'><strong>breviter</strong></span> <span class='ocrx_word' id='word_1_640' title='bbox 2672 4191 2845 4249; x_wconf 88' lang='lat' dir='ltr'><strong>potest</strong></span> <span class='ocrx_word' id='word_1_641' title='bbox 2871 4198 2883 4234; x_wconf 95' lang='lat'>:</span> <span class='ocrx_word' id='word_1_642' title='bbox 2912 4182 3050 4236; x_wconf 89' lang='lat' dir='ltr'><strong>sicut</strong></span> <span class='ocrx_word' id='word_1_643' title='bbox 3090 4196 3189 4235; x_wconf 90' lang='lat' dir='ltr'><strong>nec</strong></span> <span class='ocrx_word' id='word_1_644' title='bbox 3217 4189 3359 4234; x_wconf 87' lang='lat' dir='ltr'><strong>tanta</strong></span> <span class='ocrx_word' id='word_1_645' title='bbox 3391 4195 3504 4233; x_wconf 84' lang='lat' dir='ltr'><strong>ma-</strong></span> 
     </span>
    </p>
   </div>
   <div class='ocr_carea' id='block_1_84' title="bbox 1921 4271 3507 4342">
    <p class='ocr_par' dir='ltr' id='par_1_84' title="bbox 1921 4271 3507 4342">
     <span class='ocr_line' id='line_1_84' title="bbox 1921 4271 3507 4342; baseline -0.003 -13"><span class='ocrx_word' id='word_1_646' title='bbox 1921 4274 2133 4329; x_wconf 87' lang='lat' dir='ltr'><strong>culandi</strong></span> <span class='ocrx_word' id='word_1_647' title='bbox 2181 4284 2238 4329; x_wconf 89' lang='lat' dir='ltr'><strong>et</strong></span> <span class='ocrx_word' id='word_1_648' title='bbox 2280 4273 2595 4328; x_wconf 78' lang='lat' dir='ltr'><strong>vulnerandi</strong></span> <span class='ocrx_word' id='word_1_649' title='bbox 2642 4282 2719 4327; x_wconf 85' lang='lat' dir='ltr'><strong>est</strong></span> <span class='ocrx_word' id='word_1_650' title='bbox 2753 4271 3043 4326; x_wconf 86' lang='lat' dir='ltr'><strong>difficultas</strong></span> <span class='ocrx_word' id='word_1_651' title='bbox 3089 4282 3283 4342; x_wconf 86' lang='lat' dir='ltr'><strong>quanta</strong></span> <span class='ocrx_word' id='word_1_652' title='bbox 3326 4286 3426 4325; x_wconf 88' lang='lat' dir='ltr'><strong>nos</strong></span> <span class='ocrx_word' id='word_1_653' title='bbox 3455 4271 3507 4325; x_wconf 90' lang='lat' dir='ltr'><strong>in</strong></span> 
     </span>
    </p>
   </div>
   <div class='ocr_carea' id='block_1_85' title="bbox 1921 4362 3507 4435">
    <p class='ocr_par' dir='ltr' id='par_1_85' title="bbox 1921 4362 3507 4435">
     <span class='ocr_line' id='line_1_85' title="bbox 1921 4362 3507 4435; baseline -0.001 -17"><span class='ocrx_word' id='word_1_654' title='bbox 1921 4364 2187 4420; x_wconf 84' lang='lat' dir='ltr'><strong>abluendo</strong></span> <span class='ocrx_word' id='word_1_655' title='bbox 2210 4364 2583 4435; x_wconf 90' lang='lat' dir='ltr'><strong>medendoque</strong></span> <span class='ocrx_word' id='word_1_656' title='bbox 2606 4364 2972 4431; x_wconf 73' lang='lat' dir='ltr'><strong>Consequitur,</strong></span> <span class='ocrx_word' id='word_1_657' title='bbox 2998 4378 3217 4419; x_wconf 86' lang='lat' dir='ltr'><strong>necesse</strong></span> <span class='ocrx_word' id='word_1_658' title='bbox 3242 4371 3325 4417; x_wconf 88' lang='lat' dir='ltr'><strong>est</strong></span> <span class='ocrx_word' id='word_1_659' title='bbox 3352 4362 3507 4417; x_wconf 85' lang='lat' dir='ltr'><strong>nobis</strong></span> 
     </span>
    </p>
   </div>
   <div class='ocr_carea' id='block_1_86' title="bbox 224 4443 3507 4533">
    <p class='ocr_par' dir='ltr' id='par_1_86' title="bbox 224 4443 3507 4533">
     <span class='ocr_line' id='line_1_86' title="bbox 224 4443 3507 4533; baseline -0.001 -22"><span class='ocrx_word' id='word_1_660' title='bbox 224 4470 376 4511; x_wconf 85' lang='lat' dir='ltr'><strong>mant</strong></span> <span class='ocrx_word' id='word_1_661' title='bbox 419 4470 539 4511; x_wconf 89' lang='lat' dir='ltr'><strong>esse</strong></span> <span class='ocrx_word' id='word_1_662' title='bbox 566 4456 774 4523; x_wconf 89' lang='lat' dir='ltr'><strong>judices</strong></span> <span class='ocrx_word' id='word_1_663' title='bbox 815 4456 1185 4511; x_wconf 84' lang='lat' dir='ltr'><strong>mortuorum?</strong></span> <span class='ocrx_word' id='word_1_664' title='bbox 1218 4457 1327 4512; x_wconf 86' lang='lat' dir='ltr'><strong>Hoc</strong></span> <span class='ocrx_word' id='word_1_665' title='bbox 1372 4459 1571 4527; x_wconf 84' lang='lat' dir='ltr'><strong>quippe</strong></span> <span class='ocrx_word' id='word_1_666' title='bbox 1618 4457 1813 4513; x_wconf 85' lang='lat' dir='ltr'><strong>nullius</strong></span> <span class='ocrx_word' id='word_1_667' title='bbox 1844 4458 2191 4530; x_wconf 77' lang='lat' dir='ltr'><strong>Daliquanto</strong></span> <span class='ocrx_word' id='word_1_668' title='bbox 2236 4458 2530 4525; x_wconf 84' lang='lat' dir='ltr'><strong>impensius</strong></span> <span class='ocrx_word' id='word_1_669' title='bbox 2576 4443 3019 4533; x_wconf 5' lang='lat' dir='ltr'><strong>agére,qmaxime</strong></span> <span class='ocrx_word' id='word_1_670' title='bbox 3068 4456 3300 4510; x_wconf 87' lang='lat' dir='ltr'><strong>scientes</strong></span> <span class='ocrx_word' id='word_1_671' title='bbox 3348 4470 3507 4525; x_wconf 67' lang='lat' dir='ltr'><strong>(piam</strong></span> 
     </span>
    </p>
   </div>
   <div class='ocr_carea' id='block_1_87' title="bbox 222 4547 1810 4618">
    <p class='ocr_par' dir='ltr' id='par_1_87' title="bbox 222 4547 1810 4618">
     <span class='ocr_line' id='line_1_87' title="bbox 222 4547 1810 4618; baseline 0.001 -17"><span class='ocrx_word' id='word_1_672' title='bbox 222 4547 492 4601; x_wconf 77' lang='lat' dir='ltr'><strong>suasionis</strong></span> <span class='ocrx_word' id='word_1_673' title='bbox 510 4555 593 4601; x_wconf 86' lang='lat' dir='ltr'><strong>est</strong></span> <span class='ocrx_word' id='word_1_674' title='bbox 613 4547 881 4618; x_wconf 87' lang='lat' dir='ltr'><strong>indigens,</strong></span> <span class='ocrx_word' id='word_1_675' title='bbox 899 4560 998 4603; x_wconf 86' lang='lat' dir='ltr'><strong>nec</strong></span> <span class='ocrx_word' id='word_1_676' title='bbox 1020 4548 1071 4602; x_wconf 92' lang='lat' dir='ltr'><strong>in</strong></span> <span class='ocrx_word' id='word_1_677' title='bbox 1098 4549 1185 4602; x_wconf 90' lang='lat' dir='ltr'><strong>tali</strong></span> <span class='ocrx_word' id='word_1_678' title='bbox 1205 4563 1364 4603; x_wconf 87' lang='lat' dir='ltr'><strong>causa</strong></span> <span class='ocrx_word' id='word_1_679' title='bbox 1387 4549 1577 4602; x_wconf 87' lang='lat' dir='ltr'><strong>vellem</strong></span> <span class='ocrx_word' id='word_1_680' title='bbox 1600 4556 1810 4617; x_wconf 87' lang='lat' dir='ltr'><strong>tempus</strong></span> 
     </span>
    </p>
   </div>
   <div class='ocr_carea' id='block_1_88' title="bbox 221 4637 1807 4710">
    <p class='ocr_par' dir='ltr' id='par_1_88' title="bbox 221 4637 1807 4710">
     <span class='ocr_line' id='line_1_88' title="bbox 221 4637 1807 4710; baseline 0.001 -18"><span class='ocrx_word' id='word_1_681' title='bbox 221 4637 551 4705; x_wconf 79' lang='lat' dir='ltr'><strong>expendere,</strong></span> <span class='ocrx_word' id='word_1_682' title='bbox 581 4638 732 4708; x_wconf 89' lang='lat' dir='ltr'><strong>cujus</strong></span> <span class='ocrx_word' id='word_1_683' title='bbox 764 4652 922 4693; x_wconf 91' lang='lat' dir='ltr'><strong>nemo</strong></span> <span class='ocrx_word' id='word_1_684' title='bbox 959 4648 1136 4710; x_wconf 88' lang='lat' dir='ltr'><strong>potest</strong></span> <span class='ocrx_word' id='word_1_685' title='bbox 1167 4653 1484 4704; x_wconf 86' lang='lat' dir='ltr'><strong>recuperare</strong></span> <span class='ocrx_word' id='word_1_686' title='bbox 1522 4640 1807 4705; x_wconf 87' lang='lat' dir='ltr'><strong>jacturam.</strong></span> 
     </span>
    </p>
   </div>
   <div class='ocr_carea' id='block_1_89' title="bbox 220 4727 1807 4798">
    <p class='ocr_par' dir='ltr' id='par_1_89' title="bbox 220 4727 1807 4798">
     <span class='ocr_line' id='line_1_89' title="bbox 220 4727 1807 4798; baseline -0.002 -15"><span class='ocrx_word' id='word_1_687' title='bbox 220 4727 334 4783; x_wconf 86' lang='lat' dir='ltr'><strong>Sed</strong></span> <span class='ocrx_word' id='word_1_688' title='bbox 359 4729 500 4781; x_wconf 86' lang='lat' dir='ltr'><strong>enim</strong></span> <span class='ocrx_word' id='word_1_689' title='bbox 524 4742 644 4783; x_wconf 90' lang='lat' dir='ltr'><strong>cum</strong></span> <span class='ocrx_word' id='word_1_690' title='bbox 674 4728 911 4783; x_wconf 85' lang='lat' dir='ltr'><strong>viderem</strong></span> <span class='ocrx_word' id='word_1_691' title='bbox 940 4729 1196 4795; x_wconf 86' lang='lat' dir='ltr'><strong>quosdam</strong></span> <span class='ocrx_word' id='word_1_692' title='bbox 1222 4729 1324 4783; x_wconf 90' lang='lat' dir='ltr'><strong>sub</strong></span> <span class='ocrx_word' id='word_1_693' title='bbox 1348 4727 1481 4782; x_wconf 86' lang='lat' dir='ltr'><strong>falso</strong></span> <span class='ocrx_word' id='word_1_694' title='bbox 1505 4742 1807 4798; x_wconf 82' lang='lat' dir='ltr'><strong>propugna-</strong></span> 
     </span>
    </p>
   </div>
   <div class='ocr_carea' id='block_1_90' title="bbox 221 4820 1810 4890">
    <p class='ocr_par' dir='ltr' id='par_1_90' title="bbox 221 4820 1810 4890">
     <span class='ocr_line' id='line_1_90' title="bbox 221 4820 1810 4890; baseline 0.001 -17"><span class='ocrx_word' id='word_1_695' title='bbox 221 4829 401 4873; x_wconf 88' lang='lat' dir='ltr'><strong>torum</strong></span> <span class='ocrx_word' id='word_1_696' title='bbox 448 4820 666 4874; x_wconf 89' lang='lat' dir='ltr'><strong>nomine</strong></span> <span class='ocrx_word' id='word_1_697' title='bbox 720 4820 1036 4890; x_wconf 90' lang='lat' dir='ltr'><strong>impugnare</strong></span> <span class='ocrx_word' id='word_1_698' title='bbox 1100 4821 1327 4875; x_wconf 88' lang='lat' dir='ltr'><strong>latenter</strong></span> <span class='ocrx_word' id='word_1_699' title='bbox 1373 4820 1703 4885; x_wconf 88' lang='lat' dir='ltr'><strong>Ecclesiam,</strong></span> <span class='ocrx_word' id='word_1_700' title='bbox 1756 4827 1810 4876; x_wconf 89' lang='lat' dir='ltr'><strong>et</strong></span> 
     </span>
    </p>
   </div>
   <div class='ocr_carea' id='block_1_91' title="bbox 222 4912 1810 4987">
    <p class='ocr_par' dir='ltr' id='par_1_91' title="bbox 222 4912 1810 4987">
     <span class='ocr_line' id='line_1_91' title="bbox 222 4912 1810 4987; baseline -0.001 -20"><span class='ocrx_word' id='word_1_701' title='bbox 222 4920 477 4980; x_wconf 85' lang='lat' dir='ltr'><strong>tanquam</strong></span> <span class='ocrx_word' id='word_1_702' title='bbox 509 4912 560 4965; x_wconf 92' lang='lat' dir='ltr'><strong>in</strong></span> <span class='ocrx_word' id='word_1_703' title='bbox 584 4913 701 4979; x_wconf 86' lang='lat' dir='ltr'><strong>ejus</strong></span> <span class='ocrx_word' id='word_1_704' title='bbox 723 4912 1118 4987; x_wconf 78' lang='lat' dir='ltr'><strong>purgationem,</strong></span> <span class='ocrx_word' id='word_1_705' title='bbox 1144 4923 1201 4966; x_wconf 90' lang='lat' dir='ltr'><strong>ut</strong></span> <span class='ocrx_word' id='word_1_706' title='bbox 1229 4912 1510 4967; x_wconf 78' lang='lat' dir='ltr'><strong>haereticos</strong></span> <span class='ocrx_word' id='word_1_707' title='bbox 1554 4912 1810 4966; x_wconf 87' lang='lat' dir='ltr'><strong>damnare</strong></span> 
     </span>
    </p>
   </div>
   <div class='ocr_carea' id='block_1_92' title="bbox 218 5002 1807 5075">
    <p class='ocr_par' dir='ltr' id='par_1_92' title="bbox 218 5002 1807 5075">
     <span class='ocr_line' id='line_1_92' title="bbox 218 5002 1807 5075; baseline 0 -18"><span class='ocrx_word' id='word_1_708' title='bbox 218 5017 359 5075; x_wconf 83' lang='lat' dir='ltr'><strong>quos</strong></span> <span class='ocrx_word' id='word_1_709' title='bbox 405 5002 488 5057; x_wconf 82' lang='lat' dir='ltr'><strong>illa</strong></span> <span class='ocrx_word' id='word_1_710' title='bbox 518 5017 732 5072; x_wconf 87' lang='lat' dir='ltr'><strong>semper</strong></span> <span class='ocrx_word' id='word_1_711' title='bbox 762 5003 947 5058; x_wconf 89' lang='lat' dir='ltr'><strong>habuit</strong></span> <span class='ocrx_word' id='word_1_712' title='bbox 976 5003 1265 5058; x_wconf 86' lang='lat' dir='ltr'><strong>honoratos</strong></span> <span class='ocrx_word' id='word_1_713' title='bbox 1296 5021 1309 5057; x_wconf 89' lang='lat'>:</span> <span class='ocrx_word' id='word_1_714' title='bbox 1356 5006 1638 5059; x_wconf 82' lang='lat' dir='ltr'><strong>tacendqu</strong></span> <span class='ocrx_word' id='word_1_715' title='bbox 1680 5004 1807 5057; x_wconf 86' lang='lat' dir='ltr'><strong>mihi</strong></span> 
     </span>
    </p>
   </div>
   <div class='ocr_carea' id='block_1_93' title="bbox 216 5092 1807 5165">
    <p class='ocr_par' dir='ltr' id='par_1_93' title="bbox 216 5092 1807 5165">
     <span class='ocr_line' id='line_1_93' title="bbox 216 5092 1807 5165; baseline -0.001 -16"><span class='ocrx_word' id='word_1_716' title='bbox 216 5108 345 5149; x_wconf 80' lang='lat' dir='ltr'><strong>esse</strong></span> <span class='ocrx_word' id='word_1_717' title='bbox 375 5109 476 5150; x_wconf 89' lang='lat' dir='ltr'><strong>non</strong></span> <span class='ocrx_word' id='word_1_718' title='bbox 507 5094 732 5161; x_wconf 89' lang='lat' dir='ltr'><strong>credidi,</strong></span> <span class='ocrx_word' id='word_1_719' title='bbox 762 5109 832 5149; x_wconf 89' lang='lat' dir='ltr'><strong>ne</strong></span> <span class='ocrx_word' id='word_1_720' title='bbox 881 5094 1009 5149; x_wconf 89' lang='lat' dir='ltr'><strong>illud</strong></span> <span class='ocrx_word' id='word_1_721' title='bbox 1045 5094 1079 5130; x_wconf 70' lang='lat'><em>&quot;</em></span> <span class='ocrx_word' id='word_1_722' title='bbox 1120 5092 1413 5149; x_wconf 84' lang='lat' dir='ltr'><strong>inciderem</strong></span> <span class='ocrx_word' id='word_1_723' title='bbox 1455 5094 1597 5165; x_wconf 88' lang='lat' dir='ltr'><strong>quod</strong></span> <span class='ocrx_word' id='word_1_724' title='bbox 1644 5094 1807 5150; x_wconf 82' lang='lat' dir='ltr'><strong>Isaias</strong></span> 
     </span>
    </p>
   </div>
   <div class='ocr_carea' id='block_1_94' title="bbox 216 5183 1805 5255">
    <p class='ocr_par' dir='ltr' id='par_1_94' title="bbox 216 5183 1805 5255">
     <span class='ocr_line' id='line_1_94' title="bbox 216 5183 1805 5255; baseline -0.002 -16"><span class='ocrx_word' id='word_1_725' title='bbox 216 5184 352 5240; x_wconf 84' lang='lat' dir='ltr'><strong>dicit</strong></span> <span class='ocrx_word' id='word_1_726' title='bbox 400 5203 414 5236; x_wconf 89' lang='lat'><strong>:</strong></span> <span class='ocrx_word' id='word_1_727' title='bbox 471 5183 650 5239; x_wconf 78' lang='lat' dir='ltr'><strong>Videte</strong></span> <span class='ocrx_word' id='word_1_728' title='bbox 676 5185 799 5255; x_wconf 87' lang='lat' dir='ltr'><strong>quia</strong></span> <span class='ocrx_word' id='word_1_729' title='bbox 847 5200 1019 5238; x_wconf 83' lang='lat' dir='ltr'><strong>omnes</strong></span> <span class='ocrx_word' id='word_1_730' title='bbox 1062 5186 1300 5238; x_wconf 73' lang='lat' dir='ltr'><strong>excwcan&#39;</strong></span> <span class='ocrx_word' id='word_1_731' title='bbox 1329 5194 1467 5250; x_wconf 87' lang='lat' dir='ltr'><strong>sunt,</strong></span> <span class='ocrx_word' id='word_1_732' title='bbox 1514 5186 1805 5239; x_wconf 79' lang='lat' dir='ltr'><strong>nescierunt</strong></span> 
     </span>
    </p>
   </div>
   <div class='ocr_carea' id='block_1_95' title="bbox 214 5274 1799 5345">
    <p class='ocr_par' dir='ltr' id='par_1_95' title="bbox 214 5274 1799 5345">
     <span class='ocr_line' id='line_1_95' title="bbox 214 5274 1799 5345; baseline -0.002 -16"><span class='ocrx_word' id='word_1_733' title='bbox 214 5290 400 5341; x_wconf 77' lang='lat' dir='ltr'><strong>sapere</strong></span> <span class='ocrx_word' id='word_1_734' title='bbox 438 5291 646 5340; x_wconf 79' lang='lat' dir='ltr'><strong>omnes;</strong></span> <span class='ocrx_word' id='word_1_735' title='bbox 676 5275 804 5328; x_wconf 84' lang='lat' dir='ltr'><strong>muti</strong></span> <span class='ocrx_word' id='word_1_736' title='bbox 843 5291 994 5329; x_wconf 82' lang='lat' dir='ltr'><strong>canes</strong></span> <span class='ocrx_word' id='word_1_737' title='bbox 1037 5275 1125 5345; x_wconf 87' lang='lat' dir='ltr'><strong>qui</strong></span> <span class='ocrx_word' id='word_1_738' title='bbox 1157 5289 1258 5326; x_wconf 86' lang='lat' dir='ltr'><strong>non</strong></span> <span class='ocrx_word' id='word_1_739' title='bbox 1289 5282 1558 5341; x_wconf 83' lang='lat' dir='ltr'><strong>potuerunt</strong></span> <span class='ocrx_word' id='word_1_740' title='bbox 1590 5274 1799 5341; x_wconf 77' lang='lat' dir='ltr'><strong>latrare,</strong></span> 
     </span>
    </p>
   </div>
   <div class='ocr_carea' id='block_1_96' title="bbox 212 5361 1809 5432">
    <p class='ocr_par' dir='ltr' id='par_1_96' title="bbox 212 5361 1809 5432">
     <span class='ocr_line' id='line_1_96' title="bbox 212 5361 1809 5432; baseline -0.003 -12"><span class='ocrx_word' id='word_1_741' title='bbox 212 5367 531 5420; x_wconf 82' lang='lat' dir='ltr'><strong>somniantes</strong></span> <span class='ocrx_word' id='word_1_742' title='bbox 581 5366 766 5432; x_wconf 78' lang='lat' dir='ltr'><strong>cubile,</strong></span> <span class='ocrx_word' id='word_1_743' title='bbox 814 5376 1044 5419; x_wconf 81' lang='lat' dir='ltr'><strong>amantes</strong></span> <span class='ocrx_word' id='word_1_744' title='bbox 1074 5366 1371 5419; x_wconf 79' lang='lat' dir='ltr'><strong>dormitare.</strong></span> <span class='ocrx_word' id='word_1_745' title='bbox 1403 5361 1471 5417; x_wconf 85' lang='lat' dir='ltr'><strong>Et</strong></span> <span class='ocrx_word' id='word_1_746' title='bbox 1511 5378 1662 5416; x_wconf 84' lang='lat' dir='ltr'><strong>canes</strong></span> <span class='ocrx_word' id='word_1_747' title='bbox 1709 5364 1809 5416; x_wconf 86' lang='lat' dir='ltr'><strong>im-</strong></span> 
     </span>
    </p>
   </div>
   <div class='ocr_carea' id='block_1_97' title="bbox 211 5456 1810 5533">
    <p class='ocr_par' dir='ltr' id='par_1_97' title="bbox 211 5456 1810 5533">
     <span class='ocr_line' id='line_1_97' title="bbox 211 5456 1810 5533; baseline -0.003 -20"><span class='ocrx_word' id='word_1_748' title='bbox 211 5459 367 5533; x_wconf 79' lang='lat' dir='ltr'><strong>probi</strong></span> <span class='ocrx_word' id='word_1_749' title='bbox 395 5463 599 5515; x_wconf 74' lang='lat' dir='ltr'><strong>omnino</strong></span> <span class='ocrx_word' id='word_1_750' title='bbox 626 5462 668 5527; x_wconf 85' lang='grc'><strong>¹,</strong></span> <span class='ocrx_word' id='word_1_751' title='bbox 700 5460 979 5513; x_wconf 77' lang='lat' dir='ltr'><strong>nescientes</strong></span> <span class='ocrx_word' id='word_1_752' title='bbox 1005 5459 1340 5523; x_wconf 79' lang='lat' dir='ltr'><strong>saturitatem,</strong></span> <span class='ocrx_word' id='word_1_753' title='bbox 1377 5466 1423 5511; x_wconf 89' lang='lat' dir='ltr'><strong>et</strong></span> <span class='ocrx_word' id='word_1_754' title='bbox 1449 5467 1565 5510; x_wconf 87' lang='lat' dir='ltr'><strong>sunt</strong></span> <span class='ocrx_word' id='word_1_755' title='bbox 1594 5456 1810 5526; x_wconf 83' lang='lat' dir='ltr'><strong>maligni</strong></span> 
     </span>
    </p>
   </div>
   <div class='ocr_carea' id='block_1_98' title="bbox 291 5568 1803 5643">
    <p class='ocr_par' dir='ltr' id='par_1_98' title="bbox 291 5568 1803 5643">
     <span class='ocr_line' id='line_1_98' title="bbox 291 5568 1803 5643; baseline -0.005 -14"><span class='ocrx_word' id='word_1_756' title='bbox 291 5575 312 5607; x_wconf 78' lang='grc'>⁸</span> <span class='ocrx_word' id='word_1_757' title='bbox 350 5574 483 5629; x_wconf 81' lang='lat' dir='ltr'><strong>Cod.</strong></span> <span class='ocrx_word' id='word_1_758' title='bbox 516 5575 737 5634; x_wconf 71' lang='lat' dir='ltr'><strong>Verum.</strong></span> <span class='ocrx_word' id='word_1_759' title='bbox 766 5574 982 5643; x_wconf 86' lang='lat' dir='ltr'><strong>improbi</strong></span> <span class='ocrx_word' id='word_1_760' title='bbox 1017 5573 1211 5627; x_wconf 91' lang='lat' dir='ltr'><strong>animo.</strong></span> <span class='ocrx_word' id='word_1_761' title='bbox 1246 5572 1395 5642; x_wconf 85' lang='lat' dir='ltr'><strong>Legit</strong></span> <span class='ocrx_word' id='word_1_762' title='bbox 1426 5568 1669 5643; x_wconf 74' lang='lat' dir='ltr'><strong>Vulgata,</strong></span> <span class='ocrx_word' id='word_1_763' title='bbox 1707 5573 1803 5622; x_wconf 87' lang='lat' dir='ltr'><strong>im-</strong></span> 
     </span>
    </p>
   </div>
   <div class='ocr_carea' id='block_1_99' title="bbox 210 5640 1804 5716">
    <p class='ocr_par' dir='ltr' id='par_1_99' title="bbox 210 5640 1804 5716">
     <span class='ocr_line' id='line_1_99' title="bbox 210 5640 1804 5716; baseline -0.004 -15"><span class='ocrx_word' id='word_1_764' title='bbox 210 5647 603 5716; x_wconf 77' lang='lat' dir='ltr'><strong>pudentissimi;</strong></span> <span class='ocrx_word' id='word_1_765' title='bbox 653 5640 1133 5712; x_wconf 56' lang='lat' dir='ltr'><strong>textus&#39;ﬂebrmus,</strong></span> <span class='ocrx_word' id='word_1_766' title='bbox 1172 5640 1432 5713; x_wconf 66' lang='lat' dir='ltr'><strong>was-ny,</strong></span> <span class='ocrx_word' id='word_1_767' title='bbox 1471 5640 1654 5701; x_wconf 77' lang='lat' dir='ltr'><strong>Graeca</strong></span> <span class='ocrx_word' id='word_1_768' title='bbox 1685 5656 1804 5697; x_wconf 85' lang='lat' dir='ltr'><strong>ver-</strong></span> 
     </span>
    </p>
   </div>
   <div class='ocr_carea' id='block_1_100' title="bbox 213 5717 848 5794">
    <p class='ocr_par' dir='ltr' id='par_1_100' title="bbox 213 5717 848 5794">
     <span class='ocr_line' id='line_1_100' title="bbox 213 5717 848 5794; baseline -0.011 -17"><span class='ocrx_word' id='word_1_769' title='bbox 213 5720 318 5787; x_wconf 77' lang='lat' dir='ltr'><strong>sio,</strong></span> <span class='ocrx_word' id='word_1_770' title='bbox 349 5717 561 5781; x_wconf 66' lang='grc' dir='ltr'><strong>ἀναιδεῖς</strong></span> 
     </span>
    </p>
   </div>
   <div class='ocr_carea' id='block_1_101' title="bbox 1918 4548 3503 4618">
    <p class='ocr_par' dir='ltr' id='par_1_101' title="bbox 1918 4548 3503 4618">
     <span class='ocr_line' id='line_1_101' title="bbox 1918 4548 3503 4618; baseline 0 -15"><span class='ocrx_word' id='word_1_771' title='bbox 1918 4549 2136 4604; x_wconf 84' lang='lat' dir='ltr'><strong>difﬁcile</strong></span> <span class='ocrx_word' id='word_1_772' title='bbox 2182 4548 2427 4618; x_wconf 87' lang='lat' dir='ltr'><strong>rejiciant</strong></span> <span class='ocrx_word' id='word_1_773' title='bbox 2476 4548 2731 4602; x_wconf 89' lang='lat' dir='ltr'><strong>obstinati</strong></span> <span class='ocrx_word' id='word_1_774' title='bbox 2775 4551 2917 4616; x_wconf 90' lang='lat' dir='ltr'><strong>quod</strong></span> <span class='ocrx_word' id='word_1_775' title='bbox 2951 4558 3155 4603; x_wconf 88' lang='lat' dir='ltr'><strong>temere</strong></span> <span class='ocrx_word' id='word_1_776' title='bbox 3199 4549 3364 4603; x_wconf 89' lang='lat' dir='ltr'><strong>semel</strong></span> <span class='ocrx_word' id='word_1_777' title='bbox 3414 4564 3503 4603; x_wconf 80' lang='lat' dir='ltr'><strong>as-</strong></span> 
     </span>
    </p>
   </div>
   <div class='ocr_carea' id='block_1_102' title="bbox 1918 4640 3504 4710">
    <p class='ocr_par' dir='ltr' id='par_1_102' title="bbox 1918 4640 3504 4710">
     <span class='ocr_line' id='line_1_102' title="bbox 1918 4640 3504 4710; baseline -0.001 -15"><span class='ocrx_word' id='word_1_778' title='bbox 1918 4649 2279 4710; x_wconf 87' lang='lat' dir='ltr'><strong>sumpserunt.</strong></span> <span class='ocrx_word' id='word_1_779' title='bbox 2330 4640 2435 4694; x_wconf 86' lang='lat' dir='ltr'><strong>Sed</strong></span> <span class='ocrx_word' id='word_1_780' title='bbox 2485 4652 2651 4710; x_wconf 89' lang='lat' dir='ltr'><strong>opto,</strong></span> <span class='ocrx_word' id='word_1_781' title='bbox 2704 4641 3127 4695; x_wconf 88' lang='lat' dir='ltr'><strong>clementissime</strong></span> <span class='ocrx_word' id='word_1_782' title='bbox 3175 4642 3504 4710; x_wconf 72' lang='lat' dir='ltr'><strong>imperator,</strong></span> 
     </span>
    </p>
   </div>
   <div class='ocr_carea' id='block_1_103' title="bbox 1920 4734 3491 4806">
    <p class='ocr_par' dir='ltr' id='par_1_103' title="bbox 1920 4734 3491 4806">
     <span class='ocr_line' id='line_1_103' title="bbox 1920 4734 3491 4806; baseline 0.001 -19"><span class='ocrx_word' id='word_1_783' title='bbox 1920 4744 2024 4787; x_wconf 86' lang='lat' dir='ltr'><strong>tam</strong></span> <span class='ocrx_word' id='word_1_784' title='bbox 2055 4744 2248 4789; x_wconf 67' lang='lat' dir='ltr'><strong>vestrae</strong></span> <span class='ocrx_word' id='word_1_785' title='bbox 2291 4736 2568 4790; x_wconf 70' lang='lat' dir='ltr'><strong>modestia:</strong></span> <span class='ocrx_word' id='word_1_786' title='bbox 2615 4751 2770 4803; x_wconf 90' lang='lat' dir='ltr'><strong>quam</strong></span> <span class='ocrx_word' id='word_1_787' title='bbox 2805 4736 2933 4789; x_wconf 85' lang='lat' dir='ltr'><strong>viris</strong></span> <span class='ocrx_word' id='word_1_788' title='bbox 2975 4737 3275 4806; x_wconf 87' lang='lat' dir='ltr'><strong>quibusque</strong></span> <span class='ocrx_word' id='word_1_789' title='bbox 3300 4734 3491 4803; x_wconf 85' lang='lat' dir='ltr'><strong>gravis-</strong></span> 
     </span>
    </p>
   </div>
   <div class='ocr_carea' id='block_1_104' title="bbox 1917 4824 3500 4895">
    <p class='ocr_par' dir='ltr' id='par_1_104' title="bbox 1917 4824 3500 4895">
     <span class='ocr_line' id='line_1_104' title="bbox 1917 4824 3500 4895; baseline -0.001 -17"><span class='ocrx_word' id='word_1_790' title='bbox 1917 4825 2089 4891; x_wconf 89' lang='lat' dir='ltr'><strong>simis,</strong></span> <span class='ocrx_word' id='word_1_791' title='bbox 2126 4824 2178 4879; x_wconf 89' lang='lat' dir='ltr'><strong>in</strong></span> <span class='ocrx_word' id='word_1_792' title='bbox 2208 4841 2430 4894; x_wconf 87' lang='lat' dir='ltr'><strong>quorum</strong></span> <span class='ocrx_word' id='word_1_793' title='bbox 2463 4841 2653 4881; x_wconf 90' lang='lat' dir='ltr'><strong>manus</strong></span> <span class='ocrx_word' id='word_1_794' title='bbox 2685 4828 2797 4881; x_wconf 68' lang='lat' dir='ltr'><strong>hmc</strong></span> <span class='ocrx_word' id='word_1_795' title='bbox 2848 4826 2986 4882; x_wconf 82' lang='lat' dir='ltr'><strong>forte</strong></span> <span class='ocrx_word' id='word_1_796' title='bbox 3018 4828 3381 4895; x_wconf 85' lang='lat' dir='ltr'><strong>pervenerint,</strong></span> <span class='ocrx_word' id='word_1_797' title='bbox 3416 4826 3500 4877; x_wconf 85' lang='lat' dir='ltr'><strong>ni-</strong></span> 
     </span>
    </p>
   </div>
   <div class='ocr_carea' id='block_1_105' title="bbox 1917 4915 3501 4989">
    <p class='ocr_par' dir='ltr' id='par_1_105' title="bbox 1917 4915 3501 4989">
     <span class='ocr_line' id='line_1_105' title="bbox 1917 4915 3501 4989; baseline -0.001 -20"><span class='ocrx_word' id='word_1_798' title='bbox 1917 4917 2055 4971; x_wconf 86' lang='lat' dir='ltr'><strong>mius</strong></span> <span class='ocrx_word' id='word_1_799' title='bbox 2088 4916 2278 4982; x_wconf 85' lang='lat' dir='ltr'><strong>videri,</strong></span> <span class='ocrx_word' id='word_1_800' title='bbox 2311 4932 2468 4987; x_wconf 89' lang='lat' dir='ltr'><strong>quam</strong></span> <span class='ocrx_word' id='word_1_801' title='bbox 2504 4933 2571 4974; x_wconf 89' lang='lat' dir='ltr'><strong>ne</strong></span> <span class='ocrx_word' id='word_1_802' title='bbox 2612 4919 2904 4989; x_wconf 88' lang='lat' dir='ltr'><strong>pertinacia</strong></span> <span class='ocrx_word' id='word_1_803' title='bbox 2936 4919 3298 4974; x_wconf 81' lang='lat' dir='ltr'><strong>resistentium</strong></span> <span class='ocrx_word' id='word_1_804' title='bbox 3331 4915 3501 4983; x_wconf 86' lang='lat' dir='ltr'><strong>longi-</strong></span> 
     </span>
    </p>
   </div>
   <div class='ocr_carea' id='block_1_106' title="bbox 1914 5006 3498 5067">
    <p class='ocr_par' dir='ltr' id='par_1_106' title="bbox 1914 5006 3498 5067">
     <span class='ocr_line' id='line_1_106' title="bbox 1914 5006 3498 5067; baseline -0.001 -6"><span class='ocrx_word' id='word_1_805' title='bbox 1914 5009 2156 5064; x_wconf 89' lang='lat' dir='ltr'><strong>tudinem</strong></span> <span class='ocrx_word' id='word_1_806' title='bbox 2200 5010 2304 5064; x_wconf 89' lang='lat' dir='ltr'><strong>mei</strong></span> <span class='ocrx_word' id='word_1_807' title='bbox 2348 5010 2615 5067; x_wconf 81' lang='lat' dir='ltr'><strong>sermonis</strong></span> <span class='ocrx_word' id='word_1_808' title='bbox 2645 5018 2885 5066; x_wconf 85' lang='lat' dir='ltr'><strong>excuset.</strong></span> <span class='ocrx_word' id='word_1_809' title='bbox 2920 5009 2977 5065; x_wconf 88' lang='lat' dir='ltr'><strong>Si</strong></span> <span class='ocrx_word' id='word_1_810' title='bbox 3010 5009 3151 5063; x_wconf 89' lang='lat' dir='ltr'><strong>enim</strong></span> <span class='ocrx_word' id='word_1_811' title='bbox 3194 5020 3292 5059; x_wconf 86' lang='lat' dir='ltr'><strong>nec</strong></span> <span class='ocrx_word' id='word_1_812' title='bbox 3339 5006 3498 5059; x_wconf 81' lang='lat' dir='ltr'><strong>tantis</strong></span> 
     </span>
    </p>
   </div>
   <div class='ocr_carea' id='block_1_107' title="bbox 1910 5096 3497 5173">
    <p class='ocr_par' dir='ltr' id='par_1_107' title="bbox 1910 5096 3497 5173">
     <span class='ocr_line' id='line_1_107' title="bbox 1910 5096 3497 5173; baseline -0.003 -18"><span class='ocrx_word' id='word_1_813' title='bbox 1910 5098 2049 5168; x_wconf 91' lang='lat' dir='ltr'><strong>apud</strong></span> <span class='ocrx_word' id='word_1_814' title='bbox 2098 5115 2192 5157; x_wconf 88' lang='lat' dir='ltr'><strong>eos</strong></span> <span class='ocrx_word' id='word_1_815' title='bbox 2236 5102 2377 5170; x_wconf 91' lang='lat' dir='ltr'><strong>quod</strong></span> <span class='ocrx_word' id='word_1_816' title='bbox 2406 5105 2653 5157; x_wconf 71' lang='lat' dir='ltr'><strong>volumus</strong></span> <span class='ocrx_word' id='word_1_817' title='bbox 2694 5102 2983 5173; x_wconf 88' lang='lat' dir='ltr'><strong>egerimus,</strong></span> <span class='ocrx_word' id='word_1_818' title='bbox 3036 5098 3286 5166; x_wconf 83' lang='lat' dir='ltr'><strong>providus</strong></span> <span class='ocrx_word' id='word_1_819' title='bbox 3328 5096 3497 5167; x_wconf 88' lang='lat' dir='ltr'><strong>magis</strong></span> 
     </span>
    </p>
   </div>
   <div class='ocr_carea' id='block_1_108' title="bbox 1909 5188 3490 5267">
    <p class='ocr_par' dir='ltr' id='par_1_108' title="bbox 1909 5188 3490 5267">
     <span class='ocr_line' id='line_1_108' title="bbox 1909 5188 3490 5267; baseline -0.005 -19"><span class='ocrx_word' id='word_1_820' title='bbox 1909 5194 2150 5249; x_wconf 85' lang='lat' dir='ltr'><strong>inveniar</strong></span> <span class='ocrx_word' id='word_1_821' title='bbox 2176 5210 2335 5265; x_wconf 88' lang='lat' dir='ltr'><strong>quam</strong></span> <span class='ocrx_word' id='word_1_822' title='bbox 2372 5194 2636 5267; x_wconf 81' lang='lat' dir='ltr'><strong>prolixus.</strong></span> <span class='ocrx_word' id='word_1_823' title='bbox 2678 5192 2930 5261; x_wconf 83' lang='lat' dir='ltr'><strong>Quamvis</strong></span> <span class='ocrx_word' id='word_1_824' title='bbox 2958 5191 3138 5257; x_wconf 87' lang='lat' dir='ltr'><strong>itaque</strong></span> <span class='ocrx_word' id='word_1_825' title='bbox 3166 5188 3219 5242; x_wconf 90' lang='lat' dir='ltr'><strong>in</strong></span> <span class='ocrx_word' id='word_1_826' title='bbox 3252 5188 3490 5258; x_wconf 81' lang='lat' dir='ltr'><strong>superio-</strong></span> 
     </span>
    </p>
   </div>
   <div class='ocr_carea' id='block_1_109' title="bbox 1908 5278 3494 5353">
    <p class='ocr_par' dir='ltr' id='par_1_109' title="bbox 1908 5278 3494 5353">
     <span class='ocr_line' id='line_1_109' title="bbox 1908 5278 3494 5353; baseline -0.004 -14"><span class='ocrx_word' id='word_1_827' title='bbox 1908 5285 2054 5341; x_wconf 85' lang='lat' dir='ltr'><strong>ribus</strong></span> <span class='ocrx_word' id='word_1_828' title='bbox 2081 5294 2356 5341; x_wconf 89' lang='lat' dir='ltr'><strong>ostensum</strong></span> <span class='ocrx_word' id='word_1_829' title='bbox 2404 5285 2584 5349; x_wconf 84' lang='lat' dir='ltr'><strong>fuerit,</strong></span> <span class='ocrx_word' id='word_1_830' title='bbox 2628 5283 2870 5353; x_wconf 66' lang='lat' dir='ltr'><strong>quaedam</strong></span> <span class='ocrx_word' id='word_1_831' title='bbox 2902 5296 2967 5335; x_wconf 87' lang='lat' dir='ltr'><strong>ex</strong></span> <span class='ocrx_word' id='word_1_832' title='bbox 3013 5278 3494 5347; x_wconf 75' lang='lat' dir='ltr'><strong>dictis&#39;l‘heodori,</strong></span> 
     </span>
    </p>
   </div>
   <div class='ocr_carea' id='block_1_110' title="bbox 1913 5373 3499 5449">
    <p class='ocr_par' dir='ltr' id='par_1_110' title="bbox 1913 5373 3499 5449">
     <span class='ocr_line' id='line_1_110' title="bbox 1913 5373 3499 5449; baseline -0.003 -16"><span class='ocrx_word' id='word_1_833' title='bbox 1913 5394 2009 5449; x_wconf 89' lang='lat' dir='ltr'><strong>pro</strong></span> <span class='ocrx_word' id='word_1_834' title='bbox 2040 5378 2233 5448; x_wconf 91' lang='lat' dir='ltr'><strong>quibus</strong></span> <span class='ocrx_word' id='word_1_835' title='bbox 2263 5388 2477 5448; x_wconf 88' lang='lat' dir='ltr'><strong>putatur</strong></span> <span class='ocrx_word' id='word_1_836' title='bbox 2507 5393 2535 5431; x_wconf 88' lang='lat' dir='ltr'><strong>a</strong></span> <span class='ocrx_word' id='word_1_837' title='bbox 2562 5376 2764 5448; x_wconf 81' lang='lat' dir='ltr'><strong>synodo</strong></span> <span class='ocrx_word' id='word_1_838' title='bbox 2791 5373 3213 5430; x_wconf 79' lang='lat' dir='ltr'><strong>Clialcedonensi</strong></span> <span class='ocrx_word' id='word_1_839' title='bbox 3241 5373 3499 5429; x_wconf 78' lang='lat' dir='ltr'><strong>debuisse</strong></span> 
     </span>
    </p>
   </div>
   <div class='ocr_carea' id='block_1_111' title="bbox 1908 5468 3501 5542">
    <p class='ocr_par' dir='ltr' id='par_1_111' title="bbox 1908 5468 3501 5542">
     <span class='ocr_line' id='line_1_111' title="bbox 1908 5468 3501 5542; baseline -0.004 -13"><span class='ocrx_word' id='word_1_840' title='bbox 1908 5474 2194 5542; x_wconf 88' lang='lat' dir='ltr'><strong>damnari,</strong></span> <span class='ocrx_word' id='word_1_841' title='bbox 2241 5473 2309 5528; x_wconf 87' lang='lat' dir='ltr'><strong>ab</strong></span> <span class='ocrx_word' id='word_1_842' title='bbox 2356 5471 2809 5541; x_wconf 81' lang='lat' dir='ltr'><strong>Eutychianorum</strong></span> <span class='ocrx_word' id='word_1_843' title='bbox 2860 5468 3159 5526; x_wconf 81' lang='lat' dir='ltr'><strong>fautoribus</strong></span> <span class='ocrx_word' id='word_1_844' title='bbox 3205 5480 3325 5524; x_wconf 82' lang='lat' dir='ltr'><strong>esse</strong></span> <span class='ocrx_word' id='word_1_845' title='bbox 3370 5476 3501 5523; x_wconf 77' lang='lat' dir='ltr'><strong>cor-</strong></span> 
     </span>
    </p>
   </div>
   <div class='ocr_carea' id='block_1_112' title="bbox 1974 5586 2564 5658">
    <p class='ocr_par' dir='ltr' id='par_1_112' title="bbox 1974 5586 2564 5658">
     <span class='ocr_line' id='line_1_112' title="bbox 1974 5586 2564 5658; baseline -0.007 -12"><span class='ocrx_word' id='word_1_846' title='bbox 1974 5590 2006 5626; x_wconf 76' lang='lat'><strong>“</strong></span> <span class='ocrx_word' id='word_1_847' title='bbox 2036 5588 2218 5658; x_wconf 83' lang='lat' dir='ltr'><strong>Forte,</strong></span> <span class='ocrx_word' id='word_1_848' title='bbox 2247 5606 2308 5644; x_wconf 84' lang='lat' dir='ltr'><strong>nc</strong></span> <span class='ocrx_word' id='word_1_849' title='bbox 2330 5586 2383 5643; x_wconf 84' lang='lat' dir='ltr'><strong>in</strong></span> <span class='ocrx_word' id='word_1_850' title='bbox 2410 5586 2564 5643; x_wconf 82' lang='lat' dir='ltr'><strong>illud.</strong></span> 
     </span>
    </p>
   </div>
  </div>
