3998 6202
471 357 569 413 767

1565 357 1856 414 FACUNDI
1899 356 2111 413 EPISC.
2154 358 2660 416 IIERMIAVENSIS

3637 365 3744 419 763

470 476 655 537 rupta;
689 467 928 535 quattlam
982 483 1113 523 vero
1160 477 1466 525 sanctorum
1520 472 1760 541 Patrum,
1813 485 1946 541 quos
1995 478 2049 526 et
2079 477 2126 531 Α
2161 479 2338 539 pterea
2370 473 2607 540 synodus
2635 472 3086 532 Chalcedonensis
3117 473 3384 545 Iudicatur
3417 476 3612 532 similia
3651 494 3742 534 sa-

471 558 568 624 ipsi
601 560 842 612 venerari
891 574 948 615 se
991 560 1196 625 dicunt,
1226 561 1482 617 doctrina:
1514 564 1704 618 similia
1754 581 1766 616 :
1813 566 2056 632 quamvis

471 661 522 707 et
549 653 648 705 hoc
681 653 836 707 fuerit
865 654 1314 720 demonSIratum,
1347 657 1486 725 quod
1521 657 1658 710 idem
1690 657 2004 712 Theodorus
2027 673 2056 711 a

473 744 738 812 praadictls
772 747 972 800 sanctis
1002 746 1251 802 Patribus
1279 757 1332 803 et
1359 759 1653 817 superstes,
1684 757 1734 803 et
1770 759 1887 818 post
1915 762 2058 803 mor-

473 847 600 902 tem,
651 853 838 908 magna
873 838 1031 895 fuerit
1074 842 1452 909 praedicatione
1482 842 1727 897 laudatus
1759 858 1773 896 :
1816 841 2058 912 quamvis

474 942 569 996 pos
596 943 744 982 remo
785 931 944 983 etiam
1003 930 1266 985 dictorum
1329 934 1445 1000 ejus
1497 932 1835 988 evidentibus
1889 934 2056 988 docu-

474 1021 666 1073 mentis
699 1021 980 1075 manifeste
1016 1022 1290 1086 claruerit,
1335 1025 1474 1092 quod
1507 1025 1837 1080 calumniose
1868 1025 2058 1081 adver-

474 1109 736 1163 sariorutn
801 1111 1263 1168 criminationibus
1317 1114 1624 1185 impetatur.
1680 1116 1880 1171 Tamen
1929 1133 2061 1187 quo-

476 1203 614 1255 niam
649 1205 882 1274 religiosi
911 1205 1126 1260 lectoris
1157 1208 1384 1262 intentio
1414 1224 1518 1263 non
1552 1220 1656 1264 tam
1692 1209 2058 1278 purgationem

474 1294 764 1363 Theodori,
792 1297 842 1350 in
874 1313 978 1365 quo
1007 1305 1179 1352 status
1201 1299 1452 1354 Ecclesia:
1477 1314 1579 1354 non
1609 1302 1869 1365 consistit,
1898 1315 2058 1370 quam

474 1387 773 1440 absolutam
824 1388 1192 1444 defensionem
1239 1392 1431 1462 synodi
1479 1391 1932 1448 Chalcedonensis
1961 1408 2058 1447 ex-

475 1485 682 1543 spectat
713 1495 723 1528 :
758 1479 1048 1534 ostendere
1076 1481 1353 1547 debemus,
1383 1483 1650 1552 quomodo
1678 1483 1758 1537 vel
1796 1483 1839 1537 si
1877 1483 2062 1552 culpa-

477 1567 600 1621 bilia
630 1570 871 1638 quasdam
919 1573 969 1625 in
1019 1573 1168 1628 libris
1218 1574 1487 1630 Theodori
1514 1575 1839 1644 judicentur,
1873 1585 2060 1645 repre-

477 1661 757 1716 hendenda
797 1664 1034 1734 synodus
1078 1680 1184 1720 non
1225 1667 1314 1730 sit,
1347 1667 1486 1736 quod
1528 1681 1650 1721 eum
1693 1681 1800 1722 non
1843 1667 2061 1722 damna~

476 1756 629 1817 verit,
658 1770 778 1809 cum
807 1772 870 1809 ex
893 1758 1115 1825 epistola
1147 1758 1252 1813 lbze
1274 1760 1438 1828 relegi
1464 1761 1647 1814 laudes
1667 1760 1781 1831 ejus
1805 1761 2018 1814 audiret
2043 1778 2056 1814 :

2163 564 2340 632 puisse
2365 564 2633 633 Nestorio,
2662 567 2785 636 quia
2811 566 3154 624 Theodorum
3183 581 3452 624 mortuum
3484 587 3591 626 non
3617 588 3745 628 con-

2160 655 2453 724 demnavit,
2485 675 2641 729 quem
2687 662 3016 731 interrogare
3044 664 3128 717 vel
3157 667 3432 733 corripere
3467 679 3595 723 ante
3637 684 3748 723 non

2159 747 2330 816 potuit
2383 766 2395 803 :
2446 751 2716 819 quomodo
2773 754 2965 821 prioris
3019 757 3276 824 temporis
3339 756 3578 814 Ecclesia
3640 777 3750 815 non

2159 835 2346 891 eadem
2369 853 2485 902 quze
2507 838 2784 894 Nestorius
2813 842 3055 911 sapuisse
3079 844 3398 913 flrmabitur,
3423 864 3544 916 quas
3572 849 3752 912 illum,

2160 927 2331 982 donec
2352 929 2574 996 viveret,
2604 933 2742 986 inter
2763 934 3095 989 clarissimos
3119 937 3399 1008 episcopos
3427 939 3753 998 honoravit!

2160 1018 2294 1073 Cum
2329 1035 2460 1074 vero
2490 1023 2684 1078 dicitur
2723 1023 2964 1081 Ecclesia
2992 1027 3194 1084 Christi
3244 1030 3431 1085 eadem
3485 1047 3609 1102 quzn
3647 1035 3754 1089 Ne-

2161 1112 2364 1167 storius
2394 1113 2569 1181 priore
2602 1123 2846 1185 tempore
2875 1119 3138 1188 sapuisse,
3170 1123 3351 1191 procul
3385 1124 3551 1179 dubio
3581 1141 3750 1181 excu-

2161 1213 2312 1258 satur
2337 1205 2651 1262 Nestoriana
2682 1210 2926 1278 haeresis,
2954 1214 2997 1267 si
3031 1223 3207 1270 tamen
3246 1217 3356 1285 jam
3400 1218 3609 1274 dicatur
3639 1223 3754 1277 ba)-

2164 1297 2318 1364 resis,
2364 1298 2577 1367 quando
2615 1301 2854 1371 quisquis
2906 1304 3060 1359 aliter
3109 1307 3266 1374 sapit,
3301 1308 3415 1378 ipse
3446 1312 3620 1379 potius
3651 1315 3754 1367 ad-

2163 1402 2348 1443 versus
2378 1392 2651 1461 antiquam
2691 1394 2989 1450 doctrinam
3022 1400 3142 1453 novi
3185 1400 3450 1471 dogmatis
3483 1405 3754 1461 invenitur

2162 1490 2419 1536 assertor.
2466 1484 2575 1539 Iloc
2620 1496 2701 1541 est
2751 1497 2942 1555 totum,
2989 1493 3130 1561 quod
3189 1489 3506 1564 Eutychiani
3556 1513 3754 1567 magno

2165 1581 2380 1642 sumptu
2412 1589 2504 1643 per
2530 1590 2654 1631 suos
2687 1588 2970 1648 potuerunt
2996 1583 3257 1638 satellites
3287 1587 3551 1641 obtinere.
3585 1587 3697 1642 Sed
3723 1607 3754 1642 ο

2164 1663 2599 1723 Nestorianorum
2631 1671 2929 1726 miseranda
2965 1672 3213 1738 felicitas,
3245 1677 3434 1746 quibus
3467 1678 3755 1751 Eutychia.

2166 1771 2356 1810 norunt
2386 1761 2666 1829 stipendiis
2704 1763 2994 1819 militatur!
3049 1764 3213 1821 Porro
3259 1783 3380 1822 cum
3432 1770 3755 1842 Eutychiani

475 1857 532 1899 ut
559 1860 882 1914 cognoscant
913 1849 1228 1921 Eutychiani
1259 1868 1416 1921 quam
1448 1853 1677 1906 inaniter
1703 1853 1819 1907 dies
1847 1861 2058 1907 noctes-
2091 1849 2137 1908 B
2168 1845 2456 1902 Ecclesiam
2523 1851 2840 1906 Catholicam
2914 1865 3039 1908 ante
3094 1853 3536 1915 Cltalcedouense
3594 1871 3758 1930 atque

474 1953 578 2005 que
608 1939 659 1993 in
690 1940 935 2009 malignis
963 1943 1199 2000 consiliis
1229 1944 1445 2010 ducant,
1477 1953 1530 1999 et
1561 1945 1721 2000 tantis
1758 1945 2060 2013 sumptibus

476 2043 610 2089 quos
642 2030 694 2084 in
747 2049 872 2088 suos
912 2016 1202 2104 complices
1250 2047 1409 2109 atque
1457 2038 1692 2095 fautores
1723 2039 2056 2107 expendunt,

475 2118 602 2172 nihil
635 2119 890 2176 efficiant.
924 2124 994 2178 Et
1033 2140 1131 2180 nos
1157 2141 1287 2197 ergo
1315 2143 1596 2195 ponamus,
1628 2137 1686 2183 ut
1723 2128 1922 2182 dictum
1953 2137 2057 2196 est,

475 2212 612 2275 quod
646 2213 696 2264 in
729 2214 877 2268 libris
913 2217 1271 2284 Mopsuesteni
1303 2218 1570 2274 Theodori
1603 2219 1845 2288 quasdam
1881 2233 2059 2286 repre-

475 2302 757 2359 hensibilia
787 2307 1089 2365 videantur.
1124 2310 1392 2379 Imprimis
1435 2311 1577 2366 unde
1611 2313 1822 2381 probari
1865 2322 2056 2380 potest,

477 2393 618 2458 quod
645 2393 747 2448 hoc
769 2397 1008 2465 synodus
1033 2397 1488 2456 Chalcedonensis
1510 2404 1854 2470 cognoverit?
1886 2403 2061 2456 Potuit

472 2483 616 2535 enim
651 2485 763 2538 fleri
809 2495 866 2539 ut
894 2502 1012 2542 eam
1055 2489 1266 2556 lateret,
1301 2491 1437 2545 sicut
1465 2501 1518 2546 et
1551 2492 1694 2560 ipsos
1725 2502 2060 2547 accusatores

478 2574 604 2639 Ihm,
644 2579 890 2644 quamvis
920 2579 1282 2636 calumniosos
1314 2591 1366 2637 et
1395 2585 1695 2652 pertinaces
1722 2593 1881 2653 atque
1909 2600 2061 2638 excr-

471 2667 647 2720 citatae
695 2669 934 2736 malitiae,
967 2671 1136 2726 latuit.
1169 2673 1302 2728 Nam
1348 2690 1468 2729 cum
1500 2690 1871 2743 saepenumero
1909 2693 2061 2731 eum-

471 2759 594 2812 dem
627 2760 771 2814 Ibam
819 2774 944 2818 aute
985 2764 1422 2823 Cbalcedonense
1453 2768 1822 2847 conciliumin
1848 2768 2060 2836 judiciis

472 2853 866 2920 episcolialibus
893 2868 1227 2924 accusarent,
1262 2861 1391 2914 nihil
1431 2862 1478 2915 ci
1506 2862 1573 2914 de
1606 2861 1760 2916 laude
1789 2861 2059 2917 Theodori

471 2942 710 3010 objicere
749 2954 1111 3002 tentavcrunt.
1146 2949 1214 3003 At
1258 2950 1401 3005 enim
1448 2950 1589 3004 aliud
1619 2960 1702 3006 est
1744 2951 1788 3005 si
1833 2965 2058 3006 accusa-

472 3043 669 3097 torum,
703 3037 847 3092 aliud
878 3041 922 3092 si
955 3042 1168 3096 concilii
1214 3045 1458 3098 notitiam
1491 3043 1689 3113 fugisse
1717 3044 1948 3098 dicatur.
1981 3043 2060 3098 Sit

472 3125 634 3194 aliud,
671 3129 1027 3184 concedamus
1074 3152 1085 3185 :
1128 3135 1220 3186 sed
1273 3151 1394 3188 num
1440 3135 1558 3190 ideo
1601 3149 1821 3189 necesse
1870 3144 1951 3189 est
1999 3142 2060 3189 ut

2167 1937 2493 2006 Ephesinutn
2530 1943 2818 1998 concilium
2855 1944 2922 2000 de
2962 1945 3190 2000 Nestorii
3221 1949 3468 2017 dogmate
3498 1966 3758 2008 accusare

2167 2047 2274 2086 non
2312 2034 2539 2100 possint,
2594 2035 2645 2089 in
2697 2035 2849 2105 cujus
2892 2038 3267 2094 communione
3296 2039 3612 2098 Theodorus
3645 2047 3757 2113 epi-

2166 2142 2360 2197 scopus
2386 2139 2470 2184 est
2497 2129 2811 2196 defunctus;
2840 2148 2937 2187 nec
2967 2143 3205 2188 sanctam
3238 2138 3500 2205 synodum
3529 2139 3757 2196 Chalce-

2165 2218 2456 2274 donensein
2500 2223 2601 2275 nisi
2631 2224 2996 2291 imprudenter
3046 2236 3296 2294 poterunt
3325 2244 3608 2296 accusare,
3632 2250 3758 2301 qua”:

2163 2319 2347 2361 contra
2380 2309 2544 2378 ipsius
2586 2311 2838 2367 Ecclesia:
2877 2313 3134 2382 judicium
3194 2317 3376 2372 venire
3406 2334 3513 2374 non
3545 2322 3753 2387 debuit,

2164 2399 2374 2451 etiamsi
2406 2410 2746 2455 accusatores
2796 2401 2898 2457 lbae
2946 2405 3185 2476 episcopi
3227 2407 3433 2478 aliquas
3482 2412 3552 2466 de
3597 2413 3757 2470 laude

2165 2489 2431 2545 Theodori
2465 2494 2792 2561 quzestiones
2836 2507 3132 2552 moverent.
3166 2498 3348 2570 Itaque
3378 2504 3419 2556 si
3467 2517 3756 2574 propterea

2165 2582 2351 2637 dicunt
2380 2585 2575 2651 prioris
2607 2589 2863 2653 temporis
2904 2587 3193 2644 Ecclesiam
3232 2606 3335 2646 non
3367 2608 3488 2649 esse
3531 2597 3758 2666 culpan-

2163 2672 2312 2738 dam,
2344 2689 2463 2741 qua:
2495 2689 2595 2728 nec
2623 2674 2985 2742 Theodorum,
3017 2694 3115 2733 nec
3142 2695 3205 2734 ea
3231 2695 3349 2747 qme
3380 2683 3431 2736 in
3463 2684 3612 2737 IFbris
3636 2687 3758 2756 ejus
3787 2689 3796 2700 ‘

2162 2765 2602 2832 reprehendenda
2652 2777 2776 2821 sunt
2819 2768 3017 2836 scripta
3062 2771 3352 2834 damnavit,
3385 2777 3638 2842 quoniam
3695 2794 3756 2831 ea

2165 2858 2420 2925 nescivit;
2476 2860 2697 2914 credant
2746 2860 2862 2916 haec
2919 2863 3076 2917 etiam
3133 2864 3394 2936 synodum
3451 2865 3761 2926 Chalcedo-

2163 2966 2381 3004 nensem
2413 2952 2649 3020 potuisse
2677 2955 2908 3009 nescire.
2935 2954 2990 3009 Si
3015 2970 3144 3010 vero
3166 2956 3366 3023 dicant,
3391 2960 3533 3028 quod
3561 2961 3756 3017 eadem

2162 3043 2360 3112 scripta
2392 3043 2581 3114 quibus
2623 3061 2762 3099 nunc
2794 3047 2938 3101 abuti
2978 3047 3319 3106 Nestorianos
3366 3051 3628 3121 fecerunt,
3671 3056 3759 3110 di-

2161 3151 2317 3188 vers't
2341 3145 2393 3189 et
2417 3138 2621 3192 meliori
2647 3139 2919 3193 intellectu
2945 3140 3237 3208 accipiebat
3264 3143 3503 3199 Ecclesia
3524 3148 3577 3200 in
3595 3149 3758 3218 cujus

472 3218 756 3272 concilium
803 3237 906 3275 non
950 3223 1167 3276 latuisse
1215 3225 1494 3278 firmetur?
1536 3222 1802 3292 Quidquid
1853 3223 2051 3285 dicant.
2085 3234 2129 3296 ρ
2161 3227 2540 3282 communione
2572 3227 2850 3286 defuncms
2876 3238 2977 3298 est,
3011 3231 3503 3291 Chalcedonenscm
3535 3255 3759 3311 quoque

471 3323 802 3378 qun-cunque
852 3313 1008 3366 verba
1057 3315 1429 3379 nittlti..licent,
1479 3317 1638 3368 etiam
1688 3313 1815 3368 illttd
1864 3313 2051 3382 procul

468 3395 634 3450 dubio
659 3403 1002 3469 concedetur,
1030 3406 1279 3471 quoniam
1312 3406 1452 3460 aliud
1483 3415 1563 3460 est
1600 3406 1880 3476 suspicari,
1914 3404 2053 3460 aliud

473 3497 617 3539 certa
659 3489 864 3544 ratione
894 3505 1194 3550 monstrare
1231 3497 1369 3565 quod
1412 3496 1513 3552 hoc
1542 3497 1803 3569 synodum
1835 3513 1939 3552 non
1972 3498 2054 3552 la-

475 3579 655 3632 tuerit.
688 3579 822 3634 Nam
854 3594 983 3651 puto
1027 3586 1166 3655 quod
1220 3587 1302 3641 isti
1336 3604 1430 3656 pro
1471 3589 1778 3658 suspicione
1817 3603 1912 3642 sua
1956 3601 2056 3642 nec

473 3673 622 3743 ipsos
654 3676 756 3730 lbte
799 3690 1140 3736 accusatores
1180 3682 1422 3738 dicerent
1454 3682 1622 3738 latere
1662 3682 1919 3750 potuisse,
1952 3681 2055 3735 nisi

473 3778 652 3820 rerum
683 3770 835 3823 exitu
870 3771 1228 3827 \iucercntur.
1260 3774 1370 3828 Non
1401 3790 1549 3843 ergo,
1581 3775 1665 3828 vel
1697 3775 1742 3829 si
1767 3773 2056 3842 judicanda

473 3855 663 3913 fuisset
691 3860 783 3914 illa
813 3863 1070 3932 synodus,
1105 3881 1171 3920 ex
1203 3868 1526 3935 suspicione,
1556 3869 1851 3936 praesertim
1881 3866 2057 3921 inimi-

473 3966 682 4022 corum,
723 3955 815 4009 Srd
849 3973 910 4010 cx
941 3958 1102 4012 certis
1149 3969 1330 4028 posset
1360 3959 1765 4029 probationibus
1804 3959 2053 4030 judicari.

476 4043 609 4098 Nam
659 4047 703 4100 si
749 4049 1081 4116 suSpiciones
1117 4050 1442 4118 judiciorum
1490 4052 1806 4106 sententiam
1857 4051 2054 4117 dicent,

476 4136 606 4190 nihil
634 4138 853 4193 omnino
879 4149 960 4193 est
987 4142 1127 4210 quod
1165 4158 1272 4196 non
1301 4144 1454 4197 aliter
1485 4153 1642 4212 atque
1671 4143 1828 4198 aliter
1854 4144 2057 4212 judice-

476 4237 580 4282 tur.
621 4228 925 4285 Admodum
960 4248 1088 4287 vero
1135 4234 1271 4287 bene
1315 4235 1583 4302 provisum
1627 4245 1710 4289 est
1757 4243 1814 4288 ut
1850 4235 2060 4305 judices

473 4337 579 4374 non
628 4323 980 4389 conjectures,
1026 4324 1120 4378 sed
1160 4326 1466 4394 cognitores
1515 4327 1691 4394 potius
1721 4341 2054 4383 vocaremus.

473 4414 544 4466 At
588 4414 674 4466 isti
721 4416 905 4470 volunt
943 4416 1174 4484 judicari
1217 4426 1415 4472 tantam
1448 4418 1709 4490 synodum
1759 4433 1855 4488 per
1883 4427 2060 4476 tantos

476 4518 646 4557 amns
673 4514 815 4559 tanta
848 4509 1165 4563 universalis
1198 4509 1452 4564 Ecclesia:
1484 4525 1614 4580 pace
1641 4511 1656 4541 ⁸
1691 4509 1976 4580 firmatam,
2007 4520 2062 4566 et

2160 3320 2421 3388 synodum
2451 3320 2672 3375 credant
2695 3321 2837 3391 quod
2862 3337 2926 3377 ea
2954 3323 3200 3379 similiter
3227 3328 3448 3383 meliore
3479 3334 3760 3392 acceperit

2161 3406 2456 3463 intellectu.
2491 3410 2557 3463 Et
2587 3411 2702 3466 hznc
2732 3412 2944 3481 quidem
2978 3429 3184 3485 magna:
3215 3418 3404 3488 synodi
3438 3424 3757 3492 purgationi

2160 3500 2472 3564 sufficiant,
2523 3503 2716 3570 quibus
2769 3504 2822 3558 in
2871 3519 3030 3560 causa
3082 3505 3348 3563 Theodori
3401 3526 3508 3566 non
3573 3514 3759 3571 minus

2161 3607 2317 3661 quam
2348 3595 2586 3648 anterior
2616 3595 2857 3651 Ecclesia
2901 3597 3117 3653 defendi
3164 3611 3361 3669 potest,
3394 3619 3516 3671 quae
3548 3622 3760 3676 nequa-

2161 3697 2317 3752 quam
2367 3684 2434 3737 ab
2465 3684 2815 3756 Eutychianis
2854 3688 2922 3742 de
2967 3688 3286 3745 Nestoriano
3315 3693 3566 3764 dogmate
3595 3713 3761 3753 accu-

2162 3776 2266 3828 sari
2299 3783 2422 3830 ante
2463 3776 2768 3853 i‘iestorium
2817 3788 3010 3848 potest.
3055 3781 3161 3838 Sed
3192 3785 3314 3853 quia
3362 3791 3602 3843 contenti
3645 3808 3760 3847 non

2162 3883 2347 3922 sumus
2407 3845 2748 3938 prosternere
2798 3879 3005 3926 tantum
3067 3875 3438 3932 stultissimam
3507 3880 3759 3950 ipsorum

2164 3960 2615 4033 Eutychianorum
2645 3965 2980 4031 superbiam,
3011 3981 3130 4036 qua:
3157 3983 3300 4038 saepe
3331 3971 3540 4040 deiecta
3564 3988 3762 4032 contra

2163 4059 2429 4106 tantorum
2461 4052 2799 4108 sacerdotum
2842 4052 3041 4112 Christi
3081 4059 3401 4115 sententiam
3431 4061 3612 4118 adhuc
3650 4068 3761 4120 eri-

2163 4145 2323 4215 gitur,
2349 4160 2535 4200 verum
2561 4147 2721 4201 etiam
2744 4148 3064 4203 conculcare
3092 4159 3252 4218 atque
3275 4163 3594 4220 conterere;
3626 4160 3762 4227 quid

2163 4236 2314 4291 vobis
2336 4237 2563 4306 amplius
2596 4245 2720 4307 post
2743 4237 2880 4294 hanc
2905 4238 3116 4307 plenam
3139 4239 3510 4298 defensionem
3537 4246 3763 4302 abunde

2163 4338 2218 4385 et
2256 4329 2320 4383 ad
2369 4329 2641 4384 cumulum
2687 4329 3062 4400 proferamus?
3088 4330 3218 4386 Nam
3258 4334 3575 4390 credibilius
3608 4337 3764 4392 affir-

2164 4427 2337 4473 matur
2385 4417 2527 4487 quod
2577 4418 2821 4474 doctrina
2875 4418 3170 4488 Theodori,
3204 4434 3325 4476 cum
3377 4422 3672 4479 haberetur
3710 4428 3764 4482 in

2163 4509 2382 4577 scripto,
2407 4508 2576 4564 latere
2605 4511 2776 4578 potuit
2798 4507 3235 4566 Chalcedonense
3255 4513 3568 4581 concilium,
3594 4532 3765 4583 quam

477 4594 607 4647 nihil
641 4598 779 4662 quod
829 4613 1236 4667 cognoscamus,
1289 4601 1381 4656 sed
1432 4601 1533 4656 hoc
1582 4601 1753 4657 solum
1805 4601 2052 4669 afferunt,
2087 4625 2137 4684 ι)
2164 4601 2420 4670 temporis
2445 4600 2639 4668 prioris
2673 4601 2994 4665 Ecclesiam,
3027 4601 3080 4655 in
3106 4617 3232 4670 qua,
3263 4604 3400 4658 sicut
3424 4607 3764 4669 ostenditur.

471 4684 608 4753 quod
641 4700 738 4753 pro
767 4702 866 4740 suo
913 4705 1009 4744 nos
1050 4691 1212 4744 velint
1257 4691 1480 4747 arbitrio
1526 4693 1805 4762 suspicari.
1840 4695 1979 4764 Ergo
2007 4695 2054 4750 si

469 4775 691 4845 cupiunt
737 4788 794 4832 ut
830 4795 950 4833 cum
983 4781 1086 4834 illis
1117 4781 1255 4836 banc
1297 4783 1558 4854 synodum
1589 4801 1689 4856 ego
1718 4800 1928 4855 quoque
1969 4801 2056 4841 re-

471 4867 815 4936 prehendam,
840 4871 944 4926 tale
960 4874 1156 4943 aliquid
1172 4876 1235 4928 al
1262 4891 1380 4930 eam
1404 4877 1782 4933 destruendam
1802 4879 2050 4935 idoneum

468 4963 745 5030 requirant
787 4979 848 5018 ac
881 4967 1170 5034 proferant,
1225 4970 1365 5039 quod
1398 4979 1503 5024 tam
1553 4983 1756 5027 certum
1799 4973 1930 5028 mihi
1958 4975 2048 5037 sit,

467 5065 624 5118 quam
648 5066 853 5108 certum
881 5056 1010 5110 mihi
1035 5067 1117 5113 est
1141 5074 1262 5115 esse
1284 5075 1390 5114 me.
1408 5060 1698 5115 Videamus
1725 5071 1899 5117 tamen
1923 5064 2050 5134 quid

470 5140 605 5196 hanc
654 5158 839 5200 eorum
891 5151 1249 5219 suspicionem
1282 5161 1566 5219 sequatur;
1600 5161 1654 5206 et
1702 5153 1745 5206 si
1797 5154 1879 5208 vel
1924 5154 2052 5223 ipsis

471 5229 814 5301 Eutychianis
862 5241 1134 5304 convenit,
1180 5249 1405 5310 arguant
1452 5241 1592 5311 quod
1627 5255 1732 5296 non
1776 5255 1896 5296 cum
1945 5243 2050 5298 illis

470 5324 666 5387 pariter
695 5325 1050 5395 suspicemur.
1082 5331 1136 5388 Si
1166 5334 1308 5386 enim
1336 5333 1588 5387 credatur
1614 5334 1755 5404 quod
1785 5334 2048 5404 synodum

467 5412 962 5473 tlltalcedonensem
1005 5422 1172 5476 latere
1221 5439 1324 5477 non
1373 5431 1659 5492 potuerunt
1699 5423 1941 5493 quaadam
1983 5439 2049 5480 ex

467 5504 684 5559 nomine
714 5506 981 5564 Theodori
1013 5513 1208 5582 scripta
1227 5556 1243 5581 ,
1273 5530 1391 5585 qum
1420 5515 1733 5568 Nestoriatta
1763 5515 2009 5570 dicuntur
2030 5560 2046 5584 ,

463 5595 736 5664 quomodo
763 5600 1012 5654 credatur
1045 5603 1338 5660 Ecclesiam
1382 5607 1621 5673 latuisse,
1657 5609 1707 5660 itt
1738 5606 1889 5676 cujus
1919 5623 2048 5677 pace

462 5693 621 5756 atque
652 5687 855 5745 honore
883 5691 1165 5748 defunctus
1198 5695 1333 5749 idem
1365 5695 1713 5753 Theodorus?
1746 5697 1810 5753 Et
1836 5698 1878 5752 si
1916 5713 2041 5767 pro-

533 5822 547 5851 ⁶
581 5818 714 5877 Cod.
756 5822 973 5892 Varum,
1005 5826 1322 5882 altt‘IOI‘IItle.

2162 4706 2376 4761 semper
2400 4692 2560 4746 etiam
2585 4707 2716 4747 voce
2741 4692 2955 4760 propria
2984 4691 3310 4760 disputabat.
3341 4694 3534 4750 Beatus
3557 4699 3765 4767 quippe

2161 4781 2399 4838 Joannes
2428 4783 2795 4840 Antiocltenus
2826 4792 2878 4838 et
2921 4785 3182 4840 orientale
3211 4787 3496 4841 concilium
3540 4789 3758 4860 diruut,

2160 4873 2303 4944 quod
2353 4874 2404 4926 in
2452 4875 2876 4943 expositionibus
2921 4891 3052 4946 quas
3101 4877 3153 4931 in
3202 4878 3455 4933 omnibus
3501 4883 3762 4936 ccclesi's

2160 4964 2514 5020 orientalibus
2538 4967 2787 5026 faciebat.
2814 4975 2869 5022 et
2888 4968 3082 5037 quibus
3105 4969 3157 5023 in
3187 4971 3328 5040 regia
3357 4972 3574 5027 civitate
3595 4975 3761 5031 valde

2159 5068 2280 5110 esse
2311 5041 2692 5122 comprobatus
2719 5066 2963 5126 apparet,
2988 5057 3042 5112 in
3071 5069 3362 5128 conspectu
3382 5062 3760 5132 sacerdotum,

2158 5151 2214 5200 et
2241 5145 2646 5214 imperatorum,
2686 5155 2738 5201 et
2785 5149 3101 5216 populorum
3149 5159 3328 5207 rectus
3365 5151 3614 5209 inventus
3640 5167 3757 5212 est.

2156 5239 2387 5295 Facilius
2427 5255 2640 5311 quoque
2674 5241 2884 5296 videtur
2928 5253 2983 5298 et
3030 5245 3347 5313 promptius,
3391 5260 3445 5300 ut
3488 5247 3760 5304 Ecclesia;

2155 5333 2492 5402 praecedente
2535 5333 2760 5403 judicio,
2810 5350 2837 5388 a
2889 5336 3381 5404 qua-doctissimus
3418 5353 3632 5408 semper
3659 5351 3758 5395 est

2155 5426 2385 5489 habitus,
2415 5427 2580 5482 etiam
2617 5427 2854 5496 synodus
2895 5427 3347 5485 Chalcedonensis
3377 5430 3446 5485 de
3486 5432 3576 5484 illo
3605 5432 3757 5486 bene

2153 5521 2397 5584 sentiret,
2428 5534 2584 5589 quam
2613 5528 2672 5574 ut
2704 5519 2816 5586 ipsa
2845 5522 3101 5588 temporis
3128 5521 3320 5591 prioris
3354 5521 3593 5576 Ecclesia
3622 5523 3756 5574 nul.

2153 5610 2255 5665 lius
2287 5609 2490 5681 judicio
2523 5610 2880 5677 precedente,
2926 5624 3224 5681 spontaneo
3255 5621 3400 5668 motu
3439 5611 3556 5681 ejus
3594 5609 3750 5665 dicta

2153 5678 2340 5756 melius
2374 5678 2737 5771 interpretata
2779 5678 3096 5772 susciperet.
3129 5701 3209 5757 Ad
3257 5678 3498 5759 ultimum
3531 5711 3750 5760 temere
