  <div class='ocr_page' id='page_1' title='image "/cluster/home/n/w/nwhite01/storage/ocr_20150623/67/hvd.32044073505273/392.png"; bbox 0 0 3998 6202; ppageno 0'>
   <div class='ocr_carea' id='block_1_1' title="bbox 260 313 360 371">
    <p class='ocr_par' dir='ltr' id='par_1_1' title="bbox 260 313 360 371">
     <span class='ocr_line' id='line_1_1' title="bbox 260 313 360 371; baseline -0.05 -7"><span class='ocrx_word' id='word_1_1' title='bbox 260 313 360 371; x_wconf 69' lang='grc' dir='ltr'><strong>76ξῖ</strong></span> 
     </span>
    </p>
   </div>
   <div class='ocr_carea' id='block_1_2' title="bbox 1155 315 2635 378">
    <p class='ocr_par' dir='ltr' id='par_1_2' title="bbox 1155 315 2635 378">
     <span class='ocr_line' id='line_1_2' title="bbox 1155 315 2635 378; baseline 0.006 -9"><span class='ocrx_word' id='word_1_2' title='bbox 1155 316 1284 369; x_wconf 73' lang='grc' dir='ltr'><strong>Ρηυ</strong></span> <span class='ocrx_word' id='word_1_3' title='bbox 1324 315 1751 373; x_wconf 61' lang='grc' dir='ltr'><strong>ηειτιςδδιυΝε</strong></span> <span class='ocrx_word' id='word_1_4' title='bbox 1797 318 2006 373; x_wconf 76' lang='lat' dir='ltr'><strong>TRIUM</strong></span> <span class='ocrx_word' id='word_1_5' title='bbox 2048 319 2357 378; x_wconf 68' lang='lat' dir='ltr'><strong>CAPITUL.</strong></span> <span class='ocrx_word' id='word_1_6' title='bbox 2404 323 2527 378; x_wconf 82' lang='lat' dir='ltr'><strong>LIB.</strong></span> <span class='ocrx_word' id='word_1_7' title='bbox 2571 324 2635 378; x_wconf 80' lang='grc' dir='ltr'><strong>Χ.</strong></span> 
     </span>
    </p>
   </div>
   <div class='ocr_carea' id='block_1_3' title="bbox 3408 339 3513 396">
    <p class='ocr_par' dir='ltr' id='par_1_3' title="bbox 3408 339 3513 396">
     <span class='ocr_line' id='line_1_3' title="bbox 3408 339 3513 396; baseline -0.038 0"><span class='ocrx_word' id='word_1_8' title='bbox 3408 339 3513 396; x_wconf 70' lang='grc'><strong>773</strong></span> 
     </span>
    </p>
   </div>
   <div class='ocr_carea' id='block_1_4' title="bbox 249 423 3510 507">
    <p class='ocr_par' dir='ltr' id='par_1_4' title="bbox 249 423 3510 507">
     <span class='ocr_line' id='line_1_4' title="bbox 249 423 3510 507; baseline 0.008 -27"><span class='ocrx_word' id='word_1_9' title='bbox 249 426 416 480; x_wconf 88' lang='lat' dir='ltr'><strong>nimis</strong></span> <span class='ocrx_word' id='word_1_10' title='bbox 444 434 500 479; x_wconf 87' lang='lat' dir='ltr'><strong>et</strong></span> <span class='ocrx_word' id='word_1_11' title='bbox 544 423 726 492; x_wconf 88' lang='lat' dir='ltr'><strong>impie,</strong></span> <span class='ocrx_word' id='word_1_12' title='bbox 774 426 1028 497; x_wconf 86' lang='lat' dir='ltr'><strong>nulloque</strong></span> <span class='ocrx_word' id='word_1_13' title='bbox 1069 426 1134 481; x_wconf 86' lang='lat' dir='ltr'><strong>ad</strong></span> <span class='ocrx_word' id='word_1_14' title='bbox 1164 427 1266 481; x_wconf 85' lang='lat' dir='ltr'><strong>hoc</strong></span> <span class='ocrx_word' id='word_1_15' title='bbox 1306 429 1555 498; x_wconf 77' lang='lat' dir='ltr'><strong>exemplo</strong></span> <span class='ocrx_word' id='word_1_16' title='bbox 1583 429 1834 493; x_wconf 76' lang='lat' dir='ltr'><strong>ducente,</strong></span> <span class='ocrx_word' id='word_1_17' title='bbox 1868 435 1912 490; x_wconf 75' lang='grc' dir='ltr'><strong>Α</strong></span> <span class='ocrx_word' id='word_1_18' title='bbox 1954 445 2090 498; x_wconf 84' lang='lat' dir='ltr'><strong>nius,</strong></span> <span class='ocrx_word' id='word_1_19' title='bbox 2122 434 2262 503; x_wconf 88' lang='lat' dir='ltr'><strong>quod</strong></span> <span class='ocrx_word' id='word_1_20' title='bbox 2294 450 2399 491; x_wconf 88' lang='lat' dir='ltr'><strong>non</strong></span> <span class='ocrx_word' id='word_1_21' title='bbox 2444 445 2687 507; x_wconf 81' lang='lat' dir='ltr'><strong>oporteat</strong></span> <span class='ocrx_word' id='word_1_22' title='bbox 2715 437 2850 495; x_wconf 84' lang='lat' dir='ltr'><strong>duos</strong></span> <span class='ocrx_word' id='word_1_23' title='bbox 2882 439 3016 496; x_wconf 89' lang='lat' dir='ltr'><strong>ﬁlios</strong></span> <span class='ocrx_word' id='word_1_24' title='bbox 3054 443 3255 501; x_wconf 81' lang='lat' dir='ltr'><strong>d‘cere.</strong></span> <span class='ocrx_word' id='word_1_25' title='bbox 3283 445 3510 506; x_wconf 78' lang='lat' dir='ltr'><strong>Necesse</strong></span> 
     </span>
    </p>
   </div>
   <div class='ocr_carea' id='block_1_5' title="bbox 259 513 1835 586">
    <p class='ocr_par' dir='ltr' id='par_1_5' title="bbox 259 513 1835 586">
     <span class='ocr_line' id='line_1_5' title="bbox 259 513 1835 586; baseline 0.001 -15"><span class='ocrx_word' id='word_1_26' title='bbox 259 514 500 586; x_wconf 78' lang='lat' dir='ltr'><strong>synodus</strong></span> <span class='ocrx_word' id='word_1_27' title='bbox 545 514 823 570; x_wconf 73' lang='lat' dir='ltr'><strong>damnaret</strong></span> <span class='ocrx_word' id='word_1_28' title='bbox 871 513 923 567; x_wconf 90' lang='lat' dir='ltr'><strong>in</strong></span> <span class='ocrx_word' id='word_1_29' title='bbox 984 514 1238 571; x_wconf 72' lang='lat' dir='ltr'><strong>Ecclesiae</strong></span> <span class='ocrx_word' id='word_1_30' title='bbox 1293 518 1670 573; x_wconf 79' lang='lat' dir='ltr'><strong>communione</strong></span> <span class='ocrx_word' id='word_1_31' title='bbox 1716 519 1835 573; x_wconf 83' lang='lat' dir='ltr'><strong>sine</strong></span> 
     </span>
    </p>
   </div>
   <div class='ocr_carea' id='block_1_6' title="bbox 246 605 1837 683">
    <p class='ocr_par' dir='ltr' id='par_1_6' title="bbox 246 605 1837 683">
     <span class='ocr_line' id='line_1_6' title="bbox 246 605 1837 683; baseline 0.005 -23"><span class='ocrx_word' id='word_1_32' title='bbox 246 607 469 678; x_wconf 79' lang='lat' dir='ltr'><strong>querela</strong></span> <span class='ocrx_word' id='word_1_33' title='bbox 494 605 837 674; x_wconf 88' lang='lat' dir='ltr'><strong>defunctum;</strong></span> <span class='ocrx_word' id='word_1_34' title='bbox 886 608 1177 677; x_wconf 72' lang='lat' dir='ltr'><strong>prudenter</strong></span> <span class='ocrx_word' id='word_1_35' title='bbox 1223 619 1401 665; x_wconf 86' lang='lat' dir='ltr'><strong>autem</strong></span> <span class='ocrx_word' id='word_1_36' title='bbox 1450 626 1515 665; x_wconf 89' lang='lat' dir='ltr'><strong>ac</strong></span> <span class='ocrx_word' id='word_1_37' title='bbox 1558 611 1837 683; x_wconf 75' lang='lat' dir='ltr'><strong>religiose,</strong></span> 
     </span>
    </p>
   </div>
   <div class='ocr_carea' id='block_1_7' title="bbox 248 698 1837 773">
    <p class='ocr_par' dir='ltr' id='par_1_7' title="bbox 248 698 1837 773">
     <span class='ocr_line' id='line_1_7' title="bbox 248 698 1837 773; baseline 0.005 -18"><span class='ocrx_word' id='word_1_38' title='bbox 248 700 539 768; x_wconf 72' lang='lat' dir='ltr'><strong>multisque</strong></span> <span class='ocrx_word' id='word_1_39' title='bbox 561 698 984 770; x_wconf 65' lang='lat' dir='ltr'><strong>praecedentibus</strong></span> <span class='ocrx_word' id='word_1_40' title='bbox 1006 705 1291 773; x_wconf 75' lang='lat' dir='ltr'><strong>exemplis,</strong></span> <span class='ocrx_word' id='word_1_41' title='bbox 1309 706 1548 761; x_wconf 81' lang='lat' dir='ltr'><strong>Ecclesia</strong></span> <span class='ocrx_word' id='word_1_42' title='bbox 1568 707 1837 764; x_wconf 71' lang='lat' dir='ltr'><strong>viventem</strong></span> 
     </span>
    </p>
   </div>
   <div class='ocr_carea' id='block_1_8' title="bbox 249 794 1839 864">
    <p class='ocr_par' dir='ltr' id='par_1_8' title="bbox 249 794 1839 864">
     <span class='ocr_line' id='line_1_8' title="bbox 249 794 1839 864; baseline 0.004 -17"><span class='ocrx_word' id='word_1_43' title='bbox 249 794 469 862; x_wconf 78' lang='lat' dir='ltr'><strong>quando</strong></span> <span class='ocrx_word' id='word_1_44' title='bbox 493 802 549 847; x_wconf 88' lang='lat' dir='ltr'><strong>et</strong></span> <span class='ocrx_word' id='word_1_45' title='bbox 592 794 864 864; x_wconf 73' lang='lat' dir='ltr'><strong>corrigere</strong></span> <span class='ocrx_word' id='word_1_46' title='bbox 896 804 1097 863; x_wconf 79' lang='lat' dir='ltr'><strong>posset,</strong></span> <span class='ocrx_word' id='word_1_47' title='bbox 1128 795 1172 850; x_wconf 90' lang='lat' dir='ltr'><strong>si</strong></span> <span class='ocrx_word' id='word_1_48' title='bbox 1222 798 1583 852; x_wconf 89' lang='lat' dir='ltr'><strong>necessarium</strong></span> <span class='ocrx_word' id='word_1_49' title='bbox 1632 798 1839 854; x_wconf 81' lang='lat' dir='ltr'><strong>videre-</strong></span> 
     </span>
    </p>
   </div>
   <div class='ocr_carea' id='block_1_9' title="bbox 247 884 1834 960">
    <p class='ocr_par' dir='ltr' id='par_1_9' title="bbox 247 884 1834 960">
     <span class='ocr_line' id='line_1_9' title="bbox 247 884 1834 960; baseline 0.006 -25"><span class='ocrx_word' id='word_1_50' title='bbox 247 893 359 947; x_wconf 87' lang='lat' dir='ltr'><strong>tur,</strong></span> <span class='ocrx_word' id='word_1_51' title='bbox 408 884 462 937; x_wconf 92' lang='lat' dir='ltr'><strong>in</strong></span> <span class='ocrx_word' id='word_1_52' title='bbox 492 898 716 938; x_wconf 82' lang='lat' dir='ltr'><strong>examen</strong></span> <span class='ocrx_word' id='word_1_53' title='bbox 764 884 1073 940; x_wconf 75' lang='lat' dir='ltr'><strong>adduceret.</strong></span> <span class='ocrx_word' id='word_1_54' title='bbox 1120 886 1336 941; x_wconf 84' lang='lat' dir='ltr'><strong>Certum</strong></span> <span class='ocrx_word' id='word_1_55' title='bbox 1384 896 1469 943; x_wconf 90' lang='lat' dir='ltr'><strong>est</strong></span> <span class='ocrx_word' id='word_1_56' title='bbox 1509 890 1669 958; x_wconf 82' lang='lat' dir='ltr'><strong>igitur</strong></span> <span class='ocrx_word' id='word_1_57' title='bbox 1694 890 1834 960; x_wconf 90' lang='lat' dir='ltr'><strong>quod</strong></span> 
     </span>
    </p>
   </div>
   <div class='ocr_carea' id='block_1_10' title="bbox 241 977 1832 1049">
    <p class='ocr_par' dir='ltr' id='par_1_10' title="bbox 241 977 1832 1049">
     <span class='ocr_line' id='line_1_10' title="bbox 241 977 1832 1049; baseline 0 -16"><span class='ocrx_word' id='word_1_58' title='bbox 241 988 493 1033; x_wconf 82' lang='lat' dir='ltr'><strong>amentes</strong></span> <span class='ocrx_word' id='word_1_59' title='bbox 526 977 842 1047; x_wconf 85' lang='lat' dir='ltr'><strong>Eutycbiani</strong></span> <span class='ocrx_word' id='word_1_60' title='bbox 868 979 949 1033; x_wconf 82' lang='lat' dir='ltr'><strong>vel</strong></span> <span class='ocrx_word' id='word_1_61' title='bbox 975 978 1256 1046; x_wconf 81' lang='lat' dir='ltr'><strong>Acepbali,</strong></span> <span class='ocrx_word' id='word_1_62' title='bbox 1285 994 1403 1033; x_wconf 89' lang='lat' dir='ltr'><strong>cum</strong></span> <span class='ocrx_word' id='word_1_63' title='bbox 1437 980 1682 1034; x_wconf 88' lang='lat' dir='ltr'><strong>nesciunt</strong></span> <span class='ocrx_word' id='word_1_64' title='bbox 1710 980 1832 1049; x_wconf 86' lang='lat' dir='ltr'><strong>quid</strong></span> 
     </span>
    </p>
   </div>
   <div class='ocr_carea' id='block_1_11' title="bbox 247 1070 1834 1139">
    <p class='ocr_par' dir='ltr' id='par_1_11' title="bbox 247 1070 1834 1139">
     <span class='ocr_line' id='line_1_11' title="bbox 247 1070 1834 1139; baseline 0.001 -14"><span class='ocrx_word' id='word_1_65' title='bbox 247 1072 561 1138; x_wconf 88' lang='lat' dir='ltr'><strong>loquantur,</strong></span> <span class='ocrx_word' id='word_1_66' title='bbox 588 1070 874 1123; x_wconf 88' lang='lat' dir='ltr'><strong>calumniis</strong></span> <span class='ocrx_word' id='word_1_67' title='bbox 901 1072 1092 1139; x_wconf 90' lang='lat' dir='ltr'><strong>quibus</strong></span> <span class='ocrx_word' id='word_1_68' title='bbox 1115 1070 1377 1139; x_wconf 81' lang='lat' dir='ltr'><strong>impetum</strong></span> <span class='ocrx_word' id='word_1_69' title='bbox 1399 1072 1834 1127; x_wconf 83' lang='lat' dir='ltr'><strong>Chalcedonense</strong></span> 
     </span>
    </p>
   </div>
   <div class='ocr_carea' id='block_1_12' title="bbox 242 1157 1833 1228">
    <p class='ocr_par' dir='ltr' id='par_1_12' title="bbox 242 1157 1833 1228">
     <span class='ocr_line' id='line_1_12' title="bbox 242 1157 1833 1228; baseline 0.002 -13"><span class='ocrx_word' id='word_1_70' title='bbox 242 1159 559 1223; x_wconf 75' lang='lat' dir='ltr'><strong>concilium,</strong></span> <span class='ocrx_word' id='word_1_71' title='bbox 595 1157 751 1213; x_wconf 87' lang='lat' dir='ltr'><strong>ﬁdem</strong></span> <span class='ocrx_word' id='word_1_72' title='bbox 784 1160 952 1228; x_wconf 76' lang='lat' dir='ltr'><strong>magis</strong></span> <span class='ocrx_word' id='word_1_73' title='bbox 989 1159 1245 1214; x_wconf 65' lang='lat' dir='ltr'><strong>Ecclesia:</strong></span> <span class='ocrx_word' id='word_1_74' title='bbox 1274 1176 1393 1228; x_wconf 76' lang='lat' dir='ltr'><strong>qua:</strong></span> <span class='ocrx_word' id='word_1_75' title='bbox 1425 1161 1520 1215; x_wconf 88' lang='lat' dir='ltr'><strong>fuit</strong></span> <span class='ocrx_word' id='word_1_76' title='bbox 1569 1172 1691 1217; x_wconf 88' lang='lat' dir='ltr'><strong>ante</strong></span> <span class='ocrx_word' id='word_1_77' title='bbox 1731 1162 1833 1217; x_wconf 75' lang='grc' dir='ltr'><strong>Νε-</strong></span> 
     </span>
    </p>
   </div>
   <div class='ocr_carea' id='block_1_13' title="bbox 240 1252 1834 1321">
    <p class='ocr_par' dir='ltr' id='par_1_13' title="bbox 240 1252 1834 1321">
     <span class='ocr_line' id='line_1_13' title="bbox 240 1252 1834 1321; baseline 0.001 -14"><span class='ocrx_word' id='word_1_78' title='bbox 240 1253 474 1307; x_wconf 73' lang='lat' dir='ltr'><strong>storium</strong></span> <span class='ocrx_word' id='word_1_79' title='bbox 498 1254 873 1314; x_wconf 87' lang='lat' dir='ltr'><strong>criminentur,</strong></span> <span class='ocrx_word' id='word_1_80' title='bbox 895 1253 946 1306; x_wconf 91' lang='lat' dir='ltr'><strong>in</strong></span> <span class='ocrx_word' id='word_1_81' title='bbox 979 1252 1132 1321; x_wconf 87' lang='lat' dir='ltr'><strong>cujus</strong></span> <span class='ocrx_word' id='word_1_82' title='bbox 1154 1269 1212 1307; x_wconf 93' lang='lat' dir='ltr'><strong>se</strong></span> <span class='ocrx_word' id='word_1_83' title='bbox 1245 1253 1569 1308; x_wconf 87' lang='lat' dir='ltr'><strong>mentiuntur</strong></span> <span class='ocrx_word' id='word_1_84' title='bbox 1595 1269 1834 1309; x_wconf 89' lang='lat' dir='ltr'><strong>commu-</strong></span> 
     </span>
    </p>
   </div>
   <div class='ocr_carea' id='block_1_14' title="bbox 240 1344 1828 1417">
    <p class='ocr_par' dir='ltr' id='par_1_14' title="bbox 240 1344 1828 1417">
     <span class='ocr_line' id='line_1_14' title="bbox 240 1344 1828 1417; baseline 0.001 -16"><span class='ocrx_word' id='word_1_85' title='bbox 240 1347 408 1401; x_wconf 85' lang='lat' dir='ltr'><strong>nione</strong></span> <span class='ocrx_word' id='word_1_86' title='bbox 440 1350 723 1399; x_wconf 82' lang='lat' dir='ltr'><strong>mansisse.</strong></span> <span class='ocrx_word' id='word_1_87' title='bbox 759 1344 910 1399; x_wconf 85' lang='lat' dir='ltr'><strong>Unde</strong></span> <span class='ocrx_word' id='word_1_88' title='bbox 951 1360 1048 1399; x_wconf 89' lang='lat' dir='ltr'><strong>nos</strong></span> <span class='ocrx_word' id='word_1_89' title='bbox 1079 1361 1291 1415; x_wconf 90' lang='lat' dir='ltr'><strong>quoque</strong></span> <span class='ocrx_word' id='word_1_90' title='bbox 1327 1362 1431 1400; x_wconf 93' lang='lat' dir='ltr'><strong>non</strong></span> <span class='ocrx_word' id='word_1_91' title='bbox 1468 1346 1583 1401; x_wconf 87' lang='lat' dir='ltr'><strong>sine</strong></span> <span class='ocrx_word' id='word_1_92' title='bbox 1626 1348 1828 1417; x_wconf 88' lang='lat' dir='ltr'><strong>antiqui</strong></span> 
     </span>
    </p>
   </div>
   <div class='ocr_carea' id='block_1_15' title="bbox 241 1436 1830 1507">
    <p class='ocr_par' dir='ltr' id='par_1_15' title="bbox 241 1436 1830 1507">
     <span class='ocr_line' id='line_1_15' title="bbox 241 1436 1830 1507; baseline 0 -14"><span class='ocrx_word' id='word_1_93' title='bbox 241 1436 506 1507; x_wconf 84' lang='lat' dir='ltr'><strong>temporis</strong></span> <span class='ocrx_word' id='word_1_94' title='bbox 556 1436 799 1491; x_wconf 81' lang='lat' dir='ltr'><strong>Ecclesia</strong></span> <span class='ocrx_word' id='word_1_95' title='bbox 856 1437 1029 1503; x_wconf 88' lang='lat' dir='ltr'><strong>ipsum</strong></span> <span class='ocrx_word' id='word_1_96' title='bbox 1058 1436 1495 1493; x_wconf 83' lang='lat' dir='ltr'><strong>Ctialccdouense</strong></span> <span class='ocrx_word' id='word_1_97' title='bbox 1545 1439 1830 1493; x_wconf 87' lang='lat' dir='ltr'><strong>concilium</strong></span> 
     </span>
    </p>
   </div>
   <div class='ocr_carea' id='block_1_16' title="bbox 241 1528 1830 1596">
    <p class='ocr_par' dir='ltr' id='par_1_16' title="bbox 241 1528 1830 1596">
     <span class='ocr_line' id='line_1_16' title="bbox 241 1528 1830 1596; baseline 0 -10"><span class='ocrx_word' id='word_1_98' title='bbox 241 1542 442 1586; x_wconf 82' lang='lat' dir='ltr'><strong>contra</strong></span> <span class='ocrx_word' id='word_1_99' title='bbox 474 1530 771 1585; x_wconf 87' lang='lat' dir='ltr'><strong>calumnias</strong></span> <span class='ocrx_word' id='word_1_100' title='bbox 802 1543 985 1583; x_wconf 90' lang='lat' dir='ltr'><strong>eorum</strong></span> <span class='ocrx_word' id='word_1_101' title='bbox 1017 1528 1372 1585; x_wconf 80' lang='lat' dir='ltr'><strong>defendimus.</strong></span> <span class='ocrx_word' id='word_1_102' title='bbox 1408 1530 1474 1584; x_wconf 91' lang='lat' dir='ltr'><strong>Et</strong></span> <span class='ocrx_word' id='word_1_103' title='bbox 1503 1531 1644 1596; x_wconf 86' lang='lat' dir='ltr'><strong>ideo,</strong></span> <span class='ocrx_word' id='word_1_104' title='bbox 1674 1531 1759 1587; x_wconf 90' lang='lat' dir='ltr'><strong>vel</strong></span> <span class='ocrx_word' id='word_1_105' title='bbox 1785 1532 1830 1586; x_wconf 87' lang='lat' dir='ltr'><strong>si</strong></span> 
     </span>
    </p>
   </div>
   <div class='ocr_carea' id='block_1_17' title="bbox 239 1620 1827 1693">
    <p class='ocr_par' dir='ltr' id='par_1_17' title="bbox 239 1620 1827 1693">
     <span class='ocr_line' id='line_1_17' title="bbox 239 1620 1827 1693; baseline 0.001 -17"><span class='ocrx_word' id='word_1_106' title='bbox 239 1624 572 1678; x_wconf 86' lang='lat' dir='ltr'><strong>concedatur</strong></span> <span class='ocrx_word' id='word_1_107' title='bbox 625 1620 769 1691; x_wconf 91' lang='lat' dir='ltr'><strong>quod</strong></span> <span class='ocrx_word' id='word_1_108' title='bbox 805 1620 993 1676; x_wconf 85' lang='lat' dir='ltr'><strong>eadem</strong></span> <span class='ocrx_word' id='word_1_109' title='bbox 1046 1621 1238 1691; x_wconf 88' lang='lat' dir='ltr'><strong>prioris</strong></span> <span class='ocrx_word' id='word_1_110' title='bbox 1269 1623 1524 1693; x_wconf 87' lang='lat' dir='ltr'><strong>temporis</strong></span> <span class='ocrx_word' id='word_1_111' title='bbox 1571 1624 1827 1691; x_wconf 75' lang='lat' dir='ltr'><strong>Ecclesia,</strong></span> 
     </span>
    </p>
   </div>
   <div class='ocr_carea' id='block_1_18' title="bbox 236 1692 1832 1784">
    <p class='ocr_par' dir='ltr' id='par_1_18' title="bbox 236 1692 1832 1784">
     <span class='ocr_line' id='line_1_18' title="bbox 236 1692 1832 1784; baseline -0.002 -13"><span class='ocrx_word' id='word_1_112' title='bbox 236 1716 358 1771; x_wconf 82' lang='lat' dir='ltr'><strong>sive</strong></span> <span class='ocrx_word' id='word_1_113' title='bbox 410 1724 596 1784; x_wconf 87' lang='lat' dir='ltr'><strong>postea</strong></span> <span class='ocrx_word' id='word_1_114' title='bbox 642 1712 878 1783; x_wconf 84' lang='lat' dir='ltr'><strong>synodus</strong></span> <span class='ocrx_word' id='word_1_115' title='bbox 931 1692 1417 1778; x_wconf 50' lang='lat' dir='ltr'><strong>Cli&#39;aicedouensis,</strong></span> <span class='ocrx_word' id='word_1_116' title='bbox 1467 1725 1832 1783; x_wconf 79' lang='lat' dir='ltr'><strong>cognoverunt</strong></span> 
     </span>
    </p>
   </div>
   <div class='ocr_carea' id='block_1_19' title="bbox 237 1803 1824 1875">
    <p class='ocr_par' dir='ltr' id='par_1_19' title="bbox 237 1803 1824 1875">
     <span class='ocr_line' id='line_1_19' title="bbox 237 1803 1824 1875; baseline -0.002 -14"><span class='ocrx_word' id='word_1_117' title='bbox 237 1822 364 1875; x_wconf 67' lang='lat' dir='ltr'><strong>qua:</strong></span> <span class='ocrx_word' id='word_1_118' title='bbox 414 1806 471 1861; x_wconf 90' lang='lat' dir='ltr'><strong>in</strong></span> <span class='ocrx_word' id='word_1_119' title='bbox 519 1804 671 1861; x_wconf 85' lang='lat' dir='ltr'><strong>libris</strong></span> <span class='ocrx_word' id='word_1_120' title='bbox 717 1803 985 1860; x_wconf 87' lang='lat' dir='ltr'><strong>Theodori</strong></span> <span class='ocrx_word' id='word_1_121' title='bbox 1033 1804 1474 1873; x_wconf 82' lang='lat' dir='ltr'><strong>reprebensibilia</strong></span> <span class='ocrx_word' id='word_1_122' title='bbox 1500 1805 1824 1875; x_wconf 87' lang='lat' dir='ltr'><strong>judicantur,</strong></span> 
     </span>
    </p>
   </div>
   <div class='ocr_carea' id='block_1_20' title="bbox 238 1896 1826 1964">
    <p class='ocr_par' dir='ltr' id='par_1_20' title="bbox 238 1896 1826 1964">
     <span class='ocr_line' id='line_1_20' title="bbox 238 1896 1826 1964; baseline -0.001 -12"><span class='ocrx_word' id='word_1_123' title='bbox 238 1912 343 1952; x_wconf 77' lang='lat' dir='ltr'><strong>ncc</strong></span> <span class='ocrx_word' id='word_1_124' title='bbox 385 1897 625 1952; x_wconf 79' lang='lat' dir='ltr'><strong>melius‘</strong></span> <span class='ocrx_word' id='word_1_125' title='bbox 672 1896 1019 1961; x_wconf 89' lang='lat' dir='ltr'><strong>interpretari</strong></span> <span class='ocrx_word' id='word_1_126' title='bbox 1066 1903 1354 1964; x_wconf 88' lang='lat' dir='ltr'><strong>potuerunt</strong></span> <span class='ocrx_word' id='word_1_127' title='bbox 1396 1911 1533 1951; x_wconf 86' lang='lat' dir='ltr'><strong>:cur</strong></span> <span class='ocrx_word' id='word_1_128' title='bbox 1559 1897 1720 1951; x_wconf 89' lang='lat' dir='ltr'><strong>etiam</strong></span> <span class='ocrx_word' id='word_1_129' title='bbox 1746 1898 1826 1951; x_wconf 88' lang='lat' dir='ltr'><strong>sic</strong></span> 
     </span>
    </p>
   </div>
   <div class='ocr_carea' id='block_1_21' title="bbox 238 1986 1822 2058">
    <p class='ocr_par' dir='ltr' id='par_1_21' title="bbox 238 1986 1822 2058">
     <span class='ocr_line' id='line_1_21' title="bbox 238 1986 1822 2058; baseline -0.001 -16"><span class='ocrx_word' id='word_1_130' title='bbox 238 1998 535 2058; x_wconf 73' lang='lat' dir='ltr'><strong>arguantur</strong></span> <span class='ocrx_word' id='word_1_131' title='bbox 582 1988 721 2056; x_wconf 87' lang='lat' dir='ltr'><strong>quod</strong></span> <span class='ocrx_word' id='word_1_132' title='bbox 761 1986 1108 2041; x_wconf 89' lang='lat' dir='ltr'><strong>Theodorum</strong></span> <span class='ocrx_word' id='word_1_133' title='bbox 1157 2002 1264 2041; x_wconf 90' lang='lat' dir='ltr'><strong>non</strong></span> <span class='ocrx_word' id='word_1_134' title='bbox 1311 1987 1822 2054; x_wconf 82' lang='lat' dir='ltr'><strong>condemnaverunt,</strong></span> 
     </span>
    </p>
   </div>
   <div class='ocr_carea' id='block_1_22' title="bbox 236 2076 1827 2147">
    <p class='ocr_par' dir='ltr' id='par_1_22' title="bbox 236 2076 1827 2147">
     <span class='ocr_line' id='line_1_22' title="bbox 236 2076 1827 2147; baseline -0.001 -14"><span class='ocrx_word' id='word_1_135' title='bbox 236 2094 361 2135; x_wconf 87' lang='lat' dir='ltr'><strong>cum</strong></span> <span class='ocrx_word' id='word_1_136' title='bbox 392 2078 669 2147; x_wconf 80' lang='lat' dir='ltr'><strong>potuerint</strong></span> <span class='ocrx_word' id='word_1_137' title='bbox 696 2076 923 2131; x_wconf 88' lang='lat' dir='ltr'><strong>credere</strong></span> <span class='ocrx_word' id='word_1_138' title='bbox 952 2077 1096 2145; x_wconf 90' lang='lat' dir='ltr'><strong>quod</strong></span> <span class='ocrx_word' id='word_1_139' title='bbox 1134 2076 1247 2131; x_wconf 62' lang='lat' dir='ltr'><strong>bare</strong></span> <span class='ocrx_word' id='word_1_140' title='bbox 1274 2076 1344 2132; x_wconf 90' lang='lat' dir='ltr'><strong>ab</strong></span> <span class='ocrx_word' id='word_1_141' title='bbox 1376 2078 1642 2132; x_wconf 70' lang='lat' dir='ltr'><strong>hmreticis</strong></span> <span class='ocrx_word' id='word_1_142' title='bbox 1671 2077 1723 2132; x_wconf 82' lang='lat' dir='ltr'><strong>in</strong></span> <span class='ocrx_word' id='word_1_143' title='bbox 1765 2078 1827 2132; x_wconf 90' lang='lat' dir='ltr'><strong>li-</strong></span> 
     </span>
    </p>
   </div>
   <div class='ocr_carea' id='block_1_23' title="bbox 242 2168 1826 2238">
    <p class='ocr_par' dir='ltr' id='par_1_23' title="bbox 242 2168 1826 2238">
     <span class='ocr_line' id='line_1_23' title="bbox 242 2168 1826 2238; baseline 0 -14"><span class='ocrx_word' id='word_1_144' title='bbox 242 2171 371 2224; x_wconf 87' lang='lat' dir='ltr'><strong>bros</strong></span> <span class='ocrx_word' id='word_1_145' title='bbox 420 2168 542 2237; x_wconf 87' lang='lat' dir='ltr'><strong>ejus</strong></span> <span class='ocrx_word' id='word_1_146' title='bbox 587 2168 785 2222; x_wconf 90' lang='lat' dir='ltr'><strong>fuerint</strong></span> <span class='ocrx_word' id='word_1_147' title='bbox 836 2168 1100 2235; x_wconf 88' lang='lat' dir='ltr'><strong>immissa,</strong></span> <span class='ocrx_word' id='word_1_148' title='bbox 1151 2168 1602 2238; x_wconf 84' lang='lat' dir='ltr'><strong>quemadmodum</strong></span> <span class='ocrx_word' id='word_1_149' title='bbox 1652 2168 1826 2224; x_wconf 86' lang='lat' dir='ltr'><strong>Theo-</strong></span> 
     </span>
    </p>
   </div>
   <div class='ocr_carea' id='block_1_24' title="bbox 237 2258 1823 2329">
    <p class='ocr_par' dir='ltr' id='par_1_24' title="bbox 237 2258 1823 2329">
     <span class='ocr_line' id='line_1_24' title="bbox 237 2258 1823 2329; baseline -0.001 -15"><span class='ocrx_word' id='word_1_150' title='bbox 237 2259 407 2315; x_wconf 86' lang='lat' dir='ltr'><strong>dorus</strong></span> <span class='ocrx_word' id='word_1_151' title='bbox 437 2259 552 2328; x_wconf 85' lang='lat' dir='ltr'><strong>ipse</strong></span> <span class='ocrx_word' id='word_1_152' title='bbox 582 2269 908 2328; x_wconf 89' lang='lat' dir='ltr'><strong>conquestus</strong></span> <span class='ocrx_word' id='word_1_153' title='bbox 953 2259 1068 2313; x_wconf 77' lang='lat' dir='ltr'><strong>est?</strong></span> <span class='ocrx_word' id='word_1_154' title='bbox 1114 2258 1206 2315; x_wconf 90' lang='lat' dir='ltr'><strong>Sic</strong></span> <span class='ocrx_word' id='word_1_155' title='bbox 1251 2260 1394 2315; x_wconf 88' lang='lat' dir='ltr'><strong>enim</strong></span> <span class='ocrx_word' id='word_1_156' title='bbox 1423 2259 1552 2314; x_wconf 91' lang='lat' dir='ltr'><strong>dicit</strong></span> <span class='ocrx_word' id='word_1_157' title='bbox 1581 2260 1633 2313; x_wconf 93' lang='lat' dir='ltr'><strong>in</strong></span> <span class='ocrx_word' id='word_1_158' title='bbox 1676 2262 1823 2329; x_wconf 89' lang='lat' dir='ltr'><strong>prin-</strong></span> 
     </span>
    </p>
   </div>
   <div class='ocr_carea' id='block_1_25' title="bbox 236 2351 1827 2421">
    <p class='ocr_par' dir='ltr' id='par_1_25' title="bbox 236 2351 1827 2421">
     <span class='ocr_line' id='line_1_25' title="bbox 236 2351 1827 2421; baseline 0 -15"><span class='ocrx_word' id='word_1_159' title='bbox 236 2352 379 2421; x_wconf 89' lang='lat' dir='ltr'><strong>cipio</strong></span> <span class='ocrx_word' id='word_1_160' title='bbox 422 2351 699 2421; x_wconf 81' lang='lat' dir='ltr'><strong>cujusdam</strong></span> <span class='ocrx_word' id='word_1_161' title='bbox 750 2352 834 2406; x_wconf 88' lang='lat' dir='ltr'><strong>sui</strong></span> <span class='ocrx_word' id='word_1_162' title='bbox 876 2351 1056 2421; x_wconf 88' lang='lat' dir='ltr'><strong>operis</strong></span> <span class='ocrx_word' id='word_1_163' title='bbox 1107 2351 1194 2407; x_wconf 90' lang='lat' dir='ltr'><strong>cui</strong></span> <span class='ocrx_word' id='word_1_164' title='bbox 1241 2352 1454 2406; x_wconf 89' lang='lat' dir='ltr'><strong>titulum</strong></span> <span class='ocrx_word' id='word_1_165' title='bbox 1510 2351 1660 2405; x_wconf 84' lang='lat' dir='ltr'><strong>dedit</strong></span> <span class='ocrx_word' id='word_1_166' title='bbox 1699 2369 1711 2405; x_wconf 93' lang='lat'>:</span> <span class='ocrx_word' id='word_1_167' title='bbox 1749 2351 1827 2406; x_wconf 88' lang='lat' dir='ltr'><strong>De</strong></span> 
     </span>
    </p>
   </div>
   <div class='ocr_carea' id='block_1_26' title="bbox 236 2441 1827 2510">
    <p class='ocr_par' dir='ltr' id='par_1_26' title="bbox 236 2441 1827 2510">
     <span class='ocr_line' id='line_1_26' title="bbox 236 2441 1827 2510; baseline -0.001 -13"><span class='ocrx_word' id='word_1_168' title='bbox 236 2441 557 2510; x_wconf 77' lang='lat' dir='ltr'><strong>Apolinario</strong></span> <span class='ocrx_word' id='word_1_169' title='bbox 585 2451 640 2495; x_wconf 90' lang='lat' dir='ltr'><strong>et</strong></span> <span class='ocrx_word' id='word_1_170' title='bbox 682 2441 798 2510; x_wconf 71' lang='lat' dir='ltr'><strong>ejus</strong></span> <span class='ocrx_word' id='word_1_171' title='bbox 829 2441 1020 2496; x_wconf 58' lang='lat' dir='ltr'><strong>haeresi</strong></span> <span class='ocrx_word' id='word_1_172' title='bbox 1056 2460 1067 2494; x_wconf 90' lang='lat'>:</span> <span class='ocrx_word' id='word_1_173' title='bbox 1108 2461 1127 2493; x_wconf 76' lang='grc' dir='ltr'><strong><em>ι</em></strong></span> <span class='ocrx_word' id='word_1_174' title='bbox 1160 2446 1296 2497; x_wconf 79' lang='lat' dir='ltr'><strong>Ante</strong></span> <span class='ocrx_word' id='word_1_175' title='bbox 1325 2442 1394 2495; x_wconf 77' lang='lat'><strong>50</strong></span> <span class='ocrx_word' id='word_1_176' title='bbox 1424 2442 1565 2501; x_wconf 86' lang='lat' dir='ltr'><strong>enim</strong></span> <span class='ocrx_word' id='word_1_177' title='bbox 1586 2441 1695 2510; x_wconf 65' lang='lat' dir='ltr'><strong>jam</strong></span> <span class='ocrx_word' id='word_1_178' title='bbox 1730 2441 1827 2495; x_wconf 78' lang='lat' dir='ltr'><strong>llos</strong></span> 
     </span>
    </p>
   </div>
   <div class='ocr_carea' id='block_1_27' title="bbox 237 2534 1827 2603">
    <p class='ocr_par' dir='ltr' id='par_1_27' title="bbox 237 2534 1827 2603">
     <span class='ocr_line' id='line_1_27' title="bbox 237 2534 1827 2603; baseline 0.001 -15"><span class='ocrx_word' id='word_1_179' title='bbox 237 2550 412 2590; x_wconf 91' lang='lat' dir='ltr'><strong>annos</strong></span> <span class='ocrx_word' id='word_1_180' title='bbox 427 2534 495 2591; x_wconf 88' lang='lat' dir='ltr'><strong>de</strong></span> <span class='ocrx_word' id='word_1_181' title='bbox 521 2535 886 2591; x_wconf 78' lang='lat' dir='ltr'><strong>incarnatione</strong></span> <span class='ocrx_word' id='word_1_182' title='bbox 911 2534 1117 2588; x_wconf 83' lang='lat' dir='ltr'><strong>Domini</strong></span> <span class='ocrx_word' id='word_1_183' title='bbox 1147 2535 1386 2590; x_wconf 84' lang='lat' dir='ltr'><strong>codicem</strong></span> <span class='ocrx_word' id='word_1_184' title='bbox 1410 2534 1827 2603; x_wconf 85' lang='lat' dir='ltr'><strong>conscripsimus</strong></span> 
     </span>
    </p>
   </div>
   <div class='ocr_carea' id='block_1_28' title="bbox 238 2624 1828 2695">
    <p class='ocr_par' dir='ltr' id='par_1_28' title="bbox 238 2624 1828 2695">
     <span class='ocr_line' id='line_1_28' title="bbox 238 2624 1828 2695; baseline -0.001 -14"><span class='ocrx_word' id='word_1_185' title='bbox 238 2641 411 2695; x_wconf 83' lang='lat' dir='ltr'><strong>usque</strong></span> <span class='ocrx_word' id='word_1_186' title='bbox 448 2627 512 2680; x_wconf 89' lang='lat' dir='ltr'><strong>ad</strong></span> <span class='ocrx_word' id='word_1_187' title='bbox 549 2626 614 2681; x_wconf 77' lang='lat' dir='ltr'><strong>l5</strong></span> <span class='ocrx_word' id='word_1_188' title='bbox 656 2626 821 2681; x_wconf 83' lang='lat' dir='ltr'><strong>millia</strong></span> <span class='ocrx_word' id='word_1_189' title='bbox 863 2640 1113 2680; x_wconf 79' lang='lat' dir='ltr'><strong>versuum</strong></span> <span class='ocrx_word' id='word_1_190' title='bbox 1156 2626 1542 2695; x_wconf 76' lang='lat' dir='ltr'><strong>pertingcntem</strong></span> <span class='ocrx_word' id='word_1_191' title='bbox 1578 2642 1590 2678; x_wconf 91' lang='lat'><strong>:</strong></span> <span class='ocrx_word' id='word_1_192' title='bbox 1623 2624 1675 2679; x_wconf 92' lang='lat' dir='ltr'><strong>in</strong></span> <span class='ocrx_word' id='word_1_193' title='bbox 1722 2639 1828 2693; x_wconf 81' lang='lat' dir='ltr'><strong>quo</strong></span> 
     </span>
    </p>
   </div>
   <div class='ocr_carea' id='block_1_29' title="bbox 236 2699 1827 2789">
    <p class='ocr_par' dir='ltr' id='par_1_29' title="bbox 236 2699 1827 2789">
     <span class='ocr_line' id='line_1_29' title="bbox 236 2699 1827 2789; baseline -0.003 -16"><span class='ocrx_word' id='word_1_194' title='bbox 236 2699 352 2773; x_wconf 72' lang='lat' dir='ltr'><strong>Arii</strong></span> <span class='ocrx_word' id='word_1_195' title='bbox 369 2726 423 2773; x_wconf 88' lang='lat' dir='ltr'><strong>et</strong></span> <span class='ocrx_word' id='word_1_196' title='bbox 444 2716 686 2789; x_wconf 80' lang='lat' dir='ltr'><strong>Eunomii</strong></span> <span class='ocrx_word' id='word_1_197' title='bbox 703 2716 769 2769; x_wconf 90' lang='lat' dir='ltr'><strong>de</strong></span> <span class='ocrx_word' id='word_1_198' title='bbox 793 2715 890 2771; x_wconf 89' lang='lat' dir='ltr'><strong>hac</strong></span> <span class='ocrx_word' id='word_1_199' title='bbox 912 2731 969 2779; x_wconf 88' lang='lat' dir='ltr'><strong>re</strong></span> <span class='ocrx_word' id='word_1_200' title='bbox 992 2715 1208 2783; x_wconf 80' lang='lat' dir='ltr'><strong>delicta,</strong></span> <span class='ocrx_word' id='word_1_201' title='bbox 1227 2731 1326 2772; x_wconf 88' lang='lat' dir='ltr'><strong>nec</strong></span> <span class='ocrx_word' id='word_1_202' title='bbox 1345 2732 1448 2770; x_wconf 90' lang='lat' dir='ltr'><strong>non</strong></span> <span class='ocrx_word' id='word_1_203' title='bbox 1466 2717 1625 2771; x_wconf 80' lang='lat' dir='ltr'><strong>etiam</strong></span> <span class='ocrx_word' id='word_1_204' title='bbox 1645 2719 1680 2768; x_wconf 76' lang='grc' dir='ltr'><strong>Α</strong></span> <span class='ocrx_word' id='word_1_205' title='bbox 1694 2716 1827 2784; x_wconf 85' lang='lat' dir='ltr'><strong>poli-</strong></span> 
     </span>
    </p>
   </div>
   <div class='ocr_carea' id='block_1_30' title="bbox 236 2807 1825 2877">
    <p class='ocr_par' dir='ltr' id='par_1_30' title="bbox 236 2807 1825 2877">
     <span class='ocr_line' id='line_1_30' title="bbox 236 2807 1825 2877; baseline -0.002 -14"><span class='ocrx_word' id='word_1_206' title='bbox 236 2807 373 2865; x_wconf 87' lang='lat' dir='ltr'><strong>narii</strong></span> <span class='ocrx_word' id='word_1_207' title='bbox 423 2822 616 2863; x_wconf 84' lang='lat' dir='ltr'><strong>vanam</strong></span> <span class='ocrx_word' id='word_1_208' title='bbox 660 2807 1151 2877; x_wconf 73' lang='lat' dir='ltr'><strong>praesumptionem,</strong></span> <span class='ocrx_word' id='word_1_209' title='bbox 1213 2824 1305 2876; x_wconf 83' lang='lat' dir='ltr'><strong>per</strong></span> <span class='ocrx_word' id='word_1_210' title='bbox 1333 2817 1496 2861; x_wconf 82' lang='lat' dir='ltr'><strong>totum</strong></span> <span class='ocrx_word' id='word_1_211' title='bbox 1534 2807 1661 2860; x_wconf 91' lang='lat' dir='ltr'><strong>illud</strong></span> <span class='ocrx_word' id='word_1_212' title='bbox 1691 2821 1825 2875; x_wconf 91' lang='lat' dir='ltr'><strong>opus</strong></span> 
     </span>
    </p>
   </div>
   <div class='ocr_carea' id='block_1_31' title="bbox 235 2897 1826 2966">
    <p class='ocr_par' dir='ltr' id='par_1_31' title="bbox 235 2897 1826 2966">
     <span class='ocr_line' id='line_1_31' title="bbox 235 2897 1826 2966; baseline -0.002 -11"><span class='ocrx_word' id='word_1_213' title='bbox 235 2899 661 2955; x_wconf 55' lang='lat' dir='ltr'><strong>examinavimus</strong></span> <span class='ocrx_word' id='word_1_214' title='bbox 692 2916 704 2952; x_wconf 92' lang='lat'><strong>:</strong></span> <span class='ocrx_word' id='word_1_215' title='bbox 735 2906 794 2953; x_wconf 89' lang='lat' dir='ltr'><strong>ut</strong></span> <span class='ocrx_word' id='word_1_216' title='bbox 821 2898 973 2961; x_wconf 82' lang='lat' dir='ltr'><strong>nihil,</strong></span> <span class='ocrx_word' id='word_1_217' title='bbox 1010 2900 1150 2951; x_wconf 82' lang='lat' dir='ltr'><strong>sicut</strong></span> <span class='ocrx_word' id='word_1_218' title='bbox 1185 2913 1300 2951; x_wconf 91' lang='lat' dir='ltr'><strong>mea</strong></span> <span class='ocrx_word' id='word_1_219' title='bbox 1328 2897 1425 2952; x_wconf 89' lang='lat' dir='ltr'><strong>fert</strong></span> <span class='ocrx_word' id='word_1_220' title='bbox 1455 2897 1657 2966; x_wconf 81' lang='lat' dir='ltr'><strong>Opinio,</strong></span> <span class='ocrx_word' id='word_1_221' title='bbox 1690 2912 1826 2965; x_wconf 78' lang='lat' dir='ltr'><strong>prte-</strong></span> 
     </span>
    </p>
   </div>
   <div class='ocr_carea' id='block_1_32' title="bbox 235 2989 1826 3060">
    <p class='ocr_par' dir='ltr' id='par_1_32' title="bbox 235 2989 1826 3060">
     <span class='ocr_line' id='line_1_32' title="bbox 235 2989 1826 3060; baseline -0.002 -14"><span class='ocrx_word' id='word_1_222' title='bbox 235 2992 459 3051; x_wconf 86' lang='lat' dir='ltr'><strong>terirem</strong></span> <span class='ocrx_word' id='word_1_223' title='bbox 482 3006 548 3047; x_wconf 80' lang='lat' dir='ltr'><strong>ex</strong></span> <span class='ocrx_word' id='word_1_224' title='bbox 581 2990 663 3045; x_wconf 91' lang='lat' dir='ltr'><strong>bis</strong></span> <span class='ocrx_word' id='word_1_225' title='bbox 694 3007 811 3060; x_wconf 81' lang='lat' dir='ltr'><strong>qua:</strong></span> <span class='ocrx_word' id='word_1_226' title='bbox 842 2998 897 3045; x_wconf 91' lang='lat' dir='ltr'><strong>et</strong></span> <span class='ocrx_word' id='word_1_227' title='bbox 917 2990 984 3045; x_wconf 86' lang='lat' dir='ltr'><strong>ad</strong></span> <span class='ocrx_word' id='word_1_228' title='bbox 1013 2990 1316 3043; x_wconf 88' lang='lat' dir='ltr'><strong>ﬁrmitatem</strong></span> <span class='ocrx_word' id='word_1_229' title='bbox 1337 2989 1710 3044; x_wconf 68' lang='lat' dir='ltr'><strong>ecclesiastica:</strong></span> <span class='ocrx_word' id='word_1_230' title='bbox 1738 3004 1826 3043; x_wconf 92' lang='lat' dir='ltr'><strong>or-</strong></span> 
     </span>
    </p>
   </div>
   <div class='ocr_carea' id='block_1_33' title="bbox 238 3081 1825 3153">
    <p class='ocr_par' dir='ltr' id='par_1_33' title="bbox 238 3081 1825 3153">
     <span class='ocr_line' id='line_1_33' title="bbox 238 3081 1825 3153; baseline -0.001 -16"><span class='ocrx_word' id='word_1_231' title='bbox 238 3082 521 3138; x_wconf 75' lang='lat' dir='ltr'><strong>tbodoxia:</strong></span> <span class='ocrx_word' id='word_1_232' title='bbox 536 3082 885 3153; x_wconf 83' lang='lat' dir='ltr'><strong>pertinerent,</strong></span> <span class='ocrx_word' id='word_1_233' title='bbox 901 3092 954 3137; x_wconf 89' lang='lat' dir='ltr'><strong>et</strong></span> <span class='ocrx_word' id='word_1_234' title='bbox 979 3082 1045 3136; x_wconf 91' lang='lat' dir='ltr'><strong>ad</strong></span> <span class='ocrx_word' id='word_1_235' title='bbox 1070 3081 1486 3137; x_wconf 85' lang='lat' dir='ltr'><strong>convincendam</strong></span> <span class='ocrx_word' id='word_1_236' title='bbox 1511 3096 1693 3135; x_wconf 89' lang='lat' dir='ltr'><strong>eorum</strong></span> <span class='ocrx_word' id='word_1_237' title='bbox 1726 3081 1825 3135; x_wconf 89' lang='lat' dir='ltr'><strong>im-</strong></span> 
     </span>
    </p>
   </div>
   <div class='ocr_carea' id='block_1_34' title="bbox 1945 528 3508 598">
    <p class='ocr_par' dir='ltr' id='par_1_34' title="bbox 1945 528 3508 598">
     <span class='ocr_line' id='line_1_34' title="bbox 1945 528 3508 598; baseline 0.011 -22"><span class='ocrx_word' id='word_1_238' title='bbox 1945 534 2058 597; x_wconf 81' lang='lat' dir='ltr'><strong>erat</strong></span> <span class='ocrx_word' id='word_1_239' title='bbox 2083 539 2242 594; x_wconf 80' lang='lat' dir='ltr'><strong>ergo,</strong></span> <span class='ocrx_word' id='word_1_240' title='bbox 2275 542 2379 580; x_wconf 87' lang='lat' dir='ltr'><strong>non</strong></span> <span class='ocrx_word' id='word_1_241' title='bbox 2412 528 2585 582; x_wconf 88' lang='lat' dir='ltr'><strong>solum</strong></span> <span class='ocrx_word' id='word_1_242' title='bbox 2618 529 2826 598; x_wconf 79' lang='lat' dir='ltr'><strong>inepta,</strong></span> <span class='ocrx_word' id='word_1_243' title='bbox 2858 532 2952 586; x_wconf 89' lang='lat' dir='ltr'><strong>sed</strong></span> <span class='ocrx_word' id='word_1_244' title='bbox 2980 534 3141 588; x_wconf 85' lang='lat' dir='ltr'><strong>etiam</strong></span> <span class='ocrx_word' id='word_1_245' title='bbox 3184 538 3388 592; x_wconf 81' lang='lat' dir='ltr'><strong>inﬁrma</strong></span> <span class='ocrx_word' id='word_1_246' title='bbox 3421 542 3508 595; x_wconf 86' lang='lat' dir='ltr'><strong>illa</strong></span> 
     </span>
    </p>
   </div>
   <div class='ocr_carea' id='block_1_35' title="bbox 1941 618 3506 695">
    <p class='ocr_par' dir='ltr' id='par_1_35' title="bbox 1941 618 3506 695">
     <span class='ocr_line' id='line_1_35' title="bbox 1941 618 3506 695; baseline 0.01 -25"><span class='ocrx_word' id='word_1_247' title='bbox 1941 619 2138 686; x_wconf 85' lang='lat' dir='ltr'><strong>scripta</strong></span> <span class='ocrx_word' id='word_1_248' title='bbox 2169 618 2507 674; x_wconf 86' lang='lat' dir='ltr'><strong>audientibus</strong></span> <span class='ocrx_word' id='word_1_249' title='bbox 2536 636 2830 689; x_wconf 82' lang='lat' dir='ltr'><strong>apparere:</strong></span> <span class='ocrx_word' id='word_1_250' title='bbox 2861 626 3111 693; x_wconf 88' lang='lat' dir='ltr'><strong>quoniam</strong></span> <span class='ocrx_word' id='word_1_251' title='bbox 3157 644 3327 695; x_wconf 86' lang='lat' dir='ltr'><strong>neque</strong></span> <span class='ocrx_word' id='word_1_252' title='bbox 3358 632 3506 685; x_wconf 85' lang='lat' dir='ltr'><strong>ﬁrma</strong></span> 
     </span>
    </p>
   </div>
   <div class='ocr_carea' id='block_1_36' title="bbox 1944 709 3506 787">
    <p class='ocr_par' dir='ltr' id='par_1_36' title="bbox 1944 709 3506 787">
     <span class='ocr_line' id='line_1_36' title="bbox 1944 709 3506 787; baseline 0.009 -24"><span class='ocrx_word' id='word_1_253' title='bbox 1944 709 2169 766; x_wconf 86' lang='lat' dir='ltr'><strong>ratione.</strong></span> <span class='ocrx_word' id='word_1_254' title='bbox 2187 724 2358 779; x_wconf 88' lang='lat' dir='ltr'><strong>neque</strong></span> <span class='ocrx_word' id='word_1_255' title='bbox 2373 711 2631 766; x_wconf 80' lang='lat' dir='ltr'><strong>convenis</strong></span> <span class='ocrx_word' id='word_1_256' title='bbox 2654 713 2708 765; x_wconf 83' lang='lat' dir='ltr'><strong>ui</strong></span> <span class='ocrx_word' id='word_1_257' title='bbox 2734 712 2833 775; x_wconf 71' lang='lat' dir='ltr'><strong>hac</strong></span> <span class='ocrx_word' id='word_1_258' title='bbox 2857 717 3108 781; x_wconf 85' lang='lat' dir='ltr'><strong>possibile</strong></span> <span class='ocrx_word' id='word_1_259' title='bbox 3135 727 3251 771; x_wconf 87' lang='lat' dir='ltr'><strong>erat</strong></span> <span class='ocrx_word' id='word_1_260' title='bbox 3267 722 3506 787; x_wconf 88' lang='lat' dir='ltr'><strong>ostendi;</strong></span> 
     </span>
    </p>
   </div>
   <div class='ocr_carea' id='block_1_37' title="bbox 1939 801 3506 877">
    <p class='ocr_par' dir='ltr' id='par_1_37' title="bbox 1939 801 3506 877">
     <span class='ocr_line' id='line_1_37' title="bbox 1939 801 3506 877; baseline 0.008 -23"><span class='ocrx_word' id='word_1_261' title='bbox 1939 811 1993 855; x_wconf 91' lang='lat' dir='ltr'><strong>et</strong></span> <span class='ocrx_word' id='word_1_262' title='bbox 2019 801 2087 853; x_wconf 89' lang='lat' dir='ltr'><strong>ab</strong></span> <span class='ocrx_word' id='word_1_263' title='bbox 2119 802 2221 854; x_wconf 89' lang='lat' dir='ltr'><strong>illis</strong></span> <span class='ocrx_word' id='word_1_264' title='bbox 2254 801 2451 856; x_wconf 87' lang='lat' dir='ltr'><strong>idcirco</strong></span> <span class='ocrx_word' id='word_1_265' title='bbox 2478 803 2703 856; x_wconf 87' lang='lat' dir='ltr'><strong>infirmis</strong></span> <span class='ocrx_word' id='word_1_266' title='bbox 2730 805 2752 837; x_wconf 77' lang='grc'><strong><em>³</em></strong></span> <span class='ocrx_word' id='word_1_267' title='bbox 2775 815 2887 858; x_wconf 87' lang='lat' dir='ltr'><strong>erat</strong></span> <span class='ocrx_word' id='word_1_268' title='bbox 2909 809 3288 877; x_wconf 88' lang='lat' dir='ltr'><strong>conscriptum,</strong></span> <span class='ocrx_word' id='word_1_269' title='bbox 3320 824 3506 877; x_wconf 85' lang='lat' dir='ltr'><strong>quate-</strong></span> 
     </span>
    </p>
   </div>
   <div class='ocr_carea' id='block_1_38' title="bbox 1942 892 3503 967">
    <p class='ocr_par' dir='ltr' id='par_1_38' title="bbox 1942 892 3503 967">
     <span class='ocr_line' id='line_1_38' title="bbox 1942 892 3503 967; baseline 0.008 -24"><span class='ocrx_word' id='word_1_270' title='bbox 1942 906 2045 944; x_wconf 87' lang='lat' dir='ltr'><strong>nus</strong></span> <span class='ocrx_word' id='word_1_271' title='bbox 2068 892 2155 945; x_wconf 90' lang='lat' dir='ltr'><strong>ille</strong></span> <span class='ocrx_word' id='word_1_272' title='bbox 2177 893 2263 959; x_wconf 91' lang='lat' dir='ltr'><strong>qui</strong></span> <span class='ocrx_word' id='word_1_273' title='bbox 2283 894 2576 961; x_wconf 72' lang='lat' dir='ltr'><strong>scripserat</strong></span> <span class='ocrx_word' id='word_1_274' title='bbox 2599 893 2803 950; x_wconf 89' lang='lat' dir='ltr'><strong>facilius</strong></span> <span class='ocrx_word' id='word_1_275' title='bbox 2824 895 2946 949; x_wconf 89' lang='lat' dir='ltr'><strong>inde</strong></span> <span class='ocrx_word' id='word_1_276' title='bbox 2967 901 3205 952; x_wconf 79' lang='lat' dir='ltr'><strong>convinci</strong></span> <span class='ocrx_word' id='word_1_277' title='bbox 3228 906 3503 967; x_wconf 75' lang='lat' dir='ltr'><strong>potui~set.</strong></span> 
     </span>
    </p>
   </div>
   <div class='ocr_carea' id='block_1_39' title="bbox 1942 981 3508 1052">
    <p class='ocr_par' dir='ltr' id='par_1_39' title="bbox 1942 981 3508 1052">
     <span class='ocr_line' id='line_1_39' title="bbox 1942 981 3508 1052; baseline 0.008 -17"><span class='ocrx_word' id='word_1_278' title='bbox 1942 981 2087 1035; x_wconf 73' lang='lat' dir='ltr'><strong>linus</strong></span> <span class='ocrx_word' id='word_1_279' title='bbox 2105 994 2238 1050; x_wconf 82' lang='lat' dir='ltr'><strong>ergo</strong></span> <span class='ocrx_word' id='word_1_280' title='bbox 2262 996 2325 1035; x_wconf 77' lang='lat' dir='ltr'><strong>ex</strong></span> <span class='ocrx_word' id='word_1_281' title='bbox 2350 985 2547 1036; x_wconf 82' lang='lat' dir='ltr'><strong>nostris</strong></span> <span class='ocrx_word' id='word_1_282' title='bbox 2577 995 2793 1052; x_wconf 78' lang='lat' dir='ltr'><strong>propter</strong></span> <span class='ocrx_word' id='word_1_283' title='bbox 2816 987 3033 1040; x_wconf 87' lang='lat' dir='ltr'><strong>multam</strong></span> <span class='ocrx_word' id='word_1_284' title='bbox 3068 990 3370 1045; x_wconf 69' lang='lat' dir='ltr'><strong>facilitatem</strong></span> <span class='ocrx_word' id='word_1_285' title='bbox 3398 995 3508 1047; x_wconf 63' lang='lat' dir='ltr'><strong>hate</strong></span> 
     </span>
    </p>
   </div>
   <div class='ocr_carea' id='block_1_40' title="bbox 1939 1073 3506 1149">
    <p class='ocr_par' dir='ltr' id='par_1_40' title="bbox 1939 1073 3506 1149">
     <span class='ocr_line' id='line_1_40' title="bbox 1939 1073 3506 1149; baseline 0.008 -26"><span class='ocrx_word' id='word_1_286' title='bbox 1939 1082 2120 1124; x_wconf 86' lang='lat' dir='ltr'><strong>nostra</strong></span> <span class='ocrx_word' id='word_1_287' title='bbox 2170 1085 2291 1127; x_wconf 86' lang='lat' dir='ltr'><strong>esse</strong></span> <span class='ocrx_word' id='word_1_288' title='bbox 2338 1073 2566 1127; x_wconf 86' lang='lat' dir='ltr'><strong>credidit</strong></span> <span class='ocrx_word' id='word_1_289' title='bbox 2601 1076 2821 1144; x_wconf 85' lang='lat' dir='ltr'><strong>scripta,</strong></span> <span class='ocrx_word' id='word_1_290' title='bbox 2849 1087 2901 1129; x_wconf 86' lang='lat' dir='ltr'><strong>et</strong></span> <span class='ocrx_word' id='word_1_291' title='bbox 2944 1077 3100 1147; x_wconf 86' lang='lat' dir='ltr'><strong>hujus</strong></span> <span class='ocrx_word' id='word_1_292' title='bbox 3129 1080 3202 1133; x_wconf 85' lang='lat' dir='ltr'><strong>rei</strong></span> <span class='ocrx_word' id='word_1_293' title='bbox 3230 1084 3396 1149; x_wconf 77' lang='lat' dir='ltr'><strong>gratia</strong></span> <span class='ocrx_word' id='word_1_294' title='bbox 3430 1084 3506 1136; x_wconf 81' lang='lat' dir='ltr'><strong>di-</strong></span> 
     </span>
    </p>
   </div>
   <div class='ocr_carea' id='block_1_41' title="bbox 1934 1162 3509 1239">
    <p class='ocr_par' dir='ltr' id='par_1_41' title="bbox 1934 1162 3509 1239">
     <span class='ocr_line' id='line_1_41' title="bbox 1934 1162 3509 1239; baseline 0.008 -25"><span class='ocrx_word' id='word_1_295' title='bbox 1934 1176 2071 1231; x_wconf 76' lang='lat' dir='ltr'><strong>gnus</strong></span> <span class='ocrx_word' id='word_1_296' title='bbox 2098 1162 2203 1215; x_wconf 85' lang='lat' dir='ltr'><strong>ﬁde</strong></span> <span class='ocrx_word' id='word_1_297' title='bbox 2229 1163 2295 1215; x_wconf 90' lang='lat' dir='ltr'><strong>ab</strong></span> <span class='ocrx_word' id='word_1_298' title='bbox 2333 1164 2436 1216; x_wconf 89' lang='lat' dir='ltr'><strong>illis</strong></span> <span class='ocrx_word' id='word_1_299' title='bbox 2468 1165 2703 1218; x_wconf 89' lang='lat' dir='ltr'><strong>creditus</strong></span> <span class='ocrx_word' id='word_1_300' title='bbox 2732 1176 2811 1219; x_wconf 71' lang='lat' dir='ltr'><strong>est</strong></span> <span class='ocrx_word' id='word_1_301' title='bbox 2838 1168 2925 1233; x_wconf 91' lang='lat' dir='ltr'><strong>qui</strong></span> <span class='ocrx_word' id='word_1_302' title='bbox 2968 1170 3064 1221; x_wconf 68' lang='lat' dir='ltr'><strong>ista</strong></span> <span class='ocrx_word' id='word_1_303' title='bbox 3109 1171 3423 1239; x_wconf 75' lang='lat' dir='ltr'><strong>perlegeret,</strong></span> <span class='ocrx_word' id='word_1_304' title='bbox 3454 1185 3509 1227; x_wconf 91' lang='lat' dir='ltr'><strong>ct</strong></span> 
     </span>
    </p>
   </div>
   <div class='ocr_carea' id='block_1_42' title="bbox 1936 1251 3505 1333">
    <p class='ocr_par' dir='ltr' id='par_1_42' title="bbox 1936 1251 3505 1333">
     <span class='ocr_line' id='line_1_42' title="bbox 1936 1251 3505 1333; baseline 0.006 -28"><span class='ocrx_word' id='word_1_305' title='bbox 1936 1251 2264 1305; x_wconf 84' lang='lat' dir='ltr'><strong>renuntiavit</strong></span> <span class='ocrx_word' id='word_1_306' title='bbox 2293 1253 2448 1305; x_wconf 86' lang='lat' dir='ltr'><strong>nobis</strong></span> <span class='ocrx_word' id='word_1_307' title='bbox 2478 1268 2538 1307; x_wconf 85' lang='lat' dir='ltr'><strong>ea</strong></span> <span class='ocrx_word' id='word_1_308' title='bbox 2568 1269 2691 1321; x_wconf 64' lang='lat' dir='ltr'><strong>qua:</strong></span> <span class='ocrx_word' id='word_1_309' title='bbox 2723 1255 2930 1309; x_wconf 84' lang='lat' dir='ltr'><strong>fuerant</strong></span> <span class='ocrx_word' id='word_1_310' title='bbox 2961 1258 3177 1327; x_wconf 84' lang='lat' dir='ltr'><strong>scripta.</strong></span> <span class='ocrx_word' id='word_1_311' title='bbox 3216 1262 3346 1315; x_wconf 85' lang='lat' dir='ltr'><strong>Cum</strong></span> <span class='ocrx_word' id='word_1_312' title='bbox 3379 1279 3505 1333; x_wconf 80' lang='lat' dir='ltr'><strong>ergo</strong></span> 
     </span>
    </p>
   </div>
   <div class='ocr_carea' id='block_1_43' title="bbox 1935 1344 3505 1419">
    <p class='ocr_par' dir='ltr' id='par_1_43' title="bbox 1935 1344 3505 1419">
     <span class='ocr_line' id='line_1_43' title="bbox 1935 1344 3505 1419; baseline 0.006 -23"><span class='ocrx_word' id='word_1_313' title='bbox 1935 1344 2293 1413; x_wconf 86' lang='lat' dir='ltr'><strong>audissemus,</strong></span> <span class='ocrx_word' id='word_1_314' title='bbox 2327 1345 2656 1414; x_wconf 81' lang='lat' dir='ltr'><strong>culpavimus</strong></span> <span class='ocrx_word' id='word_1_315' title='bbox 2684 1348 2897 1416; x_wconf 85' lang='lat' dir='ltr'><strong>quidem</strong></span> <span class='ocrx_word' id='word_1_316' title='bbox 2930 1350 3099 1411; x_wconf 90' lang='lat' dir='ltr'><strong>illum.</strong></span> <span class='ocrx_word' id='word_1_317' title='bbox 3136 1354 3274 1419; x_wconf 76' lang='lat' dir='ltr'><strong>quod</strong></span> <span class='ocrx_word' id='word_1_318' title='bbox 3322 1366 3505 1408; x_wconf 74' lang='lat' dir='ltr'><strong>contia</strong></span> 
     </span>
    </p>
   </div>
   <div class='ocr_carea' id='block_1_44' title="bbox 1934 1430 3503 1513">
    <p class='ocr_par' dir='ltr' id='par_1_44' title="bbox 1934 1430 3503 1513">
     <span class='ocr_line' id='line_1_44' title="bbox 1934 1430 3503 1513; baseline 0.007 -26"><span class='ocrx_word' id='word_1_319' title='bbox 1934 1450 2031 1487; x_wconf 88' lang='lat' dir='ltr'><strong>nos</strong></span> <span class='ocrx_word' id='word_1_320' title='bbox 2052 1434 2212 1488; x_wconf 90' lang='lat' dir='ltr'><strong>dictis</strong></span> <span class='ocrx_word' id='word_1_321' title='bbox 2236 1436 2573 1489; x_wconf 89' lang='lat' dir='ltr'><strong>sermonibus</strong></span> <span class='ocrx_word' id='word_1_322' title='bbox 2599 1430 2910 1492; x_wconf 79' lang='lat' dir='ltr'><strong>credidisset</strong></span> <span class='ocrx_word' id='word_1_323' title='bbox 2937 1439 3005 1493; x_wconf 93' lang='lat' dir='ltr'><strong>de</strong></span> <span class='ocrx_word' id='word_1_324' title='bbox 3034 1442 3115 1494; x_wconf 88' lang='lat' dir='ltr'><strong>his</strong></span> <span class='ocrx_word' id='word_1_325' title='bbox 3146 1446 3326 1507; x_wconf 83' lang='lat' dir='ltr'><strong>rebus,</strong></span> <span class='ocrx_word' id='word_1_326' title='bbox 3373 1462 3503 1513; x_wconf 85' lang='lat' dir='ltr'><strong>quas</strong></span> 
     </span>
    </p>
   </div>
   <div class='ocr_carea' id='block_1_45' title="bbox 1932 1526 3506 1597">
    <p class='ocr_par' dir='ltr' id='par_1_45' title="bbox 1932 1526 3506 1597">
     <span class='ocr_line' id='line_1_45' title="bbox 1932 1526 3506 1597; baseline 0.009 -19"><span class='ocrx_word' id='word_1_327' title='bbox 1932 1526 2127 1593; x_wconf 55' lang='lat' dir='ltr'><strong>sacpius</strong></span> <span class='ocrx_word' id='word_1_328' title='bbox 2157 1537 2210 1581; x_wconf 93' lang='lat' dir='ltr'><strong>et</strong></span> <span class='ocrx_word' id='word_1_329' title='bbox 2242 1528 2293 1581; x_wconf 91' lang='lat' dir='ltr'><strong>in</strong></span> <span class='ocrx_word' id='word_1_330' title='bbox 2342 1527 2575 1582; x_wconf 85' lang='lat' dir='ltr'><strong>ecclesia</strong></span> <span class='ocrx_word' id='word_1_331' title='bbox 2603 1538 2659 1583; x_wconf 89' lang='lat' dir='ltr'><strong>et</strong></span> <span class='ocrx_word' id='word_1_332' title='bbox 2689 1535 2935 1597; x_wconf 81' lang='lat' dir='ltr'><strong>privatim</strong></span> <span class='ocrx_word' id='word_1_333' title='bbox 2967 1532 3205 1588; x_wconf 88' lang='lat' dir='ltr'><strong>dicentes</strong></span> <span class='ocrx_word' id='word_1_334' title='bbox 3233 1551 3329 1589; x_wconf 91' lang='lat' dir='ltr'><strong>nos</strong></span> <span class='ocrx_word' id='word_1_335' title='bbox 3359 1539 3506 1591; x_wconf 90' lang='lat' dir='ltr'><strong>audi-</strong></span> 
     </span>
    </p>
   </div>
   <div class='ocr_carea' id='block_1_46' title="bbox 1934 1617 3507 1692">
    <p class='ocr_par' dir='ltr' id='par_1_46' title="bbox 1934 1617 3507 1692">
     <span class='ocr_line' id='line_1_46' title="bbox 1934 1617 3507 1692; baseline 0.008 -24"><span class='ocrx_word' id='word_1_336' title='bbox 1934 1617 2025 1679; x_wconf 85' lang='lat' dir='ltr'><strong>vit,</strong></span> <span class='ocrx_word' id='word_1_337' title='bbox 2054 1631 2172 1671; x_wconf 90' lang='lat' dir='ltr'><strong>cum</strong></span> <span class='ocrx_word' id='word_1_338' title='bbox 2221 1618 2515 1674; x_wconf 85' lang='lat' dir='ltr'><strong>fideliorem</strong></span> <span class='ocrx_word' id='word_1_339' title='bbox 2539 1620 2756 1688; x_wconf 85' lang='lat' dir='ltr'><strong>scriptis</strong></span> <span class='ocrx_word' id='word_1_340' title='bbox 2788 1630 3026 1675; x_wconf 78' lang='lat' dir='ltr'><strong>nostram</strong></span> <span class='ocrx_word' id='word_1_341' title='bbox 3057 1639 3241 1679; x_wconf 79' lang='lat' dir='ltr'><strong>Vocem</strong></span> <span class='ocrx_word' id='word_1_342' title='bbox 3266 1626 3507 1692; x_wconf 87' lang='lat' dir='ltr'><strong>judicare</strong></span> 
     </span>
    </p>
   </div>
   <div class='ocr_carea' id='block_1_47' title="bbox 1932 1707 3503 1786">
    <p class='ocr_par' dir='ltr' id='par_1_47' title="bbox 1932 1707 3503 1786">
     <span class='ocr_line' id='line_1_47' title="bbox 1932 1707 3503 1786; baseline 0.008 -27"><span class='ocrx_word' id='word_1_343' title='bbox 1932 1707 2194 1773; x_wconf 77' lang='lat' dir='ltr'><strong>debuerit,</strong></span> <span class='ocrx_word' id='word_1_344' title='bbox 2221 1707 2288 1762; x_wconf 87' lang='lat' dir='ltr'><strong>ad</strong></span> <span class='ocrx_word' id='word_1_345' title='bbox 2311 1709 2688 1763; x_wconf 88' lang='lat' dir='ltr'><strong>documentum</strong></span> <span class='ocrx_word' id='word_1_346' title='bbox 2721 1718 2919 1764; x_wconf 66' lang='lat' dir='ltr'><strong>nostra:</strong></span> <span class='ocrx_word' id='word_1_347' title='bbox 2945 1715 3245 1779; x_wconf 68' lang='lat' dir='ltr'><strong>sententiae,</strong></span> <span class='ocrx_word' id='word_1_348' title='bbox 3271 1731 3427 1786; x_wconf 86' lang='lat' dir='ltr'><strong>quam</strong></span> <span class='ocrx_word' id='word_1_349' title='bbox 3453 1719 3503 1771; x_wconf 92' lang='lat' dir='ltr'><strong>in</strong></span> 
     </span>
    </p>
   </div>
   <div class='ocr_carea' id='block_1_48' title="bbox 1865 1798 3505 1867">
    <p class='ocr_par' dir='ltr' id='par_1_48' title="bbox 1865 1798 3505 1867">
     <span class='ocr_line' id='line_1_48' title="bbox 1865 1798 3505 1867; baseline 0.009 -17"><span class='ocrx_word' id='word_1_350' title='bbox 1865 1804 1901 1859; x_wconf 75' lang='grc' dir='ltr'><strong>ιι</strong></span> <span class='ocrx_word' id='word_1_351' title='bbox 1931 1798 2269 1867; x_wconf 75' lang='lat' dir='ltr'><strong>dogmatibus</strong></span> <span class='ocrx_word' id='word_1_352' title='bbox 2298 1811 2477 1855; x_wconf 88' lang='lat' dir='ltr'><strong>votum</strong></span> <span class='ocrx_word' id='word_1_353' title='bbox 2508 1810 2745 1855; x_wconf 83' lang='lat' dir='ltr'><strong>nostrum</strong></span> <span class='ocrx_word' id='word_1_354' title='bbox 2778 1809 2861 1856; x_wconf 84' lang='lat' dir='ltr'><strong>est</strong></span> <span class='ocrx_word' id='word_1_355' title='bbox 2905 1817 3246 1860; x_wconf 83' lang='lat' dir='ltr'><strong>conservare.</strong></span> <span class='ocrx_word' id='word_1_356' title='bbox 3286 1826 3305 1859; x_wconf 84' lang='grc'><strong>›</strong></span> <span class='ocrx_word' id='word_1_357' title='bbox 3341 1812 3505 1864; x_wconf 82' lang='lat' dir='ltr'><strong>Acce-</strong></span> 
     </span>
    </p>
   </div>
   <div class='ocr_carea' id='block_1_49' title="bbox 1932 1890 3505 1966">
    <p class='ocr_par' dir='ltr' id='par_1_49' title="bbox 1932 1890 3505 1966">
     <span class='ocr_line' id='line_1_49' title="bbox 1932 1890 3505 1966; baseline 0.007 -23"><span class='ocrx_word' id='word_1_358' title='bbox 1932 1890 2077 1959; x_wconf 89' lang='lat' dir='ltr'><strong>pisti,</strong></span> <span class='ocrx_word' id='word_1_359' title='bbox 2110 1891 2530 1947; x_wconf 86' lang='lat' dir='ltr'><strong>clementissime</strong></span> <span class='ocrx_word' id='word_1_360' title='bbox 2554 1893 2993 1963; x_wconf 87' lang='lat' dir='ltr'><strong>imperator,&#39;quo</strong></span> <span class='ocrx_word' id='word_1_361' title='bbox 3015 1896 3181 1951; x_wconf 80' lang='lat' dir='ltr'><strong>livore</strong></span> <span class='ocrx_word' id='word_1_362' title='bbox 3208 1912 3437 1966; x_wconf 88' lang='lat' dir='ltr'><strong>semper,</strong></span> <span class='ocrx_word' id='word_1_363' title='bbox 3453 1910 3505 1954; x_wconf 89' lang='lat' dir='ltr'><strong>et</strong></span> 
     </span>
    </p>
   </div>
   <div class='ocr_carea' id='block_1_50' title="bbox 1930 1980 3503 2057">
    <p class='ocr_par' dir='ltr' id='par_1_50' title="bbox 1930 1980 3503 2057">
     <span class='ocr_line' id='line_1_50' title="bbox 1930 1980 3503 2057; baseline 0.008 -24"><span class='ocrx_word' id='word_1_364' title='bbox 1930 1996 2031 2047; x_wconf 92' lang='lat' dir='ltr'><strong>qua</strong></span> <span class='ocrx_word' id='word_1_365' title='bbox 2063 1980 2271 2034; x_wconf 76' lang='lat' dir='ltr'><strong>fallacia</strong></span> <span class='ocrx_word' id='word_1_366' title='bbox 2320 1981 2653 2037; x_wconf 87' lang='lat' dir='ltr'><strong>institutores</strong></span> <span class='ocrx_word' id='word_1_367' title='bbox 2692 1983 3143 2053; x_wconf 81' lang='lat' dir='ltr'><strong>Eutycbianorum</strong></span> <span class='ocrx_word' id='word_1_368' title='bbox 3177 1988 3503 2057; x_wconf 73' lang='lat' dir='ltr'><strong>Synusiastze</strong></span> 
     </span>
    </p>
   </div>
   <div class='ocr_carea' id='block_1_51' title="bbox 1933 2069 3503 2146">
    <p class='ocr_par' dir='ltr' id='par_1_51' title="bbox 1933 2069 3503 2146">
     <span class='ocr_line' id='line_1_51' title="bbox 1933 2069 3503 2146; baseline 0.009 -24"><span class='ocrx_word' id='word_1_369' title='bbox 1933 2069 2163 2124; x_wconf 88' lang='lat' dir='ltr'><strong>insidiati</strong></span> <span class='ocrx_word' id='word_1_370' title='bbox 2196 2070 2395 2125; x_wconf 87' lang='lat' dir='ltr'><strong>fuerint</strong></span> <span class='ocrx_word' id='word_1_371' title='bbox 2423 2071 2578 2126; x_wconf 88' lang='lat' dir='ltr'><strong>dictis</strong></span> <span class='ocrx_word' id='word_1_372' title='bbox 2609 2073 2898 2140; x_wconf 87' lang='lat' dir='ltr'><strong>Theodori,</strong></span> <span class='ocrx_word' id='word_1_373' title='bbox 2932 2084 3112 2146; x_wconf 86' lang='lat' dir='ltr'><strong>etquo</strong></span> <span class='ocrx_word' id='word_1_374' title='bbox 3143 2079 3301 2133; x_wconf 89' lang='lat' dir='ltr'><strong>modo</strong></span> <span class='ocrx_word' id='word_1_375' title='bbox 3334 2091 3503 2137; x_wconf 88' lang='lat' dir='ltr'><strong>tenta-</strong></span> 
     </span>
    </p>
   </div>
   <div class='ocr_carea' id='block_1_52' title="bbox 1931 2162 3500 2225">
    <p class='ocr_par' dir='ltr' id='par_1_52' title="bbox 1931 2162 3500 2225">
     <span class='ocr_line' id='line_1_52' title="bbox 1931 2162 3500 2225; baseline 0.007 -11"><span class='ocrx_word' id='word_1_376' title='bbox 1931 2163 2103 2215; x_wconf 83' lang='lat' dir='ltr'><strong>verint</strong></span> <span class='ocrx_word' id='word_1_377' title='bbox 2131 2162 2521 2216; x_wconf 88' lang='lat' dir='ltr'><strong>levissimorum</strong></span> <span class='ocrx_word' id='word_1_378' title='bbox 2549 2164 2931 2218; x_wconf 86' lang='lat' dir='ltr'><strong>catholicorum</strong></span> <span class='ocrx_word' id='word_1_379' title='bbox 2964 2177 3173 2222; x_wconf 79' lang='lat' dir='ltr'><strong>mentes</strong></span> <span class='ocrx_word' id='word_1_380' title='bbox 3198 2184 3227 2221; x_wconf 88' lang='lat' dir='ltr'><strong>a</strong></span> <span class='ocrx_word' id='word_1_381' title='bbox 3260 2172 3500 2225; x_wconf 80' lang='lat' dir='ltr'><strong>doctrina</strong></span> 
     </span>
    </p>
   </div>
   <div class='ocr_carea' id='block_1_53' title="bbox 1928 2255 3502 2330">
    <p class='ocr_par' dir='ltr' id='par_1_53' title="bbox 1928 2255 3502 2330">
     <span class='ocr_line' id='line_1_53' title="bbox 1928 2255 3502 2330; baseline 0.007 -25"><span class='ocrx_word' id='word_1_382' title='bbox 1928 2255 2042 2323; x_wconf 83' lang='lat' dir='ltr'><strong>ejus</strong></span> <span class='ocrx_word' id='word_1_383' title='bbox 2069 2266 2349 2310; x_wconf 80' lang='lat' dir='ltr'><strong>avertere:</strong></span> <span class='ocrx_word' id='word_1_384' title='bbox 2383 2264 2442 2311; x_wconf 94' lang='lat' dir='ltr'><strong>ut</strong></span> <span class='ocrx_word' id='word_1_385' title='bbox 2468 2271 2576 2310; x_wconf 91' lang='lat' dir='ltr'><strong>non</strong></span> <span class='ocrx_word' id='word_1_386' title='bbox 2627 2256 2800 2311; x_wconf 86' lang='lat' dir='ltr'><strong>solum</strong></span> <span class='ocrx_word' id='word_1_387' title='bbox 2834 2274 2993 2327; x_wconf 88' lang='lat' dir='ltr'><strong>prave</strong></span> <span class='ocrx_word' id='word_1_388' title='bbox 3022 2262 3502 2330; x_wconf 79' lang='lat' dir='ltr'><strong>interpretarentur</strong></span> 
     </span>
    </p>
   </div>
   <div class='ocr_carea' id='block_1_54' title="bbox 1928 2345 3502 2415">
    <p class='ocr_par' dir='ltr' id='par_1_54' title="bbox 1928 2345 3502 2415">
     <span class='ocr_line' id='line_1_54' title="bbox 1928 2345 3502 2415; baseline 0.006 -16"><span class='ocrx_word' id='word_1_389' title='bbox 1928 2360 2012 2414; x_wconf 87' lang='lat' dir='ltr'><strong>ea,</strong></span> <span class='ocrx_word' id='word_1_390' title='bbox 2044 2361 2161 2415; x_wconf 78' lang='lat' dir='ltr'><strong>qua:</strong></span> <span class='ocrx_word' id='word_1_391' title='bbox 2193 2345 2282 2400; x_wconf 92' lang='lat' dir='ltr'><strong>ille</strong></span> <span class='ocrx_word' id='word_1_392' title='bbox 2314 2360 2463 2402; x_wconf 91' lang='lat' dir='ltr'><strong>recto</strong></span> <span class='ocrx_word' id='word_1_393' title='bbox 2490 2362 2651 2403; x_wconf 86' lang='lat' dir='ltr'><strong>sensu</strong></span> <span class='ocrx_word' id='word_1_394' title='bbox 2677 2349 2906 2405; x_wconf 87' lang='lat' dir='ltr'><strong>docebat</strong></span> <span class='ocrx_word' id='word_1_395' title='bbox 2926 2352 3121 2406; x_wconf 78' lang='lat' dir='ltr'><strong>obvius</strong></span> <span class='ocrx_word' id='word_1_396' title='bbox 3159 2368 3343 2408; x_wconf 89' lang='lat' dir='ltr'><strong>eorum</strong></span> <span class='ocrx_word' id='word_1_397' title='bbox 3366 2357 3502 2411; x_wconf 81' lang='lat' dir='ltr'><strong>stul-</strong></span> 
     </span>
    </p>
   </div>
   <div class='ocr_carea' id='block_1_55' title="bbox 1929 2436 3496 2511">
    <p class='ocr_par' dir='ltr' id='par_1_55' title="bbox 1929 2436 3496 2511">
     <span class='ocr_line' id='line_1_55' title="bbox 1929 2436 3496 2511; baseline 0.009 -23"><span class='ocrx_word' id='word_1_398' title='bbox 1929 2436 2083 2501; x_wconf 66' lang='lat' dir='ltr'><strong>titim,</strong></span> <span class='ocrx_word' id='word_1_399' title='bbox 2113 2451 2299 2491; x_wconf 87' lang='lat' dir='ltr'><strong>verum</strong></span> <span class='ocrx_word' id='word_1_400' title='bbox 2349 2440 2509 2493; x_wconf 80' lang='lat' dir='ltr'><strong>etiam</strong></span> <span class='ocrx_word' id='word_1_401' title='bbox 2557 2439 2720 2495; x_wconf 88' lang='lat' dir='ltr'><strong>libros</strong></span> <span class='ocrx_word' id='word_1_402' title='bbox 2751 2442 2868 2509; x_wconf 84' lang='lat' dir='ltr'><strong>ejus</strong></span> <span class='ocrx_word' id='word_1_403' title='bbox 2912 2443 3226 2511; x_wconf 80' lang='lat' dir='ltr'><strong>interposita</strong></span> <span class='ocrx_word' id='word_1_404' title='bbox 3268 2445 3496 2502; x_wconf 85' lang='lat' dir='ltr'><strong>falsitate</strong></span> 
     </span>
    </p>
   </div>
   <div class='ocr_carea' id='block_1_56' title="bbox 1926 2528 3501 2599">
    <p class='ocr_par' dir='ltr' id='par_1_56' title="bbox 1926 2528 3501 2599">
     <span class='ocr_line' id='line_1_56' title="bbox 1926 2528 3501 2599; baseline 0.006 -18"><span class='ocrx_word' id='word_1_405' title='bbox 1926 2538 2353 2596; x_wconf 86' lang='lat' dir='ltr'><strong>corrumperent.</strong></span> <span class='ocrx_word' id='word_1_406' title='bbox 2396 2529 2463 2583; x_wconf 84' lang='lat' dir='ltr'><strong>At</strong></span> <span class='ocrx_word' id='word_1_407' title='bbox 2500 2528 2589 2583; x_wconf 91' lang='lat' dir='ltr'><strong>ille</strong></span> <span class='ocrx_word' id='word_1_408' title='bbox 2618 2530 2741 2584; x_wconf 90' lang='lat' dir='ltr'><strong>binc</strong></span> <span class='ocrx_word' id='word_1_409' title='bbox 2772 2531 2852 2584; x_wconf 86' lang='lat' dir='ltr'><strong>vel</strong></span> <span class='ocrx_word' id='word_1_410' title='bbox 2891 2546 3074 2587; x_wconf 88' lang='lat' dir='ltr'><strong>eorum</strong></span> <span class='ocrx_word' id='word_1_411' title='bbox 3108 2534 3385 2599; x_wconf 83' lang='lat' dir='ltr'><strong>malitiam,</strong></span> <span class='ocrx_word' id='word_1_412' title='bbox 3421 2539 3501 2592; x_wconf 85' lang='lat' dir='ltr'><strong>vel</strong></span> 
     </span>
    </p>
   </div>
   <div class='ocr_carea' id='block_1_57' title="bbox 1933 2618 3498 2698">
    <p class='ocr_par' dir='ltr' id='par_1_57' title="bbox 1933 2618 3498 2698">
     <span class='ocr_line' id='line_1_57' title="bbox 1933 2618 3498 2698; baseline 0.006 -25"><span class='ocrx_word' id='word_1_413' title='bbox 1933 2618 2242 2674; x_wconf 73' lang='lat' dir='ltr'><strong>facilitatem</strong></span> <span class='ocrx_word' id='word_1_414' title='bbox 2290 2619 2676 2677; x_wconf 87' lang='lat' dir='ltr'><strong>catholicorum</strong></span> <span class='ocrx_word' id='word_1_415' title='bbox 2710 2622 3024 2679; x_wconf 88' lang='lat' dir='ltr'><strong>liducialiter</strong></span> <span class='ocrx_word' id='word_1_416' title='bbox 3052 2640 3181 2695; x_wconf 76' lang='lat' dir='ltr'><strong>argu</strong></span> <span class='ocrx_word' id='word_1_417' title='bbox 3204 2628 3326 2693; x_wconf 86' lang='lat' dir='ltr'><strong>bat,</strong></span> <span class='ocrx_word' id='word_1_418' title='bbox 3359 2633 3498 2698; x_wconf 84' lang='lat' dir='ltr'><strong>quod</strong></span> 
     </span>
    </p>
   </div>
   <div class='ocr_carea' id='block_1_58' title="bbox 1928 2711 3503 2788">
    <p class='ocr_par' dir='ltr' id='par_1_58' title="bbox 1928 2711 3503 2788">
     <span class='ocr_line' id='line_1_58' title="bbox 1928 2711 3503 2788; baseline 0.008 -23"><span class='ocrx_word' id='word_1_419' title='bbox 1928 2711 2098 2780; x_wconf 82' lang='lat' dir='ltr'><strong>palam</strong></span> <span class='ocrx_word' id='word_1_420' title='bbox 2128 2712 2439 2779; x_wconf 64' lang='lat' dir='ltr'><strong>praedicaret</strong></span> <span class='ocrx_word' id='word_1_421' title='bbox 2465 2713 2516 2767; x_wconf 93' lang='lat' dir='ltr'><strong>in</strong></span> <span class='ocrx_word' id='word_1_422' title='bbox 2546 2714 2784 2770; x_wconf 75' lang='lat' dir='ltr'><strong>Ecclesia</strong></span> <span class='ocrx_word' id='word_1_423' title='bbox 2823 2715 3022 2771; x_wconf 82' lang='lat' dir='ltr'><strong>Christi</strong></span> <span class='ocrx_word' id='word_1_424' title='bbox 3057 2734 3173 2788; x_wconf 70' lang='lat' dir='ltr'><strong>qua:</strong></span> <span class='ocrx_word' id='word_1_425' title='bbox 3201 2735 3345 2776; x_wconf 75' lang='lat' dir='ltr'><strong>sanie</strong></span> <span class='ocrx_word' id='word_1_426' title='bbox 3374 2723 3503 2778; x_wconf 84' lang='lat' dir='ltr'><strong>doe-</strong></span> 
     </span>
    </p>
   </div>
   <div class='ocr_carea' id='block_1_59' title="bbox 1930 2804 3503 2880">
    <p class='ocr_par' dir='ltr' id='par_1_59' title="bbox 1930 2804 3503 2880">
     <span class='ocr_line' id='line_1_59' title="bbox 1930 2804 3503 2880; baseline 0.008 -25"><span class='ocrx_word' id='word_1_427' title='bbox 1930 2804 2083 2856; x_wconf 76' lang='lat' dir='ltr'><strong>trina:</strong></span> <span class='ocrx_word' id='word_1_428' title='bbox 2104 2813 2481 2871; x_wconf 79' lang='lat' dir='ltr'><strong>congruerent,</strong></span> <span class='ocrx_word' id='word_1_429' title='bbox 2515 2815 2569 2859; x_wconf 91' lang='lat' dir='ltr'><strong>et</strong></span> <span class='ocrx_word' id='word_1_430' title='bbox 2606 2820 2709 2861; x_wconf 82' lang='lat' dir='ltr'><strong>vox</strong></span> <span class='ocrx_word' id='word_1_431' title='bbox 2740 2806 2856 2874; x_wconf 87' lang='lat' dir='ltr'><strong>ejus</strong></span> <span class='ocrx_word' id='word_1_432' title='bbox 2887 2807 3095 2864; x_wconf 86' lang='lat' dir='ltr'><strong>fidelior</strong></span> <span class='ocrx_word' id='word_1_433' title='bbox 3123 2812 3337 2880; x_wconf 68' lang='lat' dir='ltr'><strong>scriptis</strong></span> <span class='ocrx_word' id='word_1_434' title='bbox 3360 2829 3393 2868; x_wconf 91' lang='lat' dir='ltr'><strong>e</strong></span> <span class='ocrx_word' id='word_1_435' title='bbox 3424 2824 3503 2869; x_wconf 82' lang='lat' dir='ltr'><strong>set</strong></span> 
     </span>
    </p>
   </div>
   <div class='ocr_carea' id='block_1_60' title="bbox 1928 2894 3501 2961">
    <p class='ocr_par' dir='ltr' id='par_1_60' title="bbox 1928 2894 3501 2961">
     <span class='ocr_line' id='line_1_60' title="bbox 1928 2894 3501 2961; baseline 0.008 -13"><span class='ocrx_word' id='word_1_436' title='bbox 1928 2895 1993 2948; x_wconf 85' lang='lat' dir='ltr'><strong>ad</strong></span> <span class='ocrx_word' id='word_1_437' title='bbox 2025 2894 2405 2950; x_wconf 85' lang='lat' dir='ltr'><strong>documentum</strong></span> <span class='ocrx_word' id='word_1_438' title='bbox 2438 2912 2548 2952; x_wconf 65' lang='lat' dir='ltr'><strong>sum</strong></span> <span class='ocrx_word' id='word_1_439' title='bbox 2577 2900 2879 2954; x_wconf 61' lang='lat' dir='ltr'><strong>sententias.</strong></span> <span class='ocrx_word' id='word_1_440' title='bbox 2909 2901 3164 2959; x_wconf 86' lang='lat' dir='ltr'><strong>Absentis</strong></span> <span class='ocrx_word' id='word_1_441' title='bbox 3196 2906 3336 2960; x_wconf 84' lang='lat' dir='ltr'><strong>enim</strong></span> <span class='ocrx_word' id='word_1_442' title='bbox 3360 2909 3501 2961; x_wconf 67' lang='lat' dir='ltr'><strong>scri~</strong></span> 
     </span>
    </p>
   </div>
   <div class='ocr_carea' id='block_1_61' title="bbox 1932 2987 3503 3061">
    <p class='ocr_par' dir='ltr' id='par_1_61' title="bbox 1932 2987 3503 3061">
     <span class='ocr_line' id='line_1_61' title="bbox 1932 2987 3503 3061; baseline 0.008 -24"><span class='ocrx_word' id='word_1_443' title='bbox 1932 2996 2037 3054; x_wconf 86' lang='lat' dir='ltr'><strong>pta,</strong></span> <span class='ocrx_word' id='word_1_444' title='bbox 2067 3001 2183 3055; x_wconf 70' lang='lat' dir='ltr'><strong>qua:</strong></span> <span class='ocrx_word' id='word_1_445' title='bbox 2199 2987 2466 3054; x_wconf 90' lang='lat' dir='ltr'><strong>corrumpi</strong></span> <span class='ocrx_word' id='word_1_446' title='bbox 2487 2987 2556 3041; x_wconf 88' lang='lat' dir='ltr'><strong>ab</strong></span> <span class='ocrx_word' id='word_1_447' title='bbox 2577 2988 2805 3043; x_wconf 85' lang='lat' dir='ltr'><strong>inimicis</strong></span> <span class='ocrx_word' id='word_1_448' title='bbox 2830 2989 3080 3047; x_wconf 71' lang='lat' dir='ltr'><strong>Ecclesia:</strong></span> <span class='ocrx_word' id='word_1_449' title='bbox 3101 3007 3334 3061; x_wconf 87' lang='lat' dir='ltr'><strong>possent,</strong></span> <span class='ocrx_word' id='word_1_450' title='bbox 3360 2996 3503 3051; x_wconf 78' lang='lat' dir='ltr'><strong>vocis</strong></span> 
     </span>
    </p>
   </div>
   <div class='ocr_carea' id='block_1_62' title="bbox 1932 3068 3498 3158">
    <p class='ocr_par' dir='ltr' id='par_1_62' title="bbox 1932 3068 3498 3158">
     <span class='ocr_line' id='line_1_62' title="bbox 1932 3068 3498 3158; baseline 0.008 -27"><span class='ocrx_word' id='word_1_451' title='bbox 1932 3076 2048 3147; x_wconf 82' lang='lat' dir='ltr'><strong>ejus</strong></span> <span class='ocrx_word' id='word_1_452' title='bbox 2078 3078 2384 3132; x_wconf 88' lang='lat' dir='ltr'><strong>testimonio</strong></span> <span class='ocrx_word' id='word_1_453' title='bbox 2413 3078 2650 3148; x_wconf 59' lang='lat' dir='ltr'><strong>praeferri</strong></span> <span class='ocrx_word' id='word_1_454' title='bbox 2682 3068 2811 3135; x_wconf 31' lang='lat' dir='ltr'><strong>non‘</strong></span> <span class='ocrx_word' id='word_1_455' title='bbox 2836 3081 3156 3138; x_wconf 86' lang='lat' dir='ltr'><strong>debuerunt.</strong></span> <span class='ocrx_word' id='word_1_456' title='bbox 3188 3086 3323 3150; x_wconf 87' lang='lat' dir='ltr'><strong>Quid</strong></span> <span class='ocrx_word' id='word_1_457' title='bbox 3351 3103 3498 3158; x_wconf 76' lang='lat' dir='ltr'><strong>ergo,</strong></span> 
     </span>
    </p>
   </div>
   <div class='ocr_carea' id='block_1_63' title="bbox 238 3167 3503 3248">
    <p class='ocr_par' dir='ltr' id='par_1_63' title="bbox 238 3167 3503 3248">
     <span class='ocr_line' id='line_1_63' title="bbox 238 3167 3503 3248; baseline 0.002 -21"><span class='ocrx_word' id='word_1_458' title='bbox 238 3175 519 3247; x_wconf 83' lang='lat' dir='ltr'><strong>pietatem.</strong></span> <span class='ocrx_word' id='word_1_459' title='bbox 554 3175 657 3231; x_wconf 77' lang='lat' dir='ltr'><strong>Sed</strong></span> <span class='ocrx_word' id='word_1_460' title='bbox 686 3174 740 3228; x_wconf 89' lang='lat' dir='ltr'><strong>hi</strong></span> <span class='ocrx_word' id='word_1_461' title='bbox 772 3175 859 3244; x_wconf 89' lang='lat' dir='ltr'><strong>qui</strong></span> <span class='ocrx_word' id='word_1_462' title='bbox 890 3175 1071 3229; x_wconf 87' lang='lat' dir='ltr'><strong>omnia</strong></span> <span class='ocrx_word' id='word_1_463' title='bbox 1103 3173 1363 3228; x_wconf 85' lang='lat' dir='ltr'><strong>facillime</strong></span> <span class='ocrx_word' id='word_1_464' title='bbox 1393 3182 1743 3243; x_wconf 75' lang='lat' dir='ltr'><strong>praesumunt,</strong></span> <span class='ocrx_word' id='word_1_465' title='bbox 1773 3182 1828 3229; x_wconf 89' lang='lat' dir='ltr'><strong>et</strong></span> <span class='ocrx_word' id='word_1_466' title='bbox 1854 3167 1899 3229; x_wconf 71' lang='grc' dir='ltr'>Ε</span> <span class='ocrx_word' id='word_1_467' title='bbox 1932 3170 1976 3223; x_wconf 82' lang='lat' dir='ltr'><strong>si</strong></span> <span class='ocrx_word' id='word_1_468' title='bbox 2002 3168 2082 3222; x_wconf 81' lang='lat' dir='ltr'><strong>vel</strong></span> <span class='ocrx_word' id='word_1_469' title='bbox 2115 3168 2356 3227; x_wconf 84' lang='lat' dir='ltr'><strong>Ecclesia</strong></span> <span class='ocrx_word' id='word_1_470' title='bbox 2384 3170 2525 3226; x_wconf 89' lang='lat' dir='ltr'><strong>illius</strong></span> <span class='ocrx_word' id='word_1_471' title='bbox 2553 3172 2831 3241; x_wconf 83' lang='lat' dir='ltr'><strong>temporis,</strong></span> <span class='ocrx_word' id='word_1_472' title='bbox 2864 3174 2943 3228; x_wconf 86' lang='lat' dir='ltr'><strong>vel</strong></span> <span class='ocrx_word' id='word_1_473' title='bbox 2974 3175 3310 3243; x_wconf 86' lang='lat' dir='ltr'><strong>postmodum</strong></span> <span class='ocrx_word' id='word_1_474' title='bbox 3339 3193 3503 3248; x_wconf 79' lang='lat' dir='ltr'><strong>syno-</strong></span> 
     </span>
    </p>
   </div>
   <div class='ocr_carea' id='block_1_64' title="bbox 236 3263 1828 3337">
    <p class='ocr_par' dir='ltr' id='par_1_64' title="bbox 236 3263 1828 3337">
     <span class='ocr_line' id='line_1_64' title="bbox 236 3263 1828 3337; baseline -0.001 -17"><span class='ocrx_word' id='word_1_475' title='bbox 236 3276 499 3336; x_wconf 68' lang='lat' dir='ltr'><strong>prreterea</strong></span> <span class='ocrx_word' id='word_1_476' title='bbox 528 3280 737 3321; x_wconf 86' lang='lat' dir='ltr'><strong>rursum</strong></span> <span class='ocrx_word' id='word_1_477' title='bbox 789 3265 857 3319; x_wconf 89' lang='lat' dir='ltr'><strong>ab</strong></span> <span class='ocrx_word' id='word_1_478' title='bbox 897 3265 1224 3337; x_wconf 85' lang='lat' dir='ltr'><strong>Apolinario,</strong></span> <span class='ocrx_word' id='word_1_479' title='bbox 1260 3265 1348 3335; x_wconf 91' lang='lat' dir='ltr'><strong>qui</strong></span> <span class='ocrx_word' id='word_1_480' title='bbox 1380 3263 1625 3334; x_wconf 88' lang='lat' dir='ltr'><strong>princeps</strong></span> <span class='ocrx_word' id='word_1_481' title='bbox 1674 3263 1828 3334; x_wconf 90' lang='lat' dir='ltr'><strong>bujus</strong></span> 
     </span>
    </p>
   </div>
   <div class='ocr_carea' id='block_1_65' title="bbox 236 3356 1828 3425">
    <p class='ocr_par' dir='ltr' id='par_1_65' title="bbox 236 3356 1828 3425">
     <span class='ocr_line' id='line_1_65' title="bbox 236 3356 1828 3425; baseline -0.001 -13"><span class='ocrx_word' id='word_1_482' title='bbox 236 3359 461 3412; x_wconf 68' lang='lat' dir='ltr'><strong>haeresis</strong></span> <span class='ocrx_word' id='word_1_483' title='bbox 476 3356 661 3422; x_wconf 86' lang='lat' dir='ltr'><strong>fuerat,</strong></span> <span class='ocrx_word' id='word_1_484' title='bbox 685 3356 1193 3420; x_wconf 88' lang='lat' dir='ltr'><strong>instituti,omuibus</strong></span> <span class='ocrx_word' id='word_1_485' title='bbox 1215 3356 1428 3425; x_wconf 90' lang='lat' dir='ltr'><strong>quidem</strong></span> <span class='ocrx_word' id='word_1_486' title='bbox 1444 3356 1689 3412; x_wconf 84' lang='lat' dir='ltr'><strong>similiter</strong></span> <span class='ocrx_word' id='word_1_487' title='bbox 1710 3372 1828 3411; x_wconf 85' lang='lat' dir='ltr'><strong>sen-</strong></span> 
     </span>
    </p>
   </div>
   <div class='ocr_carea' id='block_1_66' title="bbox 208 3448 1827 3519">
    <p class='ocr_par' dir='ltr' id='par_1_66' title="bbox 208 3448 1827 3519">
     <span class='ocr_line' id='line_1_66' title="bbox 208 3448 1827 3519; baseline -0.001 -15"><span class='ocrx_word' id='word_1_488' title='bbox 208 3448 499 3519; x_wconf 83' lang='lat' dir='ltr'><strong>_tientibus</strong></span> <span class='ocrx_word' id='word_1_489' title='bbox 534 3462 667 3517; x_wconf 90' lang='lat' dir='ltr'><strong>opus</strong></span> <span class='ocrx_word' id='word_1_490' title='bbox 703 3457 941 3503; x_wconf 88' lang='lat' dir='ltr'><strong>nostrum</strong></span> <span class='ocrx_word' id='word_1_491' title='bbox 978 3448 1316 3503; x_wconf 88' lang='lat' dir='ltr'><strong>manifestum</strong></span> <span class='ocrx_word' id='word_1_492' title='bbox 1352 3448 1611 3513; x_wconf 85' lang='lat' dir='ltr'><strong>fecerunt,</strong></span> <span class='ocrx_word' id='word_1_493' title='bbox 1641 3448 1686 3501; x_wconf 89' lang='lat' dir='ltr'><strong>si</strong></span> <span class='ocrx_word' id='word_1_494' title='bbox 1720 3463 1827 3517; x_wconf 92' lang='lat' dir='ltr'><strong>quo</strong></span> 
     </span>
    </p>
   </div>
   <div class='ocr_carea' id='block_1_67' title="bbox 236 3537 1827 3609">
    <p class='ocr_par' dir='ltr' id='par_1_67' title="bbox 236 3537 1827 3609">
     <span class='ocr_line' id='line_1_67' title="bbox 236 3537 1827 3609; baseline -0.003 -12"><span class='ocrx_word' id='word_1_495' title='bbox 236 3538 407 3597; x_wconf 86' lang='lat' dir='ltr'><strong>modo</strong></span> <span class='ocrx_word' id='word_1_496' title='bbox 434 3538 610 3609; x_wconf 87' lang='lat' dir='ltr'><strong>aliqua</strong></span> <span class='ocrx_word' id='word_1_497' title='bbox 641 3538 946 3595; x_wconf 72' lang='lat' dir='ltr'><strong>invenirent</strong></span> <span class='ocrx_word' id='word_1_498' title='bbox 977 3540 1200 3594; x_wconf 87' lang='lat' dir='ltr'><strong>valentia</strong></span> <span class='ocrx_word' id='word_1_499' title='bbox 1233 3538 1299 3593; x_wconf 90' lang='lat' dir='ltr'><strong>ad</strong></span> <span class='ocrx_word' id='word_1_500' title='bbox 1320 3537 1743 3593; x_wconf 86' lang='lat' dir='ltr'><strong>convincendum</strong></span> <span class='ocrx_word' id='word_1_501' title='bbox 1764 3551 1827 3593; x_wconf 84' lang='lat' dir='ltr'><strong>ea</strong></span> 
     </span>
    </p>
   </div>
   <div class='ocr_carea' id='block_1_68' title="bbox 240 3627 1826 3701">
    <p class='ocr_par' dir='ltr' id='par_1_68' title="bbox 240 3627 1826 3701">
     <span class='ocr_line' id='line_1_68' title="bbox 240 3627 1826 3701; baseline -0.001 -18"><span class='ocrx_word' id='word_1_502' title='bbox 240 3646 365 3701; x_wconf 77' lang='lat' dir='ltr'><strong>qua:</strong></span> <span class='ocrx_word' id='word_1_503' title='bbox 394 3630 447 3683; x_wconf 88' lang='lat' dir='ltr'><strong>in</strong></span> <span class='ocrx_word' id='word_1_504' title='bbox 483 3643 549 3683; x_wconf 91' lang='lat' dir='ltr'><strong>eo</strong></span> <span class='ocrx_word' id='word_1_505' title='bbox 578 3638 702 3684; x_wconf 86' lang='lat' dir='ltr'><strong>sunt</strong></span> <span class='ocrx_word' id='word_1_506' title='bbox 728 3630 946 3697; x_wconf 90' lang='lat' dir='ltr'><strong>scripta.</strong></span> <span class='ocrx_word' id='word_1_507' title='bbox 983 3629 1245 3696; x_wconf 86' lang='lat' dir='ltr'><strong>Quoniam</strong></span> <span class='ocrx_word' id='word_1_508' title='bbox 1278 3642 1405 3682; x_wconf 82' lang='lat' dir='ltr'><strong>vero</strong></span> <span class='ocrx_word' id='word_1_509' title='bbox 1436 3627 1614 3682; x_wconf 91' lang='lat' dir='ltr'><strong>nullus</strong></span> <span class='ocrx_word' id='word_1_510' title='bbox 1642 3638 1826 3682; x_wconf 80' lang='lat' dir='ltr'><strong>contra</strong></span> 
     </span>
    </p>
   </div>
   <div class='ocr_carea' id='block_1_69' title="bbox 239 3712 1828 3791">
    <p class='ocr_par' dir='ltr' id='par_1_69' title="bbox 239 3712 1828 3791">
     <span class='ocr_line' id='line_1_69' title="bbox 239 3712 1828 3791; baseline -0.003 -13"><span class='ocrx_word' id='word_1_511' title='bbox 239 3731 520 3778; x_wconf 86' lang='lat' dir='ltr'><strong>certamen</strong></span> <span class='ocrx_word' id='word_1_512' title='bbox 544 3712 760 3790; x_wconf 78' lang='lat' dir='ltr'><strong>scriptis</strong></span> <span class='ocrx_word' id='word_1_513' title='bbox 786 3720 1058 3791; x_wconf 85' lang='lat' dir='ltr'><strong>suscipere</strong></span> <span class='ocrx_word' id='word_1_514' title='bbox 1095 3718 1471 3789; x_wconf 70' lang='lat' dir='ltr'><strong>prmsumebat,</strong></span> <span class='ocrx_word' id='word_1_515' title='bbox 1497 3719 1681 3774; x_wconf 87' lang='lat' dir='ltr'><strong>imitati</strong></span> <span class='ocrx_word' id='word_1_516' title='bbox 1703 3727 1828 3773; x_wconf 88' lang='lat' dir='ltr'><strong>sunt</strong></span> 
     </span>
    </p>
   </div>
   <div class='ocr_carea' id='block_1_70' title="bbox 238 3811 1827 3882">
    <p class='ocr_par' dir='ltr' id='par_1_70' title="bbox 238 3811 1827 3882">
     <span class='ocr_line' id='line_1_70' title="bbox 238 3811 1827 3882; baseline -0.003 -13"><span class='ocrx_word' id='word_1_517' title='bbox 238 3814 485 3870; x_wconf 85' lang='lat' dir='ltr'><strong>inﬁrmos</strong></span> <span class='ocrx_word' id='word_1_518' title='bbox 526 3814 758 3868; x_wconf 85' lang='lat' dir='ltr'><strong>athletas</strong></span> <span class='ocrx_word' id='word_1_519' title='bbox 789 3822 844 3867; x_wconf 90' lang='lat' dir='ltr'><strong>et</strong></span> <span class='ocrx_word' id='word_1_520' title='bbox 872 3813 1117 3879; x_wconf 89' lang='lat' dir='ltr'><strong>callidos,</strong></span> <span class='ocrx_word' id='word_1_521' title='bbox 1148 3812 1261 3882; x_wconf 91' lang='lat' dir='ltr'><strong>qui,</strong></span> <span class='ocrx_word' id='word_1_522' title='bbox 1296 3811 1421 3881; x_wconf 86' lang='lat' dir='ltr'><strong>dum</strong></span> <span class='ocrx_word' id='word_1_523' title='bbox 1456 3826 1563 3865; x_wconf 91' lang='lat' dir='ltr'><strong>non</strong></span> <span class='ocrx_word' id='word_1_524' title='bbox 1608 3818 1827 3878; x_wconf 79' lang='lat' dir='ltr'><strong>pessunt</strong></span> 
     </span>
    </p>
   </div>
   <div class='ocr_carea' id='block_1_71' title="bbox 236 3901 1828 3967">
    <p class='ocr_par' dir='ltr' id='par_1_71' title="bbox 236 3901 1828 3967">
     <span class='ocr_line' id='line_1_71' title="bbox 236 3901 1828 3967; baseline -0.003 -7"><span class='ocrx_word' id='word_1_525' title='bbox 236 3911 426 3960; x_wconf 88' lang='lat' dir='ltr'><strong>contra</strong></span> <span class='ocrx_word' id='word_1_526' title='bbox 454 3902 705 3958; x_wconf 85' lang='lat' dir='ltr'><strong>fortiores</strong></span> <span class='ocrx_word' id='word_1_527' title='bbox 735 3912 960 3967; x_wconf 88' lang='lat' dir='ltr'><strong>certare,</strong></span> <span class='ocrx_word' id='word_1_528' title='bbox 994 3903 1202 3957; x_wconf 91' lang='lat' dir='ltr'><strong>insidiis</strong></span> <span class='ocrx_word' id='word_1_529' title='bbox 1227 3916 1321 3957; x_wconf 87' lang='lat' dir='ltr'><strong>eos</strong></span> <span class='ocrx_word' id='word_1_530' title='bbox 1348 3910 1401 3958; x_wconf 90' lang='lat' dir='ltr'><strong>et</strong></span> <span class='ocrx_word' id='word_1_531' title='bbox 1424 3901 1828 3956; x_wconf 87' lang='lat' dir='ltr'><strong>machinamcn-</strong></span> 
     </span>
    </p>
   </div>
   <div class='ocr_carea' id='block_1_72' title="bbox 238 3991 1827 4064">
    <p class='ocr_par' dir='ltr' id='par_1_72' title="bbox 238 3991 1827 4064">
     <span class='ocr_line' id='line_1_72' title="bbox 238 3991 1827 4064; baseline -0.003 -15"><span class='ocrx_word' id='word_1_532' title='bbox 238 3996 310 4050; x_wconf 90' lang='lat' dir='ltr'><strong>tis</strong></span> <span class='ocrx_word' id='word_1_533' title='bbox 352 3993 546 4064; x_wconf 85' lang='lat' dir='ltr'><strong>quibus</strong></span> <span class='ocrx_word' id='word_1_534' title='bbox 591 4000 814 4062; x_wconf 88' lang='lat' dir='ltr'><strong>possunt</strong></span> <span class='ocrx_word' id='word_1_535' title='bbox 862 4001 1128 4047; x_wconf 89' lang='lat' dir='ltr'><strong>conantur</strong></span> <span class='ocrx_word' id='word_1_536' title='bbox 1166 4003 1431 4047; x_wconf 89' lang='lat' dir='ltr'><strong>evertere.</strong></span> <span class='ocrx_word' id='word_1_537' title='bbox 1480 3991 1827 4060; x_wconf 83' lang='lat' dir='ltr'><strong>Scripserunt</strong></span> 
     </span>
    </p>
   </div>
   <div class='ocr_carea' id='block_1_73' title="bbox 236 4080 1825 4153">
    <p class='ocr_par' dir='ltr' id='par_1_73' title="bbox 236 4080 1825 4153">
     <span class='ocr_line' id='line_1_73' title="bbox 236 4080 1825 4153; baseline -0.003 -14"><span class='ocrx_word' id='word_1_538' title='bbox 236 4084 389 4139; x_wconf 84' lang='lat' dir='ltr'><strong>enim</strong></span> <span class='ocrx_word' id='word_1_539' title='bbox 418 4083 519 4152; x_wconf 83' lang='lat' dir='ltr'><strong>ip-i</strong></span> <span class='ocrx_word' id='word_1_540' title='bbox 552 4083 688 4138; x_wconf 88' lang='lat' dir='ltr'><strong>inter</strong></span> <span class='ocrx_word' id='word_1_541' title='bbox 719 4096 779 4138; x_wconf 90' lang='lat' dir='ltr'><strong>se</strong></span> <span class='ocrx_word' id='word_1_542' title='bbox 807 4082 993 4153; x_wconf 90' lang='lat' dir='ltr'><strong>procul</strong></span> <span class='ocrx_word' id='word_1_543' title='bbox 1019 4082 1183 4136; x_wconf 90' lang='lat' dir='ltr'><strong>dubio</strong></span> <span class='ocrx_word' id='word_1_544' title='bbox 1210 4080 1452 4150; x_wconf 84' lang='lat' dir='ltr'><strong>quaedam</strong></span> <span class='ocrx_word' id='word_1_545' title='bbox 1482 4081 1680 4149; x_wconf 90' lang='lat' dir='ltr'><strong>inepta,</strong></span> <span class='ocrx_word' id='word_1_546' title='bbox 1707 4096 1825 4150; x_wconf 87' lang='lat' dir='ltr'><strong>quac</strong></span> 
     </span>
    </p>
   </div>
   <div class='ocr_carea' id='block_1_74' title="bbox 233 4172 1827 4243">
    <p class='ocr_par' dir='ltr' id='par_1_74' title="bbox 233 4172 1827 4243">
     <span class='ocr_line' id='line_1_74' title="bbox 233 4172 1827 4243; baseline -0.001 -13"><span class='ocrx_word' id='word_1_547' title='bbox 233 4190 266 4230; x_wconf 89' lang='lat' dir='ltr'><strong>a</strong></span> <span class='ocrx_word' id='word_1_548' title='bbox 300 4174 458 4230; x_wconf 89' lang='lat' dir='ltr'><strong>nobis</strong></span> <span class='ocrx_word' id='word_1_549' title='bbox 486 4189 721 4243; x_wconf 89' lang='lat' dir='ltr'><strong>unquam</strong></span> <span class='ocrx_word' id='word_1_550' title='bbox 772 4173 993 4230; x_wconf 90' lang='lat' dir='ltr'><strong>minime</strong></span> <span class='ocrx_word' id='word_1_551' title='bbox 1041 4172 1371 4239; x_wconf 84' lang='lat' dir='ltr'><strong>dicerentur.</strong></span> <span class='ocrx_word' id='word_1_552' title='bbox 1424 4172 1667 4243; x_wconf 78' lang='lat' dir='ltr'><strong>Denique</strong></span> <span class='ocrx_word' id='word_1_553' title='bbox 1714 4178 1827 4229; x_wconf 62' lang='lat' dir='ltr'><strong>hac</strong></span> 
     </span>
    </p>
   </div>
   <div class='ocr_carea' id='block_1_75' title="bbox 235 4264 1826 4336">
    <p class='ocr_par' dir='ltr' id='par_1_75' title="bbox 235 4264 1826 4336">
     <span class='ocr_line' id='line_1_75' title="bbox 235 4264 1826 4336; baseline -0.002 -16"><span class='ocrx_word' id='word_1_554' title='bbox 235 4266 360 4336; x_wconf 84' lang='lat' dir='ltr'><strong>ipsa</strong></span> <span class='ocrx_word' id='word_1_555' title='bbox 391 4266 442 4319; x_wconf 90' lang='lat' dir='ltr'><strong>iu</strong></span> <span class='ocrx_word' id='word_1_556' title='bbox 469 4266 645 4320; x_wconf 91' lang='lat' dir='ltr'><strong>medio</strong></span> <span class='ocrx_word' id='word_1_557' title='bbox 670 4275 977 4321; x_wconf 62' lang='lat' dir='ltr'><strong>nostrorum</strong></span> <span class='ocrx_word' id='word_1_558' title='bbox 1009 4266 1331 4334; x_wconf 77' lang='lat' dir='ltr'><strong>scriptorum</strong></span> <span class='ocrx_word' id='word_1_559' title='bbox 1353 4265 1404 4318; x_wconf 91' lang='lat' dir='ltr'><strong>in</strong></span> <span class='ocrx_word' id='word_1_560' title='bbox 1427 4264 1651 4332; x_wconf 88' lang='lat' dir='ltr'><strong>quadam</strong></span> <span class='ocrx_word' id='word_1_561' title='bbox 1674 4273 1826 4333; x_wconf 87' lang='lat' dir='ltr'><strong>parte</strong></span> 
     </span>
    </p>
   </div>
   <div class='ocr_carea' id='block_1_76' title="bbox 235 4358 1823 4430">
    <p class='ocr_par' dir='ltr' id='par_1_76' title="bbox 235 4358 1823 4430">
     <span class='ocr_line' id='line_1_76' title="bbox 235 4358 1823 4430; baseline 0.001 -17"><span class='ocrx_word' id='word_1_562' title='bbox 235 4358 701 4430; x_wconf 86' lang='lat' dir='ltr'><strong>interposuerunt,</strong></span> <span class='ocrx_word' id='word_1_563' title='bbox 752 4370 806 4414; x_wconf 91' lang='lat' dir='ltr'><strong>et</strong></span> <span class='ocrx_word' id='word_1_564' title='bbox 853 4360 965 4413; x_wconf 84' lang='lat' dir='ltr'><strong>suis</strong></span> <span class='ocrx_word' id='word_1_565' title='bbox 1018 4358 1373 4412; x_wconf 83' lang='lat' dir='ltr'><strong>familiaribus</strong></span> <span class='ocrx_word' id='word_1_566' title='bbox 1419 4360 1823 4414; x_wconf 83' lang='lat' dir='ltr'><strong>demonstrave-</strong></span> 
     </span>
    </p>
   </div>
   <div class='ocr_carea' id='block_1_77' title="bbox 237 4451 1824 4523">
    <p class='ocr_par' dir='ltr' id='par_1_77' title="bbox 237 4451 1824 4523">
     <span class='ocr_line' id='line_1_77' title="bbox 237 4451 1824 4523; baseline -0.002 -14"><span class='ocrx_word' id='word_1_567' title='bbox 237 4464 392 4519; x_wconf 86' lang='lat' dir='ltr'><strong>runt,</strong></span> <span class='ocrx_word' id='word_1_568' title='bbox 422 4455 709 4523; x_wconf 87' lang='lat' dir='ltr'><strong>aliquando</strong></span> <span class='ocrx_word' id='word_1_569' title='bbox 739 4465 915 4508; x_wconf 87' lang='lat' dir='ltr'><strong>autem</strong></span> <span class='ocrx_word' id='word_1_570' title='bbox 944 4465 996 4508; x_wconf 91' lang='lat' dir='ltr'><strong>et</strong></span> <span class='ocrx_word' id='word_1_571' title='bbox 1027 4454 1245 4517; x_wconf 89' lang='lat' dir='ltr'><strong>nostris,</strong></span> <span class='ocrx_word' id='word_1_572' title='bbox 1275 4452 1363 4521; x_wconf 88' lang='lat' dir='ltr'><strong>qui</strong></span> <span class='ocrx_word' id='word_1_573' title='bbox 1400 4466 1493 4521; x_wconf 88' lang='lat' dir='ltr'><strong>per</strong></span> <span class='ocrx_word' id='word_1_574' title='bbox 1518 4451 1824 4507; x_wconf 79' lang='lat' dir='ltr'><strong>facilitatem</strong></span> 
     </span>
    </p>
   </div>
   <div class='ocr_carea' id='block_1_78' title="bbox 1930 3258 3504 3336">
    <p class='ocr_par' dir='ltr' id='par_1_78' title="bbox 1930 3258 3504 3336">
     <span class='ocr_line' id='line_1_78' title="bbox 1930 3258 3504 3336; baseline 0.008 -24"><span class='ocrx_word' id='word_1_575' title='bbox 1930 3258 2029 3313; x_wconf 90' lang='lat' dir='ltr'><strong>dus</strong></span> <span class='ocrx_word' id='word_1_576' title='bbox 2055 3258 2529 3326; x_wconf 88' lang='lat' dir='ltr'><strong>Chalcedonensis,</strong></span> <span class='ocrx_word' id='word_1_577' title='bbox 2560 3276 2891 3332; x_wconf 76' lang='lat' dir='ltr'><strong>cognoscens</strong></span> <span class='ocrx_word' id='word_1_578' title='bbox 2933 3280 2995 3318; x_wconf 88' lang='lat' dir='ltr'><strong>ea</strong></span> <span class='ocrx_word' id='word_1_579' title='bbox 3028 3280 3122 3334; x_wconf 90' lang='lat' dir='ltr'><strong>pro</strong></span> <span class='ocrx_word' id='word_1_580' title='bbox 3168 3268 3362 3336; x_wconf 87' lang='lat' dir='ltr'><strong>quibus</strong></span> <span class='ocrx_word' id='word_1_581' title='bbox 3390 3270 3504 3324; x_wconf 88' lang='lat' dir='ltr'><strong>cul-</strong></span> 
     </span>
    </p>
   </div>
   <div class='ocr_carea' id='block_1_79' title="bbox 1933 3352 3504 3425">
    <p class='ocr_par' dir='ltr' id='par_1_79' title="bbox 1933 3352 3504 3425">
     <span class='ocr_line' id='line_1_79' title="bbox 1933 3352 3504 3425; baseline 0.009 -22"><span class='ocrx_word' id='word_1_582' title='bbox 1933 3358 2087 3418; x_wconf 90' lang='lat' dir='ltr'><strong>patur</strong></span> <span class='ocrx_word' id='word_1_583' title='bbox 2109 3352 2425 3408; x_wconf 85' lang='lat' dir='ltr'><strong>Theodorus</strong></span> <span class='ocrx_word' id='word_1_584' title='bbox 2448 3356 2600 3421; x_wconf 82' lang='lat' dir='ltr'><strong>quasi</strong></span> <span class='ocrx_word' id='word_1_585' title='bbox 2631 3356 2886 3424; x_wconf 75' lang='lat' dir='ltr'><strong>magister</strong></span> <span class='ocrx_word' id='word_1_586' title='bbox 2910 3357 3158 3425; x_wconf 73' lang='lat' dir='ltr'><strong>Nestorii,</strong></span> <span class='ocrx_word' id='word_1_587' title='bbox 3185 3374 3285 3416; x_wconf 88' lang='lat' dir='ltr'><strong>nec</strong></span> <span class='ocrx_word' id='word_1_588' title='bbox 3313 3363 3504 3417; x_wconf 80' lang='lat' dir='ltr'><strong>melius</strong></span> 
     </span>
    </p>
   </div>
   <div class='ocr_carea' id='block_1_80' title="bbox 1932 3438 3504 3517">
    <p class='ocr_par' dir='ltr' id='par_1_80' title="bbox 1932 3438 3504 3517">
     <span class='ocr_line' id='line_1_80' title="bbox 1932 3438 3504 3517; baseline 0.01 -27"><span class='ocrx_word' id='word_1_589' title='bbox 1932 3438 2272 3508; x_wconf 86' lang='lat' dir='ltr'><strong>interpretari</strong></span> <span class='ocrx_word' id='word_1_590' title='bbox 2308 3444 2512 3507; x_wconf 84' lang='lat' dir='ltr'><strong>valens,</strong></span> <span class='ocrx_word' id='word_1_591' title='bbox 2538 3453 2593 3497; x_wconf 92' lang='lat' dir='ltr'><strong>ut</strong></span> <span class='ocrx_word' id='word_1_592' title='bbox 2614 3459 2733 3498; x_wconf 90' lang='lat' dir='ltr'><strong>eum</strong></span> <span class='ocrx_word' id='word_1_593' title='bbox 2764 3460 2870 3500; x_wconf 92' lang='lat' dir='ltr'><strong>non</strong></span> <span class='ocrx_word' id='word_1_594' title='bbox 2898 3448 3298 3517; x_wconf 86' lang='lat' dir='ltr'><strong>condemnaret,</strong></span> <span class='ocrx_word' id='word_1_595' title='bbox 3328 3454 3504 3508; x_wconf 82' lang='lat' dir='ltr'><strong>credi-</strong></span> 
     </span>
    </p>
   </div>
   <div class='ocr_carea' id='block_1_81' title="bbox 1929 3527 3505 3609">
    <p class='ocr_par' dir='ltr' id='par_1_81' title="bbox 1929 3527 3505 3609">
     <span class='ocr_line' id='line_1_81' title="bbox 1929 3527 3505 3609; baseline 0.011 -28"><span class='ocrx_word' id='word_1_596' title='bbox 1929 3527 2007 3582; x_wconf 91' lang='lat' dir='ltr'><strong>dit</strong></span> <span class='ocrx_word' id='word_1_597' title='bbox 2036 3531 2102 3583; x_wconf 93' lang='lat' dir='ltr'><strong>ab</strong></span> <span class='ocrx_word' id='word_1_598' title='bbox 2135 3531 2400 3587; x_wconf 68' lang='lat' dir='ltr'><strong>haereticis</strong></span> <span class='ocrx_word' id='word_1_599' title='bbox 2431 3533 2483 3587; x_wconf 91' lang='lat' dir='ltr'><strong>in</strong></span> <span class='ocrx_word' id='word_1_600' title='bbox 2515 3530 2665 3588; x_wconf 90' lang='lat' dir='ltr'><strong>libris</strong></span> <span class='ocrx_word' id='word_1_601' title='bbox 2693 3535 2810 3604; x_wconf 88' lang='lat' dir='ltr'><strong>ejus</strong></span> <span class='ocrx_word' id='word_1_602' title='bbox 2836 3536 3113 3592; x_wconf 58' lang='lat' dir='ltr'><strong>immissa?</strong></span> <span class='ocrx_word' id='word_1_603' title='bbox 3140 3540 3384 3609; x_wconf 78' lang='lat' dir='ltr'><strong>Nunquid</strong></span> <span class='ocrx_word' id='word_1_604' title='bbox 3412 3543 3505 3597; x_wconf 85' lang='lat' dir='ltr'><strong>de-</strong></span> 
     </span>
    </p>
   </div>
   <div class='ocr_carea' id='block_1_82' title="bbox 1933 3618 3503 3698">
    <p class='ocr_par' dir='ltr' id='par_1_82' title="bbox 1933 3618 3503 3698">
     <span class='ocr_line' id='line_1_82' title="bbox 1933 3618 3503 3698; baseline 0.008 -26"><span class='ocrx_word' id='word_1_605' title='bbox 1933 3618 2019 3672; x_wconf 89' lang='lat' dir='ltr'><strong>bet</strong></span> <span class='ocrx_word' id='word_1_606' title='bbox 2047 3619 2162 3673; x_wconf 72' lang='lat' dir='ltr'><strong>lirec</strong></span> <span class='ocrx_word' id='word_1_607' title='bbox 2187 3622 2270 3689; x_wconf 89' lang='lat' dir='ltr'><strong>pia</strong></span> <span class='ocrx_word' id='word_1_608' title='bbox 2300 3620 2587 3675; x_wconf 87' lang='lat' dir='ltr'><strong>credulitas</strong></span> <span class='ocrx_word' id='word_1_609' title='bbox 2608 3622 2824 3677; x_wconf 70' lang='lat' dir='ltr'><strong>bacrcsi~</strong></span> <span class='ocrx_word' id='word_1_610' title='bbox 2856 3624 3064 3680; x_wconf 91' lang='lat' dir='ltr'><strong>crimini</strong></span> <span class='ocrx_word' id='word_1_611' title='bbox 3092 3628 3358 3698; x_wconf 84' lang='lat' dir='ltr'><strong>deputari,</strong></span> <span class='ocrx_word' id='word_1_612' title='bbox 3381 3646 3503 3685; x_wconf 88' lang='lat' dir='ltr'><strong>cum</strong></span> 
     </span>
    </p>
   </div>
   <div class='ocr_carea' id='block_1_83' title="bbox 1929 3700 3504 3794">
    <p class='ocr_par' dir='ltr' id='par_1_83' title="bbox 1929 3700 3504 3794">
     <span class='ocr_line' id='line_1_83' title="bbox 1929 3700 3504 3794; baseline 0.01 -32"><span class='ocrx_word' id='word_1_613' title='bbox 1929 3709 2054 3765; x_wconf 88' lang='lat' dir='ltr'><strong>hinc</strong></span> <span class='ocrx_word' id='word_1_614' title='bbox 2086 3721 2141 3765; x_wconf 91' lang='lat' dir='ltr'><strong>et</strong></span> <span class='ocrx_word' id='word_1_615' title='bbox 2183 3712 2297 3780; x_wconf 91' lang='lat' dir='ltr'><strong>ipse</strong></span> <span class='ocrx_word' id='word_1_616' title='bbox 2350 3712 2665 3770; x_wconf 84' lang='lat' dir='ltr'><strong>Theodorus</strong></span> <span class='ocrx_word' id='word_1_617' title='bbox 2705 3728 3092 3787; x_wconf 83' lang='lat' dir='ltr'><strong>conqueratur,</strong></span> <span class='ocrx_word' id='word_1_618' title='bbox 3140 3731 3197 3777; x_wconf 88' lang='lat' dir='ltr'><strong>et</strong></span> <span class='ocrx_word' id='word_1_619' title='bbox 3235 3724 3335 3777; x_wconf 89' lang='lat' dir='ltr'><strong>alia</strong></span> <span class='ocrx_word' id='word_1_620' title='bbox 3386 3700 3504 3794; x_wconf 83' lang='lat' dir='ltr'><strong>ejus</strong></span> 
     </span>
    </p>
   </div>
   <div class='ocr_carea' id='block_1_84' title="bbox 1929 3802 3501 3880">
    <p class='ocr_par' dir='ltr' id='par_1_84' title="bbox 1929 3802 3501 3880">
     <span class='ocr_line' id='line_1_84' title="bbox 1929 3802 3501 3880; baseline 0.008 -25"><span class='ocrx_word' id='word_1_621' title='bbox 1929 3802 2093 3856; x_wconf 88' lang='lat' dir='ltr'><strong>multa</strong></span> <span class='ocrx_word' id='word_1_622' title='bbox 2141 3812 2194 3857; x_wconf 93' lang='lat' dir='ltr'><strong>et</strong></span> <span class='ocrx_word' id='word_1_623' title='bbox 2234 3804 2500 3858; x_wconf 85' lang='lat' dir='ltr'><strong>evidentia</strong></span> <span class='ocrx_word' id='word_1_624' title='bbox 2553 3808 2751 3875; x_wconf 88' lang='lat' dir='ltr'><strong>scripta</strong></span> <span class='ocrx_word' id='word_1_625' title='bbox 2808 3808 3198 3876; x_wconf 83' lang='lat' dir='ltr'><strong>demonstrent,</strong></span> <span class='ocrx_word' id='word_1_626' title='bbox 3245 3825 3501 3880; x_wconf 84' lang='lat' dir='ltr'><strong>quantum</strong></span> 
     </span>
    </p>
   </div>
   <div class='ocr_carea' id='block_1_85' title="bbox 1928 3891 3504 3963">
    <p class='ocr_par' dir='ltr' id='par_1_85' title="bbox 1928 3891 3504 3963">
     <span class='ocr_line' id='line_1_85' title="bbox 1928 3891 3504 3963; baseline 0.008 -18"><span class='ocrx_word' id='word_1_627' title='bbox 1928 3892 2085 3963; x_wconf 79' lang='lat' dir='ltr'><strong>longe</strong></span> <span class='ocrx_word' id='word_1_628' title='bbox 2110 3891 2307 3946; x_wconf 87' lang='lat' dir='ltr'><strong>fuerint</strong></span> <span class='ocrx_word' id='word_1_629' title='bbox 2336 3894 2401 3947; x_wconf 92' lang='lat' dir='ltr'><strong>ab</strong></span> <span class='ocrx_word' id='word_1_630' title='bbox 2430 3909 2617 3950; x_wconf 90' lang='lat' dir='ltr'><strong>errore</strong></span> <span class='ocrx_word' id='word_1_631' title='bbox 2639 3896 2868 3951; x_wconf 76' lang='lat' dir='ltr'><strong>Nestorii</strong></span> <span class='ocrx_word' id='word_1_632' title='bbox 2892 3898 2914 3951; x_wconf 73' lang='grc' dir='ltr'><strong><em>τ</em></strong></span> <span class='ocrx_word' id='word_1_633' title='bbox 2946 3899 3096 3963; x_wconf 88' lang='lat' dir='ltr'><strong>Quod</strong></span> <span class='ocrx_word' id='word_1_634' title='bbox 3126 3901 3175 3956; x_wconf 87' lang='lat' dir='ltr'><strong>si</strong></span> <span class='ocrx_word' id='word_1_635' title='bbox 3197 3902 3382 3957; x_wconf 84' lang='lat' dir='ltr'><strong>dicunt</strong></span> <span class='ocrx_word' id='word_1_636' title='bbox 3409 3906 3504 3958; x_wconf 76' lang='lat' dir='ltr'><strong>aii-</strong></span> 
     </span>
    </p>
   </div>
   <div class='ocr_carea' id='block_1_86' title="bbox 1926 3985 3500 4059">
    <p class='ocr_par' dir='ltr' id='par_1_86' title="bbox 1926 3985 3500 4059">
     <span class='ocr_line' id='line_1_86' title="bbox 1926 3985 3500 4059; baseline 0.008 -21"><span class='ocrx_word' id='word_1_637' title='bbox 1926 3989 2017 4055; x_wconf 86' lang='lat' dir='ltr'><strong>qui</strong></span> <span class='ocrx_word' id='word_1_638' title='bbox 2049 3985 2194 4051; x_wconf 77' lang='lat' dir='ltr'><strong>credi</strong></span> <span class='ocrx_word' id='word_1_639' title='bbox 2224 3999 2328 4043; x_wconf 90' lang='lat' dir='ltr'><strong>non</strong></span> <span class='ocrx_word' id='word_1_640' title='bbox 2357 3985 2604 4042; x_wconf 86' lang='lat' dir='ltr'><strong>debuisse</strong></span> <span class='ocrx_word' id='word_1_641' title='bbox 2631 3987 2936 4054; x_wconf 76' lang='lat' dir='ltr'><strong>Theodmo,</strong></span> <span class='ocrx_word' id='word_1_642' title='bbox 2963 3993 3213 4059; x_wconf 87' lang='lat' dir='ltr'><strong>quoniam</strong></span> <span class='ocrx_word' id='word_1_643' title='bbox 3245 3998 3500 4058; x_wconf 74' lang='lat' dir='ltr'><strong>mentitus</strong></span> 
     </span>
    </p>
   </div>
   <div class='ocr_carea' id='block_1_87' title="bbox 1929 4077 3504 4156">
    <p class='ocr_par' dir='ltr' id='par_1_87' title="bbox 1929 4077 3504 4156">
     <span class='ocr_line' id='line_1_87' title="bbox 1929 4077 3504 4156; baseline 0.006 -25"><span class='ocrx_word' id='word_1_644' title='bbox 1929 4086 2012 4132; x_wconf 89' lang='lat' dir='ltr'><strong>est</strong></span> <span class='ocrx_word' id='word_1_645' title='bbox 2054 4077 2439 4148; x_wconf 82' lang='lat' dir='ltr'><strong>Apolinaristas</strong></span> <span class='ocrx_word' id='word_1_646' title='bbox 2499 4079 2741 4149; x_wconf 64' lang='lat' dir='ltr'><strong>quaedam</strong></span> <span class='ocrx_word' id='word_1_647' title='bbox 2796 4080 3045 4137; x_wconf 71' lang='lat' dir='ltr'><strong>haeretica</strong></span> <span class='ocrx_word' id='word_1_648' title='bbox 3087 4085 3140 4140; x_wconf 90' lang='lat' dir='ltr'><strong>iu</strong></span> <span class='ocrx_word' id='word_1_649' title='bbox 3190 4087 3307 4156; x_wconf 86' lang='lat' dir='ltr'><strong>ejus</strong></span> <span class='ocrx_word' id='word_1_650' title='bbox 3355 4088 3504 4141; x_wconf 87' lang='lat' dir='ltr'><strong>libris</strong></span> 
     </span>
    </p>
   </div>
   <div class='ocr_carea' id='block_1_88' title="bbox 1927 4167 3575 4246">
    <p class='ocr_par' dir='ltr' id='par_1_88' title="bbox 1927 4167 3575 4246">
     <span class='ocr_line' id='line_1_88' title="bbox 1927 4167 3575 4246; baseline 0.009 -25"><span class='ocrx_word' id='word_1_651' title='bbox 1927 4167 2253 4235; x_wconf 87' lang='lat' dir='ltr'><strong>immisisse;</strong></span> <span class='ocrx_word' id='word_1_652' title='bbox 2298 4185 2418 4223; x_wconf 89' lang='lat' dir='ltr'><strong>nam</strong></span> <span class='ocrx_word' id='word_1_653' title='bbox 2465 4169 2579 4240; x_wconf 89' lang='lat' dir='ltr'><strong>ipse</strong></span> <span class='ocrx_word' id='word_1_654' title='bbox 2627 4172 2766 4227; x_wconf 89' lang='lat' dir='ltr'><strong>male</strong></span> <span class='ocrx_word' id='word_1_655' title='bbox 2810 4177 3024 4242; x_wconf 86' lang='lat' dir='ltr'><strong>rapuit,</strong></span> <span class='ocrx_word' id='word_1_656' title='bbox 3071 4179 3214 4246; x_wconf 89' lang='lat' dir='ltr'><strong>quod</strong></span> <span class='ocrx_word' id='word_1_657' title='bbox 3257 4180 3364 4234; x_wconf 89' lang='lat' dir='ltr'><strong>illis</strong></span> <span class='ocrx_word' id='word_1_658' title='bbox 3404 4196 3499 4235; x_wconf 84' lang='lat' dir='ltr'><strong>vo-</strong></span> <span class='ocrx_word' id='word_1_659' title='bbox 3570 4220 3575 4225; x_wconf 78' lang='grc'><strong>-</strong></span> 
     </span>
    </p>
   </div>
   <div class='ocr_carea' id='block_1_89' title="bbox 1929 4258 3503 4334">
    <p class='ocr_par' dir='ltr' id='par_1_89' title="bbox 1929 4258 3503 4334">
     <span class='ocr_line' id='line_1_89' title="bbox 1929 4258 3503 4334; baseline 0.01 -21"><span class='ocrx_word' id='word_1_660' title='bbox 1929 4258 2026 4313; x_wconf 90' lang='lat' dir='ltr'><strong>luit</strong></span> <span class='ocrx_word' id='word_1_661' title='bbox 2054 4259 2301 4330; x_wconf 85' lang='lat' dir='ltr'><strong>imputari</strong></span> <span class='ocrx_word' id='word_1_662' title='bbox 2337 4277 2350 4314; x_wconf 90' lang='lat'><strong>:</strong></span> <span class='ocrx_word' id='word_1_663' title='bbox 2403 4276 2507 4317; x_wconf 92' lang='lat' dir='ltr'><strong>non</strong></span> <span class='ocrx_word' id='word_1_664' title='bbox 2526 4278 2626 4334; x_wconf 75' lang='lat' dir='ltr'><strong>ego</strong></span> <span class='ocrx_word' id='word_1_665' title='bbox 2676 4266 3023 4334; x_wconf 66' lang='lat' dir='ltr'><strong>pertinaciter</strong></span> <span class='ocrx_word' id='word_1_666' title='bbox 3056 4281 3240 4326; x_wconf 86' lang='lat' dir='ltr'><strong>contra</strong></span> <span class='ocrx_word' id='word_1_667' title='bbox 3281 4281 3503 4328; x_wconf 78' lang='lat' dir='ltr'><strong>conten-</strong></span> 
     </span>
    </p>
   </div>
   <div class='ocr_carea' id='block_1_90' title="bbox 1928 4349 3502 4430">
    <p class='ocr_par' dir='ltr' id='par_1_90' title="bbox 1928 4349 3502 4430">
     <span class='ocr_line' id='line_1_90' title="bbox 1928 4349 3502 4430; baseline 0.01 -27"><span class='ocrx_word' id='word_1_668' title='bbox 1928 4349 2071 4416; x_wconf 88' lang='lat' dir='ltr'><strong>dam,</strong></span> <span class='ocrx_word' id='word_1_669' title='bbox 2103 4350 2196 4406; x_wconf 89' lang='lat' dir='ltr'><strong>sed</strong></span> <span class='ocrx_word' id='word_1_670' title='bbox 2221 4350 2394 4406; x_wconf 84' lang='lat' dir='ltr'><strong>adhuc</strong></span> <span class='ocrx_word' id='word_1_671' title='bbox 2417 4353 2705 4408; x_wconf 87' lang='lat' dir='ltr'><strong>concedam</strong></span> <span class='ocrx_word' id='word_1_672' title='bbox 2736 4358 2816 4411; x_wconf 88' lang='lat' dir='ltr'><strong>eis</strong></span> <span class='ocrx_word' id='word_1_673' title='bbox 2840 4358 3103 4427; x_wconf 66' lang='lat' dir='ltr'><strong>suspicari</strong></span> <span class='ocrx_word' id='word_1_674' title='bbox 3128 4361 3269 4430; x_wconf 90' lang='lat' dir='ltr'><strong>quod</strong></span> <span class='ocrx_word' id='word_1_675' title='bbox 3300 4364 3502 4418; x_wconf 83' lang='lat' dir='ltr'><strong>volunt.</strong></span> 
     </span>
    </p>
   </div>
   <div class='ocr_carea' id='block_1_91' title="bbox 1930 4442 3504 4525">
    <p class='ocr_par' dir='ltr' id='par_1_91' title="bbox 1930 4442 3504 4525">
     <span class='ocr_line' id='line_1_91' title="bbox 1930 4442 3504 4525; baseline 0.008 -28"><span class='ocrx_word' id='word_1_676' title='bbox 1930 4442 2061 4498; x_wconf 83' lang='lat' dir='ltr'><strong>Illud</strong></span> <span class='ocrx_word' id='word_1_677' title='bbox 2094 4447 2297 4501; x_wconf 86' lang='lat' dir='ltr'><strong>interea</strong></span> <span class='ocrx_word' id='word_1_678' title='bbox 2328 4445 2610 4502; x_wconf 85' lang='lat' dir='ltr'><strong>manifeste</strong></span> <span class='ocrx_word' id='word_1_679' title='bbox 2660 4463 2843 4503; x_wconf 75' lang='lat' dir='ltr'><strong>verum</strong></span> <span class='ocrx_word' id='word_1_680' title='bbox 2877 4459 2979 4516; x_wconf 66' lang='lat' dir='ltr'><strong>est,</strong></span> <span class='ocrx_word' id='word_1_681' title='bbox 3013 4452 3143 4508; x_wconf 89' lang='lat' dir='ltr'><strong>illud</strong></span> <span class='ocrx_word' id='word_1_682' title='bbox 3192 4457 3369 4525; x_wconf 79' lang='lat' dir='ltr'><strong>negari</strong></span> <span class='ocrx_word' id='word_1_683' title='bbox 3401 4472 3504 4510; x_wconf 88' lang='lat' dir='ltr'><strong>non</strong></span> 
     </span>
    </p>
   </div>
   <div class='ocr_carea' id='block_1_92' title="bbox 232 4535 3503 4627">
    <p class='ocr_par' dir='ltr' id='par_1_92' title="bbox 232 4535 3503 4627">
     <span class='ocr_line' id='line_1_92' title="bbox 232 4535 3503 4627; baseline 0 -28"><span class='ocrx_word' id='word_1_684' title='bbox 232 4544 613 4627; x_wconf 23' lang='lat' dir='ltr'><strong>snam‘omuia</strong></span> <span class='ocrx_word' id='word_1_685' title='bbox 649 4545 831 4614; x_wconf 89' lang='lat' dir='ltr'><strong>pronis</strong></span> <span class='ocrx_word' id='word_1_686' title='bbox 862 4544 1057 4597; x_wconf 91' lang='lat' dir='ltr'><strong>animis</strong></span> <span class='ocrx_word' id='word_1_687' title='bbox 1086 4543 1402 4608; x_wconf 85' lang='lat' dir='ltr'><strong>audiebant;</strong></span> <span class='ocrx_word' id='word_1_688' title='bbox 1438 4552 1491 4596; x_wconf 90' lang='lat' dir='ltr'><strong>et</strong></span> <span class='ocrx_word' id='word_1_689' title='bbox 1530 4540 1633 4597; x_wconf 89' lang='lat' dir='ltr'><strong>hoc</strong></span> <span class='ocrx_word' id='word_1_690' title='bbox 1674 4541 1826 4609; x_wconf 89' lang='lat' dir='ltr'><strong>quasi</strong></span> <span class='ocrx_word' id='word_1_691' title='bbox 1854 4536 1907 4596; x_wconf 91' lang='lat' dir='ltr'><strong>D</strong></span> <span class='ocrx_word' id='word_1_692' title='bbox 1934 4535 2151 4604; x_wconf 77' lang='lat' dir='ltr'><strong>poterit,</strong></span> <span class='ocrx_word' id='word_1_693' title='bbox 2170 4536 2310 4602; x_wconf 89' lang='lat' dir='ltr'><strong>quod</strong></span> <span class='ocrx_word' id='word_1_694' title='bbox 2337 4551 2399 4591; x_wconf 86' lang='lat' dir='ltr'><strong>ea</strong></span> <span class='ocrx_word' id='word_1_695' title='bbox 2428 4536 2745 4593; x_wconf 84' lang='lat' dir='ltr'><strong>Theodorus</strong></span> <span class='ocrx_word' id='word_1_696' title='bbox 2765 4554 2856 4593; x_wconf 87' lang='lat' dir='ltr'><strong>sua</strong></span> <span class='ocrx_word' id='word_1_697' title='bbox 2883 4555 2987 4596; x_wconf 89' lang='lat' dir='ltr'><strong>non</strong></span> <span class='ocrx_word' id='word_1_698' title='bbox 3013 4557 3131 4598; x_wconf 88' lang='lat' dir='ltr'><strong>esse</strong></span> <span class='ocrx_word' id='word_1_699' title='bbox 3155 4554 3378 4600; x_wconf 88' lang='lat' dir='ltr'><strong>testatus</strong></span> <span class='ocrx_word' id='word_1_700' title='bbox 3400 4556 3503 4601; x_wconf 88' lang='lat' dir='ltr'><strong>est.</strong></span> 
     </span>
    </p>
   </div>
   <div class='ocr_carea' id='block_1_93' title="bbox 233 4630 1826 4704">
    <p class='ocr_par' dir='ltr' id='par_1_93' title="bbox 233 4630 1826 4704">
     <span class='ocr_line' id='line_1_93' title="bbox 233 4630 1826 4704; baseline -0.002 -15"><span class='ocrx_word' id='word_1_701' title='bbox 233 4636 647 4699; x_wconf 77' lang='lat' dir='ltr'><strong>documentum,</strong></span> <span class='ocrx_word' id='word_1_702' title='bbox 689 4639 825 4691; x_wconf 89' lang='lat' dir='ltr'><strong>sicut</strong></span> <span class='ocrx_word' id='word_1_703' title='bbox 860 4637 1133 4704; x_wconf 87' lang='lat' dir='ltr'><strong>putabant,</strong></span> <span class='ocrx_word' id='word_1_704' title='bbox 1178 4646 1374 4689; x_wconf 77' lang='lat' dir='ltr'><strong>nosme</strong></span> <span class='ocrx_word' id='word_1_705' title='bbox 1421 4633 1714 4701; x_wconf 88' lang='lat' dir='ltr'><strong>impietatis</strong></span> <span class='ocrx_word' id='word_1_706' title='bbox 1744 4630 1826 4686; x_wconf 78' lang='lat' dir='ltr'><strong>vi-</strong></span> 
     </span>
    </p>
   </div>
   <div class='ocr_carea' id='block_1_94' title="bbox 235 4724 1826 4795">
    <p class='ocr_par' dir='ltr' id='par_1_94' title="bbox 235 4724 1826 4795">
     <span class='ocr_line' id='line_1_94' title="bbox 235 4724 1826 4795; baseline -0.003 -16"><span class='ocrx_word' id='word_1_707' title='bbox 235 4725 497 4779; x_wconf 81' lang='lat' dir='ltr'><strong>dentibus</strong></span> <span class='ocrx_word' id='word_1_708' title='bbox 522 4727 847 4795; x_wconf 82' lang='lat' dir='ltr'><strong>pra-bebaut.</strong></span> <span class='ocrx_word' id='word_1_709' title='bbox 872 4726 1041 4782; x_wconf 88' lang='lat' dir='ltr'><strong>Unum</strong></span> <span class='ocrx_word' id='word_1_710' title='bbox 1064 4737 1244 4781; x_wconf 88' lang='lat' dir='ltr'><strong>autem</strong></span> <span class='ocrx_word' id='word_1_711' title='bbox 1274 4741 1337 4779; x_wconf 78' lang='lat' dir='ltr'><strong>cx</strong></span> <span class='ocrx_word' id='word_1_712' title='bbox 1365 4724 1448 4779; x_wconf 91' lang='lat' dir='ltr'><strong>bis</strong></span> <span class='ocrx_word' id='word_1_713' title='bbox 1466 4726 1826 4794; x_wconf 81' lang='lat' dir='ltr'><strong>scriptiseiat,</strong></span> 
     </span>
    </p>
   </div>
   <div class='ocr_carea' id='block_1_95' title="bbox 240 4814 1830 4873">
    <p class='ocr_par' dir='ltr' id='par_1_95' title="bbox 240 4814 1830 4873">
     <span class='ocr_line' id='line_1_95' title="bbox 240 4814 1830 4873; baseline -0.002 -3"><span class='ocrx_word' id='word_1_714' title='bbox 240 4816 390 4870; x_wconf 87' lang='lat' dir='ltr'><strong>duos</strong></span> <span class='ocrx_word' id='word_1_715' title='bbox 443 4814 581 4869; x_wconf 84' lang='lat' dir='ltr'><strong>ﬁlios</strong></span> <span class='ocrx_word' id='word_1_716' title='bbox 627 4817 805 4871; x_wconf 87' lang='lat' dir='ltr'><strong>dicere</strong></span> <span class='ocrx_word' id='word_1_717' title='bbox 832 4826 880 4873; x_wconf 75' lang='grc'><strong>⁸.</strong></span> <span class='ocrx_word' id='word_1_718' title='bbox 924 4816 1012 4873; x_wconf 86' lang='lat' dir='ltr'><strong>Sic</strong></span> <span class='ocrx_word' id='word_1_719' title='bbox 1042 4816 1185 4871; x_wconf 90' lang='lat' dir='ltr'><strong>enim</strong></span> <span class='ocrx_word' id='word_1_720' title='bbox 1236 4830 1332 4869; x_wconf 90' lang='lat' dir='ltr'><strong>nos</strong></span> <span class='ocrx_word' id='word_1_721' title='bbox 1363 4815 1600 4869; x_wconf 90' lang='lat' dir='ltr'><strong>fecerunt</strong></span> <span class='ocrx_word' id='word_1_722' title='bbox 1648 4814 1701 4869; x_wconf 92' lang='lat' dir='ltr'><strong>in</strong></span> <span class='ocrx_word' id='word_1_723' title='bbox 1730 4815 1830 4868; x_wconf 83' lang='lat' dir='ltr'><strong>hoc</strong></span> 
     </span>
    </p>
   </div>
   <div class='ocr_carea' id='block_1_96' title="bbox 234 4906 1830 4977">
    <p class='ocr_par' dir='ltr' id='par_1_96' title="bbox 234 4906 1830 4977">
     <span class='ocr_line' id='line_1_96' title="bbox 234 4906 1830 4977; baseline -0.001 -16"><span class='ocrx_word' id='word_1_724' title='bbox 234 4921 413 4975; x_wconf 78' lang='lat' dir='ltr'><strong>Opere</strong></span> <span class='ocrx_word' id='word_1_725' title='bbox 435 4906 699 4973; x_wconf 90' lang='lat' dir='ltr'><strong>dicentes,</strong></span> <span class='ocrx_word' id='word_1_726' title='bbox 733 4908 873 4977; x_wconf 90' lang='lat' dir='ltr'><strong>quod</strong></span> <span class='ocrx_word' id='word_1_727' title='bbox 906 4916 1153 4976; x_wconf 83' lang='lat' dir='ltr'><strong>oporteat</strong></span> <span class='ocrx_word' id='word_1_728' title='bbox 1186 4916 1373 4975; x_wconf 88' lang='lat' dir='ltr'><strong>putare</strong></span> <span class='ocrx_word' id='word_1_729' title='bbox 1401 4918 1453 4961; x_wconf 89' lang='lat' dir='ltr'><strong>et</strong></span> <span class='ocrx_word' id='word_1_730' title='bbox 1486 4907 1668 4961; x_wconf 88' lang='lat' dir='ltr'><strong>dicere</strong></span> <span class='ocrx_word' id='word_1_731' title='bbox 1697 4906 1830 4960; x_wconf 90' lang='lat' dir='ltr'><strong>duos</strong></span> 
     </span>
    </p>
   </div>
   <div class='ocr_carea' id='block_1_97' title="bbox 239 4993 1828 5061">
    <p class='ocr_par' dir='ltr' id='par_1_97' title="bbox 239 4993 1828 5061">
     <span class='ocr_line' id='line_1_97' title="bbox 239 4993 1828 5061; baseline -0.003 -8"><span class='ocrx_word' id='word_1_732' title='bbox 239 4997 412 5061; x_wconf 83' lang='lat' dir='ltr'><strong>filios,</strong></span> <span class='ocrx_word' id='word_1_733' title='bbox 432 5009 481 5051; x_wconf 93' lang='lat' dir='ltr'><strong>et</strong></span> <span class='ocrx_word' id='word_1_734' title='bbox 508 4997 856 5051; x_wconf 86' lang='lat' dir='ltr'><strong>vehementer</strong></span> <span class='ocrx_word' id='word_1_735' title='bbox 886 5013 982 5050; x_wconf 90' lang='lat' dir='ltr'><strong>nos</strong></span> <span class='ocrx_word' id='word_1_736' title='bbox 1012 4996 1170 5050; x_wconf 88' lang='lat' dir='ltr'><strong>istum</strong></span> <span class='ocrx_word' id='word_1_737' title='bbox 1200 5010 1502 5049; x_wconf 87' lang='lat' dir='ltr'><strong>sermonem</strong></span> <span class='ocrx_word' id='word_1_738' title='bbox 1519 4993 1828 5061; x_wconf 89' lang='lat' dir='ltr'><strong>defendere,</strong></span> 
     </span>
    </p>
   </div>
   <div class='ocr_carea' id='block_1_98' title="bbox 232 5084 1829 5157">
    <p class='ocr_par' dir='ltr' id='par_1_98' title="bbox 232 5084 1829 5157">
     <span class='ocr_line' id='line_1_98' title="bbox 232 5084 1829 5157; baseline -0.003 -13"><span class='ocrx_word' id='word_1_739' title='bbox 232 5088 380 5145; x_wconf 87' lang='lat' dir='ltr'><strong>dum</strong></span> <span class='ocrx_word' id='word_1_740' title='bbox 430 5102 529 5141; x_wconf 91' lang='lat' dir='ltr'><strong>nos</strong></span> <span class='ocrx_word' id='word_1_741' title='bbox 580 5091 631 5141; x_wconf 85' lang='lat' dir='ltr'><strong>in</strong></span> <span class='ocrx_word' id='word_1_742' title='bbox 673 5087 763 5141; x_wconf 90' lang='lat' dir='ltr'><strong>illa</strong></span> <span class='ocrx_word' id='word_1_743' title='bbox 792 5087 1060 5157; x_wconf 88' lang='lat' dir='ltr'><strong>scriptura</strong></span> <span class='ocrx_word' id='word_1_744' title='bbox 1088 5086 1281 5155; x_wconf 89' lang='lat' dir='ltr'><strong>ubique</strong></span> <span class='ocrx_word' id='word_1_745' title='bbox 1315 5084 1597 5140; x_wconf 85' lang='lat' dir='ltr'><strong>manifeste</strong></span> <span class='ocrx_word' id='word_1_746' title='bbox 1627 5085 1829 5140; x_wconf 54' lang='lat' dir='ltr'><strong>dicere.</strong></span> 
     </span>
    </p>
   </div>
   <div class='ocr_carea' id='block_1_99' title="bbox 322 5219 1831 5291">
    <p class='ocr_par' dir='ltr' id='par_1_99' title="bbox 322 5219 1831 5291">
     <span class='ocr_line' id='line_1_99' title="bbox 322 5219 1831 5291; baseline 0.001 -18"><span class='ocrx_word' id='word_1_747' title='bbox 322 5221 463 5291; x_wconf 57' lang='lat' dir='ltr'><strong>“De</strong></span> <span class='ocrx_word' id='word_1_748' title='bbox 487 5223 585 5273; x_wconf 85' lang='lat' dir='ltr'><strong>hoc</strong></span> <span class='ocrx_word' id='word_1_749' title='bbox 612 5223 783 5291; x_wconf 82' lang='lat' dir='ltr'><strong>capite</strong></span> <span class='ocrx_word' id='word_1_750' title='bbox 813 5221 1135 5291; x_wconf 79' lang='lat' dir='ltr'><strong>objectionis</strong></span> <span class='ocrx_word' id='word_1_751' title='bbox 1173 5219 1375 5276; x_wconf 89' lang='lat' dir='ltr'><strong>dictum</strong></span> <span class='ocrx_word' id='word_1_752' title='bbox 1403 5233 1482 5275; x_wconf 89' lang='lat' dir='ltr'><strong>est</strong></span> <span class='ocrx_word' id='word_1_753' title='bbox 1527 5219 1679 5274; x_wconf 83' lang='lat' dir='ltr'><strong>initio</strong></span> <span class='ocrx_word' id='word_1_754' title='bbox 1710 5220 1831 5275; x_wconf 90' lang='lat' dir='ltr'><strong>libri</strong></span> 
     </span>
    </p>
   </div>
   <div class='ocr_carea' id='block_1_100' title="bbox 233 5290 1832 5359">
    <p class='ocr_par' dir='ltr' id='par_1_100' title="bbox 233 5290 1832 5359">
     <span class='ocr_line' id='line_1_100' title="bbox 233 5290 1832 5359; baseline -0.001 -13"><span class='ocrx_word' id='word_1_755' title='bbox 233 5308 325 5346; x_wconf 69' lang='grc' dir='ltr'><strong>ιτ.</strong></span> <span class='ocrx_word' id='word_1_756' title='bbox 366 5290 687 5359; x_wconf 76' lang='lat' dir='ltr'><strong>Refugiebat</strong></span> <span class='ocrx_word' id='word_1_757' title='bbox 709 5293 1024 5346; x_wconf 81' lang='lat' dir='ltr'><strong>&#39;lheoilorus</strong></span> <span class='ocrx_word' id='word_1_758' title='bbox 1051 5308 1118 5347; x_wconf 88' lang='lat' dir='ltr'><strong>ne</strong></span> <span class='ocrx_word' id='word_1_759' title='bbox 1139 5293 1274 5347; x_wconf 90' lang='lat' dir='ltr'><strong>duos</strong></span> <span class='ocrx_word' id='word_1_760' title='bbox 1317 5291 1454 5346; x_wconf 83' lang='lat' dir='ltr'><strong>filios</strong></span> <span class='ocrx_word' id='word_1_761' title='bbox 1478 5291 1655 5345; x_wconf 85' lang='lat' dir='ltr'><strong>dicere</strong></span> <span class='ocrx_word' id='word_1_762' title='bbox 1687 5292 1832 5345; x_wconf 82' lang='lat' dir='ltr'><strong>vide-</strong></span> 
     </span>
    </p>
   </div>
   <div class='ocr_carea' id='block_1_101' title="bbox 231 5363 1827 5431">
    <p class='ocr_par' dir='ltr' id='par_1_101' title="bbox 231 5363 1827 5431">
     <span class='ocr_line' id='line_1_101' title="bbox 231 5363 1827 5431; baseline -0.002 -14"><span class='ocrx_word' id='word_1_763' title='bbox 231 5374 423 5423; x_wconf 82' lang='lat' dir='ltr'><strong>retur,</strong></span> <span class='ocrx_word' id='word_1_764' title='bbox 467 5375 587 5414; x_wconf 88' lang='lat' dir='ltr'><strong>curn</strong></span> <span class='ocrx_word' id='word_1_765' title='bbox 643 5367 777 5415; x_wconf 85' lang='lat' dir='ltr'><strong>duos</strong></span> <span class='ocrx_word' id='word_1_766' title='bbox 816 5363 985 5431; x_wconf 78' lang='lat' dir='ltr'><strong>reipsa</strong></span> <span class='ocrx_word' id='word_1_767' title='bbox 1019 5364 1327 5431; x_wconf 78' lang='lat' dir='ltr'><strong>imprudens</strong></span> <span class='ocrx_word' id='word_1_768' title='bbox 1363 5371 1639 5429; x_wconf 77' lang='lat' dir='ltr'><strong>Statuerct,</strong></span> <span class='ocrx_word' id='word_1_769' title='bbox 1666 5376 1827 5414; x_wconf 88' lang='lat' dir='ltr'><strong>unum</strong></span> 
     </span>
    </p>
   </div>
   <div class='ocr_carea' id='block_1_102' title="bbox 230 5431 1834 5502">
    <p class='ocr_par' dir='ltr' id='par_1_102' title="bbox 230 5431 1834 5502">
     <span class='ocr_line' id='line_1_102' title="bbox 230 5431 1834 5502; baseline -0.004 -14"><span class='ocrx_word' id='word_1_770' title='bbox 230 5431 576 5497; x_wconf 76' lang='lat' dir='ltr'><strong>naturalem,</strong></span> <span class='ocrx_word' id='word_1_771' title='bbox 606 5432 695 5486; x_wconf 92' lang='lat' dir='ltr'><strong>Dei</strong></span> <span class='ocrx_word' id='word_1_772' title='bbox 735 5432 984 5499; x_wconf 67' lang='lat' dir='ltr'><strong>Verbum,</strong></span> <span class='ocrx_word' id='word_1_773' title='bbox 1011 5433 1233 5486; x_wconf 87' lang='lat' dir='ltr'><strong>alterum</strong></span> <span class='ocrx_word' id='word_1_774' title='bbox 1265 5432 1598 5502; x_wconf 81' lang='lat' dir='ltr'><strong>adoptivum,</strong></span> <span class='ocrx_word' id='word_1_775' title='bbox 1630 5446 1692 5483; x_wconf 78' lang='lat' dir='ltr'><strong>ex</strong></span> <span class='ocrx_word' id='word_1_776' title='bbox 1724 5432 1834 5484; x_wconf 86' lang='lat' dir='ltr'><strong>Ma-</strong></span> 
     </span>
    </p>
   </div>
   <div class='ocr_carea' id='block_1_103' title="bbox 231 5500 1831 5572">
    <p class='ocr_par' dir='ltr' id='par_1_103' title="bbox 231 5500 1831 5572">
     <span class='ocr_line' id='line_1_103' title="bbox 231 5500 1831 5572; baseline -0.002 -15"><span class='ocrx_word' id='word_1_777' title='bbox 231 5506 329 5557; x_wconf 83' lang='lat' dir='ltr'><strong>ria</strong></span> <span class='ocrx_word' id='word_1_778' title='bbox 389 5511 570 5572; x_wconf 88' lang='lat' dir='ltr'><strong>natum</strong></span> <span class='ocrx_word' id='word_1_779' title='bbox 593 5541 610 5568; x_wconf 93' lang='lat'><strong>,</strong></span> <span class='ocrx_word' id='word_1_780' title='bbox 643 5504 730 5572; x_wconf 91' lang='lat' dir='ltr'><strong>qui</strong></span> <span class='ocrx_word' id='word_1_781' title='bbox 774 5502 950 5556; x_wconf 79' lang='lat' dir='ltr'><strong>Verbo</strong></span> <span class='ocrx_word' id='word_1_782' title='bbox 996 5504 1314 5572; x_wconf 71' lang='lat' dir='ltr'><strong>coniunctus</strong></span> <span class='ocrx_word' id='word_1_783' title='bbox 1342 5500 1450 5557; x_wconf 59' lang='grc' dir='ltr'><strong>κᾷτ’</strong></span> <span class='ocrx_word' id='word_1_784' title='bbox 1479 5501 1749 5572; x_wconf 55' lang='lat' dir='ltr'><strong>curiosius,</strong></span> <span class='ocrx_word' id='word_1_785' title='bbox 1775 5510 1831 5555; x_wconf 91' lang='lat' dir='ltr'><strong>ut</strong></span> 
     </span>
    </p>
   </div>
   <div class='ocr_carea' id='block_1_104' title="bbox 226 5570 1835 5642">
    <p class='ocr_par' dir='ltr' id='par_1_104' title="bbox 226 5570 1835 5642">
     <span class='ocr_line' id='line_1_104' title="bbox 226 5570 1835 5642; baseline -0.001 -15"><span class='ocrx_word' id='word_1_786' title='bbox 226 5571 505 5639; x_wconf 85' lang='lat' dir='ltr'><strong>docebat,</strong></span> <span class='ocrx_word' id='word_1_787' title='bbox 530 5570 796 5642; x_wconf 74' lang='lat' dir='ltr'><strong>particeps</strong></span> <span class='ocrx_word' id='word_1_788' title='bbox 819 5572 987 5626; x_wconf 88' lang='lat' dir='ltr'><strong>factus</strong></span> <span class='ocrx_word' id='word_1_789' title='bbox 1010 5572 1080 5626; x_wconf 89' lang='lat' dir='ltr'><strong>sit</strong></span> <span class='ocrx_word' id='word_1_790' title='bbox 1099 5570 1471 5641; x_wconf 85' lang='lat' dir='ltr'><strong>appellationis</strong></span> <span class='ocrx_word' id='word_1_791' title='bbox 1500 5570 1595 5642; x_wconf 82' lang='lat' dir='ltr'><strong>lilii</strong></span> <span class='ocrx_word' id='word_1_792' title='bbox 1635 5580 1693 5626; x_wconf 91' lang='lat' dir='ltr'><strong>et</strong></span> <span class='ocrx_word' id='word_1_793' title='bbox 1739 5570 1835 5625; x_wconf 89' lang='lat' dir='ltr'><strong>ho-</strong></span> 
     </span>
    </p>
   </div>
   <div class='ocr_carea' id='block_1_105' title="bbox 229 5641 1834 5713">
    <p class='ocr_par' dir='ltr' id='par_1_105' title="bbox 229 5641 1834 5713">
     <span class='ocr_line' id='line_1_105' title="bbox 229 5641 1834 5713; baseline -0.001 -14"><span class='ocrx_word' id='word_1_794' title='bbox 229 5643 427 5699; x_wconf 84' lang='lat' dir='ltr'><strong>noris.</strong></span> <span class='ocrx_word' id='word_1_795' title='bbox 450 5641 541 5697; x_wconf 88' lang='lat' dir='ltr'><strong>Sic</strong></span> <span class='ocrx_word' id='word_1_796' title='bbox 564 5642 705 5697; x_wconf 91' lang='lat' dir='ltr'><strong>enim</strong></span> <span class='ocrx_word' id='word_1_797' title='bbox 730 5642 962 5709; x_wconf 89' lang='lat' dir='ltr'><strong>loquitur</strong></span> <span class='ocrx_word' id='word_1_798' title='bbox 988 5643 1040 5697; x_wconf 91' lang='lat' dir='ltr'><strong>in</strong></span> <span class='ocrx_word' id='word_1_799' title='bbox 1067 5642 1410 5713; x_wconf 78' lang='lat' dir='ltr'><strong>Expositione</strong></span> <span class='ocrx_word' id='word_1_800' title='bbox 1435 5641 1685 5712; x_wconf 83' lang='lat' dir='ltr'><strong>symboli,</strong></span> <span class='ocrx_word' id='word_1_801' title='bbox 1714 5654 1834 5711; x_wconf 64' lang='lat' dir='ltr'><strong>quis</strong></span> 
     </span>
    </p>
   </div>
   <div class='ocr_carea' id='block_1_106' title="bbox 326 5772 1041 5849">
    <p class='ocr_par' dir='ltr' id='par_1_106' title="bbox 326 5772 1041 5849">
     <span class='ocr_line' id='line_1_106' title="bbox 326 5772 1041 5849; baseline -0.003 -18"><span class='ocrx_word' id='word_1_802' title='bbox 326 5772 511 5849; x_wconf 60' lang='lat' dir='ltr'><strong>{Coit</strong></span> <span class='ocrx_word' id='word_1_803' title='bbox 549 5775 768 5844; x_wconf 67' lang='grc' dir='ltr'><strong>νει-οι)Ἶ</strong></span> <span class='ocrx_word' id='word_1_804' title='bbox 800 5777 1041 5843; x_wconf 75' lang='lat' dir='ltr'><strong>amplius.</strong></span> 
     </span>
    </p>
   </div>
   <div class='ocr_carea' id='block_1_107' title="bbox 1932 4624 3503 4696">
    <p class='ocr_par' dir='ltr' id='par_1_107' title="bbox 1932 4624 3503 4696">
     <span class='ocr_line' id='line_1_107' title="bbox 1932 4624 3503 4696; baseline 0.006 -18"><span class='ocrx_word' id='word_1_805' title='bbox 1932 4624 2251 4694; x_wconf 77' lang='lat' dir='ltr'><strong>Arguendus</strong></span> <span class='ocrx_word' id='word_1_806' title='bbox 2282 4625 2462 4696; x_wconf 89' lang='lat' dir='ltr'><strong>itaque</strong></span> <span class='ocrx_word' id='word_1_807' title='bbox 2494 4626 2661 4682; x_wconf 89' lang='lat' dir='ltr'><strong>fuisse</strong></span> <span class='ocrx_word' id='word_1_808' title='bbox 2690 4629 2921 4695; x_wconf 89' lang='lat' dir='ltr'><strong>dicatur,</strong></span> <span class='ocrx_word' id='word_1_809' title='bbox 2954 4630 3001 4685; x_wconf 87' lang='lat' dir='ltr'><strong>si</strong></span> <span class='ocrx_word' id='word_1_810' title='bbox 3039 4634 3293 4687; x_wconf 87' lang='lat' dir='ltr'><strong>mentitus</strong></span> <span class='ocrx_word' id='word_1_811' title='bbox 3320 4648 3503 4689; x_wconf 84' lang='lat' dir='ltr'><strong>osten-</strong></span> 
     </span>
    </p>
   </div>
   <div class='ocr_carea' id='block_1_108' title="bbox 1935 4715 3504 4790">
    <p class='ocr_par' dir='ltr' id='par_1_108' title="bbox 1935 4715 3504 4790">
     <span class='ocr_line' id='line_1_108' title="bbox 1935 4715 3504 4790; baseline 0.004 -19"><span class='ocrx_word' id='word_1_812' title='bbox 1935 4717 2098 4783; x_wconf 88' lang='lat' dir='ltr'><strong>ditur,</strong></span> <span class='ocrx_word' id='word_1_813' title='bbox 2129 4715 2273 4786; x_wconf 88' lang='lat' dir='ltr'><strong>quod</strong></span> <span class='ocrx_word' id='word_1_814' title='bbox 2302 4727 2646 4786; x_wconf 87' lang='lat' dir='ltr'><strong>posteaquam</strong></span> <span class='ocrx_word' id='word_1_815' title='bbox 2671 4719 2919 4789; x_wconf 79' lang='lat' dir='ltr'><strong>resipuit,</strong></span> <span class='ocrx_word' id='word_1_816' title='bbox 2952 4721 3003 4775; x_wconf 69' lang='lat' dir='ltr'><strong>lii</strong></span> <span class='ocrx_word' id='word_1_817' title='bbox 3024 4731 3078 4776; x_wconf 90' lang='lat' dir='ltr'><strong>et</strong></span> <span class='ocrx_word' id='word_1_818' title='bbox 3110 4724 3396 4790; x_wconf 81' lang='lat' dir='ltr'><strong>prudenter</strong></span> <span class='ocrx_word' id='word_1_819' title='bbox 3413 4738 3504 4777; x_wconf 75' lang='lat' dir='ltr'><strong>ac~</strong></span> 
     </span>
    </p>
   </div>
   <div class='ocr_carea' id='block_1_109' title="bbox 1935 4808 3499 4883">
    <p class='ocr_par' dir='ltr' id='par_1_109' title="bbox 1935 4808 3499 4883">
     <span class='ocr_line' id='line_1_109' title="bbox 1935 4808 3499 4883; baseline 0.003 -20"><span class='ocrx_word' id='word_1_820' title='bbox 1935 4808 2195 4880; x_wconf 83' lang='lat' dir='ltr'><strong>quieverit</strong></span> <span class='ocrx_word' id='word_1_821' title='bbox 2222 4809 2452 4872; x_wconf 88' lang='lat' dir='ltr'><strong>veritati,</strong></span> <span class='ocrx_word' id='word_1_822' title='bbox 2477 4824 2689 4865; x_wconf 86' lang='lat' dir='ltr'><strong>errores</strong></span> <span class='ocrx_word' id='word_1_823' title='bbox 2713 4822 2888 4866; x_wconf 90' lang='lat' dir='ltr'><strong>tamen</strong></span> <span class='ocrx_word' id='word_1_824' title='bbox 2912 4814 3200 4883; x_wconf 85' lang='lat' dir='ltr'><strong>aliquando</strong></span> <span class='ocrx_word' id='word_1_825' title='bbox 3228 4830 3354 4869; x_wconf 87' lang='lat' dir='ltr'><strong>suos</strong></span> <span class='ocrx_word' id='word_1_826' title='bbox 3378 4830 3499 4868; x_wconf 87' lang='lat' dir='ltr'><strong>eru-</strong></span> 
     </span>
    </p>
   </div>
   <div class='ocr_carea' id='block_1_110' title="bbox 1939 4902 3503 4962">
    <p class='ocr_par' dir='ltr' id='par_1_110' title="bbox 1939 4902 3503 4962">
     <span class='ocr_line' id='line_1_110' title="bbox 1939 4902 3503 4962; baseline 0.004 -8"><span class='ocrx_word' id='word_1_827' title='bbox 1939 4903 2051 4955; x_wconf 90' lang='lat' dir='ltr'><strong>buit</strong></span> <span class='ocrx_word' id='word_1_828' title='bbox 2094 4902 2368 4956; x_wconf 85' lang='lat' dir='ltr'><strong>humiliter</strong></span> <span class='ocrx_word' id='word_1_829' title='bbox 2409 4902 2673 4958; x_wconf 88' lang='lat' dir='ltr'><strong>conﬁteri.</strong></span> <span class='ocrx_word' id='word_1_830' title='bbox 2726 4905 2987 4960; x_wconf 66' lang='lat' dir='ltr'><strong>Cancrum</strong></span> <span class='ocrx_word' id='word_1_831' title='bbox 3019 4920 3073 4961; x_wconf 89' lang='lat' dir='ltr'><strong>et</strong></span> <span class='ocrx_word' id='word_1_832' title='bbox 3118 4911 3370 4962; x_wconf 89' lang='lat' dir='ltr'><strong>mentitus</strong></span> <span class='ocrx_word' id='word_1_833' title='bbox 3399 4923 3503 4960; x_wconf 91' lang='lat' dir='ltr'><strong>non</strong></span> 
     </span>
    </p>
   </div>
   <div class='ocr_carea' id='block_1_111' title="bbox 1932 4991 3503 5066">
    <p class='ocr_par' dir='ltr' id='par_1_111' title="bbox 1932 4991 3503 5066">
     <span class='ocr_line' id='line_1_111' title="bbox 1932 4991 3503 5066; baseline 0.001 -19"><span class='ocrx_word' id='word_1_834' title='bbox 1932 4991 2080 5063; x_wconf 89' lang='lat' dir='ltr'><strong>juste</strong></span> <span class='ocrx_word' id='word_1_835' title='bbox 2106 4993 2374 5065; x_wconf 87' lang='lat' dir='ltr'><strong>diceretur</strong></span> <span class='ocrx_word' id='word_1_836' title='bbox 2405 4994 2709 5063; x_wconf 66' lang='lat' dir='ltr'><strong>haereticus,</strong></span> <span class='ocrx_word' id='word_1_837' title='bbox 2742 4997 2830 5065; x_wconf 89' lang='lat' dir='ltr'><strong>qui</strong></span> <span class='ocrx_word' id='word_1_838' title='bbox 2863 5014 3179 5066; x_wconf 87' lang='lat' dir='ltr'><strong>quocunque</strong></span> <span class='ocrx_word' id='word_1_839' title='bbox 3209 4997 3366 5050; x_wconf 80' lang='lat' dir='ltr'><strong>tundo</strong></span> <span class='ocrx_word' id='word_1_840' title='bbox 3394 5000 3503 5051; x_wconf 86' lang='lat' dir='ltr'><strong>suis</strong></span> 
     </span>
    </p>
   </div>
   <div class='ocr_carea' id='block_1_112' title="bbox 1936 5084 3503 5144">
    <p class='ocr_par' dir='ltr' id='par_1_112' title="bbox 1936 5084 3503 5144">
     <span class='ocr_line' id='line_1_112' title="bbox 1936 5084 3503 5144; baseline 0.003 -6"><span class='ocrx_word' id='word_1_841' title='bbox 1936 5084 2258 5139; x_wconf 88' lang='lat' dir='ltr'><strong>renuntiavit</strong></span> <span class='ocrx_word' id='word_1_842' title='bbox 2296 5086 2587 5144; x_wconf 88' lang='lat' dir='ltr'><strong>erroribus.</strong></span> <span class='ocrx_word' id='word_1_843' title='bbox 2628 5088 2880 5142; x_wconf 83' lang='lat' dir='ltr'><strong>Sc.ibcns</strong></span> <span class='ocrx_word' id='word_1_844' title='bbox 2908 5088 3066 5141; x_wconf 83' lang='lat' dir='ltr'><strong>etiam</strong></span> <span class='ocrx_word' id='word_1_845' title='bbox 3105 5087 3171 5141; x_wconf 91' lang='lat' dir='ltr'><strong>ad</strong></span> <span class='ocrx_word' id='word_1_846' title='bbox 3207 5087 3503 5142; x_wconf 81' lang='lat' dir='ltr'><strong>Cerdonem</strong></span> 
     </span>
    </p>
   </div>
   <div class='ocr_carea' id='block_1_113' title="bbox 1933 5214 3503 5287">
    <p class='ocr_par' dir='ltr' id='par_1_113' title="bbox 1933 5214 3503 5287">
     <span class='ocr_line' id='line_1_113' title="bbox 1933 5214 3503 5287; baseline 0.002 -18"><span class='ocrx_word' id='word_1_847' title='bbox 1933 5216 2151 5287; x_wconf 82' lang='lat' dir='ltr'><strong>recitata</strong></span> <span class='ocrx_word' id='word_1_848' title='bbox 2189 5226 2271 5272; x_wconf 87' lang='lat' dir='ltr'><strong>est</strong></span> <span class='ocrx_word' id='word_1_849' title='bbox 2315 5218 2365 5271; x_wconf 90' lang='lat' dir='ltr'><strong>in</strong></span> <span class='ocrx_word' id='word_1_850' title='bbox 2406 5219 2613 5287; x_wconf 88' lang='lat' dir='ltr'><strong>actione</strong></span> <span class='ocrx_word' id='word_1_851' title='bbox 2641 5216 2674 5271; x_wconf 88' lang='grc'><strong>6</strong></span> <span class='ocrx_word' id='word_1_852' title='bbox 2709 5216 2895 5287; x_wconf 76' lang='lat' dir='ltr'><strong>synodi</strong></span> <span class='ocrx_word' id='word_1_853' title='bbox 2934 5216 3214 5287; x_wconf 58' lang='lat' dir='ltr'><strong>Ephesium</strong></span> <span class='ocrx_word' id='word_1_854' title='bbox 3241 5235 3252 5269; x_wconf 87' lang='lat'><strong>:</strong></span> <span class='ocrx_word' id='word_1_855' title='bbox 3281 5221 3364 5271; x_wconf 70' lang='grc' dir='ltr'><strong>Καὶ</strong></span> <span class='ocrx_word' id='word_1_856' title='bbox 3389 5214 3503 5272; x_wconf 72' lang='grc' dir='ltr'><strong>οὔτε</strong></span> 
     </span>
    </p>
   </div>
   <div class='ocr_carea' id='block_1_114' title="bbox 1931 5284 3505 5360">
    <p class='ocr_par' dir='ltr' id='par_1_114' title="bbox 1931 5284 3505 5360">
     <span class='ocr_line' id='line_1_114' title="bbox 1931 5284 3505 5360; baseline 0.001 -19"><span class='ocrx_word' id='word_1_857' title='bbox 1931 5284 2023 5360; x_wconf 56' lang='lat' dir='ltr'><strong>die</strong></span> <span class='ocrx_word' id='word_1_858' title='bbox 2050 5292 2205 5360; x_wconf 66' lang='grc' dir='ltr'><strong>φαμὲν</strong></span> <span class='ocrx_word' id='word_1_859' title='bbox 2245 5290 2385 5349; x_wconf 56' lang='lat' dir='ltr'><strong>uico,-</strong></span> <span class='ocrx_word' id='word_1_860' title='bbox 2404 5331 2415 5349; x_wconf 89' lang='lat'><strong>,</strong></span> <span class='ocrx_word' id='word_1_861' title='bbox 2443 5286 2558 5360; x_wconf 53' lang='grc' dir='ltr'>οὔτε</span> <span class='ocrx_word' id='word_1_862' title='bbox 2589 5286 2679 5342; x_wconf 79' lang='grc' dir='ltr'><strong>δύο</strong></span> <span class='ocrx_word' id='word_1_863' title='bbox 2708 5284 2933 5356; x_wconf 68' lang='grc' dir='ltr'><strong>κύρίου;”</strong></span> <span class='ocrx_word' id='word_1_864' title='bbox 2964 5286 3135 5346; x_wconf 71' lang='grc' dir='ltr'>ἐπειδὴ</span> <span class='ocrx_word' id='word_1_865' title='bbox 3166 5284 3232 5347; x_wconf 78' lang='grc' dir='ltr'><strong>εἷς</strong></span> <span class='ocrx_word' id='word_1_866' title='bbox 3263 5289 3383 5360; x_wconf 62' lang='grc' dir='ltr'><strong>υἱὸςΔ</strong></span> <span class='ocrx_word' id='word_1_867' title='bbox 3399 5287 3505 5342; x_wconf 79' lang='grc' dir='ltr'><strong>κατ’</strong></span> 
     </span>
    </p>
   </div>
   <div class='ocr_carea' id='block_1_115' title="bbox 1931 5357 3505 5434">
    <p class='ocr_par' dir='ltr' id='par_1_115' title="bbox 1931 5357 3505 5434">
     <span class='ocr_line' id='line_1_115' title="bbox 1931 5357 3505 5434; baseline 0.001 -24"><span class='ocrx_word' id='word_1_868' title='bbox 1931 5357 2106 5434; x_wconf 51' lang='lat' dir='ltr'><strong>eiiciam</strong></span> <span class='ocrx_word' id='word_1_869' title='bbox 2133 5358 2158 5412; x_wconf 88' lang='grc' dir='ltr'>ὁ</span> <span class='ocrx_word' id='word_1_870' title='bbox 2181 5360 2301 5419; x_wconf 82' lang='grc' dir='ltr'>Θεὸς</span> <span class='ocrx_word' id='word_1_871' title='bbox 2324 5360 2488 5431; x_wconf 72' lang='grc' dir='ltr'><strong>λόγος,</strong></span> <span class='ocrx_word' id='word_1_872' title='bbox 2515 5358 2538 5411; x_wconf 82' lang='grc' dir='ltr'>ὁ</span> <span class='ocrx_word' id='word_1_873' title='bbox 2563 5366 2831 5430; x_wconf 69' lang='grc' dir='ltr'><strong>μονογενὴς</strong></span> <span class='ocrx_word' id='word_1_874' title='bbox 2858 5360 2963 5418; x_wconf 73' lang='grc' dir='ltr'><strong>υἱὸς</strong></span> <span class='ocrx_word' id='word_1_875' title='bbox 2990 5364 3076 5413; x_wconf 76' lang='grc' dir='ltr'><strong>τοῦ</strong></span> <span class='ocrx_word' id='word_1_876' title='bbox 3100 5361 3292 5434; x_wconf 69' lang='grc' dir='ltr'><strong>πατρὸς</strong></span> <span class='ocrx_word' id='word_1_877' title='bbox 3310 5398 3324 5422; x_wconf 82' lang='grc'><em>,</em></span> <span class='ocrx_word' id='word_1_878' title='bbox 3407 5380 3505 5431; x_wconf 78' lang='grc' dir='ltr'><strong>περ</strong></span> 
     </span>
    </p>
   </div>
   <div class='ocr_carea' id='block_1_116' title="bbox 1937 5424 3505 5501">
    <p class='ocr_par' dir='ltr' id='par_1_116' title="bbox 1937 5424 3505 5501">
     <span class='ocr_line' id='line_1_116' title="bbox 1937 5424 3505 5501; baseline 0.003 -22"><span class='ocrx_word' id='word_1_879' title='bbox 1937 5424 2083 5501; x_wconf 63' lang='grc' dir='ltr'><strong>οὗτος</strong></span> <span class='ocrx_word' id='word_1_880' title='bbox 2112 5424 2420 5501; x_wconf 73' lang='grc' dir='ltr'><strong>συνημμένός</strong></span> <span class='ocrx_word' id='word_1_881' title='bbox 2444 5449 2495 5482; x_wconf 79' lang='grc' dir='ltr'>τε</span> <span class='ocrx_word' id='word_1_882' title='bbox 2521 5424 2603 5481; x_wconf 64' lang='lat' dir='ltr'><strong>arari</strong></span> <span class='ocrx_word' id='word_1_883' title='bbox 2625 5424 2859 5500; x_wconf 64' lang='grc' dir='ltr'><strong>μεὶ-έχων</strong></span> <span class='ocrx_word' id='word_1_884' title='bbox 2887 5432 3142 5495; x_wconf 82' lang='grc' dir='ltr'><strong>θεότητος,</strong></span> <span class='ocrx_word' id='word_1_885' title='bbox 3172 5424 3389 5484; x_wconf 47' lang='lat' dir='ltr'><strong>iamsi.</strong></span> <span class='ocrx_word' id='word_1_886' title='bbox 3416 5424 3505 5484; x_wconf 63' lang='lat' dir='ltr'><strong>rei}</strong></span> 
     </span>
    </p>
   </div>
   <div class='ocr_carea' id='block_1_117' title="bbox 1936 5499 3504 5575">
    <p class='ocr_par' dir='ltr' id='par_1_117' title="bbox 1936 5499 3504 5575">
     <span class='ocr_line' id='line_1_117' title="bbox 1936 5499 3504 5575; baseline 0.004 -26"><span class='ocrx_word' id='word_1_887' title='bbox 1936 5499 2046 5550; x_wconf 79' lang='grc' dir='ltr'><strong>υἱοῦ</strong></span> <span class='ocrx_word' id='word_1_888' title='bbox 2085 5499 2433 5575; x_wconf 37' lang='grc' dir='ltr'><strong>πρ-ρσηγηρέας</strong></span> <span class='ocrx_word' id='word_1_889' title='bbox 2450 5502 2559 5575; x_wconf 63' lang='grc' dir='ltr'><strong>Δκαὶ</strong></span> <span class='ocrx_word' id='word_1_890' title='bbox 2594 5499 2763 5575; x_wconf 43' lang='lat' dir='ltr'><strong>mining.</strong></span> <span class='ocrx_word' id='word_1_891' title='bbox 2800 5502 2866 5575; x_wconf 67' lang='lat' dir='ltr'><strong>Et</strong></span> <span class='ocrx_word' id='word_1_892' title='bbox 2910 5502 3065 5575; x_wconf 87' lang='lat' dir='ltr'><strong>paulo</strong></span> <span class='ocrx_word' id='word_1_893' title='bbox 3112 5508 3228 5568; x_wconf 81' lang='lat' dir='ltr'><strong>post</strong></span> <span class='ocrx_word' id='word_1_894' title='bbox 3254 5514 3268 5553; x_wconf 87' lang='lat'><strong>:</strong></span> <span class='ocrx_word' id='word_1_895' title='bbox 3292 5507 3504 5575; x_wconf 58' lang='lat' dir='ltr'><strong>‘Aaatpsl</strong></span> 
     </span>
    </p>
   </div>
   <div class='ocr_carea' id='block_1_118' title="bbox 1937 5568 3499 5647">
    <p class='ocr_par' dir='ltr' id='par_1_118' title="bbox 1937 5568 3499 5647">
     <span class='ocr_line' id='line_1_118' title="bbox 1937 5568 3499 5647; baseline -0.002 -25"><span class='ocrx_word' id='word_1_896' title='bbox 1937 5568 2333 5647; x_wconf 34' lang='lat' dir='ltr'><strong>«aenigma;</strong></span> <span class='ocrx_word' id='word_1_897' title='bbox 2348 5568 2530 5628; x_wconf 73' lang='grc' dir='ltr'><strong>δυάδος</strong></span> <span class='ocrx_word' id='word_1_898' title='bbox 2555 5571 2730 5647; x_wconf 53' lang='lat' dir='ltr'><strong>cithar:</strong></span> <span class='ocrx_word' id='word_1_899' title='bbox 2761 5574 2845 5624; x_wconf 78' lang='grc' dir='ltr'><strong>καὶ</strong></span> <span class='ocrx_word' id='word_1_900' title='bbox 2872 5568 3077 5647; x_wconf 65' lang='grc' dir='ltr'><strong>κὺρίων,</strong></span> <span class='ocrx_word' id='word_1_901' title='bbox 3112 5584 3307 5624; x_wconf 76' lang='lat' dir='ltr'><strong>omnem</strong></span> <span class='ocrx_word' id='word_1_902' title='bbox 3335 5568 3499 5647; x_wconf 44' lang='lat' dir='ltr'><strong>cina-ft-</strong></span> 
     </span>
    </p>
   </div>
   <div class='ocr_carea' id='block_1_119' title="bbox 1939 5637 3503 5713">
    <p class='ocr_par' dir='ltr' id='par_1_119' title="bbox 1939 5637 3503 5713">
     <span class='ocr_line' id='line_1_119' title="bbox 1939 5637 3503 5713; baseline 0.002 -23"><span class='ocrx_word' id='word_1_903' title='bbox 1939 5640 2060 5691; x_wconf 78' lang='lat' dir='ltr'><strong>tatis</strong></span> <span class='ocrx_word' id='word_1_904' title='bbox 2089 5637 2316 5707; x_wconf 76' lang='lat' dir='ltr'><strong>ﬁliorum</strong></span> <span class='ocrx_word' id='word_1_905' title='bbox 2358 5650 2508 5707; x_wconf 82' lang='lat' dir='ltr'><strong>atque</strong></span> <span class='ocrx_word' id='word_1_906' title='bbox 2534 5641 2852 5694; x_wconf 80' lang='lat' dir='ltr'><strong>dominorum</strong></span> <span class='ocrx_word' id='word_1_907' title='bbox 2883 5637 3232 5713; x_wconf 66' lang='lat' dir='ltr'><strong>cogitationem</strong></span> <span class='ocrx_word' id='word_1_908' title='bbox 3262 5639 3503 5695; x_wconf 75' lang='lat' dir='ltr'><strong>excludit.</strong></span> 
     </span>
    </p>
   </div>
   <div class='ocr_carea' id='block_1_120' title="bbox 2010 5772 2690 5842">
    <p class='ocr_par' dir='ltr' id='par_1_120' title="bbox 2010 5772 2690 5842">
     <span class='ocr_line' id='line_1_120' title="bbox 2010 5772 2690 5842; baseline 0.009 -16"><span class='ocrx_word' id='word_1_909' title='bbox 2010 5774 2031 5804; x_wconf 88' lang='grc'>¹</span> <span class='ocrx_word' id='word_1_910' title='bbox 2071 5772 2211 5827; x_wconf 82' lang='lat' dir='ltr'><strong>idem</strong></span> <span class='ocrx_word' id='word_1_911' title='bbox 2242 5774 2386 5837; x_wconf 86' lang='lat' dir='ltr'><strong>cod.,</strong></span> <span class='ocrx_word' id='word_1_912' title='bbox 2417 5774 2690 5842; x_wconf 71' lang='lat' dir='ltr'><strong>inﬁrmius.</strong></span> 
     </span>
    </p>
   </div>
  </div>
