3998 6194
510 322 606 379 7H
1652 309 1943 368 FACUNDI
1974 306 2185 364 EPISC.
2230 301 2727 364 HERMIANENSIS
3665 302 3759 358 τω

514 449 674 504 super
694 432 1029 502 expositione
1059 426 1419 489 Psalmorum,
1449 425 1583 481 stc'ut
1615 423 1777 479 tertio
1805 422 1941 477 hbe
1979 435 2091 474 me-
2117 424 2164 482 Α
2195 422 2363 474 tiores
2390 417 2775 488 antiquissimis
2817 415 3061 473 l'arr‘ibtts
3098 413 3325 485 iactant,
3358 412 3595 471 dicentes
3630 420 3762 487 quod

520 526 861 591 moravimus,
892 523 1032 577 idem
1059 518 1380 575 Theodorus
1408 514 1534 570 dicit
1573 533 1587 570 :
1638 531 1659 566 ι
1693 512 1809 568 Non
1843 522 2093 581 quamam
2200 510 2346 565 illius
2371 512 2633 579 temporis
2652 510 2887 564 Ecclesia
2919 508 3252 578 negligenter
3274 516 3325 561 et
3350 504 3663 576 insipienter
3682 523 3769 563 au-

521 621 825 686 nportuerat
871 610 1154 665 habuimus
1200 610 1344 663 circa
1386 605 1543 661 istam
1596 620 1708 660 rem
1743 602 2098 674 diligentiam.
2200 602 2382 657 diebat
2422 602 2765 657 Theodorum
2798 602 3271 687 disputantemaut
3299 614 3420 654 eum
3456 615 3562 654 non
3592 615 3771 671 argue-

523 707 671 764 l’assi
692 705 835 759 enim
865 717 1049 756 sumus
1072 714 1410 770 quaecunque
1439 695 1779 765 incipientes,
1812 708 1868 751 ut
1898 694 2099 764 evenit,
2203 704 2290 750 ret
2312 692 2368 749 in
2387 693 2579 763 quibus
2605 694 2673 747 ab
2703 691 2834 761 ipsis
2863 693 3123 762 arguitur.
3158 689 3310 757 Quod
3362 692 3502 746 absit
3530 706 3559 745 a
3587 691 3772 761 pietate

524 799 575 855 in
604 795 871 866 imperitia
901 793 1171 848 scribendi
1198 788 1496 846 constituti.
1520 787 1797 858 Siquidem
1829 797 1881 842 et
1907 787 2107 842 multas
2205 786 2405 859 synodi
2438 783 2895 840 Chalcedonensis
2926 793 2980 836 ut
3012 782 3112 838 hoc
3138 782 3341 837 diceret
3376 792 3468 837 aut
3501 784 3773 841 crederet:

527 888 932 943 immutationes
967 884 1061 938 illo
1089 892 1336 952 tempore
1364 895 1485 950 qua:
1514 892 1696 934 nostra
1722 886 2103 948 susceperunt;
2206 876 2369 943 absit,
2402 877 2635 945 inquam,
2664 883 2723 928 ut
2745 876 2846 929 hoc
2870 873 3140 938 crederet,
3173 872 3465 928 Ecclesium
3488 874 3706 941 Christi,
3735 876 3777 930 si

528 993 661 1047 quas
687 992 794 1031 non
822 985 905 1030 est
933 974 1212 1044 prmsentis
1252 971 1512 1041 temporis
1555 984 1847 1025 enarrare:
1895 985 1959 1023 ex
2004 982 2106 1040 qua
2209 967 2547 1028 Theodorus,
2577 978 2638 1019 ut
2678 965 2893 1029 dicitur,
2925 963 3226 1020 Nestoriani
3255 974 3447 1019 auctor
3474 968 3675 1020 erroris
3703 980 3775 1021 es-

527 1085 686 1124 causa
713 1068 883 1137 magis
910 1066 1240 1136 negligenter
1263 1080 1293 1117 a
1326 1063 1481 1118 nobis
1509 1062 1812 1130 composita
1842 1068 1967 1115 sunt
1999 1063 2112 1128 plu-
2214 1069 2321 1124 set,
2367 1057 2727 1126 blasphemias
2776 1058 2845 1111 ab
2879 1072 2946 1111 eo
2988 1056 3162 1111 dictas
3192 1058 3242 1110 in
3272 1054 3542 1111 Christum
3572 1057 3654 1111 vel
3681 1071 3779 1112 non

530 1161 686 1223 rima,
718 1169 773 1213 et
800 1160 1030 1213 maxime
1058 1156 1150 1211 illa
1193 1170 1313 1222 quae
1345 1154 1518 1223 prima
1549 1160 1694 1206 sunt.
1731 1149 1841 1207 »ὃὶ
1867 1165 1996 1221 ergo
2029 1151 2111 1204 vel
2209 1148 2529 1220 intelligere,
2560 1150 2641 1203 vel
2672 1149 2941 1216 negligere
2989 1148 3261 1215 potuisse:
3293 1162 3415 1201 cum
3450 1146 3601 1213 illud,
3647 1152 3781 1218 quod

531 1250 771 1304 anterior
807 1248 1069 1309 Ecclesia,
1125 1245 1208 1299 vel
1240 1242 1507 1312 posterior
1548 1241 1787 1313 synodus
1814 1240 2113 1295 Chalcedo—
2214 1258 2322 1296 non
2353 1242 2721 1311 biasphemum
2749 1254 2801 1294 et
2833 1241 3148 1294 htereticum
3181 1239 3301 1305 fuit,
3338 1242 3431 1293 sed
3462 1240 3607 1309 quod
3645 1251 3785 1296 recte

534 1343 740 1407 nensis,
773 1357 837 1395 ex
885 1341 969 1394 his
998 1338 1241 1407 plurimis
1270 1351 1389 1405 quae
1432 1346 1528 1403 per
1578 1332 1906 1402 imperitiam
1947 1332 2115 1399 negli-
2215 1335 2321 1389 dici
2345 1351 2455 1391 non
2482 1342 2783 1404 putaretur,
2812 1334 2951 1388 sicut
2972 1333 3207 1388 Joannes
3240 1332 3603 1389 Antiochenus
3627 1345 3788 1391 teata-

535 1446 722 1501 genter
750 1448 782 1486 a
828 1447 888 1486 se
913 1431 1214 1499 composita
1244 1429 1469 1492 fatetur,
1501 1425 1731 1481 credidit
1758 1439 1880 1479 esse
1900 1440 2018 1493 quae
2061 1424 2117 1477 in
2218 1434 2325 1492 tur,
2360 1440 2464 1479 non
2504 1425 2781 1479 minimam
2819 1424 3279 1493 perturbationem
3310 1424 3644 1487 excitaverit.
3698 1442 3789 1484 nec

532 1526 652 1591 ejus
679 1523 831 1577 libris
853 1522 1064 1575 meliori
1090 1535 1251 1575 sensu
1283 1516 1625 1586 interpretari
1655 1531 1761 1569 nou
1797 1516 2003 1583 potuit;
2033 1529 2114 1567 er-
2216 1524 2343 1569 ante
2369 1515 2551 1570 sedata
2582 1516 2651 1567 sit
2676 1529 2841 1582 quam
2873 1512 3197 1568 fortissimus
3225 1514 3320 1569 ille
3365 1530 3660 1586 exsurgens
3687 1533 3789 1575 non

537 1613 643 1668 rori
669 1611 979 1667 cohibuisse
997 1609 1221 1693 dicenda
1244 1618 1348 1672 est,
1371 1607 1514 1677 quod
1541 1621 1663 1661 eum
1690 1620 1784 1674 pro
1814 1606 1898 1658 his
1920 1604 1972 1657 in
1996 1604 2117 1671 qui-

538 1719 637 1759 bus
668 1704 1025 1772 ignorantiam
1052 1710 1108 1754 et
1138 1698 1515 1769 negligentiam
1536 1710 1686 1749 suam
1714 1702 1906 1763 sponte
1930 1694 2117 1761 culpa-

2221 1615 2339 1675 post
2368 1606 2567 1660 multos
2602 1603 2737 1670 dies,
2782 1603 2916 1658 illud
2964 1605 3102 1674 quod
3137 1605 3203 1659 ab
3241 1619 3308 1660 eo
3337 1607 3539 1662 dictum
3584 1619 3707 1664 erat
3733 1612 3791 1665 ad

2220 1699 2503 1753 utilitatem
2541 1694 2819 1763 Ecclesiae,
2861 1696 2977 1750 sine
3005 1697 3323 1753 confusione
3365 1701 3682 1769 corrigeret.
3740 1706 3793 1759 Et

539 1797 636 1861 vit,
685 1810 792 1851 non
834 1793 1098 1863 judicavit
1128 1792 1472 1857 limreticum,
1499 1797 1555 1843 et
1580 1802 1676 1858 pro
1702 1788 1916 1843 ceteris
1950 1787 2116 1842 incul-
2149 1786 2195 1845 B
2222 1803 2406 1844 revera
2432 1802 2637 1857 magum
2666 1788 2993 1843 fortitudinis
3030 1787 3132 1843 fuit
3158 1797 3216 1843 ut
3258 1792 3491 1860 'seipsum
3522 1794 3793 1865 interpre-

541 1887 803 1956 pabililius
829 1885 1059 1942 credidit
1086 1898 1207 1940 esse
1231 1882 1545 1937 laudatum?

1157 1992 1386 2048 CAPUT
1424 1992 1489 2047 ll.

545 2090 693 2156 Quod
722 2090 814 2141 etsi
840 2088 1118 2157 aliquando
1140 2090 1340 2149 errarit,
1369 2086 1607 2139 damnari
1642 2093 1698 2138 ut
1728 2084 1995 2157 hun'eticus
2025 2099 2126 2157 non

612 2161 852 2230 potuerit,
886 2154 1006 2230 quia
1032 2158 1268 2226 pertinax
1294 2173 1396 2230 non
1426 2157 1548 2226 fuit,
1580 2171 1695 2208 cum
1722 2155 1858 2208 ultro
1889 2154 2125 2225 quaedam

613 2228 725 2300 qua:
756 2229 1058 2283 notabantur
1088 2228 1380 2281 correxerit.

617 2359 714 2413 Est
736 2368 792 2413 et
820 2360 963 2413 aliud
993 2358 1244 2412 nimirum
1273 2356 1444 2411 multo
1467 2354 1680 2421 fortius,
1709 2353 1850 2424 quod
1883 2354 2037 2409 nobis
2059 2354 2122 2407 ad

543 2450 907 2504 defensionem
948 2459 1211 2516 susceptae
1237 2461 1417 2501 causa:
1449 2446 1714 2516 proﬁciat.
1747 2444 1879 2498 Nam
1910 2455 2128 2499 sanctus

544 2544 779 2597 Joannes
840 2540 1208 2595 Antiocltenus
1250 2554 1482 2608 arguens
1534 2537 1727 2591 litteris
1776 2537 1885 2591 suis
1938 2536 2128 2591 Nesto—

548 2634 682 2687 rium
715 2634 895 2701 l'qnod
919 2633 1127 2686 beatam
1153 2630 1369 2684 Mariam
1399 2638 1625 2684 matrem
1650 2627 1859 2683 Domini
1884 2638 2126 2696 negaret,

546 2735 684 2781 etut
709 2725 813 2780 hoc
837 2724 1183 2778 confiteretur
1211 2724 1532 2788 exhortans,
1582 2729 1704 2790 post
1751 2720 1931 2790 aliqua
1961 2719 2126 2773 dicit:

550 2837 571 2869 ι
605 2818 660 2872 Si
686 2816 1106 2882 videturautem,
1134 2817 1293 2869 etiam
1310 2813 1437 2868 boni
1456 2810 1690 2881 exempli
1714 2818 2013 2882 opportune
2034 2824 2128 2865 vos

546 2909 1014 2973 commemorabo,
1061 2907 1216 2975 cujus
1247 2903 1558 2959 meminisse
1603 2904 1746 2969 volo,
1789 2901 2129 2957 sanctissime

540 2998 734 3054 Irater.
767 3000 951 3068 Neque
977 2999 1119 3052 enim
1152 3009 1360 3073 tempus
1390 2996 1615 3049 multum
1647 3000 1732 3049 est
1760 3007 1825 3049 ex
1854 3006 1960 3062 quo
1989 2993 2128 3061 apud

540 3108 647 3147 nos
667 3091 888 3162 contigit
912 3100 970 3145 ut
998 3089 1254 3145 oblivioni
1283 3090 1504 3143 forsitan
1532 3087 1895 3142 mandaretur.
1927 3087 2126 3141 [iecor-

2231 1890 2452 1947 taretur,
2495 1880 2706 1935 calcare
2741 1879 2965 1950 gloriam
3013 1880 3321 1951 magisterio
3368 1885 3507 1955 longi
3534 1890 3795 1958 temporis

2230 1972 2562 2041 acquisitam,
2605 1979 2663 2026 et
2706 1970 2775 2025 ad
2818 1970 3242 2026 emendationem
3279 1973 3406 2030 dicti
3446 1977 3563 2033 sine
3602 1980 3797 2035 confuo

2229 2067 2379 2119 sione
2424 2064 2751 2120 descendere
2779 2079 2795 2117 :
2823 2064 3056 2119 maxime
3085 2078 3205 2118 cum
3245 2064 3412 2123 fretus
3441 2071 3798 2141 conscientia,

2230 2157 2349 2225 quia
2381 2172 2487 2211 non
2533 2158 2675 2213 sicut
2719 2157 3000 2226 putabatur
3030 2157 3130 2212 hoc
3157 2158 3395 2226 dixerat,
3425 2161 3583 2219 facile
3622 2182 3800 2237 posset

2230 2249 2554 2305 audientium
2582 2249 2970 2318 parvipendere
2997 2250 3293 2321 latsionem,
3326 2268 3481 2325 quam
3512 2266 3695 2314 tamen
3722 2261 3801 2317 diu

2231 2357 2336 2397 non
2369 2356 2556 2411 passus
2584 2352 2667 2397 est
2708 2342 2846 2398 tradi
2878 2360 2893 2397 :
2924 2341 3048 2414 quia
3094 2344 3204 2399 cito
3233 2346 3448 2414 pudoris
3490 2350 3657 2406 victor
3702 2370 3804 2409 non

2232 2444 2352 2506 post
2384 2435 2582 2491 multos
2613 2435 2727 2491 dies
2751 2433 3099 2492 offensionem
3128 2439 3433 2507 properavit
3452 2442 3666 2499 auferre
3692 2447 3805 2503 solo

2231 2540 2483 2582 sermone
2510 2538 2858 2584 contractam.
2891 2530 3003 2590 Non
3034 2532 3177 2586 enim
3210 2533 3285 2588 ait
3309 2533 3540 2591 Joannes
3566 2551 3598 2591 a
3626 2538 3804 2596 Theo-

2232 2619 2366 2677 doro
2395 2636 2556 2692 prave
2583 2623 2779 2693 aliquid
2806 2625 3131 2682 intellectum
3153 2670 3167 2695 ,
3196 2637 3288 2683 aut
3314 2630 3500 2687 saltem
3530 2634 3809 2704 negligen-

2232 2719 2335 2779 ter,
2368 2724 2421 2769 et
2451 2714 2624 2770 minus
2650 2724 2806 2771 caute
2827 2718 2843 2748 ⁸
2871 2717 2940 2772 ab
2969 2732 3033 2773 eo
3074 2718 3270 2774 dictum
3298 2738 3310 2773 :
3338 2730 3586 2791 tanquam
3617 2726 3691 2782 de
3724 2726 3810 2782 illo

2234 2806 2463 2877 loquens
2488 2807 2577 2877 qui
2623 2822 2730 2861 non
2775 2822 2955 2864 rerum
2984 2808 3331 2882 intelligentia
3364 2812 3521 2869 fuerit
3568 2831 3774 2885 pravus
3796 2861 3810 2885 ,

2231 2899 2324 2956 scd
2354 2914 2602 2956 sermone
2628 2901 2680 2955 in
2708 2901 2809 2956 hoc
2837 2901 3012 2957 minus
3042 2906 3438 2961 accommodus.
3463 2907 3601 2963 ﬂuic
3628 2910 3813 2982 itaque

2230 2992 2399 3047 sancti
2426 2990 2646 3047 Joannis
2673 2992 2988 3049 testimonio
3027 3008 3133 3064 quo
3161 2995 3464 3053 Nestorium
3509 3001 3817 3073 redarguit,

2231 3083 2499 3153 quomodo
2518 3082 2755 3154 synodus
2782 3084 3030 3156 religiosa
3062 3100 3166 3141 non
3194 3088 3476 3144 crederet?
3499 3108 3609 3147 non
3635 3095 3817 3151 solum

542 3185 696 3238 alaris
719 3156 861 3236 enim
893 3192 1041 3236 certe
1071 3178 1211 3235 beati
1241 3177 1511 3234 Theodori
1559 3177 1795 3248 episcopi
1826 3176 1880 3231 in
1912 3179 2124 3246 exposi-
2152 3156 2201 3219 C
2231 3173 2373 3243 quod
2400 3182 2581 3228 tantus
2612 3174 2771 3229 fuerit
2810 3175 2949 3230 idem
2978 3176 3232 3246 Joannes,
3262 3194 3447 3235 verum
3478 3183 3641 3238 etiam
3674 3188 3820 3257 quod

540 3279 695 3332 tione
722 3274 950 3331 dicentis
976 3273 1175 3343 aliquid
1203 3273 1346 3343 quod
1376 3282 1522 3327 recte
1549 3268 1656 3325 dici
1684 3286 1793 3325 non
1826 3280 2121 3339 putaretur,

548 3366 645 3422 tibi
674 3367 775 3436 ipsi
803 3364 1100 3435 primo,qui
1131 3364 1378 3418 fiduciam
1406 3362 1460 3416 in
1485 3362 1580 3416 illo
1602 3370 1842 3432 tempore
1866 3360 2122 3428 habebas,

549 3461 742 3515 deinde
772 3460 933 3514 etiam
960 3456 1208 3512 omnibus
1251 3455 1613 3511 audientibus.
1654 3454 1722 3510 Et
1752 3453 1978 3525 qualiter
2008 3454 2123 3519 ille,

548 3550 788 3604 sentiens
810 3546 1080 3603 laesionem
1111 3556 1166 3602 et
1191 3548 1649 3616 perturbationem
1687 3561 1845 3616 quam
1890 3561 1994 3600 non
2022 3545 2125 3599 mi-

546 3644 693 3694 nima
719 3640 1011 3710 divulgatio
1038 3638 1183 3693 illius
1204 3639 1330 3693 dicti
1363 3637 1709 3704 excitaverat,
1739 3649 1794 3693 et
1821 3636 2127 3707 intelligens

548 3730 670 3800 quia
705 3732 1035 3799 perturbatio
1065 3729 1227 3783 faciat
1274 3729 1622 3794 discordiam,
1666 3730 1838 3799 magis
1868 3738 2047 3784 autem
2076 3738 2131 3784 et

548 3819 1028 3874 contradictionem
1074 3828 1129 3873 et
1177 3821 1574 3875 contentionem
1620 3818 1896 3874 hominum
1945 3834 2133 3874 aman-

552 3913 680 3965 tium
703 3925 768 3967 ex
792 3911 1197 3980 quibuscunque
1218 3910 1378 3965 rebus
1404 3910 1713 3966 occasiones
1736 3909 2011 3980 inquirere
2030 3912 2132 3964 huc

552 4012 711 4071 atque
754 4002 884 4056 illuc
909 4001 1098 4068 dividi,
1140 4010 1195 4057 et
1237 4001 1671 4057 contentionibus
1698 4018 1895 4073 augere
1928 4002 2132 4058 scintil-

554 4094 660 4148 lam
704 4094 941 4148 scandali
987 4109 1109 4163 quae
1160 4095 1376 4163 parvula
1428 4094 1729 4160 videbatur,
1786 4095 1928 4166 quod
1969 4096 2132 4151 etiam

554 4201 694 4242 nunc
721 4188 859 4255 apud
895 4201 993 4241 vos
1022 4185 1279 4253 contigit:
1325 4186 1777 4255 quemadmodum
1809 4184 2134 4243 fortissimus

556 4277 642 4333 ille
666 4291 963 4348 exsurgens
986 4292 1089 4332 non
1113 4288 1233 4347 post
1259 4277 1459 4332 multos
1486 4275 1622 4344 dies,
1655 4276 1785 4332 illud
1811 4276 1953 4349 quod
1978 4278 2046 4332 ab
2070 4291 2137 4332 eo

550 4372 754 4427 dictum
787 4379 931 4437 erat,
961 4371 1028 4425 ad
1057 4372 1339 4425 utilitatem
1374 4369 1627 4425 Ecclesia:
1677 4370 1792 4425 sine
1819 4369 2134 4425 confusione

549 4464 819 4529 correxit,
860 4472 913 4518 et
948 4463 1223 4532 corrigens
1266 4462 1444 4517 statim
1493 4462 1743 4517 contrivit
1787 4478 2028 4517 murmur
2055 4463 2134 4517 vel

2226 3264 2476 3320 Nestorio
2502 3263 2784 3333 scribens,
2817 3282 2974 3337 quem
3004 3268 3071 3323 ad
3120 3270 3508 3328 correctionem
3555 3274 3822 3334 invitabat

2227 3358 2474 3426 exemplo
2504 3356 2779 3413 fortissimi
2821 3358 2921 3413 viri
2966 3368 3019 3415 et
3058 3359 3302 3417 humanae
3340 3364 3521 3435 gloria:
3562 3380 3822 3426 contem-

2229 3449 2396 3518 ptoris
2429 3447 2725 3517 Theodori,
2756 3466 2863 3505 non
2890 3465 3010 3506 eum
3032 3463 3214 3521 posset
3242 3455 3313 3509 ita
3340 3458 3681 3517 confidenter
3710 3478 3823 3519 sua:

2229 3540 2576 3596 conscientiae
2604 3544 2912 3597 testimonio
2937 3558 3282 3602 commonere
3318 3547 3386 3603 de
3419 3553 3622 3606 recenti
3652 3553 3824 3622 facto,

2230 3635 2369 3703 quod
2400 3649 2506 3689 non
2537 3636 2683 3692 solus
2714 3636 2827 3704 ipse
2846 3636 3145 3704 Nestorius,
3180 3653 3361 3695 verum
3389 3652 3443 3697 et
3472 3639 3820 3703 Antiochena

2230 3725 2404 3780 omnis
2434 3726 2672 3781 Ecclesia
2723 3726 2997 3783 recordari
3048 3728 3302 3787 facillime
3333 3742 3571 3802 poterat,
3610 3739 3725 3793 nisi
3758 3740 3829 3796 de

2231 3815 2512 3873 manifesta
2542 3818 2617 3873 rei
2659 3820 2882 3874 veritate
2914 3831 3289 3891 praesumptus.
3333 3824 3463 3879 Nam
3494 3844 3679 3897 neque
3707 3833 3829 3888 sine

2233 3918 2457 3963 tractatu
2507 3910 2732 3965 aliorum
2778 3910 2845 3964 ad
2894 3925 3049 3966 suum
3095 3913 3378 3969 concilium
3424 3920 3830 3987 pertinentium

2234 3994 2600 4063 sacerdotum,
2634 3995 2999 4052 Antiochenus
3027 4000 3249 4055 antistes
3287 4001 3355 4055 de
3379 4003 3502 4059 novi
3547 4007 3836 4079 dogmatis

2234 4087 2533 4142 assertione
2603 4089 2876 4157 corripere
2941 4091 3113 4160 palam
3162 4092 3830 4167 ConStantinopolitanum

2234 4178 2543 4249 episcopum
2574 4190 2773 4250 posset.
2805 4179 2979 4236 Tanto
3009 4196 3135 4237 vero
3180 4185 3482 4241 testimonio
3511 4204 3709 4247 sancta
3743 4212 3837 4268 sy~

2237 4280 2410 4333 nodus
2440 4279 2688 4346 credens,
2713 4282 2982 4351 quomodo
3004 4274 3272 4340 Theodori
3306 4288 3624 4342 memoriam
3662 4291 3837 4345 veluti

2238 4369 2473 4426 haeretici
2507 4370 2852 4442 rcjiciendam
2885 4374 2952 4429 ab
2982 4374 3223 4431 Ecclesia
3247 4377 3547 4447 iudicaret,
3583 4379 3639 4433 in
3674 4382 3845 4453 cujus

2238 4478 2374 4532 pace
2398 4464 2489 4520 ille
2510 4463 2791 4519 defunctus
2818 4475 2919 4531 est,
2950 4476 3005 4521 et
3028 4465 3181 4535 cujus
3213 4482 3392 4537 pacem
3425 4468 3500 4523 sic
3529 4469 3757 4541 dilexit,
3786 4484 3845 4529 ut

558 4557 953 4611 accusationem
981 4571 1099 4626 qua:
1122 4554 1379 4609 adversus
1402 4569 1521 4610 eum
1545 4554 1722 4609 fuerat
1749 4555 1879 4609 facta
1901 4571 1914 4607 :
1939 4569 2137 4624 nequa-
2165 4540 2219 4599 D
2240 4554 2466 4624 gloriam
2517 4570 2627 4610 sua;
2679 4557 3013 4612 auctoritatis
3064 4572 3169 4613 non
3215 4558 3563 4616 erubesceret
3594 4540 3849 4631 ejusof-

555 4662 718 4715 quam
743 4646 992 4717 judicans
1034 4655 1194 4715 turpe
1233 4645 1430 4715 aliquid
1461 4660 1582 4700 esse
1614 4646 1921 4717 corrigere;
1955 4655 2009 4701 et
2036 4647 2138 4703 hoc

562 4740 854 4794 scientibus
885 4738 1099 4807 quidem
1131 4740 1401 4803 omnibus,
1436 4737 1557 4808 quia
1592 4740 1920 4808 negligenter
1949 4750 2001 4795 et
2041 4740 2138 4794 mi-

560 4848 666 4886 tius
697 4840 850 4884 caute
881 4831 948 4885 ab
979 4845 1044 4883 eo
1076 4830 1247 4883 fuerat
1282 4830 1509 4899 dictum,
1542 4827 1930 4899 excipiet'ttibus
1959 4840 2137 4887 autem

548 4924 815 4979 continuo
853 4922 1265 4977 correctionem.
1305 4941 1324 4973 ι
1362 4922 1529 4976 Porro
1565 4932 1730 4977 totum
1762 4922 1862 4977 hoc
1883 4937 2137 4991 arrogan-

551 5015 685 5068 tiam
710 5012 984 5068 confundit
1010 5012 1219 5067 illorum
1244 5011 1335 5083 qui
1364 5027 1423 5067 se
1449 5010 1817 5083 diligentiores
1843 5022 1897 5069 et
1922 5016 2135 5083 sapien-

633 5179 655 5207 ⁸
702 5171 889 5225 Exstat
915 5171 1115 5240 integra
1157 5170 1380 5225 Joannis
1407 5171 1469 5225 ad
1496 5170 1800 5225 Nestorium
1824 5172 2046 5235 epistola
2080 5174 2132 5231 in

556 5241 729 5309 prima
761 5252 909 5309 parte
938 5242 1121 5313 synodi
1156 5241 1467 5313 Ephesium;
1519 5257 1703 5295 verum
1747 5242 1832 5294 ubi
1869 5242 2133 5299 Theodori

562 5315 612 5362 in
638 5326 701 5364 ea
734 5322 813 5382 est
843 5312 1072 5377 mentio,
1106 5314 1393 5379 irrepserat
1436 5312 1581 5364 Pauli
1615 5327 1807 5365 nomen
1838 5327 1934 5382 pro
1959 5313 2135 5369 Tlico-

559 5383 713 5433 doro.
743 5380 832 5434 Sic
857 5381 1014 5447 igitur
1039 5399 1100 5435 ex
1132 5382 1368 5436 Facundi
1392 5383 1568 5436 verbis
1594 5380 1982 5436 restituendum
2015 5393 2129 5443 est:

557 5453 945 5528 usuvntrottlmrrw
984 5454 1187 5528 πάντως
1218 5458 1307 5507 τοῦ
1350 5452 1885 5528 μακαρίῳ-Θξοδὼρου
1930 5456 2133 5528 intento.

556 5542 680 5582 που,
709 5522 759 5574 ἄν
805 5524 1036 5592 ἐξηγήσει
1060 5525 1286 5583 εἰπόντος
1324 5521 1375 5577 τί
1400 5521 1501 5578 τῶιί
1519 5525 1573 5575 οὐ
1602 5521 1847 5586 δοξαντὼν
1872 5525 2033 5586 καλῶς
2066 5530 2134 5583 εἷ-

554 5593 738 5665 ρῆσθαι
762 5594 950 5666 πρώτῳ
971 5594 1027 5645 τέ
1051 5614 1149 5659 σοι,
1178 5603 1249 5666 τῷ
1276 5597 1359 5647 καὶ
1383 5595 1847 5664 παρῥησιασαμένῳ
1878 5595 1983 5649 κατ’
2011 5598 2134 5651 ἐκεῖ·

630 5704 646 5734 ⁸
687 5701 814 5775 Cod.
847 5701 1064 5764 Verum,
1098 5703 1264 5775 minus
1288 5714 1430 5757 raute
1456 5702 1886 5775 animadversum,
1920 5706 2007 5760 sed
2031 5722 2131 5775 po-

554 5775 656 5828 tius
679 5774 1008 5846 negligenter,
1043 5783 1089 5826 et
1118 5774 1283 5831 minus
1306 5785 1451 5828 conte
1478 5774 1539 5826 ab
1570 5790 1625 5828 eo
1655 5776 1867 5831 dictum.

2240 4645 2472 4701 fensioni
2522 4648 2876 4718 postponere?
2922 4650 3027 4703 Cur
3074 4658 3250 4706 autem
3298 4653 3435 4705 hanc
3463 4650 3847 4712 offensionem

2242 4739 2547 4805 incurrerit,
2573 4741 2860 4808 praedictus
2881 4751 3096 4797 sanctus
3125 4741 3358 4797 Joannes
3387 4744 3575 4799 docuit
3597 4746 3801 4803 dicens
3834 4766 3851 4804 :

2242 4829 2503 4894 Quoniam
2535 4830 2671 4884 dixit
2716 4831 2917 4900 aliquid
2950 4831 3091 4902 quod
3140 4842 3282 4888 recte
3330 4832 3434 4887 dici
3468 4850 3578 4891 non
3612 4849 3853 4907 putare-

2244 4931 2350 4984 tur,
2390 4922 2698 4978 nﬂ‘ensionis
2727 4938 2939 4979 causam
2972 4926 3139 4996 magis
3181 4926 3233 4981 in
3272 4927 3683 4985 existimatione
3708 4946 3859 4986 con-

2240 5016 2467 5071 atitucns
2483 4998 2516 5069 ἐ
2542 5016 2683 5087 quod
2707 5016 2823 5086 ejus
2845 5028 2897 5073 et
2925 5017 2944 5048 ²
2974 5018 3229 5073 continuo
3252 5018 3536 5073 subsecuta
3561 5025 3862 5078 correctio

2237 5194 2315 5248 vsa
2341 5174 2425 5228 τὸν
2453 5174 2660 5248 nomen,
2688 5171 2872 5248 ἕπειτᾳ
2918 5176 3001 5229 καὶ
3019 5178 3165 5248 ’πᾶσι
3197 5180 3304 5238 τοῖς
3325 5176 3604 5234 ἀκούσασι.
3636 5178 3865 5234 Antio-

2239 5246 2441 5315 ehem:
2461 5244 2710 5315 Ecclesiae
2734 5245 3029 5313 presbyteri
3059 5256 3185 5299 ante
3212 5249 3580 5315 episwpatuut
3610 5248 3863 5307 fuerant

2241 5319 2351 5366 tum
2400 5312 2754 5381 Theodorus,
2805 5312 2915 5369 tum
2963 5312 3262 5370 Ncstorius.
3319 5312 3424 5370 Sed
3473 5317 3864 5376 Theodorum

2240 5383 2671 5459 Mopsuestenum
2693 5385 2801 5452 jam
2824 5388 3132 5459 episcopum
3162 5385 3459 5459 Antiochia
3490 5391 3862 5447 concinnan-

2241 5462 2344 5529 tem
2368 5453 2619 5529 audiebat
2640 5454 2738 5529 hoc
2763 5453 3295 5529 tetn‘pore'rNestorius
3316 5457 3494 5529 adhuc
3519 5461 3865 5529 presbyter,

2241 5524 2456 5603 insignis
2478 5535 2533 5583 et
2560 5528 2690 5604 ipse
2722 5527 2773 5581 in
2819 5524 3082 5604 ducendo,
3126 5537 3184 5583 ut
3224 5524 3538 5587 Gennadius
3584 5524 3713 5604 cap'.
3767 5524 3869 5592 53

2242 5599 2485 5663 testatur,
2517 5603 2572 5652 et
2600 5610 2667 5653 ex
2692 5605 2931 5667 tempore
2956 5597 3306 5656 declamator.

2313 5707 2331 5737 ³
2372 5704 2503 5762 Cod.
2532 5707 2754 5777 γετοῦ..
2778 5710 2946 5779 {acilia
2968 5720 3027 5764 et.
