3998 6202
213 287 307 343 775

1102 284 1235 339 PRO
1276 281 1705 340 DEFENSIONE
1737 278 1953 336 τιιιυιι
1993 280 2306 338 (lAl‘l'l‘UL.
2350 282 2476 338 [ΛΒ.
2524 283 2582 342 Χ.

3376 290 3479 346 774

208 398 609 457 demonstravit.
642 398 719 453 Es
752 398 867 467 ipsa
899 412 1027 452 vero
1055 400 1402 454 correctione
1424 440 1444 465 ,
1468 412 1577 467 qua
1607 396 1797 452 melius
1823 402 1873 459 Α
1905 392 2231 449 Christianae
2270 392 2584 449 humilitatis
2621 392 2844 449 formam
2874 403 2930 449 et
2972 411 3178 467 magum
3204 401 3478 469 specimen

212 490 552 560 semetipsum
580 490 960 560 interpretatus
982 501 1087 555 cst,
1103 490 1215 546 sive
1240 490 1483 545 Ecclesia
1504 503 1625 559 quae
1644 488 1795 541 illum

213 584 575 652 disputantem
603 579 876 647 audiebat,
907 582 1022 636 sive
1076 592 1257 649 postea
1285 589 1473 635 sancta
1504 578 1798 635 Chalcedo-

211 675 385 729 nensis
438 670 678 743 synodus
710 711 725 736 ,
783 680 891 726 non
956 670 1051 726 illa
1105 673 1277 727 solum
1324 671 1463 726 dicta
1515 685 1633 739 qua
1675 680 1798 726 tunc

210 762 484 816 audientes
531 759 910 825 offenderant,
961 761 1058 816 sed
1108 777 1229 831 qua:
1284 748 1482 817 similia
1551 759 1794 831 ejusdem

210 853 484 909 Theodori
514 852 699 908 debuit
724 854 1011 908 mstimare.
1041 853 1192 925 Quod
1225 856 1269 911 si
1300 858 1462 913 etiam
1496 865 1684 912 contra
1717 866 1799 911 te-

212 943 523 1000 stimonium
552 943 724 996 sancti
749 941 991 1005 Joannis.
1022 959 1127 997 non
1156 960 1251 1013 per
1280 945 1600 1003 incautelam
1621 956 1676 1003 et
1703 962 1797 1005 ne-

211 1039 517 1109 gligentiam
568 1037 756 1100 verbi,
787 1037 883 1092 scd
916 1054 1008 1106 per
1036 1037 1405 1109 intelligentia:
1438 1041 1752 1112 pravitatem
1779 1078 1794 1104 ,

214 1132 421 1184 dicatur
444 1129 725 1183 audientes
748 1126 1038 1184 offendisse
1064 1129 1411 1197 Theodorus;
1445 1146 1545 1188 nec
1572 1133 1643 1187 ita
1674 1146 1800 1202 pos-

214 1232 283 1274 set
316 1229 613 1282 correctus,
656 1219 741 1272 Vel
796 1220 865 1272 ab
917 1220 1061 1275 illius
1107 1223 1279 1276 aetatis
1333 1222 1595 1290 Ecclesia,
1628 1223 1712 1279 vel
1765 1238 1794 1277 a

208 1328 392 1371 sancta
432 1315 641 1386 synodo
670 1315 957 1370 haereticus
981 1317 1231 1384 iudicari.
1260 1318 1493 1373 Jacobos
1518 1318 1796 1387 apostolus

207 1411 376 1465 dicit:
406 1409 582 1462 Nolite
613 1407 787 1477 plures
814 1409 1046 1479 magistri
1085 1410 1197 1478 ﬁeri
1216 1450 1235 1477 ,
1267 1411 1454 1478 fratres
1479 1412 1598 1477 mei,
1627 1412 1794 1465 scien-

210 1513 280 1560 tes
307 1503 554 1570 quoniam
577 1502 745 1572 majus
762 1501 1017 1570 judicium
1046 1514 1254 1557 sumunt
1279 1504 1320 1558 ¹.
1350 1501 1418 1559 In
1450 1504 1625 1558 multis
1661 1506 1797 1559 enim

215 1593 516 1661 oﬂ'endt'utus
543 1608 716 1646 omnes
746 1590 888 1660 (Jac.
921 1607 1013 1659 ιιι,
1047 1590 1123 1662 f).
1153 1591 1287 1647 Cum
1328 1607 1459 1663 ergo
1483 1608 1672 1648 omnes
1712 1593 1797 1648 of-

217 1686 496 1741 tendamus
531 1687 583 1741 in
613 1684 819 1749 multis.
845 1697 941 1740 cur
971 1700 1078 1740 non
1106 1700 1294 1740 omnes
1315 1699 1503 1741 sumus
1533 1685 1793 1751 haeretici,

1905 486 2121 554 pietatis
2146 484 2412 539 ostendit?
2443 485 2578 539 Eant
2625 500 2768 541 nunc
2805 486 3159 557 Eutychiaui,
3190 503 3244 544 et
3274 491 3476 546 culum-

1903 575 2006 630 niis
2034 578 2166 646 suis,
2216 590 2260 631 ει
2301 577 2428 646 quid
2465 577 2641 630 adhuc
2674 586 2918 645 possunt,
2963 578 3245 648 adjiciunt,
3280 582 3481 652 ﬁngant

1899 667 1968 722 de
2013 666 2295 722 Theodoro
2342 681 2675 737 quaecunque
2722 669 2968 739 libuerit;
3022 681 3277 726 accusent
3321 674 3483 729 etiam

1900 760 2343 815 Chalcedonense
2382 758 2668 814 concilium
2707 760 2776 815 de
2807 761 3195 827 cohibentth
3220 778 3484 820 consensu

1901 849 2193 904 malorum.
2229 848 2603 918 Expavescent
2629 850 2695 904 ad
2722 855 2817 905 ista
2854 852 3039 921 procul
3065 852 3231 907 dubio
3260 854 3405 909 leves
3430 866 3487 909 et

1900 944 2083 999 faciles
2108 941 2304 1009 corde;
2348 953 2600 999 castarum
2644 945 2935 1011 prudentes
2964 956 3019 999 et
3062 960 3254 1015 graves
3284 948 3487 1002 intelli-

1898 1046 2047 1107 gent,
2077 1034 2221 1106 quod
2269 1034 2405 1092 nihil
2434 1051 2500 1090 ex
2549 1035 2651 1091 hoc
2680 1036 2949 1104 applicent
2981 1037 3285 1103 Theodoro,
3333 1041 3489 1108 cujus

1903 1131 2198 1199 purgationi
2226 1128 2431 1184 sufﬁcit
2450 1128 2593 1197 quod
2622 1140 2839 1198 paratus
2862 1144 3075 1198 st-mper
3103 1131 3199 1184 fuit
3228 1131 3297 1186 ad
3323 1136 3488 1187 corri-

1900 1221 2157 1291 gendum.
2186 1220 2457 1289 Quidquid
2492 1220 2655 1289 igitur
2685 1232 2875 1274 contra
2902 1220 3240 1276 Theodorum
3268 1223 3445 1277 dicunt
3470 1264 3486 1289 ,

1903 1315 2158 1368 noverint
2178 1319 2434 1384 quoniam
2457 1314 2504 1368 si
2533 1314 2842 1384 recipiatur,
2871 1331 2977 1370 non
3005 1318 3172 1386 magis
3200 1317 3300 1387 ipsi
3330 1330 3491 1388 atque

1900 1403 2328 1460 Chalcedonensi
2356 1406 2625 1470 concilio,
2668 1421 2827 1475 quam
2870 1408 3019 1462 muni
3063 1409 3362 1464 ascrihctur
3391 1412 3487 1465 Ec.

1900 1497 2102 1563 clesite,
2146 1512 2265 1567 quae
2308 1509 2649 1552 mansuetum
2678 1508 2729 1552 et
2779 1498 3004 1553 docilem
3046 1498 3218 1555 virum
3259 1500 3491 1569 neglexit

1899 1605 2145 1659 arguere.
2178 1589 2374 1644 Verum
2425 1599 2587 1658 opto,
2614 1591 3035 1645 clementissime
3084 1592 3398 1661 imperator,
3435 1602 3491 1648 ut

1904 1681 2261 1736 humilitatem
2289 1683 2661 1750 rationemque
2686 1681 2953 1737 Theodori
2983 1684 3059 1737 illi
3089 1685 3178 1751 qui
3208 1698 3329 1740 eum
3361 1685 3479 1739 col-

213 1779 309 1832 nisi
345 1778 466 1846 quia
498 1792 609 1831 non
631 1774 879 1842 oﬁ‘onsio,
911 1775 1006 1831 sed
1049 1777 1291 1846 pertinax
1338 1776 1653 1835 oaensionis
1697 1777 1796 1833 de-
1827 1776 1874 1836 B
1905 1784 2029 1843 pant
2055 1774 2254 1828 imitari
2295 1774 2634 1843 aliquatenus
2664 1775 2831 1829 velint
2857 1792 2870 1827 :
2897 1786 2955 1829 et
2979 1776 3118 1830 sicut
3140 1778 3238 1831 ille
3274 1786 3490 1845 gratan-

213 1870 407 1936 lensio,
454 1868 580 1924 facit
625 1868 972 1927 haereticum‘t
1004 1869 1265 1927 Similiter
1314 1879 1491 1927 autem
1535 1870 1798 1927 conﬁteor

211 1960 445 2030 amplius
475 1975 587 2024 me,
615 1968 669 2016 et
691 1960 917 2015 multum
947 1961 1175 2031 amplius
1212 1962 1265 2017 in
1298 1960 1401 2017 hoc
1426 1962 1603 2017 sancti
1639 1962 1802 2019 Joan-

213 2054 294 2110 nis
345 2052 667 2113 Antiocheni
720 2052 1069 2119 testimonio,
1117 2052 1377 2122 quam.iu
1425 2052 1676 2118 caeteris,
1717 2053 1800 2107 vel

218 2147 413 2215 ipsius.
444 2145 529 2201 vel
560 2146 793 2200 aliorum
824 2144 1042 2200 Patrum
1073 2145 1414 2209 testimoniis,
1444 2145 1695 2201 delectari
1723 2156 1802 2199 at-

214 2252 317 2305 que
347 2235 713 2306 congratulari
744 2235 1048 2293 Theodoro.
1074 2236 1206 2291 Nam
1234 2237 1288 2291 in
1332 2236 1437 2291 illis
1461 2236 1571 2306 jam
1601 2236 1801 2292 dudum

213 2329 525 2385 memoratis
551 2369 566 2394 ,
596 2329 789 2399 quibus
833 2330 1131 2385 ostenditur
1160 2340 1357 2400 quanta
1398 2332 1657 2388 doctrinae
1687 2330 1803 2402 ejus

212 2419 378 2477 fuerit
418 2421 699 2485 celsitudo,
726 2421 935 2490 gaudeo
976 2423 1219 2488 quidem,
1248 2423 1341 2477 sed
1388 2424 1509 2485 novi
1556 2425 1657 2479 hoc
1684 2438 1804 2479 esse

213 2510 283 2567 illi
313 2526 601 2585 commune
628 2526 749 2567 cum
791 2512 989 2570 multis.
1018 2512 1074 2567 lu
1106 2512 1207 2568 hoc
1231 2522 1410 2569 autem
1450 2529 1555 2582 quo
1579 2513 1801 2569 manife-

214 2614 295 2656 sta
345 2602 527 2657 cordis
570 2602 689 2671 ejus
741 2602 1011 2661 humilitas
1075 2604 1376 2673 intimatur,
1430 2614 1485 2661 et
1532 2605 1806 2674 acquisita

212 2695 401 2763 gloria:
429 2708 529 2763 pro
575 2693 819 2749 fraterna
857 2694 1154 2753 oﬁ‘ensione
1200 2704 1537 2765 contemptus
1559 2738 1573 2763 ,
1605 2710 1805 2763 paucos

212 2784 506 2839 admodum
534 2786 711 2840 socios
753 2784 802 2838 ei
849 2785 1082 2854 reperio.
1116 2785 1313 2841 Multos
1335 2786 1480 2841 enim
1524 2786 1805 2843 didicimus

212 2876 513 2932 eminuitse
553 2877 799 2945 scientia,
851 2883 911 2931 et
957 2876 1247 2930 maximam
1291 2890 1390 2945 pro
1438 2878 1539 2931 hac
1582 2877 1803 2947 gloriam

214 2973 572 3030 consecutos;
602 2974 658 3021 at
691 2965 779 3033 ubi
809 2966 1113 3021 humanitus
1137 2965 1273 3033 lapsi
1304 2974 1449 3031 sunt,
1475 2965 1719 3023 homines
1747 2980 1805 3022 se

215 3040 545 3129 cognoscere
592 3058 902 3124 noluerunt,
950 3066 1007 3113 et
1051 3057 1366 3127 simpliciter
1392 3058 1654 3113 admoniti
1677 3072 1805 3114 cnn-

1906 1876 1986 1921 ter
2024 1866 2430 1936 castigationem
2478 1865 2816 1935 suscipiens,
2859 1869 3005 1936 quod
3058 1868 3393 1937 negligenter
3439 1879 3494 1923 et

1906 1958 2085 2013 minus
2114 1966 2272 2012 caute
2300 1958 2508 2012 dixerat
2529 1957 2805 2027 corrigere
2836 1958 3182 2026 properavit;
3208 1959 3282 2013 ita
3306 1967 3362 2013 et
3406 1960 3494 2013 isti

1907 2065 2004 2104 nos
2033 2050 2116 2104 vel
2141 2051 2406 2116 patienter
2433 2050 2627 2115 ferant,
2657 2060 2714 2105 et
2740 2051 2884 2119 quod
2911 2051 3200 2107 crudeliter
3216 2065 3270 2106 et
3291 2053 3408 2106 disc
3430 2069 3496 2106 οι·-

1907 2140 2058 2194 diose
2090 2141 2354 2208 fecerunt,
2387 2140 2677 2195 emendare
2706 2142 2921 2197 tandem
2961 2142 3250 2211 aliquando
3274 2144 3496 2213 dignen-

1908 2237 2018 2285 tur.
2047 2228 2315 2287 Caeterum
2341 2229 2655 2286 Theodorus
2686 2232 2820 2287 adeo
2839 2214 2958 2287 non
3000 2233 3098 2286 fuit
3127 2247 3154 2285 a
3188 2243 3378 2288 saneta
3406 2248 3495 2304 sy-

1908 2323 2070 2389 nodo,
2094 2318 2544 2391 quemadmodum
2572 2329 2780 2391 putant,
2807 2323 2955 2378 velut
2982 2324 3237 2392 magister
3261 2325 3495 2379 Nestorii

1907 2411 2381 2477 condemnandus,
2407 2421 2466 2467 ut
2500 2412 2618 2481 ejus
2668 2424 2981 2481 argueretur
3020 2415 3269 2484 exemplo
3310 2415 3498 2470 Nesto«

1911 2501 2039 2561 rius.
2085 2514 2140 2555 et
2180 2501 2386 2557 idcirco
2429 2502 2802 2571 damnaretur,
2831 2504 2977 2572 quod
3017 2519 3137 2558 eum
3182 2520 3289 2559 non
3338 2506 3498 2561 fuerit

1906 2592 2165 2649 imitatus.
2197 2591 2331 2659 Quid
2374 2603 2554 2648 autem
2593 2609 2693 2649 nos
2723 2596 2848 2650 hinc
2880 2596 3061 2650 volunt
3092 2598 3363 2653 aestimare
3392 2615 3500 2655 non

1908 2683 2028 2737 solu
2050 2702 2080 2736 ιι
2134 2684 2449 2753 Eutychiani
2477 2724 2492 2748 ,
2523 2685 2611 2754 qui
2665 2684 2734 2740 de
2782 2684 3069 2741 Theodoro
3100 2688 3493 2742 calumniantur

1908 2773 2347 2829 Chalcedonensc
2390 2776 2711 2841 concilium,
2741 2791 2925 2831 verum
2969 2780 3131 2837 etiam
3177 2778 3497 2847 Nestorium,

1910 2863 2001 2933 qui
2041 2863 2281 2933 ejusdem
2327 2863 2591 2918 Theodori
2638 2865 2795 2919 dictis
2842 2866 2988 2921 abuti
3035 2867 3322 2924 dicuntur?
3351 2872 3500 2937 Quod

1910 2954 2077 3025 ipsius
2116 2956 2361 3027 exemplo
2398 2956 2675 3011 Nestorius
2713 2957 3044 3026 increpatus,
3074 2974 3178 3015 non
3210 2964 3387 3019 statim
3433 2981 3498 3019 es

1909 3044 2026 3114 ejus
2056 3044 2235 3108 dictis,
2262 3047 2414 3115 quasi
2455 3045 2640 3100 eadem
2683 3036 2985 3115 sentientis,
3014 3050 3301 3107 defendere
3343 3056 3506 3111 male-

215 3157 554 3219 [empserunt
580 3147 802 3215 credere
825 3148 1072 3213 veritati;
1102 3156 1264 3218 atque
1296 3149 1366 3203 ita
1680 3149 1801 3219 διο-
1833 3150 1879 3213 C
1909 3136 2047 3190 dicta
2078 3151 2171 3189 sua
2206 3138 2449 3204 tentavit,
2473 3148 2524 3193 et
2552 3139 2882 3206 respondere
2908 3154 3099 3199 εδιιειο
3119 3144 3308 3201 Joanni
3338 3162 3402 3204 ac
3427 3148 3508 3203 dl-

216 3239 296 3313 ria
326 3240 588 3301 scientiae
634 3240 862 3295 multum
912 3238 1084 3297 obfuit
1127 3240 1195 3294 ad
1244 3240 1520 3307 salutem,
1550 3240 1802 3311 quoniam

1916 3242 2035 3282 cere
2081 3246 2095 3281 :
2138 3227 2473 3296 Theodorus,
2501 3229 2653 3300 enjus
2697 3232 2946 3301 exemplo
2989 3249 3075 3289 me
3118 3237 3317 3306 arguis,
3346 3254 3502 3308 quem

216 3330 445 3386 scientia
474 3328 643 3398 inﬂat,
667 3329 900 3385 Charitas
920 3337 1097 3386 autem
1120 3330 1346 3386 aediﬁcat
1367 3330 1424 3397 (Ι
1447 3331 1566 3386 Cor.
1592 3332 1805 3403 vttt,l).
1911 3315 2123 3373 beam“)
2153 3327 2208 3375 εί
2236 3318 2587 3379 fortissimum
2617 3322 2780 3390 (Ῐίείεν
2811 3324 3003 3380 eadem
3042 3341 3258 3396 εθιυρθτ
3286 3330 3401 3385 Sine
3429 3330 3513 3385 ll"

218 3421 402 3476 Minus
433 3424 609 3491 itaque
636 3421 766 3476 mihi
794 3423 1038 3493 cognitus
1065 3433 1207 3478 esset
1252 3423 1595 3489 Theodorus,
1623 3439 1811 3494 quam-
1914 3408 2016 3464 lius
2051 3407 2348 3467 offensione
2378 3410 2584 3467 docuit.
2611 3412 2763 3481 Quod
2792 3414 3007 3483 quidem
3034 3416 3081 3471 si
3110 3417 3390 3477 Nestorius
3426 3436 3513 3477 re-

218 3514 302 3569 vis
334 3523 605 3568 tantorum
627 3511 843 3568 Patrum
876 3512 1120 3569 laudibus
1142 3512 1481 3583 praedicatus,
1509 3515 1609 3569 nisi
1637 3515 1808 3586 qualis

1916 3500 2221 3570 sponderet,
2238 3502 2310 3557 ita
2334 3503 2621 3558 Theodoro
2650 3504 2999 3573 prtejudicare
3025 3522 3131 3562 non
3161 3512 3511 3578 posset,sicut

219 3616 368 3662 esset
390 3606 552 3660 etiam
575 3620 695 3660 cum
722 3604 1226 3675 reprehenderetur,
1260 3605 1464 3661 Joanne
1493 3606 1808 3664 testiﬁcante

1917 3606 2015 3646 nec
2043 3592 2313 3660 prophetis
2340 3601 2392 3648 et
2414 3594 2669 3662 apostolis
2697 3606 2854 3664 atque
2882 3599 3242 3666 evangelistis,
3261 3604 3511 3670 quoniam

218 3709 629 3767 cognoscerem.
693 3694 892 3751 Verum
940 3710 1039 3751 nec
1084 3696 1331 3751 omnibus
1384 3708 1467 3752 est
1512 3698 1808 3765 imitabile,

1918 3682 1996 3736 eis
2024 3684 2105 3737 vel
2137 3683 2251 3751 ipse
2285 3684 2482 3739 abusus
2524 3694 2626 3750 est,
2656 3686 2739 3739 vel
2770 3686 2885 3754 ejus
2929 3703 3071 3743 nunc
3099 3701 3394 3748 sectatores
3419 3694 3511 3748 ab-

218 3788 370 3843 unde
398 3797 454 3843 et
486 3803 670 3856 parum
702 3787 833 3842 utile
872 3787 1013 3843 foret
1036 3787 1271 3843 scientia
1317 3788 1437 3859 ejus
1463 3792 1769 3860 exemplum
1794 3809 1810 3859 ;
1876 3786 1893 3817 ‘
1919 3782 2160 3839 υῑυιιῑυτι
2182 3786 2340 3843 alque
2365 3775 2453 3828 θινὶ
2483 3790 2668 3831 omnes
2700 3777 2959 3832 ιιωτειῖείο
2983 3778 3358 3837 νεῐυωιόωεη
3388 3798 3511 3840 Cum

220 3893 249 3933 c
291 3879 625 3933 rrectionem
656 3893 781 3935 vero
808 3887 1083 3949 gratanter
1111 3880 1377 3950 accipere,
1406 3890 1463 3937 et
1481 3881 1588 3938 cito
1617 3897 1680 3936 ac
1706 3882 1819 3951 pla»
1922 3865 2013 3920 ίηε
2044 3867 2225 3930 hom":
2251 3866 2317 3920 3d
2352 3868 2779 3935 respondendum
2811 3869 2950 3924 male
2975 3880 3210 3939 Damus.
3233 3883 3289 3929 ει
3311 3876 3364 3929 in
3396 3892 3513 3944 De"

218 3969 348 4024 cide
380 3970 520 4038 quod
552 3966 835 4025 oﬁenderit
862 3970 1153 4025 emendate
1178 3978 1233 4025 et
1255 3971 1516 4029 imitabile
1543 3972 1808 4039 omnibus,

1922 3958 2115 4013 niciem
2146 3973 2296 4011 suam
2327 3957 2656 4014 sufﬁcienter
2696 3958 3006 4027 instructos,
3038 3963 3174 4017 nihil
3220 3964 3273 4019 in
3318 3969 3521 4023 erroris

221 4076 274 4115 et
305 4062 484 4117 multo
515 4062 697 4118 utilius
734 4062 1023 4119 invenitur.
1056 4062 1288 4118 Proinde
1334 4063 1389 4119 in
1418 4063 1704 4120 Theodoro
1732 4065 1808 4120 di-

1923 4050 2003 4103 soi
2034 4049 2402 4104 defensionem
2429 4065 2494 4103 ex
2525 4049 2679 4104 dictis
2708 4050 2994 4118 Theodori,
3020 4054 3171 4120 cujus
3197 4055 3518 4114 admoneba-

222 4150 679 4229 scereoustinati
707 4152 1016 4224 dignentur,
1046 4151 1211 4208 etiam
1238 4151 1305 4208 de
1332 4152 1474 4208 facili
1507 4154 1661 4222 lapsu
1700 4168 1808 4209 ser-

1927 4147 2020 4195 tur
2046 4140 2317 4209 exemplo.
2351 4141 2571 4195 tentavit
2599 4155 2908 4208 assumere;
2949 4146 3081 4198 satis
3121 4147 3377 4213 ostendit,
3401 4147 3519 4219 ejus

222 4244 417 4305 ments
437 4243 718 4310 admoniti,
742 4243 1097 4315 apostolicam
1124 4243 1438 4299 modestiam
1466 4246 1822 4317 pietatemque
1927 4244 2074 4287 sana:
2100 4229 2359 4287 doctrina:
2390 4246 2495 4288 non
2526 4246 2806 4298 sequacem
2825 4271 2840 4296 ,
2870 4233 2966 4288 sed
2996 4233 3209 4292 obvium
3240 4252 3300 4295 se
3330 4237 3514 4295 fuisse.

222 4318 486 4391 scrvare.
514 4333 644 4388 Nam
675 4339 753 4387 sic
783 4333 1072 4407 aliquando
1101 4334 1287 4388 Petrus
1314 4335 1679 4403 apostolorum
1707 4336 1820 4405 pri—
2551 4345 2775 4401 CAPUT
2814 4346 2902 4403 Ill.

227 4441 389 4492 mus,
423 4425 562 4479 sicut
602 4424 706 4492 iam
737 4423 992 4489 diximus,
1024 4439 1147 4479 cum
1188 4438 1295 4478 non
1340 4433 1488 4481 recte
1526 4426 1808 4482 ambulat-el

1934 4461 2087 4527 Quod
2105 4463 2306 4529 tametsi
2340 4458 2634 4511 Theodorus
2678 4459 2731 4512 in
2773 4460 3080 4529 quibusdam
3125 4476 3368 4529 errasset,
3410 4467 3524 4523 (au.

219 4514 609 4601 adverritatcm
640 4514 943 4584 Evangelii,
969 4516 1328 4584 reprehensus
1348 4530 1377 4569 a
1407 4515 1572 4571 Paulo
1600 4518 1822 4573 minimo
1857 4527 1907 4589 ι)
1939 4514 1977 4527 ’⁵
2002 4532 2118 4585 dan”
2158 4530 2221 4584 ab
2268 4527 2365 4585 Iba
2391 4531 2611 4598 potuerit
2635 4514 2842 4599 propter
2878 4530 2986 4585 alia
3040 4514 3368 4602 ψιιέἶᾶἶῖ
3396 4514 3531 4593 ᾆξ’νῖ-

220 4592 606 4678 apostolorum
640 4606 786 4678 (Gal.
816 4622 877 4675 ιι,
905 4607 1021 4677 14),
1052 4622 1155 4663 non
1187 4608 1403 4679 indigne
1433 4608 1573 4673 tulit,
1601 4625 1700 4666 nec
1730 4626 1808 4680 prt

2003 4602 2127 4672 psit.

218 4699 318 4759 sui
365 4699 632 4773 primatus
661 4700 827 4770 gloria
868 4700 1207 4771 resistentem
1235 4700 1340 4755 sibi
1385 4700 1631 4770 deSpexit
1655 4718 1667 4755 :
1693 4717 1829 4772 quo-

222 4793 397 4869 niam,
441 4782 679 4869 Charitas
724 4806 844 4862 qua
893 4790 1118 4846 Paulum
1148 4792 1214 4846 ad
1260 4792 1583 4861 arguendam
1634 4792 1829 4863 prioris

216 4868 459 4954 culpam
492 4882 721 4940 ﬁdenter
766 4892 1035 4949 erexerat,
1063 4884 1252 4940 eadem
1296 4884 1507 4940 Petrum
1552 4885 1619 4940 ad
1663 4888 1831 4945 susci-

218 4962 500 5033 piendam
548 4974 752 5029 minimi
800 4974 1193 5031 correctionem
1223 4975 1469 5031 dociliter
1515 4978 1827 5035 inclinabat.

214 5068 402 5123 Hunc
430 5068 608 5138 itaque
641 5058 833 5135 virum,
866 5083 973 5123 non
1006 5069 1059 5123 in
1090 5068 1203 5125 sola
1235 5069 1482 5139 scientia,
1512 5071 1608 5126 sed
1636 5072 1689 5126 in
1737 5072 1835 5131 htt-

214 5162 477 5219 militate
521 5179 732 5234 quoque
770 5164 950 5218 cordis
978 5178 1040 5219 ac
1085 5162 1358 5219 modestis:
1390 5165 1792 5233 comprobatum
1821 5207 1836 5233 ,

216 5256 530 5329 quomodo
553 5257 815 5326 temporis
841 5258 979 5312 illius
1012 5257 1271 5325 Ecclesia,
1303 5258 1572 5328 quomodo
1600 5259 1837 5330 synodus

207 5345 704 5406 Chalcedonensis
739 5347 961 5417 rejicere
991 5357 1195 5419 posset,
1227 5364 1348 5404 eum
1380 5362 1446 5405 ex
1476 5350 1701 5417 epistola
1729 5350 1835 5406 lbae

208 5434 472 5493 recitari
524 5434 710 5493 laudes
739 5430 854 5507 ejus
884 5438 1213 5506 adverteret,
1242 5439 1397 5509 cujus
1435 5442 1598 5495 etiam
1649 5456 1832 5510 repre-

205 5528 444 5586 hensio
477 5528 687 5585 virtutis
710 5531 1018 5601 exemplum
1044 5540 1150 5599 est,
1177 5540 1232 5588 et
1268 5534 1357 5603 qui
1380 5532 1562 5603 lapsus
1584 5533 1638 5588 in
1669 5534 1832 5590 verbo

2009 4713 2134 4768 llaec
2164 4712 2327 4779 igitur
2351 4705 2650 4767 defensioni
2678 4728 2886 4783 magna
2910 4716 3100 4786 synodi
3124 4717 3533 4777 Chalcedonem

1936 4804 2011 4860 sis
2036 4802 2371 4860 abundarent
2392 4804 2435 4855 ².
2460 4801 2614 4857 Nunc
2641 4812 2817 4861 autem
2850 4821 2954 4859 non
2984 4807 3097 4874 ipsa
3119 4822 3239 4862 eum
3271 4809 3531 4877 laudavit,

1936 4894 2031 4951 sed
2056 4893 2323 4948 laudantis
2343 4891 2651 4959 epistolam,
2676 4909 2774 4962 pro
2795 4894 2896 4950 ﬁde
2916 4906 3065 4951 recta
3085 4912 3243 4966 quam
3266 4900 3530 4965 continet,

1940 4983 2310 5054 pronuntiavit
2351 4982 2703 5038 orthodoxam
2737 5001 2751 5039 :
2785 4985 2922 5054 quod
2952 4985 3220 5040 diversum
3248 4992 3368 5041 esse
3410 4990 3534 5057 quis

1942 5080 2198 5147 prudens,
2228 5076 2272 5131 si
2299 5089 2516 5131 causam
2546 5075 2835 5144 diligenter
2863 5076 3123 5143 attendas,
3152 5076 3396 5145 ignoret?
3429 5077 3532 5133 Po-

1944 5168 2045 5224 toil
2070 5166 2212 5222 enim
2261 5166 2374 5220 ﬁeri
2426 5175 2482 5219 ut
2528 5167 2690 5219 etiam
2737 5165 2782 5219 si
2813 5166 3054 5234 quaedam
3093 5166 3359 5222 Theodori
3390 5170 3538 5225 dicta

1943 5257 2226 5326 culpabilia
2255 5256 2587 5324 viderentur,
2634 5264 2688 5308 et
2716 5270 2777 5309 ea
2812 5254 3046 5325 synodus
3085 5271 3186 5311 nec
3228 5257 3528 5327 ignoraret,

1944 5362 2041 5405 nec
2070 5346 2410 5417 interpretari
2453 5345 2641 5401 melius
2684 5352 2862 5417 posset
2884 5385 2897 5410 ,
2937 5356 3308 5403 verumtamen
3334 5347 3354 5378 ⁸
3384 5348 3533 5403 Ibunt

1947 5442 2117 5497 latere
2144 5441 2381 5510 potuisse
2410 5437 2684 5501 crederet.
2723 5439 2863 5493 sicut
2892 5439 3053 5493 etiam
3102 5449 3320 5497 sancws
3348 5442 3531 5501 Patres

1946 5531 2203 5588 Joannem
2246 5526 2895 5596 Constantinopolitanum
2950 5536 3005 5583 et
3051 5526 3367 5601 Gregorium
3424 5532 3529 5586 Na-

306 5684 332 5718 ³
378 5678 512 5734 Cod.
546 5681 768 5749 Verum,
794 5686 1010 5739 sumitis.

1951 5687 2133 5742 dorum
2152 5683 2265 5751 ipso
2294 5680 2550 5735 laudaret.
2580 5681 2735 5736 Nunc
2758 5691 2945 5739 autem.

305 5755 335 5786 ²
392 5750 534 5807 idem
566 5755 722 5821 cod.,
754 5755 1073 5811 abundarent
1098 5754 1349 5827 profecto,
1404 5758 1555 5813 etiam
1603 5759 1649 5814 si
1672 5756 1838 5816 Theo-

2022 5756 2043 5787 ³
2085 5754 2226 5808 Idem
2252 5752 2399 5821 cod.,
2423 5756 2875 5810 reverentissimum
2905 5765 3072 5813 tamen
3101 5754 3270 5813 Nam.
