3998 6202
420 373 526 432 Τῖῦ

1494 345 1786 407 FACLINllI
1827 339 2039 394 EPISC.
2085 329 2588 391 llEllMlANENSlS

3599 309 3705 362 ’Πῦ

422 495 755 551 zianzenum,
815 482 1225 545 universamque
1276 469 1569 526 Ecclesiam
1597 507 1612 531 ,
1675 475 1794 533 qua:
1844 458 2018 527 ipsum
2053 455 2096 512 Α
2129 459 2238 505 toto
2265 448 2394 505 orbe
2419 444 2716 500 radiantem
2746 433 2945 508 iudicat
2969 442 3088 486 esse
3119 422 3440 481 laudabilem
3467 435 3483 474 :
3515 419 3595 474 sic
3623 435 3712 490 po-

1917 548 1925 551 -
2186 541 2197 551 ι
2305 541 2317 551 -
2627 535 2642 551 ι
2664 533 2745 551 ομ-
2771 530 2888 551 ιι.--
2915 523 3212 551 ᾸΑΑΙ-ιῖησινη
3237 512 3509 551 τιιιηδηιιί
3558 512 3712 551 aliam

424 548 766 640 Theodirum
820 572 1103 626 docentem
1159 561 1509 622 advertebat,
1565 557 1734 608 latere
1784 548 2021 619 potuisse

329 670 335 675 ”
427 675 657 732 credunt
681 664 1020 737 Eutychiani,
1051 669 1109 715 ut
1140 675 1244 713 non
1271 661 1543 724 superstes
1572 646 2024 703 condemnaretur

428 770 570 824 idem
601 760 934 817 Theodorus.
968 756 1128 823 Igitur
1155 745 1606 821 quemadmodum
1650 743 1830 791 sancti
1865 745 2026 803 syno-

430 863 528 913 dus
557 856 830 924 antiquam
875 847 1201 910 Ecclesiatn,
1236 841 1388 909 cujus
1418 852 1537 906 pars
1587 834 1795 886 fuerant
1825 838 2028 880 memo-

432 949 537 1005 rati
571 949 778 1008 Patres,
813 956 919 996 non
964 953 1028 991 ex
1059 936 1434 991 communione
1463 935 1518 980 et
1548 922 1704 978 laude
1735 913 2026 980 Theodori,

433 1043 513 1095 vel
541 1041 584 1093 si
616 1053 736 1091 cum
765 1039 818 1088 in
864 1027 1181 1100 quibusdam
1213 1023 1378 1076 sciret
1406 1029 1618 1072 errasse
1638 1055 1652 1077 ,
1685 1009 1778 1064 sed
1806 1024 1869 1061 ex
1905 1018 2032 1072 pro-

435 1138 550 1203 pria
589 1130 753 1199 ipsius
784 1098 1040 1179 Ecclesia:
1087 1119 1193 1172 ﬁde
1219 1114 1462 1184 judicare
1507 1104 1722 1166 debuit,
1754 1098 1892 1169 quod
1938 1111 2035 1149 no-

439 1189 642 1277 biseum
690 1215 1004 1287 Eutychiani
1039 1211 1305 1267 fatentur;
1338 1202 1417 1256 sic
1441 1197 1677 1268 oportuit
1703 1200 1762 1246 ut
1797 1199 1852 1244 et
1891 1189 2032 1242 illam

442 1317 755 1384 epistoiam,
790 1324 894 1363 non
939 1321 1005 1359 ex
1051 1303 1210 1355 laude
1245 1293 1549 1358 Theodori,
1591 1286 1686 1342 sed
1715 1301 1778 1339 ex
1826 1280 2036 1350 propria

442 1373 823 1473 conscriptoris
847 1399 962 1468 ejus
989 1395 1111 1460 ﬁde,
1141 1405 1262 1462 quae
1291 1387 1487 1442 ibidem
1519 1380 1734 1449 legitur,
1750 1373 2035 1445 judicaret.

445 1503 724 1570 Quomodo
755 1506 932 1550 autem
958 1490 1196 1565 synodus
1222 1503 1327 1541 non
1357 1481 1604 1538 crederet
1629 1477 1769 1531 Ibam
1794 1483 2042 1527 reveren-

447 1566 711 1647 tissimum
758 1587 926 1641 latere
955 1582 1195 1652 potuisse
1236 1577 1376 1630 dicta
1405 1566 1708 1630 Theodori,
1757 1576 1879 1632 qum
1920 1571 2044 1613 ame

449 1684 752 1740 Nestorium
786 1649 980 1744 scripta
1013 1673 1030 1703 ι
1067 1672 1340 1728 dicuntur,
1376 1677 1496 1718 cum
1545 1657 1713 1727 ipsius
1753 1654 1855 1707 lbte
1888 1649 2043 1702 (idem

453 1774 768 1831 Nestoriano
795 1765 1030 1837 dogmati
1057 1763 1264 1816 videret
1288 1751 1611 1810 adversam?
1642 1749 1836 1801 Verum
1867 1740 2047 1796 ethoc

454 1868 641 1921 demus
664 1858 1028 1930 Eutychianis,
1048 1851 1188 1923 quod
1205 1843 1697 1904 reverentissimum
1723 1837 1862 1890 Ibam
1883 1846 2044 1902 syno-

457 1957 554 2010 dus
582 1947 1037 2007 Chalcedonensis
1087 1939 1378 1996 crediderit
1419 1949 1524 1988 non
1569 1932 1845 2000 ignorasse
1870 1924 2046 1977 Theo-

459 2048 573 2099 duri
625 2045 765 2097 dicta
819 2053 938 2108 qua:
985 2035 1231 2088 videntur
1283 2043 1402 2084 esse
1459 2021 1760 2091 culpanda;
1810 2012 2047 2082 nunquid

461 2137 580 2191 ideo
602 2134 718 2202 ejus
739 2131 1024 2201 epistolam
1054 2125 1247 2180 merito
1271 2129 1429 2175 recta:
1460 2116 1582 2169 ﬁdei
1604 2125 1763 2182 quam
1792 2108 2047 2169 continet,

463 2229 816 2283 orthodoxam
849 2220 1196 2292 pronuntiare
1219 2230 1321 2269 non
1352 2210 1574 2266 debuit?
1609 2203 1902 2277 praesertim
1932 2213 2050 2252 cum

465 2316 699 2388 potuerit
745 2290 882 2368 idem
932 2306 1254 2364 venerabilis
1303 2304 1420 2356 lbas
1470 2298 1666 2353 idcirco
1713 2290 1897 2347 'l‘heod
1926 2301 2053 2341 vrum

467 2413 688 2481 ejusque
717 2407 932 2461 laudare
958 2402 1276 2463 doctrinam,
1307 2395 1562 2466 quoniam
1590 2405 1650 2444 ea
1681 2403 1798 2458 quze
1825 2385 1876 2438 in
1909 2380 2056 2436 libris

471 2503 586 2570 ejus
617 2493 1057 2568 reprehensibilia
1096 2488 1368 2560 judicabat
1390 2528 1404 2550 ,
1436 2483 1516 2538 vel
1559 2480 1627 2534 ab
1666 2473 1932 2531 haereticis
1963 2471 2059 2523 im-

476 2593 636 2646 missa
657 2631 670 2654 ,
709 2588 795 2642 vel
837 2587 902 2639 ab
932 2587 1047 2652 ipso
1087 2579 1368 2634 Theodoro
1399 2571 1723 2642 reprehensa
1744 2607 1757 2631 ,
1789 2565 1927 2618 sicut
1961 2560 2060 2614 do-

476 2688 714 2747 ruimus,
746 2682 858 2734 sive
889 2687 1130 2733 correcta
1176 2684 1297 2726 esse
1341 2665 1592 2720 credebat
1627 2677 1640 2714 :
1674 2670 1727 2714 et
1769 2671 1873 2710 non
1905 2669 1970 2707 ex
2001 2665 2065 2706 eo

479 2776 617 2846 quod
662 2745 926 2827 scribendi
975 2765 1193 2834 capiens
1245 2760 1487 2822 initium,
1537 2750 1733 2822 aliquid
1783 2745 2067 2817 aliquando

482 2863 907 2936 reprehensibile
936 2857 1170 2926 scripsit,
1201 2863 1291 2909 aut
1321 2867 1388 2907 ex
1418 2850 1567 2918 lapsu
1598 2843 1863 2900 sermons
1892 2839 2069 2892 incur-

483 2962 585 3024 rit,
631 2961 747 3028 ejus
786 2956 1029 3011 doctrina
1074 2947 1360 3019 judicanda
1409 2945 1612 3006 fuerat;
1665 2939 1756 2994 sed
1800 2949 1866 2992 eo
1899 2932 2073 3004 potius

488 3053 625 3124 quod
657 3052 701 3106 si
749 3048 875 3119 quid
914 3047 968 3101 in
999 3059 1062 3101 ea
1105 3039 1371 3111 culpabile
1403 3035 1703 3096 ridebatur,
1734 3029 1846 3098 ipse
1889 3039 2074 3094 repre—

491 3150 676 3206 hendit
718 3117 876 3215 atque
904 3138 1157 3197 correxit.
1203 3136 1332 3190 Nam
1377 3131 1420 3185 si
1453 3141 1611 3184 nemo
1654 3123 1866 3191 sapiens
1897 3117 2078 3173 Eccle-

2127 541 2225 598 tuit
2249 541 2408 597 etiam
2429 533 2750 592 venerabilis
2771 530 2892 585 lbas
2913 523 3214 580 doctrinam
3237 512 3535 577 Theodori,
3558 512 3714 567 etiam

2127 637 2180 690 in
2211 632 2477 701 aliquibus
2501 625 2817 696 culpabilem
2843 634 2948 674 nun
2971 619 3249 701 ignorans,
3277 607 3481 675 absque
3507 603 3718 658 illorum

2133 691 2475 794 culpabilium
2503 691 2893 787 approbatione
2920 691 3162 761 laudare.
3188 700 3310 755 Sive
3330 705 3510 751 autem
3540 694 3722 748 beatus

2129 789 2430 886 Cyprianus
2459 817 2513 863 et
2544 807 2887 876 Agrippinus,
2917 798 3118 866 aliique
3143 807 3263 848 cum
3290 789 3370 845 eis
3399 789 3590 843 eadem
3621 793 3723 838 sta-

2135 914 2346 960 tuentes
2381 899 2648 972 episc0pi;
2681 900 2796 951 sive
2822 881 3284 970 Theodorosnvel
3325 880 3368 936 si
3397 890 3453 934 et
3493 878 3612 945 ipse
3641 891 3726 930 er-

2135 1011 2249 1053 rata
2285 1012 2388 1050 non
2421 991 2737 1050 emendasse
2766 985 3051 1045 credatur;
3100 959 3214 1032 sive
3255 973 3438 1029 caeteri
3481 973 3729 1026 doctores

2140 1088 2412 1151 Ecclesiae,
2447 1100 2512 1140 ex
2543 1096 2769 1151 quorum
2801 1071 3083 1131 sententiis
3111 1066 3346 1123 haeretici
3368 1078 3494 1119 suos
3520 1077 3731 1116 errares

2139 1190 2400 1235 conantur
2425 1185 2686 1236 aStruere,
2713 1167 3009 1224 intentione
3033 1162 3228 1216 mentis
3249 1167 3407 1226 atque
3431 1154 3732 1225 proposito,

2141 1271 2280 1325 sicut
2326 1267 2673 1327 arbitramur,
2722 1260 2789 1312 ab
2827 1257 3051 1310 hteresis
3081 1250 3308 1306 crimine
3353 1246 3733 1308 defenduntur,

2142 1359 2394 1430 quoniam
2425 1365 2551 1409 ante
2572 1349 2940 1407 definitiOnem
2970 1342 3248 1405 Ecclesiae,
3272 1339 3326 1392 in
3356 1336 3472 1405 ejus
3499 1348 3737 1388 commu-

2146 1453 2305 1506 nione
2335 1456 2732 1518 permanentes,
2764 1439 2929 1493 nimio
2958 1436 3042 1490 vel
3071 1435 3090 1464 ¹
3122 1430 3474 1486 immoderato
3502 1425 3621 1480 zelo
3647 1423 3738 1476 ad-

2147 1559 2334 1600 versus
2363 1539 2667 1600 hareticos,
2698 1535 2780 1588 vel
2803 1530 3157 1586 decreverunt
3185 1522 3331 1584 talia,
3351 1518 3439 1572 vel
3468 1517 3736 1575 dixerunt,

2152 1654 2254 1693 nun
2289 1643 2409 1704 post
2453 1630 2709 1686 Ecclesia:
2754 1626 2807 1680 in
2839 1622 3027 1678 eadem
3059 1616 3354 1687 quaestione
3397 1608 3739 1672 sententiam,

2152 1700 2538 1784 cumbmetici
2567 1715 2851 1788 segregati,
2883 1709 3174 1767 astruendo
3202 1705 3326 1760 talia
3368 1704 3544 1772 ipsam
3577 1700 3742 1766 impu-

2080 1832 2118 1888 Β
2149 1827 2443 1892 gnaveruut
2488 1813 2809 1868 Ecclesium.
2843 1806 3089 1861 Forsitan
3121 1799 3312 1869 aliquis
3336 1795 3479 1850 dicat
3508 1809 3524 1845 :
3561 1789 3748 1844 Debuit

2154 1881 2284 1984 ergo
2315 1908 2553 1982 synodus
2572 1944 2588 1971 ,
2617 1904 2663 1959 si
2706 1917 2813 1956 non
2840 1895 3212 1960 Theodorum,
3259 1889 3385 1959 quia
3413 1887 3464 1940 in
3495 1881 3749 1938 Ecclesia

2153 2019 2281 2075 pace
2327 1975 2610 2056 defunctus
2655 2001 2764 2057 est;
2819 2001 2995 2058 neque
3041 1992 3207 2039 totam
3255 1980 3374 2050 ejus
3419 1975 3748 2034 doctrinam,

2153 2095 2402 2167 quoniam
2436 2089 2597 2142 multa
2635 2093 2780 2139 recte
2812 2083 3022 2134 locutus
3046 2082 3163 2141 est,
3200 2073 3317 2140 ipsa
3345 2077 3496 2123 certe
3525 2078 3649 2134 qua
3677 2060 3754 2114 of-

2157 2151 2378 2240 fendunt
2405 2181 2520 2249 ejus
2566 2176 2706 2230 dicta
2747 2171 3031 2225 damnare.
3077 2165 3316 2219 Primum
3355 2155 3511 2228 cujus
3541 2151 3755 2224 synodi,

2159 2291 2214 2333 ut
2245 2280 2346 2331 hoc
2391 2274 2610 2336 faceret,
2643 2273 2962 2336 sequeretur
2990 2253 3340 2326 exemplum?
3367 2248 3477 2305 Sed
3503 2245 3760 2302 ostenda-

2163 2385 2248 2429 tur
2297 2368 2552 2439 quaelibet
2582 2362 2822 2433 synodus
2870 2353 3098 2422 alicujus
3137 2343 3435 2403 doctissimi
3464 2339 3566 2394 viri
3611 2348 3668 2392 et
3711 2337 3758 2388 in

2165 2462 2402 2522 Ecclesia
2432 2429 2853 2530 perseverantis,
2881 2447 3022 2503 dicta
3039 2459 3104 2499 ex
3128 2440 3308 2496 multis
3327 2437 3584 2502 decerpta
3615 2429 3766 2482 dam-

2168 2570 2345 2621 nasse,
2378 2523 2535 2607 et-ita
2571 2545 2764 2601 saltem
2803 2541 2871 2596 de
2896 2535 3126 2593 concilio
3171 2523 3599 2587 Cbalcedonensi
3631 2534 3765 2588 que-

2167 2613 2374 2704 rantur.
2405 2640 2611 2697 Deinde
2656 2633 2872 2706 quando
2908 2629 3286 2686 evolverentur
3315 2628 3395 2675 tot
3426 2616 3552 2671 libri
3581 2613 3768 2667 Theo-

2170 2737 2325 2801 dori,
2369 2744 2419 2788 ul
2455 2733 2507 2786 in
2536 2729 2616 2784 eis
2660 2719 3068 2794 diligentissime
3096 2725 3256 2784 atque
3297 2701 3774 2776 scrupulosissime

2173 2834 2505 2902 quaereretur
2535 2820 2677 2892 quod
2709 2818 2946 2885 legentes
2989 2817 3170 2879 posset
3212 2798 3524 2858 offendere?
3552 2794 3693 2850 Nam
3733 2788 3774 2845 si

2180 2887 2479 2978 faciendum
2522 2887 2699 2978 esset,
2729 2906 2906 2965 omnia
2935 2903 3134 2971 scripta
3164 2899 3278 2968 ejus
3300 2893 3487 2949 debuit
3534 2887 3776 2960 synodus

2182 3016 2268 3070 illa
2297 3014 2586 3076 discutere,
2612 3020 2678 3060 ne
2704 3002 2746 3056 si
2777 3015 2896 3056 eum
2927 3012 2991 3052 ex
3018 3004 3174 3065 parte
3197 2985 3652 3059 reprehenderet,
3685 2997 3777 3053 ap-

2185 3107 2442 3179 probasse
2480 3109 2677 3157 caetera
2709 3093 3020 3149 viderethr:
3054 3094 3108 3142 et
3135 3081 3274 3155 quod
3305 3091 3518 3150 tempus
3563 3078 3636 3131 ad
3670 3077 3786 3130 laxe

493 3167 676 3206 nellull
718 3167 876 3215 atque
904 3167 1157 3197 ευτιύιιι.
1203 3167 1332 3190 nam
1377 3167 1420 3185 δι
1453 3167 1610 3184 ιιιιην
1654 3167 1865 3191 νην-τ..-
1897 3167 2049 3173 __-.,
2186 3167 2203 3179 _

491 3245 622 3298 siam
662 3238 835 3293 credit
882 3232 1187 3287 haereticam
1210 3270 1225 3293 ,
1271 3224 1396 3294 quia
1445 3218 1749 3275 doctrinam
1798 3211 1938 3266 beati
1983 3208 2085 3280 Cy-
2113 3198 2156 3259 C
2190 3194 2499 3256 sufﬁceret?
2530 3191 2612 3246 vel
2642 3185 2853 3259 quando
2877 3197 2973 3254 per
3002 3178 3207 3249 singula
3233 3181 3500 3229 tantorum
3526 3167 3789 3226 sacerdo-

2621 3284 2632 3295 '
2719 3293 2870 3298 ηκ-Αμ
2920 3273 3236 3298 ---ιηηεηη
3268 3266 3618 3298 annumin...
3665 3279 3786 3298 mm“

493 3332 663 3402 priani
693 3321 1146 3394 Carthaginiensis
1191 3313 1430 3387 episcopi
1478 3321 1533 3366 et
1573 3305 1824 3377 martyris
1869 3301 2084 3365 laudat,

498 3440 616 3476 cum
649 3422 739 3475 ille
765 3434 870 3472 non
899 3416 1069 3471 solum
1103 3409 1374 3481 privatim,
1403 3413 1461 3460 ut
1492 3403 1540 3458 ei
1573 3402 1746 3456 visum
1779 3407 1880 3464 est,
1906 3409 2087 3450 verum

502 3516 660 3569 etiam
690 3518 1014 3579 congregato
1049 3504 1301 3566 concilio,
1333 3497 1598 3553 definierit
1635 3504 1692 3549 ut
1720 3491 1894 3546 omnis
1923 3489 2092 3542 Incre-

503 3609 642 3661 ticus
687 3605 755 3658 ad
799 3600 1091 3657 Ecclesiam
1139 3595 1356 3651 rediens
1406 3590 1728 3660 baptizetur,
1777 3594 1830 3640 et
1876 3592 2094 3651 propter

508 3700 610 3754 hoc
635 3699 876 3765 culpatus
898 3693 966 3746 ab
990 3689 1264 3759 Stephano
1293 3684 1531 3739 antistite
1555 3680 1794 3733 Romano
1817 3671 2093 3737 restiterit,

508 3805 764 3861 suamque
793 3785 1111 3843 sententiam
1152 3780 1392 3835 scribens
1420 3773 1690 3845 (Cyprian.
1714 3770 1862 3841 epist.
1901 3767 1989 3838 l4)
2033 3766 2096 3818 ad

511 3884 859 3952 Pompeium,
907 3886 1103 3946 quanta
1144 3871 1314 3943 potuit
1361 3869 1588 3921 humana
1642 3857 2099 3930 argumentatione

512 3950 846 4038 defenderit,
889 3968 1148 4039 injurinse
1175 3969 1409 4018 tractans
1439 3955 1687 4012 eumdem
1730 3953 1941 4006 beattun
1983 3950 2101 4004 Ste-

515 4071 774 4140 phanum,
807 4079 835 4117 a
867 4078 973 4132 quo
1016 4059 1185 4113 fuerat
1225 4055 1347 4126 jure
1377 4051 1659 4118 culpatus:
1693 4041 1962 4114 quomodo
1993 4040 2104 4108 epi-

518 4162 653 4217 stola
683 4154 1003 4213 venerabilis
1033 4151 1138 4206 lba:
1172 4149 1315 4216 juste
1345 4145 1616 4198 diceretur
1663 4137 1932 4200 literetica,
1963 4132 2102 4203 quod

519 4250 789 4308 'fheidori
831 4244 1128 4301 doctrinam
1173 4237 1443 4300 laudavit;
1493 4230 1582 4301 qui
1628 4230 1752 4283 licet
1798 4227 1850 4281 in
1882 4224 2106 4280 concilio

524 4343 657 4398 nihil
686 4337 955 4394 deﬁnierit
983 4331 1194 4388 \critati
1222 4324 1571 4386 contrarium,
1599 4329 1778 4374 tamen
1809 4315 1966 4371 etiam
1990 4330 2108 4384 quae

526 4432 772 4502 privatim
801 4429 867 4482 ab
887 4440 952 4481 eo
978 4423 1114 4478 male
1137 4419 1346 4474 fuerant
1368 4411 1691 4484 composita,
1716 4417 1906 4479 sponte
1931 4419 2110 4474 repre-

529 4523 735 4590 hendit,
768 4533 822 4577 et
844 4519 930 4574 ubi
957 4518 1026 4573 de
1051 4511 1314 4570 sermonis
1337 4512 1484 4579 lapsu
1507 4506 1574 4561 ab
1597 4503 1720 4558 aliis
1749 4499 2110 4570 reprehensus

530 4621 633 4679 est,
666 4628 770 4666 non
803 4609 1046 4679 injuriam
1077 4606 1279 4661 referre
1302 4645 1316 4669 ,
1350 4600 1442 4656 sed
1474 4597 1821 4653 offensionem
1847 4591 2115 4659 corrigere

534 4677 874 4774 properavit?
901 4700 1062 4768 Igitur
1083 4695 1220 4750 sicut
1242 4690 1499 4756 Ecclesia,
1523 4702 1627 4740 non
1651 4683 1953 4754 approbans
1976 4677 2117 4733 beati

534 4769 787 4868 Cypriani
816 4793 1037 4862 ejusque
1077 4782 1489 4857 praadccessoris
1520 4775 1796 4848 Agrippini
1826 4781 1874 4838 ι,
1902 4770 1991 4841 qui
2021 4769 2122 4823 hoc

536 4900 657 4943 ante
679 4893 960 4949 statuerat,
991 4881 1058 4935 de
1086 4873 1417 4946 baptizandis
1459 4871 1706 4926 omnibus
1731 4865 2002 4920 hiereticis
2027 4863 2124 4916 de-

540 4982 861 5040 ﬁnitionem,
897 4989 1002 5028 non
1052 4971 1226 5024 solum
1258 4968 1434 5035 ipsos,
1463 4962 1557 5016 sed
1586 4970 1642 5015 et
1669 4971 1857 5012 omnes
1885 4953 1974 5024 qui
2005 4967 2128 5008 cum

541 5075 643 5126 illis
687 5071 787 5124 hoc
817 5065 1144 5121 deﬁnierunt
1189 5057 1471 5127 episc0pos
1531 5058 1713 5120 patres
1761 5045 2015 5109 ascribit,
2047 5055 2133 5096 eo-

546 5177 767 5230 rumque
793 5158 950 5213 ﬁdem
980 5162 1141 5223 atqne
1181 5148 1516 5209 doctrinam,
1542 5149 1598 5197 et
1626 5139 1858 5195 maxime
1881 5134 2134 5206 Cypriani

625 5391 648 5416 ι
691 5379 790 5446 Qui
830 5377 1030 5446 primus
1075 5364 1686 5446 omnium-mortalium,
1735 5368 1796 5446 ut
1828 5355 2137 5446 Vincentius

554 5427 855 5508 LirinEnsi;
877 5449 930 5499 in
959 5441 1382 5499 Commonitorio
1412 5427 1683 5508 inscribit,
1705 5427 2136 5497 rebaptizandum

554 5536 676 5576 esse
696 5499 922 5573 censuit.
949 5517 1405 5568 Praedeeessorem
1434 5504 1684 5577 Cypriani
1713 5502 1982 5577 appellat,_
2001 5499 2140 5551 sicut

557 5571 883 5660 Augustinus
932 5586 1024 5639 lib.
1058 5601 1092 5637 Il
1140 5586 1207 5637 de
1253 5571 1528 5660 Baptisnio
1569 5585 1752 5660 tontra
1796 5571 2136 5650 Donatistas,

560 5643 765 5730 cupii.
811 5657 1014 5723 Quotus
1041 5663 1219 5708 autem
1260 5643 1345 5704 ab'
1365 5647 1658 5718 Agrippino
1697 5643 1992 5712 Cyprianus
2021 5653 2141 5693 suc-

636 5822 651 5853 ¹
695 5819 828 5874 Cod.
864 5814 1083 5877 Verum,
1116 5817 1308 5875 scrpta
1349 5807 1657 5862 Nestorium
1691 5805 1950 5858 dicuntur.

2195 3305 2304 3349 tum
2335 3301 2591 3346 numerus
2621 3284 2673 3338 in
2717 3293 2875 3334 unam
2919 3273 3236 3331 sententiam
3268 3266 3618 3330 conveniret;
3665 3279 3789 3319 cum

2193 3387 2408 3441 diverso
2438 3378 2598 3434 modo
2628 3381 2905 3429 moveatur
2950 3367 3161 3420 animus
3200 3360 3524 3421 auditorum,
3555 3365 3614 3410 et
3648 3357 3790 3426 quod

2196 3479 2357 3533 alium
2381 3469 2624 3534 offendit,
2660 3464 2881 3520 meliore
2903 3458 3181 3515 intellectu
3200 3455 3334 3509 alius
3355 3452 3473 3506 sine
3489 3448 3795 3503 offensione

2196 3567 2497 3638 suscipiat?
2549 3563 2746 3619 Verum
2798 3557 2843 3611 si
2896 3569 3001 3609 non
3055 3547 3509 3621 Eutychianorum
3564 3543 3796 3598 arbitrio

2198 3661 2482 3722 serviatur,
2511 3670 2608 3710 cur
2637 3650 2828 3720 aliquis
2859 3647 3003 3702 dicat
3029 3642 3168 3714 quod
3197 3641 3249 3695 in
3277 3639 3365 3693 illa
3389 3633 3599 3707 synodo
3627 3634 3797 3688 solius

2202 3749 2469 3806 'l'beodori
2496 3747 2669 3810 dicta,
2709 3750 2898 3795 etnon
2940 3735 3176 3790 omnium
3224 3729 3563 3799 antiquorum
3608 3723 3671 3780 in
3704 3724 3801 3778 Ec—

2201 3843 2365 3898 clesia
2394 3838 2504 3893 vita
2535 3832 2906 3892 excedentium
2926 3868 2941 3894 ,
2988 3825 3188 3881 revolvi
3227 3836 3288 3876 ac
3317 3818 3564 3874 ventilari
3591 3817 3800 3871 debue-

2205 3932 2346 3987 rint!
2377 3927 2510 3983 Nam
2539 3924 2586 3979 si
2616 3917 2890 3976 Theodori
2933 3924 3135 3969 tantum
3181 3909 3423 3981 quadam
3451 3906 3662 3975 scripta
3693 3904 3805 3958 cul-

2206 4031 2386 4094 paret,
2435 4016 2616 4073 omnia
2663 4012 2906 4068 omnium
2955 4006 3282 4076 approbasse
3323 4000 3633 4065 videretur,
3691 4011 3806 4052 cum

2207 4113 2407 4169 veritas
2423 4123 2526 4164 non
2543 4104 2723 4161 omnia
2743 4102 2933 4157 doceat
2952 4093 3312 4166 approbanda.
3339 4091 3407 4146 Et
3424 4092 3544 4160 quis
3561 4089 3811 4144 omnium

2209 4206 2290 4258 vel
2316 4202 2530 4257 nomina
2559 4196 2694 4252 sciat
2721 4193 2814 4264 qui
2843 4191 2912 4246 de
2939 4188 3241 4244 Christiana
3273 4183 3535 4251 religione
3572 4184 3812 4251 scripse-

2209 4295 2368 4352 runt?
2410 4293 2543 4347 Cum
2582 4303 2711 4360 ergo
2741 4284 2978 4340 omnium
3009 4280 3188 4335 omnia
3231 4277 3468 4351 synodus
3496 4275 3819 4330 examinare

2168 4388 2173 4394 ’
2212 4403 2319 4444 non
2350 4391 2561 4457 posset,
2595 4395 2699 4435 non
2733 4373 2968 4448 oportuit
2997 4381 3054 4426 ut
3097 4369 3364 4424 Theodori
3397 4366 3540 4421 dicta
3587 4365 3821 4420 damna-

2219 4489 2339 4538 ret:
2365 4477 2619 4549 quoniam
2651 4470 2860 4527 sufﬁcit
2883 4465 3041 4522 nobis
3071 4465 3121 4519 in
3149 4463 3251 4516 hoc
3272 4459 3521 4529 Apostoli
3549 4460 3821 4513 sententia

2144 4575 2193 4635 D
2220 4586 2322 4643 qua
2352 4571 2552 4625 dictum
2593 4571 2678 4619 est
2707 4578 2721 4615 :
2759 4558 2944 4614 Omnia
2979 4556 3220 4626 probate;
3263 4553 3399 4623 quod
3428 4550 3624 4603 bonum
3657 4560 3732 4603 est
3758 4559 3824 4601 te-

2223 4641 2335 4719 nete
2365 4660 2414 4732 (ι
2444 4659 2622 4713 Thess.
2647 4670 2701 4722 v,
2733 4650 2850 4723 2|).
2880 4648 3032 4715 Quod
3074 4647 3118 4701 si
3149 4660 3256 4699 non
3287 4641 3472 4697 fuisset
3501 4644 3622 4695 haec
3668 4641 3822 4700 ratio,

2226 4755 2342 4826 quis
2369 4731 2531 4822 judex
2575 4745 2854 4801 modestus
2890 4748 2945 4794 et
2993 4735 3255 4808 prudens,
3295 4734 3398 4787 nisi
3427 4733 3497 4786 de
3528 4731 3827 4801 propositi.

2228 4823 2406 4902 eau~is
2435 4851 2490 4896 et
2510 4836 2896 4909 quaestiunibus
2917 4829 3154 4902 judicet‘l
3180 4828 3250 4882 At
3269 4839 3389 4880 cum
3413 4823 3546 4877 nihil
3567 4824 3828 4892 episcopo

2234 4937 2341 4992 lbae
2372 4942 2712 4990 accusatores
2738 4926 3033 4997 objicerent
3059 4923 3126 4976 de
3167 4920 3319 4973 laude
3345 4917 3619 4973 Theodori
3647 4919 3700 4972 iu
3730 4917 3827 4971 Ec-

2235 5031 2412 5091 clesia:
2436 5025 2812 5083 communione
2853 5018 3115 5084 defuncti,
3153 5015 3391 5086 nunquid
3424 5013 3672 5082 Oportuit
3707 5027 3829 5068 san-

2235 5135 2375 5180 ctam
2402 5121 2687 5192 synodum,
2718 5130 2816 5187 pro
2859 5113 2962 5170 ﬁde
3003 5128 3066 5168 ac
3091 5127 3224 5184 pace
3263 5110 3528 5180 generalis
3568 5109 3832 5166 Ecclesia

2241 5347 2484 5409 cesserit,
2516 5358 2618 5398 non
2643 5341 2829 5412 liquet.
2856 5338 3036 5409 Longo
3056 5333 3346 5412 intervallo
3372 5332 3715 5412 successisse
3737 5334 3838 5401 Cy~

2246 5392 2605 5487 priunusﬁpse
2632 5392 2715 5487 esi
2755 5420 2935 5464 auctor
2971 5392 3211 5487 Epistola
3265 5405 3322 5456 ιδ
3367 5403 3431 5456 ad
3480 5392 3836 5457 Jubaianum.

2244 5475 2398 5544 Multi
2426 5475 2541 5558 jam
2568 5485 2690 5538 anni
2731 5489 2849 5558 sunt
2885 5488 2932 5533 et
2974 5475 3124 5558 longe
3151 5485 3276 5558 tetas
3301 5491 3376 5556 ea:
3402 5492 3503 5544 quo
3533 5476 3625 5526 sub
3659 5475 3845 5543 Agrip-

2245 5564 2364 5630 pino
2412 5543 2552 5611 ὅοηα
2599 5553 2856 5608 memor-ite
2901 5543 3246 5605 convenientes
3296 5547 3346 5599 in
3399 5563 3558 5599 unum
3607 5543 3846 5614 episcopi

2248 5631 2453 5702 plurimi
2478 5635 2570 5681 hoc
2598 5632 2902 5680 statuerunt.

2324 5788 2344 5820 ⁸
2383 5785 2524 5840 idem
2557 5783 2702 5850 cod.,
2735 5792 2806 5834 et.
