3998 6202
287 293 409 347 ῖῖτ

1148 292 1277 346 PRO
1320 287 1741 346 DEFENSIONE
1781 284 1997 341 TRiUM
2038 283 2350 341 CAPITUL.
2395 284 2521 340 LIB.
2566 283 2632 339 Χ.

3448 290 3552 346 778

283 417 676 477 congregatam,
703 419 894 459 novam
928 406 981 459 in
1012 405 1212 474 privata
1236 418 1397 458 causa
1438 403 1577 457 inter
1606 403 1870 470 litigantes
1898 400 1944 458 Α
1977 399 2175 453 viorem
2207 398 2470 452 inveniret
2506 411 2719 452 causam
2764 396 2905 451 illius
2948 404 3147 451 sanetae
3175 396 3362 469 synodi
3394 413 3551 467 quam

284 503 573 559 inmittere
602 500 951 567 qumstionem
973 541 986 563 ,
1019 505 1072 550 et
1115 497 1167 548 in
1197 511 1258 550 ea
1291 505 1501 563 tempus
1530 490 1873 562 expendere?

284 600 445 666 Quasi
476 613 581 651 non
608 593 883 649 sufficeret
906 600 1013 645 tam
1037 592 1185 662 gravi
1218 606 1281 646 ac
1318 591 1569 644 diuturna
1597 586 1875 641 collisione

282 695 334 747 in
360 688 522 744 tantis
544 702 639 742 eos
660 682 874 752 iudiciis
896 683 1154 752 litigasse,
1182 691 1239 737 ut
1264 681 1463 751 aliquid
1491 680 1639 750 pejus
1658 688 1711 733 et
1738 678 1875 746 ipsa,

284 785 365 837 vei
397 788 768 836 accusatorum
804 776 1148 845 pertinaciae,
1188 774 1270 828 νει
1316 772 1600 828 calamitati
1642 769 1878 839 episcopi

286 875 373 943 qui
407 870 783 935 accusabatur,
815 867 1113 936 adjiceret:
1149 865 1445 934 praesertim
1487 878 1607 917 cum
1654 862 1745 916 ille
1785 861 1877 915 de-

286 965 523 1032 ploraret
550 960 616 1014 de
648 959 845 1028 pietate
873 966 1072 1011 sanctae
1100 956 1293 1027 synodi
1322 955 1580 1009 auxilium
1611 964 1873 1022 quaerens,

286 1055 431 1124 quod
458 1053 569 1122 jam
591 1052 661 1105 20
685 1060 739 1105 et
761 1050 991 1119 amplius
1022 1062 1268 1104 carceres
1291 1055 1574 1111 mutasset,
1597 1054 1652 1101 et
1676 1045 1740 1100 ad
1762 1059 1878 1115 eam

288 1146 352 1201 tle
379 1146 448 1198 40
490 1142 853 1198 mansionibus
901 1142 1227 1196 advenisset.
1274 1140 1407 1206 Quis
1447 1140 1552 1193 hoc
1603 1136 1877 1192 hominum

289 1250 487 1306 preter
516 1237 882 1307 Eutychianos
902 1235 1067 1300 dicat,
1095 1249 1230 1303 quos
1258 1233 1394 1287 ratio
1420 1230 1577 1287 simul
1608 1230 1883 1299 pietasque

287 1332 561 1393 deseruit,
588 1339 642 1383 et
673 1328 727 1382 in
756 1328 952 1397 quibus
981 1341 1176 1383 nomen
1206 1326 1382 1380 solum
1413 1324 1669 1379 remansit
1698 1322 1884 1376 Imma-

290 1422 459 1475 num?
493 1419 794 1474 Meminerit
844 1429 1023 1473 autem
1069 1418 1236 1471 lector
1264 1415 1404 1484 quod
1438 1414 1552 1469 hazc
1600 1414 1651 1468 in
1694 1412 1885 1468 defen-

292 1513 504 1568 sionem
549 1525 759 1579 magnae
799 1510 1028 1581 synodi,
1063 1509 1206 1564 nulla
1250 1510 1570 1564 necessitate
1599 1506 1883 1574 compulsi,

293 1604 362 1658 ad
388 1603 804 1659 conculcandam
836 1610 890 1655 et
920 1601 1132 1670 penitus
1156 1599 1538 1656 conterendam
1575 1600 1885 1654 vecordium

295 1696 757 1766 Eutychianorum
807 1694 1111 1763 superbiam
1167 1693 1479 1747 dixerimus.
1528 1691 1704 1747 Libuit
1745 1692 1885 1745 enim

1975 489 2251 544 beatorum
2294 489 2475 561 Cyrilli
2507 499 2561 543 et
2596 489 2791 543 Procli.
2818 487 2948 542 Nam
2980 488 3063 543 vel
3084 488 3162 556 si,
3190 497 3251 542 ut
3275 488 3554 554 dedimus,

1975 592 2313 637 accusaretur
2344 581 2482 650 apud
2532 581 2676 635 illam
2717 580 3068 648 Theodorus,
3122 579 3289 636 levius
3330 591 3474 637 esset
3502 591 3560 637 ut

1975 675 2277 729 absolveret
2318 674 2460 728 Ibim
2492 673 2833 743 episcopum,
2866 673 2958 742 qui
3001 688 3122 728 eum
3165 671 3390 728 necdum
3420 673 3559 742 apud

1978 782 2037 820 se
2057 766 2301 835 deposita
2324 764 2661 819 accusatione
2683 763 2974 829 laudasset,
2992 778 3151 834 quam
3175 763 3315 834 quod
3338 755 3522 819 beatus
3540 763 3561 794 ³

1979 857 2208 930 Cyrillus
2236 865 2292 913 et
2316 857 2535 912 Proclus
2562 858 2835 923 fecerunt,
2868 858 2955 927 qui
2985 856 3285 911 Orientales
3316 872 3341 907 a
3374 854 3563 925 quibus

1980 949 2122 1004 idem
2150 948 2464 1004 Theodorus
2497 957 2618 1017 post
2643 949 3035 1004 accusationem
3062 947 3315 1003 laudatus
3344 955 3450 1010 est,
3476 947 3565 1015 ju-

1981 1039 2295 1094 dicaverunt
2344 1039 2696 1094 orthodoxos.
2747 1039 2848 1095 Ubi
2896 1051 3076 1095 autem
3126 1038 3340 1108 probari
3393 1046 3567 1107 pmest

1984 1131 2287 1202 quisquam,
2321 1132 2528 1186 etiamsi
2559 1147 2685 1187 vere
2712 1131 2870 1187 fuerit
2911 1132 3219 1201 haeretitus,
3263 1131 3331 1185 ab
3357 1131 3569 1185 univer-

1986 1228 2084 1282 sali
2130 1229 2338 1298 synodo
2391 1243 2498 1283 non
2540 1227 2561 1259 "
2606 1228 2808 1298 prolata
2862 1228 3205 1283 accusatione
3249 1226 3568 1285 damnatus!

1985 1320 2116 1374 Nam
2143 1321 2328 1376 Patres
2371 1322 2541 1375 nostri
2571 1331 2792 1375 cunctos
2835 1335 2970 1390 quos
2999 1324 3322 1391 expulerunt
3367 1324 3574 1380 barreti-

1984 1426 2108 1479 eos,
2164 1412 2309 1481 prius
2355 1413 2751 1467 admonuerunt
2809 1428 3001 1482 sapere
3052 1415 3307 1483 meliora;
3375 1415 3573 1472 deinde

1989 1504 2521 1571 condemnationem,
2568 1505 2612 1559 si
2660 1520 2765 1559 non
2808 1505 3218 1574 resipiscerent,
3266 1509 3574 1565 comminati

1989 1605 2134 1662 sunt,
2168 1596 2356 1653 dantes
2380 1596 2457 1653 eis
2478 1596 2639 1652 etiam
2663 1597 2924 1651 tractandi
2950 1612 3128 1653 secnm
3156 1599 3417 1664 inducias,
3442 1600 3577 1659 sicut

1993 1688 2351 1742 necessarium
2384 1686 2681 1742 videbatur.
2714 1687 2829 1740 Non
2860 1686 2976 1741 hzec
3016 1687 3215 1757 absque
3259 1689 3578 1745 documento

295 1789 456 1841 nobis
498 1788 719 1843 illudere
745 1788 885 1855 illis,
916 1796 973 1844 et
1013 1774 1082 1842 ita
1113 1802 1327 1842 causam
1369 1787 1726 1851 constituere,
1769 1794 1886 1839 tan-
1922 1762 1965 1821 Β
1988 1776 2276 1847 iactamus.
2307 1779 2642 1832 Auestanlur
2670 1777 2824 1832 nobis
2850 1779 3094 1848 exempla
3126 1779 3409 1850 majorum,
3442 1797 3579 1849 quo-

294 1893 457 1947 quam
507 1878 826 1934 Theodorus
894 1879 1070 1948 aliqua
1138 1878 1423 1947 culpabilia
1483 1877 1724 1933 scribens
1778 1886 1917 1937 non

294 1970 700 2035 emendaverit,
734 1980 785 2024 et
815 1985 920 2024 non
963 1968 1419 2039 solumprmdicta
1450 1966 1685 2039 synodus
1727 1966 1888 2022 Chal-

295 2064 626 2119 cedonensis
673 2079 733 2118 ea
783 2066 1124 2133 cognoverit,
1173 2077 1273 2117 nec
1308 2061 1500 2117 melius
1546 2059 1887 2128 interpretari

300 2159 535 2226 potuerit
560 2201 573 2217 ,
604 2170 786 2209 verum
834 2156 995 2209 ctiam
1025 2154 1352 2210 venerabilis
1386 2154 1502 2208 lbas
1548 2151 1662 2206 bmc
1703 2150 1888 2206 eadem

299 2266 410 2301 non
439 2248 689 2318 ignorans
718 2248 835 2316 ejus
874 2248 1173 2302 doctrinam
1200 2247 1492 2301 laudaverit
1517 2264 1530 2300 :
1561 2259 1786 2314 quorum
1812 2242 1893 2295 ui-

301 2340 379 2393 hil
408 2341 687 2409 probatum
718 2348 828 2402 est,
859 2340 953 2393 sed
985 2353 1081 2392 nos
1110 2338 1224 2393 lucc
1256 2338 1391 2391 ultro
1418 2336 1805 2397 concessimus,
1833 2342 1893 2386 ut

301 2447 403 2499 per
432 2431 534 2485 hoc
564 2431 792 2500 amplius
827 2441 1112 2499 appareret
1141 2446 1298 2500 quam
1342 2432 1503 2484 stu'te
1534 2428 1692 2481 iidem
1725 2425 1893 2496 Euty-

302 2524 483 2577 cliiani
519 2524 584 2577 de
614 2525 877 2578 sententia
907 2523 1096 2593 synodi
1127 2538 1289 2593 super
1310 2520 1533 2591 epistola
1562 2520 1664 2575 lbm
1692 2518 1894 2589 prolata

302 2621 621 2678 querantur,
649 2612 897 2679 quoniam
937 2612 951 2642 ¹
1000 2626 1067 2667 ne
1108 2610 1191 2666 his
1218 2611 1432 2680 quidem
1475 2610 1724 2665 omnibus
1766 2620 1897 2662 con-

301 2704 475 2758 cessis
505 2701 946 2770 reprehensibilis
968 2703 1306 2771 probaretur.

931 2879 1153 2937 CAPUT
1194 2880 1283 2936 IV.

308 3013 466 3081 Quod
523 3012 846 3068 Theodorum
901 3014 1148 3084 synodus,
1193 3013 1236 3067 si
1281 3014 1419 3084 apud
1473 3026 1587 3067 eam
1633 3024 1899 3069 accusatus

384 3085 581 3153 fuisset,
614 3085 858 3155 damnare
886 3083 997 3152 past
1024 3093 1235 3138 mortem
1280 3084 1334 3137 in
1374 3083 1618 3141 Ecclesiae
1654 3099 1779 3155 pace
1805 3085 1894 3139 de-

382 3156 612 3223 functum
637 3172 736 3209 non
767 3154 1012 3209 debuerit.
1224 3184 1227 3187 »

382 3312 595 3383 Aliquid
630 3322 804 3367 tamen
831 3322 885 3367 et
916 3311 1030 3366 istis
1062 3311 1372 3382 atljicimus,
1418 3321 1477 3368 ut
1502 3314 1642 3383 quod
1685 3312 1896 3383 penitus

310 3404 510 3457 factum
544 3419 649 3457 non
690 3412 803 3467 est,
835 3404 920 3456 vel
948 3402 1287 3457 Theodorum
1308 3448 1322 3474 ,
1358 3404 1443 3459 vel
1474 3404 1646 3473 ipsum
1674 3419 1899 3460 venera-

308 3494 475 3545 bilem
514 3491 654 3545 lbam
674 3535 689 3559 ,
721 3492 787 3547 de
816 3492 1088 3547 Theodori
1116 3492 1271 3547 laude
1302 3508 1562 3564 ponamus
1600 3495 1653 3549 in
1693 3494 1897 3567 synodo

309 3596 639 3637 accusatum.
672 3584 727 3639 Si
759 3599 886 3653 ergo
916 3595 1131 3655 propter
1162 3586 1262 3640 hoc
1291 3586 1544 3641 haeretica
1568 3586 1792 3641 dicenda
1814 3595 1899 3641 est

311 3675 409 3727 illa
444 3674 714 3745 synodus,
761 3675 901 3743 quod
933 3675 1053 3744 ejus
1094 3676 1371 3745 epistolam
1402 3676 1739 3731 Theodorum
1786 3676 1898 3729 lau-

309 3764 529 3819 dantem
561 3765 929 3833 pronuntiavit
968 3767 1354 3830 orthodoxam,
1399 3768 1585 3821 beatus
1609 3768 1628 3796 ²
1667 3765 1900 3837 Cyrillus

308 3867 369 3910 et
397 3856 636 3921 Proclus,
668 3872 804 3926 quos
828 3856 1091 3912 honorae
1116 3876 1174 3913 se
1207 3859 1428 3929 lingunt,
1460 3860 1525 3914 ab
1550 3860 1768 3915 haeresis
1790 3861 1897 3916 cri-

310 3950 461 4003 mine
489 3950 861 4011 defendentur,
892 3952 980 4019 qui
1010 3952 1308 4006 Orientales
1331 3963 1637 4007 accusatum
1670 3937 1811 4022 apud
1839 3969 1900 4008 se

310 4039 657 4093 Theodorum
679 4039 1050 4106 defendentes,
1083 4051 1137 4096 et
1166 4044 1331 4097 multo
1356 4044 1583 4112 amplius
1609 4043 1898 4111 praidican-

313 4143 421 4197 tes,
452 4147 554 4186 non
587 4142 643 4187 ut
674 4132 956 4189 haereticos
985 4135 1394 4203 damnaverunt,
1425 4135 1516 4190 sed
1545 4137 1718 4205 potius
1746 4151 1899 4189 com-

312 4224 641 4279 municando
666 4227 746 4281 eis
778 4227 1129 4281 firmaverunt
1167 4227 1529 4283 orthodoxos?
1558 4236 1614 4282 ut
1636 4226 1895 4289 omittam,

310 4316 457 4382 quod
490 4317 652 4369 etiam
685 4318 952 4386 ipsorum,
990 4318 1039 4373 id
1072 4332 1151 4374 est
1180 4321 1359 4390 Cyrilli
1391 4332 1444 4375 et
1474 4321 1679 4385 Procli,
1709 4321 1899 4376 adver-

312 4419 408 4458 sus
454 4407 696 4461 eamdem
744 4408 1010 4463 Theodori
1055 4408 1448 4465 accusationem
1491 4411 1770 4466 sententia:
1825 4420 1900 4464 te-

1991 1883 2105 1921 rttm
2138 1867 2305 1922 forma
2334 1866 2357 1901 ⁸
2386 1866 2574 1922 beatus
2598 1865 2831 1938 Cyrillus
2860 1876 2915 1923 et
2951 1868 3256 1924 Nestorium
3289 1871 3434 1940 prius
3462 1887 3580 1927 cor-

1997 1969 2231 2025 rectum,
2267 1975 2372 2014 non
2418 1959 2538 2029 quia
2572 1960 2753 2029 lapsus
2784 1970 2931 2025 erat,
2973 1962 3067 2017 sed
3093 1964 3216 2033 quia
3248 1965 3421 2019 noluit
3451 1964 3581 2020 resi-

1998 2051 2225 2120 piscere,
2256 2051 2662 2117 condemnavit;
2694 2062 2748 2108 et
2775 2052 3115 2109 Theodorum
3136 2097 3148 2118 ,
3181 2054 3272 2124 qui
3302 2067 3581 2113 accusatus

1993 2151 2116 2195 ante
2144 2140 2318 2195 fuerat
2351 2143 2390 2207 ⁸,
2419 2142 2761 2199 condemnari
2793 2144 3085 2213 prohibuit.
3128 2147 3296 2211 Quam
3342 2149 3582 2204 sanitatis

1999 2241 2053 2286 et
2094 2233 2371 2288 modestim
2413 2234 2649 2302 regulam
2693 2234 2906 2303 quidam
2956 2234 3097 2289 male
3141 2239 3484 2305 transgressi,
3514 2252 3585 2292 ne

1996 2324 2081 2378 vel
2131 2338 2255 2380 sero
2301 2334 2657 2379 conuteantur
2704 2339 2977 2388 errorem,
3027 2324 3211 2381 dicunt
3255 2329 3481 2397 probare
3527 2343 3586 2383 se

2002 2430 2159 2483 posse
2207 2415 2392 2471 nescio
2446 2430 2581 2485 quos
2640 2415 2923 2471 haereticos
2980 2428 3098 2486 post
3148 2426 3373 2475 mortem
3424 2417 3587 2473 fuisse

1997 2508 2324 2561 damnatos:
2358 2508 2508 2576 quasi
2561 2522 2687 2561 vero
2736 2522 2830 2578 per
2876 2508 2981 2562 hoc
3027 2509 3256 2576 probent
3302 2511 3441 2580 quod
3480 2526 3586 2566 non

1998 2598 2158 2653 etiam
2188 2596 2429 2652 viventes
2460 2597 2695 2651 damnati
2741 2599 2881 2664 sint,
2916 2599 3003 2653 vel
3048 2601 3091 2653 si
3124 2612 3359 2656 nOStram
3386 2616 3587 2657 memo«

1998 2691 2130 2744 riam
2165 2704 2227 2745 ac
2258 2689 2498 2744 nmitiatn
2531 2689 2680 2759 fugit.
2716 2690 2828 2743 Non
2858 2689 2999 2744 enim
3022 2690 3306 2761 quisquam
3331 2693 3473 2747 scire
3497 2701 3587 2749 aut

2000 2781 2275 2837 reminisci
2316 2782 2493 2836 omnia
2527 2790 2722 2847 potest,
2754 2781 2877 2851 quia
2910 2797 3008 2837 nec
3036 2783 3211 2837 omnia
3246 2798 3365 2854 quae
3391 2786 3588 2855 scripto

2001 2873 2248 2927 mandata
2300 2882 2424 2927 sunt
2474 2872 2733 2928 hactenus
2776 2882 3142 2941 perseverant.
3178 2873 3246 2929 Ut
3282 2884 3458 2930 autem
3490 2874 3589 2929 hoc

2001 2965 2244 3019 omittam
2266 3004 2280 3029 ,
2328 2962 2458 3017 illud
2489 2972 2635 3018 certe
2662 2977 2859 3031 negare
2904 2979 3008 3018 non
3052 2974 3306 3033 possunt,
3338 2966 3588 3034 quoniam

2003 3054 2148 3125 prius
2178 3056 2409 3122 correpti
2438 3062 2598 3121 sunt,
2646 3062 2699 3107 et
2743 3053 2796 3106 in
2843 3052 3103 3121 judicium
3149 3054 3399 3123 adducti,
3427 3064 3588 3125 atque

1918 3133 1963 3193 C
1997 3146 2225 3201 convicti
2252 3162 2267 3211 ;
2300 3154 2353 3201 et
2382 3144 2428 3199 si
2456 3155 2513 3199 ut
2543 3143 2921 3212 resipiscerent
2951 3158 3056 3198 non
3081 3144 3189 3198 cito
3216 3145 3427 3214 spoliati
3458 3155 3584 3200 sunt

1999 3236 2294 3293 honoribus
2324 3234 2513 3305 quibus
2542 3235 2595 3289 in
2624 3234 2859 3291 Ecclesia
2887 3233 3263 3304 fungebantur,
3294 3251 3325 3291 a
3351 3237 3581 3291 fraterna

2001 3338 2182 3383 tamen
2225 3326 2606 3382 communione
2655 3325 2847 3381 remoti
2891 3335 3032 3381 sunt.
3085 3325 3221 3394 Quid
3250 3326 3441 3382 horum
3480 3327 3588 3395 jam

1999 3425 2351 3488 praecesserat
2396 3418 2451 3471 in
2494 3416 2819 3483 Theodoro,
2868 3427 2925 3471 ut
2973 3432 3095 3472 eum
3142 3418 3380 3487 synodus
3426 3420 3588 3473 etiam

1998 3512 2137 3580 apud
2166 3526 2224 3565 se
2265 3519 2572 3565 accusatum
2601 3510 2972 3578 adjudicaret?
2999 3510 3053 3566 Si
3079 3511 3202 3581 quis
3229 3520 3405 3567 autem
3436 3510 3588 3565 affir-

2001 3612 2111 3655 mat
2155 3603 2362 3672 aliquos
2409 3612 2532 3658 ante
2579 3603 2970 3658 correctionem
3020 3604 3089 3658 ab
3131 3604 3368 3659 Ecclesia
3418 3603 3586 3659 fuisse

2001 3694 2313 3760 damnatos,
2356 3710 2461 3749 non
2502 3704 2608 3749 tam
2653 3696 2796 3762 ipsos
2825 3711 2984 3764 quam
3016 3696 3467 3752 condemnatores
3494 3710 3589 3751 eo-

2002 3800 2117 3839 rum
2162 3787 2347 3843 Patres
2388 3796 2601 3842 nostros
2627 3789 2925 3842 contrarios
2954 3788 3211 3856 Apostolo
3239 3799 3465 3844 conatur
3493 3803 3584 3857 op-

2003 3891 2204 3945 ponere
2225 3917 2241 3940 ,
2271 3878 2358 3945 qui
2404 3894 2509 3933 non
2539 3877 2638 3932 nisi
2675 3886 2793 3945 post
2823 3892 2981 3931 unam
3013 3886 3066 3932 et
3090 3881 3378 3935 secundam
3406 3892 3589 3935 corre-

2005 3966 2239 4035 ptionem
2267 3968 2422 4022 vitari
2446 3968 2600 4036 jubet
2639 3968 2946 4023 lizrreticum
2973 3968 3100 4039 (Tit.
3134 3985 3223 4035 ut,
3251 3968 3361 4038 10).
3393 3970 3587 4025 Verum

2005 4058 2158 4126 longe
2189 4057 2326 4112 absit
2348 4073 2377 4111 a
2402 4058 2555 4113 nobis
2581 4058 2600 4088 ⁷
2628 4058 2770 4127 quod
2795 4057 3061 4113 catholica
3089 4068 3142 4113 et
3168 4056 3462 4127 apostolica
3492 4059 3589 4115 Ec-

2002 4150 2167 4205 clesia
2198 4151 2457 4219 Apostolo
2509 4148 2666 4204 fuerit
2692 4148 2979 4219 aliquando
3025 4148 3291 4203 contraria
3318 4151 3332 4202 ι
3362 4148 3420 4205 Si
3459 4150 3588 4218 quid

2004 4257 2131 4311 ergo
2173 4242 2311 4311 apud
2363 4256 2456 4295 eos
2504 4241 2645 4296 valet
2693 4240 2968 4295 modestiae
3012 4251 3068 4295 et
3104 4240 3305 4295 ordinis
3352 4240 3468 4308 ejus
3495 4256 3589 4295 au-

2003 4333 2254 4399 ctoritas,
2307 4348 2463 4402 quem
2494 4332 2783 4387 salubriter
2827 4331 2894 4386 ab
2938 4332 3194 4400 Apostolo
3239 4332 3587 4388 constitutum

2006 4427 2057 4478 in
2090 4426 2357 4482 hmreticis
2387 4427 2687 4492 evitandis,
2736 4427 2786 4481 id
2816 4436 2900 4483 est
2941 4427 3323 4494 excludendis,
3373 4444 3587 4498 semper

313 4505 566 4593 ’ξθῖιίλῑιξεν
617 4498 756 4593 (ξυοά
790 4515 887 4593 ηξο
910 4499 1082 4593 Δίρξθν
1135 4514 1231 4593 ξιθο
1268 4500 1381 4569 eius
1412 4500 1551 4554 diem
1596 4500 1898 4593 damllainda
1929 4504 1977 4562 Ι)
2008 4518 2202 4581 tenuit,
2230 4519 2476 4573 desinant
2502 4534 2625 4573 cum
2654 4521 2766 4573 suis
2796 4520 3225 4575 contentionibus
3252 4523 3587 4593 impugnare.

310 4586 438 4641 sint.
474 4588 735 4653 Quocirca
767 4592 847 4646 vel
877 4591 921 4645 si
960 4590 1313 4660 Theodorus,
1350 4592 1431 4647 vel
1462 4594 1744 4662 episcopus
1783 4592 1901 4646 Ilias

310 4691 661 4735 accusaretur
691 4682 742 4735 in
772 4683 978 4753 synodo
1004 4698 1102 4752 pro
1138 4682 1294 4737 laude
1323 4683 1611 4750 Theodori,
1644 4698 1748 4737 non
1779 4700 1901 4752 pos—

310 4779 396 4823 set
438 4771 505 4825 ab
543 4771 890 4842 Eutychiauis
932 4774 1117 4829 eadem
1170 4774 1405 4843 synodus
1445 4775 1715 4840 accusari,
1759 4776 1902 4845 quod

312 4862 460 4916 illam
490 4863 771 4932 epistolam
802 4867 1165 4933 pronuntiavit
1196 4868 1574 4933 orthodoxam,
1608 4869 1707 4923 nisi
1740 4870 1898 4923 etiam

313 4952 546 5022 Cyrillus
580 4963 632 5008 et
662 4954 883 5011 Proclus
909 4968 1305 5030 consequenter
1329 4970 1727 5024 accusarentur,
1755 4960 1896 5030 quod

312 5041 669 5112 iudicaverint
710 5046 1009 5103 Orientales
1052 5052 1415 5115 ortliodoxos,
1463 5051 1551 5119 qui
1593 5060 1898 5106 accusatum

314 5135 455 5204 apud
504 5151 565 5192 se
613 5136 956 5197 Theodorum
1006 5141 1354 5199 defendentes
1398 5143 1559 5197 etiam
1613 5145 1899 5213 praecipuis

316 5224 563 5281 laudibus
597 5229 917 5285 extulerant.
956 5231 1011 5286 Si
1054 5234 1174 5301 quis
1212 5244 1389 5288 autem
1420 5234 1592 5287 adhuc
1623 5235 1782 5302 paulo
1819 5243 1920 5294 at-.

319 5321 517 5377 lentius
558 5325 722 5391 partis
761 5325 1041 5396 utriusque
1084 5339 1349 5383 momenta
1390 5329 1774 5399 perpcn-lcrct,
1822 5329 1897 5382 le-

393 5527 407 5598 ἐ
450 5525 583 5598 Cod.
620 5527 838 5594 Veron,
863 5531 1069 5598 quando
1090 5549 1149 5585 ne
1179 5531 1275 5585 his.

389 5597 410 5627 ²
455 5595 597 5651 Idem
620 5598 766 5664 cod.,
794 5595 949 5654 beati.

390 5665 409 5749 ξ
450 5666 590 5749 idem
617 5669 761 5749 cod.,
792 5671 944 5749 beati.

450 5739 506 5791 lu
532 5738 721 5793 eo‘dcm
753 5742 872 5795 cod.
901 5742 1051 5797 deest
1080 5760 1200 5798 non.

599 5854 868 5915 ΡΑτιιοι..
918 5857 1161 5920 LXVII.

2005 4608 2119 4661 Non
2147 4609 2290 4663 enim
2332 4620 2572 4663 sanctam
2603 4610 2887 4680 synodum,
2919 4626 3038 4680 quae
3083 4610 3213 4666 nihil
3240 4620 3425 4666 cantra
3455 4628 3588 4668 con-

2004 4696 2336 4751 suetudinem
2365 4698 2614 4752 Ecclesiro
2638 4698 2859 4765 faceret,
2896 4701 3429 4755 etiamsiaccusatum
3450 4703 3591 4771 apud

2006 4801 2065 4840 se
2095 4787 2433 4842 Theodorum
2468 4804 2570 4842 non
2596 4789 2905 4853 damnaret;
2936 4792 3028 4846 sed
3069 4793 3244 4860 potius
3269 4792 3590 4857 universam,

2004 4876 2155 4944 cujus
2186 4876 2410 4931 formam
2448 4889 2787 4948 sequeretur,
2832 4882 3145 4950 impugnant
3176 4882 3490 4936 Ecclesiam.
3524 4885 3592 4935 At

2007 4968 2093 5024 isti
2112 4981 2574 5038 argumentantur,
2596 4981 2648 5028 et
2670 4973 2852 5029 dicunt
2876 4976 2923 5027 in
2945 4975 3043 5028 hoc
3057 4974 3395 5029 Theodorum
3411 4976 3478 5028 ab
3503 4975 3591 5029 Ec-

2005 5061 2167 5115 clesia
2198 5060 2362 5118 fuisse
2383 5064 2689 5132 depulsum,
2715 5066 2966 5132 quoniam
2996 5064 3165 5118 sancti
3194 5063 3376 5119 Patres
3402 5065 3451 5118 in
3478 5068 3591 5121 Suis

2008 5152 2157 5205 libris
2180 5168 2314 5222 quos
2342 5154 2586 5222 privatim
2619 5156 2974 5224 scripserunt,
3005 5154 3352 5220 culpaverunt
3377 5170 3470 5210 eos
3499 5157 3590 5225 qui

2010 5244 2129 5298 talia
2154 5256 2405 5315 saperent
2426 5247 2600 5316 qualia
2621 5246 2862 5314 sapuisse
2878 5246 3069 5299 dicitur
3093 5244 3230 5300 idem
3253 5245 3590 5303 Theodorus.

2010 5334 2267 5405 Equidem
2292 5338 2536 5405 superius
2555 5336 2687 5404 jam,
2715 5350 2819 5389 non
2848 5336 3018 5390 solum
3043 5336 3349 5394 testimoiiio
3368 5354 3595 5411 magno-

2040 5529 2098 5651 _u‘
2143 5529 2284 5583 idem
2327 5530 2472 5593 cod.,
2507 5546 2719 5594 quantm
2757 5530 2922 5598 forma
2958 5532 3240 5588 custodiens
3287 5534 3457 5590 beatus
3486 5531 3594 5603 Cy—

2040 5618 2048 5650 l
2097 5616 2178 5651 us.
2203 5609 2305 5651 etc.

2007 5609 2178 5663 rillus,
2203 5609 2305 5653 ctc.

2079 5669 2099 5697 “
2140 5669 2282 5738 idem
2310 5669 2427 5722 cod.
2447 5710 2461 5731 ,
2492 5685 2593 5723 non
2616 5670 2802 5738 (iterat.

2076 5739 2094 5769 "
2137 5737 2276 5792 Idem
2310 5740 2452 5807 cod.,
2482 5758 2511 5793 α
2540 5737 2679 5794 uobis
2706 5751 2756 5815 ut
2781 5744 3044 5797 credamus
3076 5744 3230 5812 quod.

3076 5876 3153 5936 25
