3998 6194
458 309 558 365 779

1545 302 1839 360 FACUNDI
1882 298 2096 358 EPISC.
2140 299 2655 359 HERMIANENSIS

3643 308 3751 362 730

456 436 573 478 rum
596 421 853 485 virorum,
878 420 972 477 sed
993 420 1153 476 etiam
1167 419 1431 476 dictorum
1448 419 1563 491 ejus
1587 421 1885 491 prolatione
1901 436 2044 475 mon-
2082 417 2130 479 Α
2157 418 2306 489 cujus
2337 433 2532 475 nomen
2563 418 2745 473 titulus
2773 418 3010 489 praefert,
3040 419 3173 476 nihil
3210 421 3260 476 ei
3306 422 3376 478 de
3418 422 3520 479 hac
3570 437 3758 481 nostra

456 528 677 573 stratum
696 525 777 573 est
795 513 1062 585 quomodo
1090 516 1357 585 sapuerit;
1389 521 1565 568 tamen
1588 515 1839 584 quoniam
1873 514 2048 582 aliqua

457 626 519 664 ex
549 608 845 663 innumeris
860 606 975 677 ejus
991 605 1159 673 libris,
1180 606 1321 660 velut
1338 606 1421 660 liis
1442 620 1563 676 quae
1585 605 1903 674 protulimus
1921 614 2050 661 cun-

458 700 638 764 traria,
665 697 995 753 calumniose
1022 696 1336 764 decerpunt,
1362 705 1415 751 et
1446 710 1541 765 pro
1573 695 1679 751 illis
1709 708 1833 751 eum
1865 694 2050 749 existi-

458 800 736 846 mant‘esse
753 787 1132 855 damnandum,
1152 786 1482 843 affirmantes
1502 787 1645 857 quod
1666 786 1856 842 Patres
1882 785 2051 840 nostri

458 881 509 935 in
532 882 640 937 suis
655 880 807 935 libris
823 889 946 933 ante
960 869 1278 934 notaverunt
1298 884 1545 948 quosque
1563 878 1693 932 talia
1714 879 2005 933 sentientes
2035 893 2049 930 :

456 973 656 1031 idcirco
691 972 925 1042 ipsorum
968 972 1181 1026 Patrum
1206 972 1405 1027 similia
1448 971 1532 1027 bis
1560 986 1680 1043 quae
1709 972 1928 1041 culpant
1967 987 2055 1026 se-

455 1066 636 1137 quenti
656 1065 924 1120 viiiuinine
950 1064 1291 1135 proferimus,
1314 1072 1371 1118 ut
1389 1079 1517 1119 suas
1541 1064 1839 1119 calumnias
1862 1063 2054 1119 adver-

408 1186 415 1193 κ
456 1173 548 1213 sus
573 1172 818 1226 magnum
848 1156 1132 1211 concilium
1160 1157 1490 1226 excogitatas
1519 1155 1757 1227 undique
1800 1158 2049 1225 repulsas

456 1248 736 1318 aspiciant.
768 1247 873 1303 Sed
904 1246 990 1302 his
1013 1260 1221 1317 quoque
1251 1236 1473 1302 sublatis
1512 1248 1593 1303 vel
1623 1248 1893 1318 paululum
1917 1248 2053 1302 dila-

457 1340 547 1401 tis.
582 1339 651 1404 si,
681 1338 1128 1408 quemadmodum
1152 1337 1483 1409 dicunt,jam
1512 1344 1638 1393 tunc
1658 1339 1914 1409 expulsus
1935 1349 2052 1395 erat

455 1426 792 1492 Theodorus,
816 1431 978 1483 etiam
1006 1428 1469 1499 beatusCyrillus,
1490 1443 1588 1485 nec
1609 1440 1716 1483 non
1736 1428 1969 1484 Joannes
1998 1439 2051 1484 et

456 1520 692 1575 Domum
717 1520 1034 1575 Anzioelieni
1061 1530 1219 1590 atque
1236 1520 1326 1575 alii
1345 1520 1633 1576 orientales
1663 1521 1901 1590 episcopi
1927 1534 2049 1574 cum

456 1616 523 1666 eo
540 1611 695 1665 simul
717 1600 1095 1679 expuisi'sunt,
1121 1626 1241 1666 eum
1264 1611 1542 1679 expulsum
1565 1610 1929 1666 condemnare
1944 1624 2049 1664 non

454 1704 719 1770 sinerent;
739 1705 1070 1761 mendaciter
1089 1720 1302 1775 quoque
1319 1704 1644 1770 Nestorium,
1660 1707 1743 1759 vel
1762 1704 1901 1760 idem
1922 1705 2048 1759 bea-

2152 508 2467 563 credulitate
2514 508 2956 577 prtejudicantes;
2986 509 3089 564 alia
3120 526 3276 576 vero,
3309 526 3435 567 cum
3474 515 3761 571 damnatio

2151 598 2270 666 ejus
2298 600 2388 669 qui
2419 599 2658 654 creditur
2696 608 2888 654 auctor
2933 600 2987 654 in
3031 600 3235 668 judicio
3278 601 3566 673 ﬂagitator.
3601 605 3761 663 Unde

2156 689 2239 743 vel
2268 690 2313 743 si
2341 690 2547 758 juraret
2576 691 2679 746 iste
2704 699 2986 745 accusator
3010 691 3277 748 Theodori
3307 708 3427 750 esse
3452 696 3638 751 omnia
3669 699 3759 754 illa

2153 782 2407 849 capitula,
2434 796 2536 836 nec
2567 781 2637 835 ita
2675 782 2914 852 synodus
2941 782 3008 838 ad
3035 783 3504 842 condemnandum
3554 790 3607 843 in
3654 790 3762 845 Ec-

2154 872 2336 927 clesia:
2364 887 2499 942 pace
2525 871 2836 928 defunctum
2877 873 3186 943 juramento
3231 875 3348 946 ejus
3392 878 3614 934 deberet
3662 883 3760 935 ad-

2154 963 2297 1018 duci.
2320 964 2464 1030 Quid
2505 965 2663 1034 igitur
2690 965 2780 1020 ille
2807 976 3090 1021 accusator
3114 968 3346 1036 amplius
3376 982 3538 1040 agere
3570 982 3759 1041 posset

2154 1070 2315 1126 quam
2346 1066 2516 1112 testes
2540 1058 2708 1113 citare
2744 1058 2919 1114 meriti
2947 1066 3002 1114 et
3026 1060 3230 1115 numeri
3258 1069 3633 1130 competentis,
3660 1065 3758 1134 qui

2150 1147 2315 1217 jurati
2346 1149 2448 1204 hoc
2479 1149 2655 1219 ipsum
2687 1151 2966 1207 testiﬁcari
2993 1153 3223 1211 vellent?
3250 1154 3418 1209 Porro
3442 1172 3618 1227 neque
3650 1158 3758 1213 hoc

2153 1245 2295 1312 quod
2337 1244 2570 1313 amplius
2591 1244 2612 1275 ⁸
2640 1245 2725 1315 agi
2771 1253 2952 1313 posset
2979 1246 3095 1315 ejus
3122 1246 3553 1304 condemnationi
3605 1251 3761 1304 sufﬁ-

2150 1342 2319 1389 ceret.
2352 1334 2483 1390 Nam
2511 1336 2557 1391 si
2574 1336 2711 1390 dum
2738 1337 2941 1393 viveret
2967 1337 3106 1393 idem
3135 1338 3468 1409 Theodorus,
3490 1341 3759 1401 adversus

2148 1440 2278 1482 eum
2322 1436 2491 1484 testes
2526 1424 2951 1493 adducerentur,
2979 1444 3085 1483 non
3118 1432 3354 1498 oportuit
3397 1434 3449 1487 in
3488 1431 3754 1502 judicium

2155 1535 2261 1574 non
2290 1520 2604 1576 devocatum
2642 1534 2745 1590 pro
2766 1520 2887 1574 sola
2916 1519 2938 1552 δ
2969 1521 3347 1578 testiﬁcatione
3378 1522 3660 1580 damnare.
3692 1526 3753 1590 Si

2154 1627 2285 1668 vero
2328 1621 2625 1668 conventus
2653 1613 2740 1667 vel
2772 1623 2953 1668 reatus
2990 1614 3322 1669 Conscientia
3349 1616 3430 1671 vel
3472 1626 3755 1673 contuma-

2154 1707 2257 1769 cia,
2289 1704 2544 1760 indictum
2578 1706 2876 1774 praestolari
2916 1706 3083 1761 nollet
3108 1721 3364 1776 examen,
3389 1708 3496 1777 jam
3527 1726 3635 1766 non
3674 1722 3756 1767 te-

448 1809 540 1851 tus
561 1797 813 1867 Cyrillus,
838 1797 921 1850 vel
946 1805 1163 1850 sanctus
1187 1796 1509 1852 Ctelestinus
1541 1797 1813 1852 Romanus
1836 1797 2046 1867 episco-
2080 1794 2128 1853 B
2152 1797 2323 1850 stibus
2370 1796 2440 1850 de
2486 1800 2730 1859 absente,
2770 1796 2865 1851 sed
2910 1796 3010 1864 ipsi
3055 1796 3125 1851 de
3169 1810 3227 1851 se
3265 1797 3525 1867 .judicanti
3570 1802 3754 1869 potius

448 1902 553 1957 ρης
581 1889 858 1958 expulisse
886 1888 1156 1944 dicuntur.
1182 1887 1315 1943 Nam
1337 1889 1383 1943 si
1410 1899 1693 1958 propterea
1725 1889 1831 1959 jam
1852 1890 1973 1959 dept
1998 1890 2045 1943 l-

450 1994 546 2041 ‘sus
591 1992 708 2040 erat
749 1982 1067 2038 Theodorus
1096 1985 1358 2054 'quOniam
1402 1983 1573 2037 sancti
1625 1984 1810 2037 Patres
1853 1982 1906 2036 in
1936 1984 2046 2037 suis

448 2077 604 2130 libris
629 2076 978 2145 culpaverunt
1007 2089 1101 2130 eos
1127 2074 1217 2144 qui
1245 2074 1373 2128 talia
1398 2074 1857 2142 saperent,multo
1881 2075 2048 2142 magis

452 2166 735 2222 Nestorius
761 2165 869 2236 jam
902 2166 1159 2235 depulsus
1186 2173 1321 2233 erat,
1346 2164 1442 2235 qui
1473 2176 1526 2219 et
1553 2166 1837 2220 manifeste
1883 2182 2045 2234 prava

450 2257 694 2325 sapuisse
743 2256 1185 2318 demonstratur,
1235 2263 1289 2310 et
1341 2255 1695 2311 oil‘ensionem
1740 2257 2044 2312 audturum

451 2356 612 2415 quam
643 2346 878 2414 profanis
907 2361 1096 2401 vocum
1128 2348 1453 2408 novitatibus
1478 2347 1799 2414 incurrerat,
1829 2348 2046 2404 auferre

449 2432 788 2506 contempsit.
813 2436 1012 2493 Verum
1041 2454 1142 2508 ego
1171 2438 1293 2493 hinc
1320 2438 1557 2507 ipsorum
1589 2442 2043 2510 Eutychiauorum

449 2530 878 2600 qualemcunque
900 2532 1280 2585 conscientiam
1309 2546 1565 2599 quaeram.
1589 2531 1857 2586 Ponamus
1887 2544 2042 2587 accu-

440 2624 624 2679 'satu'm
664 2622 805 2693 apud
848 2639 947 2680 nos
996 2626 1225 2691 aliquem
1268 2624 1358 2693 qui
1401 2622 1671 2678 diceretur
1696 2626 2046 2695 expellendus

451 2713 594 2783 quod
640 2714 907 2768 contraria
961 2712 1186 2767 doceret
1230 2712 1549 2781 quibusdam
1607 2714 1890 2768 sententiis
1946 2714 2045 2769 Pa-

451 2813 627 2868 trum;
662 2802 948 2857 censilium
997 2810 1141 2871 peto,
1173 2802 1299 2872 quid
1329 2816 1489 2872 agere
1516 2802 1859 2858 deberemus.
1892 2803 2045 2858 Nun-

450 2890 575 2961 quid
622 2891 723 2945 hoc
770 2892 923 2946 nobis
972 2894 1225 2954 occurrit,
1268 2903 1320 2945 ut
1371 2908 1475 2947 non
1522 2892 1828 2949 admonitus
1870 2910 2045 2964 neque

451 2988 748 3050 correptus,
778 2997 845 3037 ex
875 2986 1171 3037 eo‘ta‘ntum
1201 2984 1268 3036 ab
1298 2982 1543 3039 Ecclesia
1575 2986 1884 3055 pelleretur,
1912 3004 2045 3057 quo-

450 3071 594 3125 niam
624 3070 810 3126 Patres
843 3072 895 3126 in
920 3072 1038 3125 ‘suis
1068 3072 1218 3126 libris
1248 3089 1381 3143 quos
1411 3074 1657 3143 privatim
1688 3076 2040 3146 scripserunt,

2153 1888 2488 1943 crederetur.
2519 1887 2670 1941 Nulla
2707 1901 2834 1942 vero
2863 1888 3200 1943 correctione
3242 1890 3356 1945 sive
3388 1893 3753 1949 conventione

2140 1977 2489 2049 prmcedente
2530 1977 2854 2046 damnatus,
2905 1978 2972 2033 de
3021 1980 3299 2049 iniquitate
3339 1978 3577 2050 jndieum
3626 1984 3752 2053 jure

2142 2079 2488 2140 quereretur,
2521 2078 2577 2125 et
2623 2069 3024 2139 acceptabiliter
3066 2071 3291 2139 diceret,
3322 2074 3463 2141 quod
3514 2076 3751 2146 maligne

2149 2162 2238 2217 vel
2268 2170 2471 2216 temere
2502 2161 2762 2217 adversus
2792 2163 3072 2216 absentem
3120 2162 3272 2219 falsis
3314 2167 3539 2221 testibus
3572 2171 3746 2224 credi-

2142 2252 2374 2308 dissent.
2410 2253 2636 2323 Propter
2654 2253 2805 2323 quod
2856 2253 2908 2307 in
2956 2254 3144 2309 eadem
3185 2266 3371 2311 sancta
3410 2262 3620 2328 synolo
3647 2276 3745 2327 pro

2144 2346 2589 2400 reverentissimo
2617 2345 2704 2399 lba
2734 2346 3101 2401 clama‘verunt
3124 2348 3361 2417 episc0pi
3390 2365 3535 2420 sape
3562 2353 3747 2408 diven-

2149 2444 2231 2490 tes
2257 2454 2269 2488 :
2302 2455 2319 2487 ι
2356 2436 2492 2491 Male
2521 2436 2763 2491 fecerunt
2782 2437 2875 2508 qui
2902 2453 3022 2493 eum
3042 2449 3242 2507 praeter
3263 2454 3497 2497 canones
3522 2444 3745 2499 damna-

2145 2533 2370 2590 verunt;
2397 2539 2517 2596 quze
2547 2527 2806 2581 adversus
2833 2528 3108 2584 absentem
3139 2530 3273 2585 facta
3301 2542 3446 2599 sunt,
3474 2542 3749 2591 evacuen-

2148 2623 2252 2668 tur.
2288 2615 2413 2671 Haec
2442 2632 2631 2671 omnes
2672 2617 2901 2673 dicimus
2948 2636 2963 2674 :
3011 2632 3170 2675 nemo
3197 2622 3515 2679 condemnat
3547 2626 3745 2681 absen-

2148 2715 2278 2763 tem.
2320 2726 2340 2761 ι
2376 2708 2443 2763 At
2492 2708 2537 2763 si
2586 2719 2773 2764 contra
2805 2711 3071 2765 viventem
3117 2716 3383 2783 acceptari
3429 2725 3592 2771 testes
3636 2734 3744 2773 non

2147 2801 2385 2870 oportuit
2414 2810 2473 2856 ut
2503 2801 2850 2857 damnaretur
2881 2819 2985 2858 non
3023 2803 3382 2874 interrogatus
3411 2821 3585 2876 neque
3606 2823 3743 2862 con-

2145 2906 2359 2962 ventus,
2394 2896 2660 2965 quomodo
2691 2911 2787 2950 eos
2812 2900 2999 2950 sancta
3056 2897 3315 2969 synodus,
3367 2899 3574 2955 etiamsi
3618 2916 3746 2956 coii-

2147 2995 2226 3041 tra
2259 2987 2602 3042 Theodorum
2637 2988 2689 3041 in
2716 2988 2833 3057 ejus
2860 2987 3271 3043 testiﬁcarenlur
3297 2993 3567 3058 examine,
3595 2992 3741 3062 juste

2145 3079 2448 3151 reciperet?
2475 3080 2559 3135 An
2590 3080 2799 3134 facilius
2831 3088 2976 3136 esset
3002 3080 3213 3135 mentiri
3242 3080 3311 3137 de
3336 3084 3491 3147 vivo,
3519 3092 3576 3139 et
3601 3085 3743 3138 diffi-

450 3160 713 3215 refutasse
743 3160 1112 3216 invenirentur
1139 3176 1232 3216 eos
1260 3164 1349 3231 nui
1380 3164 1499 3217 talia
1534 3166 1824 3227 sentirent;
1853 3177 1908 3220 et
1936 3184 2039 3223 non
2070 3163 2114 3224 C
2149 3171 2305 3226 cilius
2334 3172 2547 3227 mentiri
2575 3172 2642 3226 dc
2677 3173 2927 3227 mortuo?
2965 3171 3022 3227 Si
3059 3183 3237 3227 autem
3283 3175 3744 3245 interrogarentur

451 3251 625 3320 potius
647 3250 769 3321 quia
798 3252 1203 3321 interrogandus
1228 3254 1373 3319 prius
1396 3265 1447 3307 et
1472 3253 1841 3310 admonendus
1870 3268 2034 3325 esset,

448 3340 829 3395 demonstratis
876 3342 923 3395 ei
973 3342 1256 3395 sententiis
1286 3349 1592 3396 sanctorum
1618 3345 1635 3375 ¹
1672 3344 1884 3398 Patrum
1914 3348 2035 3415 qui-

450 3432 549 3483 bus
588 3429 863 3485 diceretur
892 3442 1013 3484 esse
1056 3432 1388 3496 contrarius;
1420 3440 1475 3485 et
1504 3433 1547 3485 si
1580 3447 1683 3486 non
1717 3433 2033 3503 corrigeret,

448 3519 793 3576 devocandus
830 3519 1238 3585 in'coucilium;
1291 3520 1408 3591 ejus
1436 3524 1456 3552 ²
1489 3524 1791 3577 auctoritati
1837 3524 1882 3579 si
1930 3541 2034 3578 nun

434 3607 711 3673 crederet,
739 3606 1123 3678 expellendus?
1153 3611 1264 3665 lloc
1306 3613 1488 3681 utique
1526 3613 1739 3669 videtur
1767 3613 1930 3669 fuisse
1960 3615 2036 3669 ia-

445 3697 716 3767 ciendum,
752 3699 848 3753 'liic
895 3701 1052 3753 nobis
1100 3701 1235 3755 ordo
1284 3703 1599 3769 servandus,
1633 3705 1748 3759 hinc
1791 3705 2035 3760 habenda

447 3790 793 3843 humanitatis
818 3792 971 3856 ratio,
990 3791 1073 3845 vel
1101 3794 1147 3844 si
1174 3792 1277 3846 iioc
1304 3809 1411 3846 non
1441 3796 1781 3864 praecepisset
1808 3799 2035 3865 Aposto-

444 3866 550 3931 lus.
581 3877 641 3932 Si
669 3886 847 3933 autem
882 3880 1249 3947 superstitem,
1283 3896 1386 3935 non
1432 3892 1554 3936 ante
1599 3882 1925 3937 admonitum
1957 3897 2035 3937 at-

443 3986 548 4043 que
576 3980 884 4041 correptum
914 3972 1173 4028 damnare
1213 3990 1320 4030 non
1360 3975 1681 4032 deberemus
1710 3982 1986 4034 absentem
2018 3998 2031 4035 :

444 4064 716 4132 quomodo
744 4075 929 4121 sancta
955 4067 1313 4137 sym~dus,vel
1341 4070 1384 4123 si
1413 4072 1552 4139 apud
1582 4088 1700 4126 catn
1719 4074 2035 4128 Theodorus

444 4168 810 4223 accusaretur,
838 4159 983 4228 juste
1027 4160 1288 4215 damnare
1319 4171 1585 4216 mortuum
1620 4166 1878 4233 posset”
1903 4166 2031 4221 Nam

444 4248 674 4317 primum
723 4252 844 4320 quis
887 4252 1006 4320 ejus
1048 4262 1329 4307 accusator
1376 4255 1453 4308 sic
1496 4267 1675 4309 certus
1703 4266 1845 4311 esset
1892 4258 2034 4328 quod

443 4341 610 4408 ipsius
637 4342 749 4395 sint
774 4343 950 4396 omnia
984 4342 1074 4396 illa
1107 4344 1336 4411 capitula
1364 4359 1482 4412 qua:
1508 4346 1809 4414 culpantur,
1832 4357 1885 4401 ut
1916 4350 1959 4401 si
1986 4348 2033 4402 ei

444 4442 692 4500 tanquam
724 4434 1020 4487 accusatori
1043 4449 1106 4488 ex
1138 4450 1287 4489 more
1317 4435 1585 4491 diceretur
1617 4455 1629 4488 :
1656 4422 1780 4492 Jura
1815 4453 1908 4508 per
1937 4455 2036 4493 no-

2141 3263 2304 3316 iidcm
2340 3272 2529 3329 testes,
2558 3264 2703 3317 unde
2730 3264 3034 3318 certissime
3064 3264 3265 3319 scirent
3289 3264 3378 3318 illa
3406 3280 3524 3334 quae
3553 3281 3742 3335 repre-

2130 3353 2523 3422 lienderentur,
2556 3369 2585 3409 a
2615 3356 2899 3410 Theodoro
2940 3371 3059 3410 esse
3088 3357 3419 3426 conscripta,
3449 3358 3576 3427 quid
3611 3372 3740 3428 pos-

2140 3459 2259 3505 sent
2284 3450 2594 3504 credibilius
2641 3449 2993 3517 respondere,
3027 3450 3126 3503 nisi
3172 3449 3311 3520 quod
3354 3460 3445 3504 aut
3489 3452 3541 3505 in
3588 3451 3739 3507 libris

2140 3544 2230 3615 qui
2261 3544 2503 3615 ejusdem
2537 3544 2807 3599 Theodori
2842 3546 3170 3606 dicerentur,
3196 3559 3256 3599 ea
3288 3544 3617 3613 reperirent,
3644 3558 3736 3601 aut

2139 3636 2205 3689 ab
2227 3636 2341 3705 ipso
2368 3636 2494 3691 dum
2517 3635 2722 3691 viveret
2751 3636 2867 3704 ejus
2899 3635 3061 3690 fuisse
3088 3636 3407 3690 didicerint?
3434 3638 3541 3692 Sed
3572 3639 3734 3694 libro-

2140 3743 2256 3781 rum
2305 3727 2535 3789 titulum,
2580 3727 2645 3780 ad
2697 3725 2995 3781 faciendam
3038 3728 3543 3783 condemnationem
3592 3731 3733 3786 illius

2138 3819 2235 3871 viri
2267 3818 2355 3887 qui
2387 3818 2437 3870 in
2464 3817 2726 3871 Ecclesfze
2762 3830 2898 3887 pace
2945 3825 3000 3871 et
3039 3818 3267 3891 maxima
3313 3816 3527 3872 Patrum
3574 3820 3729 3876 laude

2139 3912 2245 3965 vita
2270 3911 2499 3964 excessit
2524 3950 2539 3976 ,
2570 3925 2672 3963 non
2704 3910 2951 3964 stillieere
2981 3924 3139 3978 supra
3170 3910 3471 3976 docuimus,
3500 3926 3731 3981 przcser-

2139 4004 2229 4057 tim
2258 4005 2380 4072 qu'a
2406 4012 2734 4072 conquestus
2766 4011 2851 4056 est
2881 4002 3141 4071 quosdam
3173 4015 3298 4055 suos
3330 4001 3492 4056 libros
3522 4004 3590 4056 ab
3618 4002 3728 4058 hm-

2140 4097 2318 4152 rcticis
2351 4096 2513 4151 luisse
2548 4103 2862 4164 corruptos;
2910 4107 2964 4148 et
3012 4095 3201 4149 beatus
3251 4093 3482 4165 Cyrillus
3524 4095 3593 4149 de
3636 4096 3728 4149 illo

2137 4189 2292 4255 dixit,
2322 4188 2440 4258 quia
2490 4203 2610 4241 cuin
2662 4202 2766 4241 non
2816 4196 2960 4240 esset
2989 4186 3039 4240 iu
3077 4195 3324 4255 promptu
3357 4202 3584 4256 persona
3613 4204 3726 4258 qua:

2137 4279 2309 4347 culpae
2340 4287 2759 4347 supponeretur,
2794 4278 2992 4332 incerta
3038 4278 3391 4345 capitulorum
3428 4280 3725 4351 redargutio

2141 4371 2312 4433 iivrct,
2344 4378 2396 4424 et
2428 4370 2517 4439 qui
2562 4370 2674 4423 lucc
2703 4379 2945 4437 agerent,
2980 4368 3030 4422 in
3062 4371 3323 4425 incertum
3370 4384 3646 4427 currentes
3672 4382 3722 4427 et

2137 4477 2316 4515 aerem
2347 4460 2693 4516 verberantes
2723 4460 3112 4515 invenirentur.
3138 4462 3418 4529 Quomodo
3448 4464 3607 4531 igitur
3632 4466 3726 4520 ali—

443 4539 566 4580 men
615 4525 823 4580 Domini
873 4527 1017 4596 quod
1065 4528 1403 4596 Theodorus,
1435 4546 1592 4598 quem
1640 4540 1757 4600 post
1804 4544 2028 4587 mortem

2143 4552 2347 4621 quibus.
2377 4553 2458 4606 vel
2490 4553 2533 4605 si
2564 4551 2975 4615 adducerentur,
3006 4554 3229 4606 testibus
3262 4554 3497 4622 synodus
3534 4556 3718 4610 crede-

441 4616 786 4672 condemnari
802 4622 1035 4688 'quaeris,
1074 4620 1173 4673 ista
1205 4622 1505 4690 scripserit,
1541 4623 1722 4692 jurare
1768 4625 2029 4680 auderet?

443 4709 561 4765 Non
593 4712 733 4766 enim
765 4713 958 4768 licebat
1003 4728 1207 4784 magna:
1238 4713 1311 4769 illi
1358 4716 1563 4785 synodo
1595 4717 1785 4772 leviter
1808 4718 2029 4774 credere

439 4805 583 4875 quntl
631 4809 865 4877 graviter
909 4806 1106 4861 dicitur
1144 4808 1394 4866 debuisse
1431 4810 1705 4866 damnare.
1739 4813 1855 4867 Alia
1886 4814 2026 4868 enim

439 4911 601 4953 causa
630 4910 733 4964 est,
755 4914 875 4952 cum
906 4897 971 4951 ad
1005 4901 1408 4955 instructionem
1438 4904 1808 4958 tantummodo
1830 4906 2026 4974 aliquid

440 4991 693 5064 legimus,
724 5002 781 5047 ut
808 4990 1093 5047 credamus
1139 4994 1455 5063 simpliciter
1483 4996 1599 5067 ejus
1626 4999 1860 5054 auctoris
1903 5015 2023 5055 esse

511 5157 537 5186 ι
566 5149 665 5224 Qui
712 5165 809 5219 pro
850 5148 1135 5224 Theodoro
1178 5151 1500 5222 pugnabant,
1553 5153 1651 5209 bac
1691 5156 2023 5224 potissimum

437 5222 751 5297 exceptione
781 5222 1080 5297 utebantur,
1110 5238 1292 5297 quam
1302 5224 1486 5297 multis
1534 5224 1665 5297 locis
1693 5222 1898 5297 ingerit
1926 5229 2024 5281 Fa-

436 5290 667 5365 cundos,
694 5302 746 5342 et
787 5308 943 5358 quam
990 5290 1149 5365 liabet
1181 5292 1401 5365 Vigilius
1448 5296 1562 5364 ipse
1607 5295 1658 5349 in
1709 5290 2019 5365 constituto,

437 5360 576 5435 quod
610 5368 728 5435 post
758 5362 1306 5435 mortenrdatnuandi
1354 5360 1481 5417 non'
1508 5366 1611 5418 sint
1656 5368 1744 5434 qui
1795 5369 1843 5420 in
1892 5360 2022 5435 pace

441 5430 696 5503 Ecclesiae
727 5430 885 5503 vitam
920 5433 1172 5503 ﬁnierint.
1213 5434 1613 5502 lnipugnatores
1642 5430 1827 5491 contra
1864 5430 2018 5503 Capi-

440 5502 698 5568 tttlorum,
728 5511 782 5553 et
808 5499 929 5568 jure
958 5500 1223 5570 damnari,
1250 5499 1638 5577 damnatos-lue
1678 5507 1730 5561 in
1781 5499 2015 5565 Ecclesia

508 5635 521 5707 ξ
718 5631 937 5707 Veram.
968 5637 1018 5704 ip
1050 5638 1090 5688 is
1120 5637 1357 5693 Patrum.
1414 5700 1417 5703 μ
1448 5694 1457 5707 ί

506 5705 525 5777 ξ
557 5701 703 5777 idem
730 5705 874 5777 cod.,
902 5701 1049 5777 cujus
1074 5711 1386 5773 auctoritati.

510 5774 529 5805 ³
557 5775 704 5832 ldcm
733 5775 877 5843 cod.,
905 5774 1003 5840 quo
1030 5778 1159 5834 nihil
1182 5784 1402 5864 «(mplius
1427 5784 1530 5847 agi.

2135 4653 2215 4697 ret
2245 4652 2445 4696 certum
2478 4641 2641 4695 fuisse
2673 4643 2813 4711 quod
2843 4643 3075 4712 Cyrillus
3104 4646 3404 4698 recentiore
3429 4645 3605 4701 adhuc
3628 4664 3711 4700 rc—

2138 4750 2253 4789 ium
2286 4735 2543 4789 memoria
2578 4731 2835 4789 incertum
2868 4736 3029 4789 fuisse
3060 4746 3282 4790 testatus
3314 4738 3425 4791 est?
3452 4737 3508 4793 Si
3539 4750 3706 4793 autem

2135 4827 2237 4880 hoc
2285 4827 2462 4896 potius
2502 4826 2773 4893 dicereut,
2819 4826 2957 4895 quod
3005 4828 3074 4882 ab
3122 4828 3238 4896 ipso
3279 4820 3567 4883 Theodoro
3610 4829 3717 4898 ejus

2135 4919 2298 4974 fuisse
2324 4920 2344 4951 ⁸
2370 4932 2753 4991 cognoverunt,
2782 4921 2906 4991 quid
2939 4922 3265 4991 reSprindere
3309 4934 3534 4991 possent
3564 4924 3604 4978 si
3643 4924 3715 4977 eis

2134 5011 2402 5067 diceretur
2436 5032 2446 5064 :
2482 5011 2616 5080 Quid
2653 5014 2813 5083 igitur
2838 5028 3013 5068 causa:
3046 5013 3143 5067 fuit
3171 5023 3227 5067 ut
3258 5014 3371 5068 haec
3400 5030 3518 5085 qua:
3549 5018 3710 5085 argui~

2135 5163 2413 5220 haereticos
2438 5164 2599 5219 fuisse
2626 5175 2744 5233 post
2770 5175 2995 5219 mortem
3020 5163 3413 5219 contendebant
3430 5207 3442 5225 ,
3471 5174 3526 5218 et
3548 5162 3720 5233 Theo:

2131 5236 2321 5290 dorum
2350 5236 2487 5290 falso
2512 5235 2618 5290 diei
2659 5249 2926 5291 mortuum
2968 5236 3021 5290 in
3064 5250 3192 5303 pace
3220 5236 3504 5301 Ecclesiae,
3530 5232 3708 5306 quiad

2133 5319 2359 5361 mortem
2409 5322 2583 5376 usque
2618 5309 2884 5362 contraria
2921 5306 3172 5362 Ecclesiae
3213 5306 3456 5376 dogmata
3502 5316 3711 5360 secutus

2131 5379 2217 5431 sit.
2248 5378 2335 5432 Sic
2377 5374 2515 5431 enim
2556 5374 2769 5432 disserit
2794 5378 3122 5433 Justinianus
3153 5379 3205 5433 in
3232 5374 3444 5445 Edicto,
3471 5386 3524 5432 et
3548 5390 3706 5445 syno-

2125 5447 2224 5502 dus
2257 5465 2285 5499 ν
2320 5450 2369 5501 in
2401 5456 2502 5501 ait.
2535 5448 2587 5501 5.

2966 5502 2996 5521 κ

2196 5650 2216 5681 ⁸
2246 5650 2388 5705 Idem
2416 5650 2563 5712 cod.,
2594 5661 2704 5703 satu
2730 5648 2935 5703 illorum
2965 5648 3330 5716 testiﬁcatione.

2197 5724 2216 5754 ⁸
2245 5722 2391 5777 Idem
2424 5722 2568 5787 cod.,
2601 5723 2721 5775 dum
2747 5722 2944 5785 vireret,
2970 5722 3079 5789 τίνω
3107 5718 3283 5790 fuisse.
