3998 6202
366 311 455 363 731

1246 306 1377 361 PRO
1415 303 1839 363 hEFENSlONE
1879 302 2090 361 TRlUbl
2124 304 2439 361 :CAPITUL.
2476 305 2599 361 LIB.
2642 304 2706 360 Χ.

3508 304 3612 359 78⁴ὶ

361 420 450 485 tie,
469 434 583 472 non
602 425 737 471 tunc
776 414 1032 471 adversus
1076 416 1414 484 superstitem
1461 413 1529 473 ad
1576 415 1933 471 Ecclesiarum
1958 420 2009 475 Δ
2035 414 2153 482 dus.
2175 431 2293 484 qua:
2324 418 2432 473 Deo
2461 418 2674 473 cederet
2694 415 2876 477 omnia
2910 417 3347 487 praiscionlimcc
3371 418 3611 485 andem.

358 506 679 576 prmpesitns
700 505 1007 571 deferretis,
1023 506 1237 574 quando
1258 516 1320 560 et
1336 505 1392 561 in
1421 506 1620 574 judicio
1648 514 1826 574 posset
1845 505 1939 565 ad-

354 598 504 665 duci,
530 604 703 653 etiaut
731 604 949 665 negaret
978 596 1119 665 quod
1147 610 1244 651 sua
1274 596 1488 661 fuerint,
1514 605 1609 653 aut
1646 595 1839 655 ntelius
1876 610 1939 659 ea

363 688 699 756 interpretari
733 695 934 755 posset,
947 696 1065 755 aut,
1080 686 1228 757 quod
1256 695 1558 747 extremm
1585 696 1687 753 est,
1712 687 1941 756 abjicere

361 785 405 838 si
448 798 559 839 non
596 781 823 852 posset?
866 782 1005 839 Nihil
1030 790 1112 840 est
1138 783 1297 850 igitur
1324 781 1940 852 quodsanctasyoodus

363 874 428 930 de
462 889 576 929 ales
625 874 977 931 condemnato
1019 872 1301 929 Theodoro
1338 872 1641 941 culparetur
1665 912 1681 939 ,
1728 872 1940 933 etiamsi

363 966 502 1035 apud
533 966 678 1022 illam
702 975 981 1023 accusatus
1003 975 1167 1033 esset,
1187 974 1242 1021 et
1268 975 1430 1025 testes
1450 965 1632 1025 ameriti
1654 973 1711 1023 et
1735 964 1941 1025 numeri

363 1057 716 1127 competentia
741 1056 808 1111 al
838 1069 955 1125 eius
983 1056 1442 1120 introducerentur
1471 1070 1715 1111 examen.
1744 1054 1941 1111 Verum

356 1158 420 1203 .et
446 1150 551 1203 hoc
576 1146 918 1218 Eutychianis
946 1147 1229 1214 demus,.et
1249 1149 1634 1205 constituamus
1656 1147 1793 1217 quod
1824 1162 1949 1216 pro-

365 1240 547 1293 datum
588 1239 791 1309 synodo
835 1237 993 1294 fuerit
1040 1238 1129 1295 illa
1177 1239 1441 1295 Theodori
1486 1253 1611 1296 esse
1652 1240 1882 1309 capitula
1927 1256 1943 1295 :

368 1327 510 1383 unde
549 1336 753 1385 certum
786 1325 1004 1385 haberet
1028 1340 1130 1395 qua
1159 1326 1356 1383 fuerint
1385 1326 1678 1387 intentione
1706 1327 1945 1395 prolata?

369 1416 500 1470 Nam
522 1426 583 1471 et
602 1418 765 1469 multa
791 1432 893 1477 non
920 1416 1061 1475 sicut
1089 1416 1343 1471 sentimus
1368 1416 1686 1485 eloquimur,
1706 1426 1761 1471 et
1782 1418 1946 1473 multa

373 1522 477 1561 non
524 1506 660 1562 sicut
704 1522 734 1561 a
778 1507 930 1563 nobis
976 1506 1333 1577 proferuntur,
1365 1507 1435 1560 ita
1480 1506 1839 1574 suscipiuntur
1881 1507 1948 1563 ab

372 1598 524 1663 aliis;
554 1598 647 1653 sed
675 1606 729 1652 et
760 1598 859 1651 hoc
885 1611 1169 1667 ponamus,
1196 1597 1336 1666 quod
1383 1597 1472 1651 illa
1516 1597 1747 1667 capitula
1774 1598 1948 1659 Theo-

367 1687 564 1742 dorum
586 1696 857 1743 errantem
884 1686 1166 1759 scripsisse
1204 1688 1546 1759 cognoverint
1574 1704 1594 1745 1:
1628 1689 1766 1747 unde
1808 1690 1949 1746 scire

2038 515 2100 559 ut
2128 507 2364 575 quidam,
2396 507 2724 562 occultorum
2768 505 2931 577 judex
2979 522 3119 574 esse,
3164 510 3304 579 quod
3347 509 3493 565 solus
3535 518 3620 563 est

2041 598 2215 652 Drusi
2244 598 2436 653 Verum
2469 613 2642 669 neque
2682 599 2814 655 illud
2858 598 3130 657 modestus
3160 600 3459 669 quisquam,
3482 600 3619 654 sicut

2041 691 2292 758 arbitror,
2319 692 2543 747 deﬁnire
2590 691 2881 761 praesumit,
2912 692 3055 762 quod
3102 690 3336 747 hazretici
3388 692 3618 747 habendi

2042 784 2148 838 sint
2175 798 2382 853 omnes,
2408 785 2495 855 qui
2527 800 2631 839 non
2661 785 2983 855 pertinaces,
3010 785 3107 841 sed
3136 796 3192 840 ut
3218 783 3540 854 impcrlecti,
3567 790 3624 839 et

2043 883 2111 939 ad
2138 882 2447 939 discendum
2479 883 2670 954 parati,
2694 884 2869 938 minus
2895 882 3093 953 aliquid
3121 883 3173 937 in
3194 882 3493 937 Christiana
3519 883 3624 941 lide

2043 974 2419 1043 cognoverint;
2452 974 2589 1029 sicut
2619 973 2780 1027 etiam
2814 974 2928 1046 ipse
2953 976 2974 1006 ⁸
3000 973 3234 1029 Thomas
3273 984 3325 1029 et
3352 973 3625 1043 Philippus

2043 1066 2291 1131 apostoli.
2322 1066 2452 1120 Nam
2488 1068 2555 1121 et
2595 1067 2814 1121 Thema:
2856 1065 3057 1121 dicitur
3096 1083 3113 1119 :
3164 1064 3229 1121 Si
3266 1064 3627 1136 οοςηουὶδδειὶε

2044 1174 2147 1226 me,
2165 1167 2211 1210 et
2233 1157 2441 1211 Patrem
2467 1174 2631 1212 meum
2656 1158 3213 1229 utiqucicognovissetia
3236 1156 3413 1227 (Joan.
3432 1157 3624 1225 κινεῖ).

2050 1249 2116 1305 Et
2159 1248 2406 1317 Philippo
2448 1264 2465 1303 :
2514 1249 2679 1304 Tanto
2721 1261 2941 1320 tempore
2986 1248 3243 1303 vobiscum
3285 1264 3419 1312 sum,
3448 1258 3496 1301 et
3525 1263 3628 1301 non

2044 1341 2350 1411 cognovistt's
2394 1356 2491 1406 me,
2520 1339 2796 1410 Philippe?
2818 1342 2908 1406 ﬁt,
2935 1340 3055 1394 Non
3080 1340 3249 1394 credis
3280 1341 3401 1409 quia
3442 1354 3535 1410 ego
3574 1339 3628 1391 in

2050 1430 2224 1495 Patre,
2253 1441 2299 1485 et
2329 1431 2488 1485 Pater
2533 1434 2585 1486 in
2628 1448 2706 1486 nte
2750 1443 2825 1487 est
2874 1431 3061 1504 (Ibid.,
3089 1430 3144 1497 9,
3175 1431 3301 1501 40)?
3338 1432 3468 1498 Quis
3500 1444 3629 1500 ergo

2046 1524 2181 1578 tales
2212 1524 2489 1580 hzereticos
2533 1524 2694 1591 dicat,
2728 1525 2770 1579 si
2808 1532 3133 1594 priesentem
3162 1521 3624 1587 vitam,quamvis

2050 1615 2225 1671 adhuc
2254 1617 2579 1686 ignorantes,
2615 1618 2666 1671 in
2698 1615 2941 1673 Ecclesia
2984 1624 3160 1671 tamen
3184 1616 3441 1683 ﬁnierint,
3468 1628 3627 1684 quam

2052 1705 2159 1760 falli
2198 1721 2353 1777 posse
2382 1723 2488 1762 non
2510 1708 2771 1774 credunt;
2802 1723 2924 1762 cum
2964 1715 3293 1763 memoratos
3336 1707 3630 1775 apostolos,

372 1779 607 1849 synodus
637 1789 817 1849 posset
840 1787 1014 1834 utrum
1041 1794 1107 1834 ex
1134 1779 1261 1846 illis,
1279 1780 1724 1849 quemadmodum
1748 1782 1949 1841 dictum

2056 1812 2157 1853 nec
2195 1798 2247 1853 in
2280 1800 2394 1869 ipso
2429 1808 2673 1869 tempore
2702 1812 2809 1869 quo
2830 1798 2952 1853 haec
2982 1798 3313 1868 ignorabant,
3344 1796 3633 1851 hrereticos

375 1880 480 1938 est,
506 1871 589 1926 vel
619 1886 802 1927 eorum
831 1870 1094 1927 similibus
1124 1880 1303 1927 essent
1332 1886 1451 1941 qua:
1477 1872 1528 1931 in
1546 1874 1666 1928 suis
1694 1873 1848 1931 dictis
1869 1875 1952 1935 uel

374 1964 714 2035 reprehendit
744 1965 828 2021 vel
856 1963 1161 2021 emendavit
1192 1965 1331 2022 idem
1361 1966 1710 2025 Theodorus?
1738 1969 1871 2035 Nam
1896 1980 1955 2027 et

378 2056 477 2110 hoc
516 2056 659 2125 juste
707 2055 931 2125 dititur,
971 2055 1112 2125 quod
1157 2056 1372 2115 illorum
1421 2058 1803 2129 reprehensio,
1842 2062 1955 2117 sive

374 2148 657 2214 correctio,
686 2147 910 2202 aliorum
955 2162 1167 2218 quoque
1211 2149 1465 2209 similium
1502 2151 1689 2209 debuit
1732 2168 1955 2217 excuse-

372 2239 505 2293 tioni
538 2240 817 2309 proﬁcere.
844 2237 996 2307 Quod
1026 2238 1070 2295 si
1096 2240 1255 2297 etiam
1286 2256 1388 2301 non
1417 2241 1789 2301 ostenderetur
1811 2258 1955 2312 qua:-

374 2330 495 2385 dam
537 2331 588 2385 in
619 2332 730 2386 suis
764 2331 921 2385 dictis
948 2332 1207 2400 culpasse,
1234 2332 1348 2387 sive
1382 2332 1680 2389 correxisse
1708 2333 1954 2395 Theodo-

374 2435 485 2484 rus,
516 2427 571 2475 et
608 2435 668 2475 ea
712 2436 828 2487 quae
874 2421 926 2475 in
973 2421 1064 2475 illo
1109 2420 1503 2489 reprehendunt
1550 2421 1845 2477 Ecclesiam
1876 2423 1956 2481 la-

368 2510 540 2565 tuisse
571 2510 888 2576 credantur;
920 2510 1062 2569 unde
1091 2511 1327 2584 synodus
1354 2520 1557 2568 certum
1587 2511 1749 2568 habet
1771 2511 1951 2582 lquod

377 2614 653 2675 postquam
682 2604 770 2659 illa
803 2603 1019 2673 scripsit
1063 2619 1165 2659 non
1212 2603 1522 2675 cognoverit
1548 2603 1848 2669 Veritatem,
1876 2603 1958 2659 in-

378 2696 770 2765 spiranteDeo,
799 2696 887 2764 qui
916 2696 1125 2753 occulte
1155 2710 1222 2751 ac
1252 2695 1567 2753 mirabiliter
1595 2696 1733 2751 solet
1758 2695 1810 2749 in
1833 2709 1960 2751 suo-

376 2802 491 2840 rum
535 2783 783 2840 cordibus
812 2785 1045 2855 operari,
1072 2793 1129 2839 ut
1152 2798 1288 2839 .eum
1319 2784 1397 2839 sic
1416 2783 1686 2855 judicaret
1712 2793 1958 2856 tanquam

377 2884 433 2937 in
472 2883 586 2951 ipso
633 2897 816 2937 errore
866 2881 1210 2939 defunctum?
1242 2879 1386 2935 Nam
1434 2882 1516 2936 vel
1557 2880 1605 2937 si
1649 2881 1961 2949 probaretur

378 2973 519 3042 quod
544 2987 710 3043 usque
735 2973 789 3029 in
814 2972 901 3029 die
928 2972 1117 3028 intortis
1141 2986 1254 3029 sua:
1279 2971 1479 3041 aliquid
1507 2972 1575 3028 de
1600 2972 1961 3033 incarnatione

376 3062 871 3131 Cbristincscierit,
896 3072 1072 3118 tamen
1099 3077 1218 3121 cum
1247 3076 1353 3119 non
1376 3069 1523 3123 esset
1544 3062 1613 3118 ab
1635 3062 1752 3132 ejus
1779 3062 1960 3118 Eccle-

2054 1889 2221 1946 fuisse
2258 1890 2454 1946 audeat
2494 1890 2790 1958 suspicari?
2824 1889 3014 1943 Verum
3047 1888 3170 1943 hinc
3210 1900 3423 1958 quoque
3452 1894 3633 1955 postea

2056 1980 2220 2034 multa
2244 1980 2505 2036 dicemus.
2529 1980 2660 2035 Cum
2690 1996 2816 2034 vero
2846 1980 3104 2035 incertum
3131 1980 3366 2050 synodus
3392 1979 3633 2038 haberet.

2054 2080 2109 2125 et
2134 2071 2401 2126 Theodori
2428 2086 2546 2127 esse
2583 2072 2759 2126 omnia
2790 2072 2878 2125 illa
2916 2072 3145 2141 capitula
3191 2085 3289 2140 pro
3329 2071 3523 2140 quibus
3563 2071 3634 2126 ab

2054 2159 2298 2218 Ecclesia
2344 2162 2611 2217 diceretur
2637 2160 3033 2228 excludendus;
3077 2160 3219 2230 quod
3269 2161 3481 2215 etiamsi
3510 2174 3632 2214 cer-

2058 2260 2167 2307 tum
2192 2252 2442 2319 haberet,
2473 2252 2615 2323 quali
2646 2262 2819 2307 tamen
2850 2250 3047 2306 fuerint
3073 2250 3368 2307 intentione
3396 2251 3631 2321 prolata,

2048 2342 2231 2402 adhuc
2256 2345 2303 2400 ei
2333 2352 2477 2400 esset
2504 2346 2761 2401 incertum
2805 2359 2821 2397 :
2862 2343 3004 2414 quod
3041 2345 3087 2397 si
3134 2349 3191 2398 et
3232 2356 3443 2398 errasse
3488 2341 3635 2397 illum

2058 2430 2175 2490 sine
2212 2434 2544 2490 dubitatione
2583 2442 2955 2505 cognosceret,
2985 2449 3088 2493 non
3117 2444 3170 2490 et
3188 2434 3447 2489 continuo
3472 2434 3634 2515 etiam

2058 2527 2203 2597 quod
2247 2540 2488 2581 errorem
2534 2536 2717 2595 postea
2764 2540 2868 2579 non
2915 2523 3280 2580 emendaverit
3322 2530 3633 2593 appareret;

2058 2633 2234 2688 neque
2262 2617 2307 2673 si
2324 2618 2437 2677 hoc
2458 2632 2671 2687 quoque
2698 2616 2872 2685 aliqua
2906 2625 3059 2672 certa
3100 2617 3311 2677 ratione
3336 2624 3634 2678 constaret,

2056 2711 2339 2780 quisquam
2394 2710 2511 2778 pius
2538 2717 2607 2765 et
2649 2708 2828 2779 gravis
2872 2707 3101 2768 deﬁnire
3148 2709 3456 2777 prasamit,
3495 2706 3637 2777 quod

2050 2800 2302 2857 haeretici
2327 2798 2431 2854 sint
2452 2813 2648 2855 omnes
2675 2799 2767 2869 qui
2790 2798 2915 2853 sine
2943 2798 3230 2867 pertinacia
3259 2800 3311 2852 in
3328 2796 3637 2853 Christiana

2064 2893 2170 2948 ﬁde
2210 2893 2483 2959 falluntur,
2510 2891 2557 2947 si
2603 2891 2831 2947 necdum
2854 2891 3189 2945 instructii-n
3210 2890 3471 2947 Ecclesia
3496 2904 3638 2960 :paco

2064 2985 2222 3041 vitam
2254 2983 2490 3040 ﬁnierint
2520 3000 2534 3038 :
2561 2984 2681 3054 quis
2712 2983 2811 3038 nisi
2851 2982 3163 3060 temerarius
3188 2981 3335 3037 dicat
3378 2981 3521 3051 quod
3550 2982 3639 3036 illa

2054 3075 2300 3147 synodus
2349 3075 2486 3130 inter
2524 3082 2603 3129 tot
2644 3072 2847 3129 incerta
2887 3071 3136 3128 debuerit
3175 3070 3513 3127 Theodorum
3539 3071 3641 3127 sub

376 3151 455 3205 sia
487 3158 783 3222 separatus,
806 3152 969 3220 unde,
994 3153 1129 3207 sicut
1152 3151 1284 3216 dixi,
1305 3160 1508 3209 certum
1534 3153 1768 3223 synodus
1797 3152 1951 3208 babe-

2062 3176 2397 3231 anathemate
2421 3173 2816 3231 condemnare?
2844 3172 2971 3228 Sine
2992 3170 3162 3226 dubio
3189 3178 3366 3226 autem
3395 3167 3640 3225 conside-

375 3252 464 3296 ret
493 3242 633 3311 quod
658 3243 714 3299 in
745 3241 1149 3315 ipsahoraqua
1185 3242 1460 3300 efﬂaturus
1489 3253 1603 3301 erat
1624 3252 1957 3310 extremum,

377 3347 566 3403 mgna
598 3341 653 3387 et
676 3332 1054 3402 investigabilis
1082 3333 1441 3390 misericordia
1474 3333 1592 3400 Dei,
1612 3349 1730 3405 qum
1761 3335 1956 3391 latroni

372 3440 481 3484 non
513 3425 748 3494 ignorata
776 3425 977 3481 scelera
1009 3424 1207 3480 dimisit
1236 3424 1290 3481 in
1323 3436 1501 3490 cruce,
1532 3439 1641 3480 non
1666 3423 1825 3487 etiam
1856 3426 1958 3496 ipsi

372 3516 518 3572 dedit
550 3529 645 3585 pro
674 3514 848 3573 cuntis
877 3515 993 3584 ejus
1022 3517 1091 3573 in
1133 3514 1368 3571 Ecclesia
1400 3514 1671 3570 laboribus
1695 3522 1956 3573 etcerta-

371 3606 605 3661 minibus
644 3605 901 3660 adversus
950 3604 1263 3671 haereticos,
1305 3614 1362 3659 ut
1408 3605 1475 3663 ab
1506 3604 1818 3675 ignorantia
1858 3619 1958 3667 sua

372 3696 736 3766 resipisceret,
760 3707 812 3752 et
838 3710 1023 3751 errore
1049 3696 1300 3751 damnato
1328 3693 1588 3752 latronem
1617 3704 1955 3765 sequeretur,

375 3798 435 3844 tn
467 3787 711 3857 paradiso
739 3787 916 3843 statim
958 3794 1012 3842 et
1057 3786 1172 3855 ipse
1215 3786 1582 3844 cum.Christo
1609 3785 1838 3851 futurus,
1868 3786 1958 3855 qui

369 3896 519 3937 nunc
545 3882 736 3937 dicitur
765 3882 831 3936 de
859 3881 1173 3937 Nestoriano
1200 3880 1448 3951 dogmate
1487 3888 1613 3936 ante
1655 3879 1958 3941 Nestorium

371 3973 540 4026 fuisse
565 3970 930 4026 damnandus?
958 3971 1195 4038 Quantos
1226 3971 1368 4027 enim
1398 3970 1700 4035 hmreticos,
1732 3977 1960 4033 quantos

370 4065 587 4119 Judaeos
612 4071 771 4132 atque
796 4062 1239 4132 gentilcsidonea
1271 4062 1643 4118 testiﬁcatione
1668 4061 1959 4119 didicimus

369 4156 431 4209 in
466 4155 579 4222 ipso
608 4153 791 4209 limine
820 4153 1007 4208 mortis
1041 4152 1207 4207 fuisse
1234 4152 1556 4207 conversos?
1582 4150 1687 4211 Sed
1712 4150 1837 4220 quia
1862 4164 1959 4220 pu-

370 4245 544 4300 blicus
566 4244 662 4301 fuit
684 4258 837 4301 error
865 4243 1100 4307 illorum,
1127 4256 1235 4299 uon
1263 4240 1673 4314 petuit‘publica
1704 4255 1809 4295 non
1836 4254 1958 4295 esse

368 4337 677 4401 conversio,
704 4335 826 4390 dum
859 4334 1214 4399 reconciliari,
1240 4333 1365 4389 dum
1395 4334 1648 4403 baptizari
1670 4333 1743 4391 ab
1773 4331 1957 4388 Eccle-

372 4428 453 4483 sia
485 4428 866 4496 supplicarent,
895 4428 1020 4482 dum
1054 4436 1326 4496 postremo
1357 4426 1830 4482 reconciliarentur
1855 4440 1949 4480 seu

369 4518 800 4586 baptizarcntur;
830 4517 1099 4575 occultam
1130 4531 1260 4571 vero
1290 4531 1441 4571 suam
1483 4515 1828 4585 ignorantiam
1849 4557 1863 4581 ,
1896 4523 1951 4569 et
1984 4511 2029 4568 D

369 4625 402 4664 a
434 4610 581 4663 nullo
612 4611 897 4678 culp-alam,
929 4625 1085 4680 quam
1117 4608 1430 4664 Theodorus
1456 4608 1652 4663 dicitur
1681 4608 1950 4672 habuisse,

369 4706 456 4761 cui
486 4711 557 4758 ret
584 4704 851 4758 ,orientale
897 4702 1179 4758 concilium
1216 4709 1529 4767 attestatur,
1567 4700 1709 4773 quod
1756 4700 1952 4755 nullam

368 4796 751 4851 detractionem
780 4794 850 4851 ab
886 4794 1198 4851 orthodoxis
1230 4794 1282 4849 in
1314 4794 1418 4851 vita
1449 4794 1768 4862 susceperit,
1803 4801 1858 4847 et
1885 4792 1954 4846 de

368 4902 482 4955 quo
521 4893 577 4940 et
620 4885 740 4941 aliis
786 4885 1006 4941 Procius
1024 4886 1316 4956 episcopus
1347 4885 1496 4953 dicit,
1523 4900 1657 4953 quos
1686 4898 1784 4939 nec
1809 4884 1957 4938 vivos

368 4975 653 5044 aliquando
680 4976 1026 5043 culpavimus,
1051 4986 1227 5045 posset
1254 4975 1460 5031 occulte
1488 4990 1761 5044 respuere.
1792 4973 1945 5039 Quod

370 5067 421 5123 si
446 5076 497 5119 ct
522 5081 626 5121 non
653 5069 884 5134 occulte,
907 5067 999 5122 sed
1028 5066 1287 5137 aliquibus
1313 5065 1539 5123 consciis
1573 5066 1709 5123 hanc
1730 5063 1946 5134 abiecit,

370 5167 549 5211 tzunen
580 5159 681 5212 hoc
700 5167 904 5213 sanctae
926 5158 1130 5229 synodo
1152 5171 1273 5213 esse
1298 5163 1481 5226 posset
1500 5157 1782 5222 occultum,
1807 5166 1858 5211 et
1882 5155 1950 5210 de

369 5246 582 5301 occulto
610 5247 847 5315 judicare
887 5263 993 5303 non
1038 5258 1242 5319 posset,
1272 5248 1392 5317 quia
1440 5246 1540 5302 hoc
1586 5246 1678 5309 Dei
1719 5255 1801 5301 est
1829 5262 1950 5314 pro-

372 5336 565 5404 prium,
598 5336 807 5393 dicente
853 5338 1033 5409 Moyse
1084 5355 1097 5391 :
1149 5337 1278 5403 Quae
1318 5336 1514 5394 occulta
1558 5346 1673 5391 sunt
1721 5335 1856 5389 vobis
1904 5346 1949 5390 ct

370 5427 494 5497 ﬁliis
519 5427 882 5485 vestrrisaUnde
908 5438 962 5485 et
992 5431 1177 5485 beatus
1205 5429 1530 5500 Cyrillusait
1551 5427 1949 5482 alustissimum

371 5529 589 5586 apparet
635 5520 978 5587 prudentibus
1020 5520 1149 5575 viris
1186 5521 1378 5576 cedere
1424 5517 1722 5588 prtescienti
1767 5520 1945 5573 unius-

368 5613 625 5679 cujusque
642 5612 1001 5667 voluntatem.
1018 5611 1128 5666 Cur
1152 5628 1289 5682 ergo
1308 5611 1758 5682 culparetur'lwc
1786 5623 1947 5680 syno-

446 5721 459 5750 ¹
492 5720 622 5776 Cod.
662 5723 875 5793 Verum,
906 5724 1127 5780 Itabcret.

2061 3291 2170 3345 ras,
2196 3276 2507 3344 imperator,
2530 3282 2724 3345 quanta
2740 3272 3083 3345 Eutychianis
3111 3286 3401 3344 eorumque
3425 3271 3640 3327 fautori-

2061 3367 2159 3423 bus
2188 3366 2328 3421 nulla
2360 3367 2564 3423 ratione
2598 3374 2822 3437 cogente
2863 3374 3053 3435 sponte
3080 3363 3349 3432 dedimus,
3374 3364 3485 3418 sive
3513 3378 3641 3418 con-

2060 3460 2351 3526 cessimus;
2378 3468 2435 3516 et
2465 3470 2642 3515 tamen
2670 3459 2749 3514 eis
2775 3458 2975 3513 veritas
3002 3471 3105 3513 non
3135 3455 3401 3526 concedit,
3429 3463 3487 3511 ut
3513 3467 3642 3510 sen-

2061 3554 2223 3606 tentia
2255 3565 2458 3621 maguae
2484 3550 2679 3622 synodi
2707 3564 2824 3620 quae
2850 3548 3127 3618 epistolam
3159 3547 3343 3604 laudes
3369 3546 3640 3603 Theodori

2059 3644 2420 3698 continentem
2448 3640 2810 3711 pronuntiavit
2838 3638 3188 3694 orthodoxam
3209 3678 3226 3704 ,
3252 3635 3530 3706 culpabilis
3558 3633 3641 3704 ju-

2059 3733 2283 3789 dicctur.
2311 3731 2463 3799 Quod
2502 3728 2545 3787 si
2588 3738 2749 3784 tanta;
2796 3729 2948 3783 nobis
2976 3727 3340 3782 convictiones
3369 3739 3503 3795 quas
3547 3739 3641 3792 pro

2059 3831 2273 3892 experta
2303 3820 2665 3878 obstinatione
2695 3816 3124 3873 adversariorum
3162 3816 3507 3885 protulimus,
3539 3814 3640 3870 de-

2059 3912 2315 3979 fuissent,
2354 3911 2474 3980 quis
2521 3909 2803 3981 religiosus
2850 3906 3244 3977 reprehendere
3286 3915 3463 3976 posset
3505 3906 3640 3963 hanc

2046 4000 2341 4071 synodum,
2373 4015 2489 4069 quae
2540 3999 2685 4070 quod
2723 3998 2825 4053 sibi
2868 3997 3053 4053 datum
3103 4012 3208 4073 non
3252 4006 3338 4053 est
3385 4013 3640 4067 usurpare

2059 4116 2161 4157 non
2189 4114 2315 4155 ausa
2345 4099 2461 4155 est?
2489 4100 2620 4154 Nam
2645 4097 2906 4154 Ecclesiae
2935 4112 3046 4153 suae
3074 4097 3273 4153 nullam
3304 4098 3558 4152 Dominus
3582 4100 3637 4154 in

2058 4193 2278 4249 mortuis
2308 4192 2502 4263 ligandi
2548 4202 2601 4247 ct
2647 4190 2893 4248 solvendi
2939 4190 3123 4245 tribuit
3156 4198 3493 4259 potestatem,
3518 4205 3638 4246 cum

2056 4284 2335 4354 discipulis
2364 4285 2475 4339 suis
2502 4283 2745 4339 diceret:
2776 4282 3103 4352 Quaecunque
3130 4281 3461 4350 alligaveritis
3489 4297 3639 4349 super

2059 4387 2265 4443 terram,
2285 4385 2427 4431 erunt
2454 4377 2611 4448 ligata
2638 4384 2685 4429 et
2716 4376 2766 4428 in
2795 4373 2950 4439 calo;
2978 4380 3025 4427 et
3055 4388 3365 4441 quaecunque
3391 4373 3638 4427 solveritis

2054 4488 2206 4539 super
2236 4480 2443 4535 terram,
2478 4480 2619 4522 erunt
2646 4468 2808 4523 solum
2833 4476 2880 4521 et
2910 4469 2961 4519 in
2985 4466 3109 4519 emta
3140 4462 3637 4535 (Matth.-‘xv1u,18).

2058 4564 2163 4618 Eos
2190 4563 2345 4632 igitur
2386 4561 2554 4615 solum
2591 4558 2680 4629 qui
2714 4569 2835 4612 sunt
2867 4558 2919 4611 in
2953 4557 3108 4611 terris
3138 4556 3301 4626 ligare
3346 4554 3550 4623 accepit
3577 4562 3634 4609 et

2056 4659 2284 4722 solvere,
2312 4665 2366 4711 et
2396 4656 2597 4710 idcirco
2616 4652 2933 4723 reprehendi
2966 4667 3070 4705 non
3098 4650 3261 4706 debet
3299 4648 3441 4719 quod
3469 4648 3638 4701 Theo-

2057 4750 2267 4810 derum.
2287 4748 2369 4803 vel
2400 4749 2444 4801 si
2471 4746 2786 4816 culpabilem
2817 4752 3014 4809 nosset,
3038 4752 3215 4797 tamen
3239 4742 3357 4811 quia
3388 4754 3493 4794 non
3520 4748 3637 4794 erat

2058 4843 2110 4897 in
2142 4840 2318 4905 terris,
2349 4820 2565 4909 alligare
2604 4854 2708 4893 non
2752 4853 2879 4891 ausa
2914 4845 3015 4892 est.
3047 4836 3284 4891 Aliorum
3315 4831 3505 4900 quibus
3534 4832 3637 4886 hoc

2061 4932 2279 5001 placuit,
2310 4946 2414 4983 non
2454 4928 2569 4998 ejus
2611 4929 2770 4985 luerit
2796 4927 2895 4982 ista
2927 4924 3291 4997 praesumptio.
3319 4920 3451 4975 Nam
3496 4921 3636 4976 sicut

2055 5049 2162 5089 non
2192 5035 2427 5104 oportuit
2456 5041 2513 5091 ut
2539 5032 2759 5087 auderet
2786 5029 2999 5084 solvere
3016 5034 3149 5101 post
3176 5031 3403 5077 mortem
3425 5034 3521 5077 eos
3543 5022 3635 5089 qui

2052 5130 2253 5202 al'igati
2278 5137 2431 5186 erant
2470 5118 2535 5181 in
2571 5124 2747 5187 terris,
2776 5121 2914 5191 quod
2945 5117 3157 5188 quidem
3195 5113 3398 5171 habere
3425 5114 3635 5171 videtur

2054 5221 2360 5277 nonnullam
2395 5218 2603 5287 pietatis
2631 5215 2936 5282 imaginem,
2966 5210 3036 5263 ita
3065 5224 3169 5263 non
3196 5207 3429 5276 oportuit
3459 5216 3515 5262 ut
3536 5220 3633 5261 au-

2055 5318 2205 5369 deret
2231 5327 2352 5368 eum
2382 5310 2470 5379 qui
2500 5308 2745 5377 alligatus
2792 5318 2897 5359 non
2940 5310 3058 5357 erat
3103 5301 3156 5355 in
3203 5299 3381 5363 terris,
3414 5297 3633 5367 alligare

2053 5414 2174 5475 post
2203 5412 2461 5465 mortem;
2493 5396 2633 5467 quod
2669 5403 2727 5450 et
2755 5402 2941 5463 aperte
2973 5390 3257 5462 impietatis
3286 5397 3399 5455 est,
3432 5396 3486 5443 et
3512 5387 3632 5456 ejus

2052 5496 2297 5566 potestati
2324 5507 2427 5545 non
2448 5488 2728 5545 creditum.
2747 5486 3079 5554 QuaprOpter
3098 5484 3257 5539 etiam
3282 5480 3419 5536 beati
3445 5480 3631 5535 Patres

2053 5596 2373 5650 deﬁnierunt
2412 5590 2534 5658 quia
2583 5603 2685 5641 non
2740 5593 2977 5649 nostrum
3023 5593 3102 5640 est
3144 5582 3384 5655 judicare
3413 5594 3507 5636 cos
3536 5578 3627 5648 qui

2124 5716 2141 5743 ’
2172 5711 2315 5766 Idem
2341 5706 2482 5772 cod.,
2510 5706 2626 5772 ipsi.
