3998 6194
404 325 439 382 Ἲ
449 325 513 381 85

1505 314 1798 373 FACUNDI
1841 313 2056 371 EPISC.
2101 307 2605 365 IIERMIANENSIS

3586 305 3690 359 785

409 443 668 497 honorate
697 433 927 492 defuncti
963 440 1103 499 sunt,
1136 430 1230 487 sed
1256 429 1422 486 solius
1446 428 1641 499 iudicis
1668 426 1910 481 vivorum
1941 435 1994 482 et
2022 429 2075 488 Α
2099 419 2222 474 dem
2252 419 2389 474 bene
2411 417 2696 486 defunctus
2714 424 2901 481 est,.et
2923 415 3180 472 memoria
3211 413 3333 486 ejus
3354 428 3498 471 nunc
3523 429 3696 485 usque

400 541 758 590 mortuorum.
1016 581 1025 589 .

1037 637 1263 695 CAPUT
1301 637 1364 692 ν.

401 782 561 848 Quod
590 777 941 848 Athanasium
964 774 1354 848 nemondantnat
1385 779 1594 848 propter
1622 771 1996 848 excusationem

479 867 632 920 quam
660 853 878 920 suscepit
906 845 1138 920 Dionysii
1165 845 1508 920 gilerandrt'ni
1530 860 1548 907 ;
1581 855 1630 898 et
1671 841 1806 912 quod
1835 841 1997 894 multo

481 916 685 991 facilius
709 921 773 973 sit
799 917 1123 973 Theodorum
1152 916 1449 987 defendere.

480 1055 762 1122 Quomodo
787 1062 965 1110 autem
993 1050 1175 1107 dicunt
1197 1046 1571 1104 Nestorianam
1595 1057 1716 1099 esse
1738 1042 2000 1112 synodum

404 1161 517 1201 .non
539 1146 938 1211 defendentem,
959 1157 1058 1199 nec
1080 1141 1412 1212 aliquatenus
1438 1147 1783 1194 excusantem
1807 1133 2004 1201 scripta

415 1239 714 1301 Theodori,
745 1252 903 1308 quem
935 1235 1085 1291 velut
1111 1234 1421 1302 magistrum
1453 1228 1683 1285 Nestorii
1713 1225 2004 1280 criminano

417 1343 532 1395 tur,
564 1345 685 1384 cum
723 1328 1073 1383 Athanasium
1103 1326 1297 1396 scripta
1323 1322 1623 1380 decessoris
1654 1321 1734 1375 sui
1767 1318 2004 1390 Dionysii

413 1421 788 1477 defendentem
819 1421 1000 1476 dicere
1029 1434 1132 1474 non
1163 1418 1392 1474 audeant
1419 1414 1713 1472 Arianum?
1743 1412 1874 1467 Nam
1907 1425 2005 1468 ne-

413 1529 519 1582 que
545 1529 665 1567 cum
695 1512 878 1566 Ariani
908 1512 1110 1566 vellent
1131 1510 1376 1581 quadam
1406 1524 1468 1563 ex
1499 1507 1660 1562 dictis
1684 1502 2007 1559 venerabilis

416 1602 654 1673 Dionysii
680 1601 1028 1656 Alexandrini
1050 1610 1075 1637 σι
1105 1600 1342 1670 episcopi
1371 1600 1422 1654 in
1451 1597 1813 1654 testimonium
1841 1603 1893 1648 et
1917 1609 2008 1649 as-

415 1695 717 1750 sertionem
763 1692 844 1747 sui
892 1695 1092 1746 erroris
1136 1692 1421 1754 asciscere,
1463 1699 1520 1743 ut
1566 1703 1631 1743 ex
1681 1688 1782 1742 hoc
1828 1696 2011 1741 osten-

2104 525 2225 565 cum
2259 509 2508 565 Patribus
2539 509 2865 574 celebratur,
2888 518 2941 561 et
2963 521 3156 562 nomen
3177 506 3292 576 ejus
3306 506 3562 576 scriptum
3592 516 3695 562 est.

2105 605 2162 661 Si
2184 604 2326 660 enim
2351 602 2550 671 aliquid
2571 603 2795 657 istorum
2826 600 3072 669 sentiret,
3095 599 3180 656 vel
3205 599 3271 654 de
3302 598 3385 654 his
3414 614 3536 669 qua:
3563 598 3701 653 scri-

2107 694 2212 765 psit
2232 693 2632 749 excusationem
2663 707 2766 748 tton
2785 690 3006 758 faceret,
3031 690 3149 746 sine
3167 690 3514 760 ambiguitate
3535 691 3700 744 etiam

2107 786 2222 856 ipse
2251 785 2445 840 similia
2479 793 2772 854 pateretur.
2799 783 2866 838 Et
2890 782 3231 838 suﬂ‘ecissent
3251 783 3468 853 quidem
3501 783 3605 836 ista
3631 783 3700 837 ad

2104 879 2535 948 redargtttionem
2560 893 2820 933 novorum
2841 876 3376 942 Judaeorum,eorum
3416 877 3504 946 qui
3544 874 3704 930 Chri-

2107 983 2247 1026 Bllim
2274 980 2621 1041 negaverunt,
2669 980 2718 1026 et
2763 969 2951 1025 Patres
2977 977 3384 1034 accusaverunt,
3413 979 3466 1024 ΘΙ.
3511 984 3702 1026 omnes

2107 1063 2454 1119 Christianos
2482 1063 2665 1118 fallere
2694 1069 2991 1118 noscuntur
3022 1059 3063 1113 ³.
3096 1061 3364 1133 Quoniam
3395 1075 3522 1116 vero
3542 1075 3696 1116 acctt‘

2109 1157 2342 1210 sationes
2395 1167 2417 1195 ο
2467 1171 2527 1211 se
2569 1155 2770 1210 habere
2793 1163 2981 1224 putant
3004 1153 3068 1207 ad
3099 1153 3459 1209 accusandum
3484 1154 3697 1224 episco-

2085 1257 2257 1315 pum,
2287 1256 2464 1317 partes
2495 1247 2702 1316 aliquas
2735 1246 2976 1314 epistolae
3003 1245 3118 1315 ejus
3145 1259 3244 1313 age
3265 1254 3318 1299 et
3350 1244 3492 1312 ipsas
3522 1246 3703 1300 videa.

2111 1355 2227 1394 mus
2257 1356 2271 1392 :
2306 1347 2364 1393 ut
2391 1339 2558 1393 etiam
2599 1354 2664 1393 ex
2711 1339 2812 1391 hoc
2836 1352 3022 1392 eorum
3047 1337 3256 1391 vanitas
3283 1336 3706 1403 demonstretur,

2109 1437 2164 1483 et
2211 1430 2490 1498 quiescant
2550 1429 2635 1483 vel
2667 1443 2789 1484 sero
2830 1427 3202 1496 blasphemare
3237 1428 3519 1482 Dominum
3562 1429 3705 1496 apud

2108 1520 2336 1590 seipsos,
2359 1521 2716 1574 confiteantur
2745 1528 2924 1574 autem
2945 1519 3029 1574 vel
3052 1534 3173 1574 cum
3203 1518 3484 1586 militibus,
3517 1519 3705 1572 viden-

2111 1618 2192 1665 tes
2215 1611 2586 1666 testilicantem
2609 1621 2936 1678 creaturam,
2963 1609 3084 1681 quia
3117 1626 3242 1666 vere
3268 1611 3368 1664 ist.e
3405 1610 3570 1664 Filius
3607 1611 3704 1665 Dei

2113 1709 2214 1769 est,
2247 1709 2301 1757 et
2345 1717 2451 1758 non
2501 1711 2587 1758 est
2632 1717 2703 1758 ex
2751 1703 3037 1758 creaturis.
3072 1703 3263 1758 Dicunt
3312 1702 3490 1770 itaque
3535 1704 3586 1756 in
3619 1704 3708 1758 illa

409 1783 615 1839 derent
642 1782 828 1837 Arium
872 1797 977 1836 non
1017 1795 1137 1836 esse
1183 1783 1304 1835 novi
1345 1779 1608 1849 dogmatis
1653 1778 2008 1842 ἱιινθηιυνθῐιι,
2045 1814 2090 1874 Β
2118 1791 2340 1859 epistola
2393 1793 2608 1848 beatum
2657 1793 2969 1862 Dionysium
3007 1794 3207 1849 dixisse
3239 1795 3499 1851 facturam
3545 1807 3603 1852 et
3633 1798 3710 1850 fa-

415 1875 613 1944 qnippe
651 1889 769 1929 cum
813 1873 1094 1944 Dionysius
1133 1873 1261 1927 olim
1303 1872 1574 1927 docuisset
1606 1869 1862 1924 facturam
1892 1881 2015 1922 esse

418 1964 611 2020 Filium
645 1965 756 2028 Dei,
791 1978 962 2033 neque
997 1973 1190 2017 natura
1237 1960 1660 2031 proprium,.scd
1697 1969 2011 2014 extraneum

417 2060 486 2114 ab
513 2059 748 2113 essentia
776 2057 968 2122 Patris,
1002 2065 1054 2110 et
1074 2056 1197 2125 quia
1229 2054 1369 2109 idem
1402 2053 1570 2107 Filius
1610 2065 1714 2106 non
1762 2060 1878 2106 erat
1919 2065 2015 2104 an-

421 2162 638 2220 tequam
670 2148 841 2214 fieret,
875 2148 1086 2216 aliaque
1133 2145 1325 2200 similia
1365 2159 1486 2215 qua:
1530 2144 1584 2198 in
1631 2143 1821 2198 eodem
1852 2157 2014 2211 opere

417 2241 794 2305 continentur;
820 2238 1490 2307 Athanasius,germanum
1519 2234 1788 2310 specimen
1815 2242 1871 2290 et
1892 2248 2016 2304 pro-

425 2333 606 2388 babile
634 2331 914 2388 catholicae
955 2331 1214 2386 doctrina:
1244 2342 1405 2400 atque
1430 2330 1643 2385 virtutis
1672 2329 1978 2399 exemplum
1998 2369 2012 2392 ,

417 2441 476 2480 ea
536 2434 849 2481 constanter
889 2424 1121 2494 excepit,
1145 2433 1200 2479 et
1249 2425 1497 2495 quamvis
1551 2423 1749 2478 nostris
1797 2422 2015 2478 auribus

420 2499 546 2572 dura
589 2528 644 2573 et
685 2517 752 2571 ad
800 2517 1167 2572 excusandum
1215 2513 1454 2568 difficilia
1491 2515 1530 2578 ί,
1574 2512 1866 2568 defendere
1907 2529 2013 2567 non

417 2610 648 2680 retugit,
691 2618 748 2663 et
798 2609 942 2678 prius
989 2623 1177 2664 eorum
1221 2619 1497 2662 auctorem
1547 2607 1862 2676 Dionysium
1920 2621 2014 2674 per

421 2701 523 2754 hoc
564 2700 732 2756 voluit
770 2714 890 2754 esse
940 2706 1244 2768 purgatum,
1275 2706 1434 2767 atque
1456 2698 1524 2751 ab
1549 2698 1873 2753 Arianorum
1909 2696 2015 2752 cri-

420 2795 566 2848 mine
612 2794 844 2847 alienum
876 2833 891 2857 ,
933 2792 1077 2861 quod
1125 2792 1238 2861 ipse
1287 2807 1393 2846 non
1441 2792 1578 2847 sicut
1629 2792 1831 2858 Arius,
1891 2805 2011 2846 cum

423 2885 649 2948 viveret,
672 2885 739 2938 de
761 2884 1038 2954 impietate
1064 2882 1226 2938 fuerit
1254 2892 1554 2950 accusatus,
1590 2894 1682 2937 aut
1707 2884 1775 2939 de
1806 2884 2015 2952 episco-

423 2986 547 3042 patu
601 2976 875 3043 dejectus;
925 2989 1098 3045 neque
1125 2975 1288 3029 velut
1322 2974 1572 3031 haeresim
1599 2975 1913 3038 defendens,
1948 2974 2014 3029 de

399 3064 658 3119 'Ecelesia
683 3066 820 3120 sicut
840 3065 927 3119 ille
956 3064 1283 3131 discesserit,
1307 3064 1403 3119 sed
1449 3063 1500 3118 in
1540 3065 1658 3132 ejus
1704 3077 2014 3132 permanse-

397 3197 403 3200 -
423 3157 492 3210 rit
548 3157 746 3210 unitate
796 3171 810 3209 :

423 3255 644 3304 conatos
664 3257 764 3301 est.
800 3245 953 3302 Unde
982 3246 1386 3301 convenientius
1415 3253 1574 3315 puto,
1605 3252 1664 3299 ut
1691 3246 1736 3298 si
1768 3260 1870 3299 non
1893 3260 2009 3299 om-

411 3341 530 3402 .nia,
553 3338 674 3407 quia
707 3338 971 3407 prolixum
995 3345 1076 3390 est
1095 3380 1111 3405 ,
1135 3337 1310 3406 aliqua
1339 3345 1514 3392 tamen
1543 3336 1596 3390 in
1631 3336 1862 3405 propriis
1890 3351 2009 3391 ver-

416 3431 506 3486 bis
535 3431 554 3468 ³
581 3428 882 3483 ostendam.
920 3446 938 3478 ‹
980 3427 1212 3493 Etenim,
1244 3427 1338 3492 ait,
1361 3435 1416 3482 et
1455 3427 1670 3482 Judmos
1715 3426 1767 3481 in
1821 3427 2011 3496 quibus

423 3531 608 3577 contra
635 3521 806 3589 legem
824 3520 1084 3590 agebant,
1110 3518 1468 3588 redargnebat
1497 3519 1754 3574 Dominus
1781 3519 1968 3574 dicens
1995 3537 2005 3571 :

425 3613 542 3668 Hoc
562 3613 819 3667 Abraham
853 3630 954 3666 non
987 3613 1105 3682 fecit
1139 3611 1316 3683 (Joan.
1347 3629 1459 3678 vm,
1488 3613 1604 3682 40);
1638 3623 1690 3668 et
1734 3615 1865 3667 istos
1909 3613 2009 3666 im-

403 3705 541 3772 .pios
577 3714 646 3758 et
670 3703 957 3759 mendaces
999 3703 1187 3760 eadem
1218 3705 1353 3770 ipsa
1405 3707 1602 3760 veritas
1646 3705 1917 3775 redarguit
1957 3703 2008 3771 ι’,

423 3795 674 3864 quoniam
722 3795 834 3849 Arii
897 3794 1098 3865 aliquid
1167 3796 1453 3866 Dionysius
1502 3798 1787 3864 episcopus
1835 3810 2011 3866 neque

422 3887 618 3954 sensit,
648 3901 822 3956 neque
843 3887 1120 3942 veritatem
1148 3888 1431 3956 ignoravit.
1459 3888 1563 3942 Sed
1585 3897 1640 3943 et
1659 3897 1783 3942 tunc
1806 3896 2012 3957 tempo-

423 3979 498 4032 ris
517 3977 712 4044 Judzei,
735 3986 793 4033 et
822 3993 962 4032 nunc
983 3977 1069 4032 isti
1099 3979 1246 4042 novi,
1269 3993 1298 4032 a
1331 3988 1479 4048 patre
1505 3994 1603 4033 suo
1633 3979 1846 4033 diabolo
1871 3979 2010 4034 hanc

425 4059 613 4121 furiam
646 4063 905 4122 adversus
933 4067 1204 4122 Christum
1233 4069 1489 4123 rebellem
1515 4069 1814 4124 haereditati
1841 4081 1966 4125 sunt
1994 4088 2008 4125 ε

425 4157 568 4226 quod
600 4173 793 4227 magno
818 4157 1016 4212 indicio
1054 4166 1140 4212 est
1179 4158 1304 4227 quia
1343 4158 1657 4212 calumniari
1686 4168 1890 4212 tantum
1920 4175 2014 4213 vo-

427 4253 542 4305 lunt
566 4250 642 4305 illi
683 4250 821 4318 viro,
851 4260 1031 4305 etnon
1059 4251 1339 4306 attendere
1381 4251 1522 4321 quod
1563 4267 1734 4320 neque
1779 4254 1847 4306 ab
1895 4255 2012 4310 aliis

427 4344 697 4412 episcopis
728 4343 797 4398 de
843 4344 1119 4412 impietate
1149 4355 1430 4398 accusatus
1460 4354 1570 4411 est,
1602 4354 1695 4398 aut
1717 4347 1783 4400 de
1805 4349 2014 4415 episco-

411 4445 551 4504 patu
582 4435 840 4505 dejectus,
872 4436 1012 4490 sicut
1031 4436 1116 4489 isti
1148 4437 1215 4490 de
1238 4436 1492 4491 clericatu
1517 4452 1532 4500 ;
1559 4453 1729 4506 neque
1750 4439 1840 4494 ille
1872 4439 2015 4493 velut

2116 1892 2260 1937 ctum
2297 1898 2418 1939 esse
2465 1885 2658 1939 Filium
2693 1885 2816 1952 Dei;
2843 1901 3015 1956 neque
3045 1897 3231 1942 natura
3262 1891 3555 1960 proprium,
3610 1890 3709 1946 sed

2115 1991 2428 2035 extraneum
2485 1981 2554 2035 ab
2595 1980 2828 2037 essentia
2875 1981 3045 2036 Patris
3093 1998 3215 2038 eum
3270 1999 3410 2050 esse,
3435 1986 3595 2041 sicuti
3625 1995 3711 2041 est

2116 2071 2346 2142 agricola
2371 2071 2437 2127 ad
2461 2072 2643 2138 vitem,
2667 2083 2720 2126 et
2751 2072 2900 2126 navis
2933 2073 3118 2142 opifex
3151 2074 3218 2129 ad
3244 2091 3434 2130 navem
3461 2094 3474 2129 :
3504 2085 3555 2131 et
3580 2077 3710 2144 quia

2117 2172 2368 2233 tanquam
2423 2163 2630 2218 factura
2680 2178 2784 2218 non
2819 2172 2937 2218 erat
2970 2173 3254 2234 antequam
3290 2165 3459 2222 fleret.
3493 2166 3570 2221 Ita
3600 2177 3708 2235 est,

2115 2254 2328 2324 scripsit
2358 2253 2716 2309 :conlitemur
2737 2261 2790 2307 et
2815 2268 2912 2308 nos
2933 2265 3052 2309 esse
3076 2255 3234 2309 talem
3260 2258 3540 2325 epistolam
3564 2257 3708 2327 ejus.

2115 2347 2221 2403 Sed
2243 2347 2384 2400 sicut
2405 2347 2548 2401 illam
2573 2349 2808 2416 scripsit,
2840 2347 2911 2401 ita
2937 2357 2992 2402 et
3015 2346 3146 2402 alias
3177 2350 3430 2417 plurimas
3457 2352 3673 2420 scripsit
3697 2371 3711 2418 ;

2115 2447 2170 2492 et
2197 2440 2480 2507 oportebat
2525 2453 2619 2492 eos
2663 2449 2716 2494 et
2757 2439 2872 2507 illas
2925 2441 3126 2510 legere,
3153 2450 3211 2494 ut
3241 2458 3304 2496 ex
3337 2444 3605 2508 omnibus,
3655 2454 3713 2499 et

2119 2543 2223 2583 non
2254 2546 2316 2584 ex
2371 2528 2469 2583 ista
2508 2530 2644 2596 sola,
2688 2529 2820 2585 fides
2861 2532 3001 2586 illius
3058 2532 3157 2586 viri
3203 2545 3541 2603 agnoscatur.
3579 2554 3598 2587 υ
3641 2537 3714 2591 Et

2118 2623 2316 2678 deinde
2366 2624 2607 2694 sequitur
2649 2639 2834 2679 eorum
2879 2641 2996 2695 qua:
3043 2629 3457 2683 memoravimus
3477 2644 3711 2684 excusa-

2122 2714 2194 2767 tio
2225 2731 2239 2768 :
2265 2730 2422 2784 quam
2447 2731 2551 2769 non
2577 2715 2628 2769 in
2653 2715 2776 2782 isto,
2802 2718 2925 2786 quia
2955 2717 3213 2786 prolixum
3238 2719 3356 2787 fuit,
3385 2720 3476 2775 sed
3505 2723 3555 2775 in
3584 2722 3710 2787 ejus

2117 2818 2283 2872 opere
2339 2805 2506 2860 lector
2557 2806 2811 2875 inquirat.
2844 2807 3053 2876 Aspicis
3102 2824 3251 2874 vero,
3283 2811 3552 2880 Anguste,
3587 2828 3710 2882 qna‘.

2119 2895 2304 2949 beatus
2336 2897 2655 2950 Athanasius
2679 2898 2730 2951 in
2764 2897 3019 2970 Dionysio
3048 2903 3347 2956 excusanda
3379 2904 3708 2972 su~ciperet,

2118 2999 2222 3039 non
2255 2987 2324 3041 ob
2349 2987 2516 3050 aliud,
2545 2989 2646 3042 nisi
2693 2989 2817 3057 quia
2852 3003 2954 3042 non
2979 3005 3041 3044 ex
3082 2991 3184 3045 levi
3219 3007 3352 3047 sono
3384 2995 3707 3063 verborum,

2116 3080 2208 3135 sed
2231 3095 2292 3134 ex
2316 3081 2611 3134 intentione
2638 3081 2866 3136 dicentis
2894 3083 3204 3138 :estimanda
3226 3095 3352 3138 sunt
3375 3101 3493 3154 qua:
3513 3087 3716 3142 dicun-

863 3155 1059 3210 deinde
1105 3155 1296 3209 melius
1338 3154 1454 3209 haec
1501 3154 1614 3224 ipsa
1670 3154 2007 3224 interpretari

2119 3180 2220 3223 tur.
2246 3169 2483 3226 Dicentis
2529 3183 2707 3227 autem
2760 3173 3010 3238 intentio,
3044 3190 3164 3229 cum
3195 3174 3304 3246 jam
3335 3193 3571 3247 persona
3617 3180 3712 3236 de~

2116 3260 2296 3314 functa
2326 3272 2440 3321 est.
2468 3278 2534 3316 ex
2567 3265 2946 3320 communione
2984 3263 3006 3296 ⁸
3039 3265 3340 3334 religiosius
3381 3267 3715 3331 aestimatur.

2117 3349 2226 3404 Hoc
2254 3360 2338 3405 est
2365 3353 2507 3406 enim
2536 3354 2674 3422 quod
2700 3355 2775 3408 ait
2813 3371 2828 3408 :
2861 3355 2916 3411 Si
2941 3356 3083 3410 enim
3103 3356 3300 3426 aliquid
3329 3358 3557 3415 istorum
3587 3377 3715 3418 sen-

2115 3445 2257 3518 tiret,
2275 3445 2356 3500 vel
2380 3445 2447 3500 de
2470 3445 2532 3499 iis
2546 3461 2664 3516 quae
2685 3448 2901 3516 scripsit
2921 3450 3323 3505 excusationem
3345 3468 3450 3506 non
3478 3453 3713 3521 faceret,

2113 3531 2228 3588 sine
2250 3535 2595 3604 ambiguitate
2635 3539 2796 3591 etiam
2832 3538 2946 3608 ipse
2993 3541 3188 3595 similia
3229 3552 3549 3611 pateretur:
3590 3556 3714 3602 tan-

2113 3641 2270 3695 quam
2297 3627 2517 3681 dicens:
2550 3627 2664 3682 Non
2693 3629 2832 3698 quod
2865 3631 2915 3684 in
2937 3631 3113 3686 verbis
3148 3644 3300 3688 sonat
3321 3634 3596 3691 debemus
3631 3648 3714 3694 at-

2116 3719 2360 3783 tendere,
2384 3720 2477 3774 sed
2501 3723 2721 3777 credere
2742 3722 2919 3792 potius
2941 3723 3007 3778 de
3033 3725 3271 3781 Ecclesia
3296 3729 3516 3796 Christi,
3547 3748 3717 3801 quam

2127 3812 2260 3880 regit
2288 3813 2402 3880 ipse
2429 3813 2517 3882 qui
2550 3817 2810 3884 sanguine
2852 3832 2950 3871 suo
2999 3819 3254 3883 redemit,
3298 3823 3558 3891 quoniam
3615 3827 3672 3882 ni
3706 3828 3722 3882 i

2115 3901 2228 3956 haec
2279 3902 2414 3956 bona
2465 3904 2763 3960 intentione
2804 3908 3064 3974 proferret
3088 3951 3100 3974 ,
3135 3920 3226 3964 aut
3253 3913 3369 3967 aliis
3396 3921 3512 3982 ejus
3550 3918 3722 3972 dictis

2115 3994 2418 4049 auferretur
2445 3995 2705 4064 offensio,
2737 3999 2853 4054 sine
2897 3999 3064 4055 dubio
3120 4002 3403 4074 Dionysius
3427 4006 3481 4059 in
3509 4022 3581 4062 ea
3615 4026 3725 4064 non

2115 4092 2361 4138 maneret
2390 4085 2698 4154 episeopus.
2733 4088 2893 4156 Igitur
2926 4091 3283 4158 Athanasius,
3312 4096 3400 4163 qui
3441 4113 3554 4151 non
3605 4110 3724 4153 tan-

2119 4181 2227 4226 tum
2256 4173 2403 4226 verbi
2437 4174 2700 4239 doctrina,
2725 4187 2979 4244 quantum
3014 4181 3373 4248 passiooibus,
3403 4187 3569 4241 trinae
3595 4191 3726 4244 uni-

2119 4266 2244 4318 tatis
2261 4274 2375 4319 erat
2407 4276 2666 4331 assertor,
2699 4275 2752 4320 et
2778 4268 2929 4337 cujus
2963 4279 3073 4325 tota
3103 4272 3208 4325 vita
3237 4277 3558 4345 martytium
3604 4280 3730 4345 fuit,

2119 4355 2433 4410 auctoritati
2494 4372 2553 4412 se
2605 4357 2783 4412 subdit
2833 4360 3114 4428 Ecclesia,
3169 4371 3224 4418 et
3267 4366 3404 4434 quod
3460 4367 3732 4441 Dionysio

2123 4448 2551 4504 communicavit
2580 4466 2749 4520 usque
2798 4452 2850 4506 in
2905 4453 3103 4521 finem,
3151 4455 3252 4510 hoc
3297 4458 3469 4512 solum
3509 4460 3735 4530 judicat

417 4528 699 4583 .ltaarcsem
725 4527 1042 4596 defendens,
1067 4528 1134 4584 de
1165 4529 1402 4584 Ecclesia
1431 4529 1702 4597 discessit,
1730 4531 1824 4586 sed
1851 4533 1902 4586 in
1924 4549 2012 4589 ea-
2047 4569 2099 4626 Ι)
2128 4543 2244 4614 ejus
2276 4543 2578 4614 purgationi
2607 4544 2870 4610 sufficere,
2900 4545 2970 4599 ita
2999 4557 3055 4600 ut
3085 4547 3231 4602 illum
3264 4565 3358 4618 pro
3382 4527 3588 4608 talib-us
3619 4556 3734 4610 dic.

498 4714 525 4742 ι
555 4706 699 4760 Tota
717 4706 952 4777 Dionysii
983 4708 1274 4774 accusatio,
1299 4717 1354 4764 ut
1385 4710 1704 4766 Athanasius
1729 4717 1779 4769 ἐν
1805 4725 1867 4774 τῆ
1893 4720 2018 4773 ἀπο-

424 4777 566 4857 λογίᾳ
595 4779 725 4857 ᾇπέρ
756 4776 1007 4832 Διονὺσὶου
1040 4777 1322 4857 interminata
1349 4776 1923 4857 Ἀλεξανδρείας-110661,
1951 4790 2019 4840 ab

425 4849 649 4916 epistola
675 4849 831 4925 quam
858 4859 1040 4925 contra
1066 4849 1668 4925 Sabelliumscripse'rat
1685 4856 1751 4909 ad
1779 4857 2021 4925 Euphra-

429 4933 614 4972 norem
645 4926 700 4972 et
727 4921 1106 4994 Amnrottium,
1136 4918 1204 4974 de
1237 4937 1338 4990 qua
1369 4918 1553 4994 Hatria:
1583 4940 1808 4994 purgare
1837 4918 1896 4982 se
1923 4945 2018 4982 co-

427 4996 580 5062 actus
603 5011 610 5032 ι
635 4998 684 5042 st
705 4988 842 5062 apud
869 4988 1419 5062 Dionysiun'tipapam.
1447 4993 1498 5046 In
1524 4988 2022 5053 ea‘continebantur

432 5061 545 5112 haec
602 5061 777 5113 omnia
825 5074 944 5134 qua:
975 5061 1270 5134 "l’acundus
1317 5065 1384 5116 ab
1430 5079 1494 5118 ro
1537 5081 1814 5134 perperam
1877 5070 2017 5123 dicta

431 5139 839 5184 commemorat.
869 5132 1134 5208 Czetertttn
1185 5133 1508 5208 Athanasius
1533 5132 1871 5208 :Dionysium
1908 5143 2020 5193 vult

431 5214 535 5280 non
581 5215 764 5280 errare
809 5215 900 5255 aut
947 5203 1258 5280 ignorantia,
1290 5204 1385 5280 sed
1432 5205 1545 5280 μετ’
1585 5203 1861 5280 aeuo-2mm
1906 5211 2018 5267 haec

430 5269 710 5347 scripsisse
732 5269 1301 5347 conti-aSabeliianos.
1329 5275 1555 5330 Basilius
1576 5293 1703 5333 vero
1733 5269 1890 5347 episn
1926 5281 2017 5346 41,

430 5341 556 5394 dum
605 5342 656 5395 ill
700 5342 1026 5396 contrarium
1062 5343 1253 5412 tendit,
1283 5353 1437 5400 κακοῦ
1467 5349 1613 5402 κακὸν
1653 5341 1937 5423 διαμεῖψαι,
1963 5341 2018 5408 et

511 5583 526 5656 ξ
559 5581 691 5656 Cod.
724 5581 942 5656 γεγρα..
967 5583 1117 5656 nimis
1156 5587 1402 5656 digit-ilia.
1471 5589 1483 5595 ’

504 5655 525 5726 ξ
569 5653 712 5726 idem
740 5654 884 5726 cod.,
907 5655 1069 5726 verbis
1086 5660 1196 5726 ejus
1211 5653 1504 5717 ostendam.

506 5722 524 5754 ³
565 5724 708 5778 idem
763 5725 908 5791 cod.,
961 5722 1140 5794 (aliene
1195 5731 1492 5786 moliuntur.
1545 5731 1729 5789 Grazca
1767 5750 1870 5791 vox
1924 5747 2008 5794 est

2120 4723 2564 4809 ill-CH‘IHCAIDPSUIT!
2591 4733 2758 4809 pullat.
2790 4725 3099 4809 ’Δνξιεῗςιὶνωγ
3120 4733 3218 4809 γὰρ
3245 4720 3499 4808 σφοδίοῶξ,
3529 4737 3739 4809 inquit,

2119 4803 2183 4866 τῇ
2219 4795 2431 4868 ἀσεϐείᾳ
2476 4802 2568 4849 τοῦ
2593 4797 2813 4868 ΔΛίϐυος.
2848 4797 3022 4853 ἔλαθεν
3064 4795 3242 4856 Eant-33v
3287 4795 3454 4864 sigla-6
3489 4795 3747 4868 svasit-io;

2307 4863 2419 4954 13³7ςό⁷
2450 4874 2540 4924 τῆς
2582 4863 2711 4948 ἄγριον
2754 4867 3035 4954 quiores-eia;
3068 4863 3389 4954 ιξπεγξχθεὶξ.
3423 4878 3496 4931 lle
3528 4863 3740 4936 eventu

2127 4937 2288 4986 etiam
2318 4935 2786 5008 disnepant'inter
2814 4954 2894 4993 se.
2916 4935 3050 4995 Nam
3081 4935 3305 4997 Basilius
3331 4947 3560 5002 lurrcsis
3587 4935 3738 5008 Ano-

2129 5019 2354 5084 minante
2397 5008 2598 5084 sentina
2639 5007 2831 5084 iecisse
2848 5011 3098 5084 affirmat
3123 5013 3451 5084 Dicttysium.
3486 5023 3740 5076 Athana-

2127 5074 2243 5162 sius
2267 5089 2467 5162 crinem
2509 5074 2793 5162 immerito
2831 5074 3324 5162 Arianosépddog'oa
3353 5094 3438 5162 agri
3467 5074 3740 5162 ὁ,αὸφρξῆ

2127 5148 2412 5199 sententiae
2433 5161 2561 5229 “suae
2578 5149 3033 5229 .astipttlalorem;
3047 5143 3259 5219 jactare.
3277 5158 3349 5210 ait
3382 5143 3743 5229 nim‘iyﬁi‘iziiﬁ

2128 5230 2247 5289 cum
2287 5231 2351 5270 ex
2395 5218 2513 5289 aliis
2541 5217 2660 5286 ejus
2687 5217 2900 5289 scriptis
2941 5217 3222 5289 deberent,
3251 5241 3352 5282 non
3379 5242 3450 5282 ex
3486 5217 3595 5284 hac
3633 5217 3740 5288 una

2127 5286 2468 5367 cpistolaLde
2497 5289 2638 5367 illius
2670 5286 3148 5367 doetrinaqne
3178 5286 3354 5352 facere
3377 5298 3689 5367 judicium.

2191 5356 2225 5393 τ,
2267 5356 2321 5436 in
2351 5356 2563 5436 graeco,
2595 5358 2850 5436 biskéyﬁu,
2884 5356 3141 5436 coarguer.

2202 5436 2223 5464 ο
2267 5425 2320 5479 In
2345 5425 2868 5502 (ἓΐωεο,προφὰ’σει;,
2888 5425 3263 5502 excusationes,
3289 5437 3374 5493 vel
3395 5442 3745 5501 occasiones.

2541 5609 3044 5697 apud’Athanasium
3075 5615 3130 5669 in
3158 5615 3379 5688 epistola
3409 5618 3472 5673 de
3514 5636 3748 5680 senten-

2143 5695 2190 5731 ta
2220 5695 2475 5747 Utonysu.

2195 5749 2213 5778 ⁸
2255 5751 2394 5804 idem
2417 5751 2561 5819 cod.,
2592 5755 2948 5811 communione
2978 5755 3223 5815 Ecclesia
3245 5760 3556 5832 religiosius.
