  <div class='ocr_page' id='page_1' title='image "/cluster/home/n/w/nwhite01/storage/ocr_20150623/67/hvd.32044073505273/400.png"; bbox 0 0 3998 6202; ppageno 0'>
   <div class='ocr_carea' id='block_1_1' title="bbox 283 348 388 402">
    <p class='ocr_par' dir='ltr' id='par_1_1' title="bbox 283 348 388 402">
     <span class='ocr_line' id='line_1_1' title="bbox 283 348 388 402; baseline -0.019 -1"><span class='ocrx_word' id='word_1_1' title='bbox 283 348 388 402; x_wconf 70' lang='lat'><strong>785</strong></span> 
     </span>
    </p>
   </div>
   <div class='ocr_carea' id='block_1_2' title="bbox 1177 338 3568 403">
    <p class='ocr_par' dir='ltr' id='par_1_2' title="bbox 1177 338 3568 403">
     <span class='ocr_line' id='line_1_2' title="bbox 1177 338 3568 403; baseline -0.004 -3"><span class='ocrx_word' id='word_1_2' title='bbox 1177 345 1309 401; x_wconf 81' lang='lat' dir='ltr'><strong>PRO</strong></span> <span class='ocrx_word' id='word_1_3' title='bbox 1349 343 1779 403; x_wconf 74' lang='lat' dir='ltr'><strong>DEFENSIONE</strong></span> <span class='ocrx_word' id='word_1_4' title='bbox 1820 344 2031 400; x_wconf 72' lang='lat' dir='ltr'><strong>TRIUM</strong></span> <span class='ocrx_word' id='word_1_5' title='bbox 2068 342 2383 399; x_wconf 77' lang='lat' dir='ltr'><strong>CAPITUL.</strong></span> <span class='ocrx_word' id='word_1_6' title='bbox 2429 342 2560 397; x_wconf 84' lang='lat' dir='ltr'><strong>LIB.</strong></span> <span class='ocrx_word' id='word_1_7' title='bbox 2604 342 2669 399; x_wconf 84' lang='lat' dir='ltr'><strong>X.</strong></span> <span class='ocrx_word' id='word_1_8' title='bbox 3469 338 3568 392; x_wconf 71' lang='lat'><strong>736</strong></span> 
     </span>
    </p>
   </div>
   <div class='ocr_carea' id='block_1_3' title="bbox 284 454 3573 529">
    <p class='ocr_par' dir='ltr' id='par_1_3' title="bbox 284 454 3573 529">
     <span class='ocr_line' id='line_1_3' title="bbox 284 454 3573 529; baseline -0.002 -12"><span class='ocrx_word' id='word_1_9' title='bbox 284 466 353 517; x_wconf 86' lang='lat' dir='ltr'><strong>tis</strong></span> <span class='ocrx_word' id='word_1_10' title='bbox 387 474 491 513; x_wconf 89' lang='lat' dir='ltr'><strong>non</strong></span> <span class='ocrx_word' id='word_1_11' title='bbox 516 456 881 511; x_wconf 75' lang='lat' dir='ltr'><strong>condemnare</strong></span> <span class='ocrx_word' id='word_1_12' title='bbox 908 454 1053 522; x_wconf 89' lang='lat' dir='ltr'><strong>dico,</strong></span> <span class='ocrx_word' id='word_1_13' title='bbox 1076 473 1261 513; x_wconf 89' lang='lat' dir='ltr'><strong>verum</strong></span> <span class='ocrx_word' id='word_1_14' title='bbox 1287 475 1383 513; x_wconf 88' lang='lat' dir='ltr'><strong>nec</strong></span> <span class='ocrx_word' id='word_1_15' title='bbox 1402 460 1593 516; x_wconf 71' lang='lat' dir='ltr'><strong>leviter</strong></span> <span class='ocrx_word' id='word_1_16' title='bbox 1616 459 1837 529; x_wconf 85' lang='lat' dir='ltr'><strong>culpare</strong></span> <span class='ocrx_word' id='word_1_17' title='bbox 1869 461 1882 490; x_wconf 85' lang='grc'>¹</span> <span class='ocrx_word' id='word_1_18' title='bbox 1917 460 1966 521; x_wconf 82' lang='grc' dir='ltr'><strong>Α</strong></span> <span class='ocrx_word' id='word_1_19' title='bbox 1998 461 2121 516; x_wconf 86' lang='lat' dir='ltr'><strong>dem</strong></span> <span class='ocrx_word' id='word_1_20' title='bbox 2154 462 2333 515; x_wconf 79' lang='lat' dir='ltr'><strong>verbis</strong></span> <span class='ocrx_word' id='word_1_21' title='bbox 2363 459 2556 529; x_wconf 81' lang='lat' dir='ltr'><strong>quibus</strong></span> <span class='ocrx_word' id='word_1_22' title='bbox 2578 458 2790 515; x_wconf 82' lang='lat' dir='ltr'><strong>Arianis</strong></span> <span class='ocrx_word' id='word_1_23' title='bbox 2843 457 2929 512; x_wconf 90' lang='lat' dir='ltr'><strong>ille</strong></span> <span class='ocrx_word' id='word_1_24' title='bbox 2982 458 3275 525; x_wconf 73' lang='lat' dir='ltr'><strong>respondit,</strong></span> <span class='ocrx_word' id='word_1_25' title='bbox 3307 472 3405 528; x_wconf 80' lang='lat' dir='ltr'><strong>ego</strong></span> <span class='ocrx_word' id='word_1_26' title='bbox 3443 474 3573 525; x_wconf 83' lang='lat' dir='ltr'><strong>quo-</strong></span> 
     </span>
    </p>
   </div>
   <div class='ocr_carea' id='block_1_4' title="bbox 287 547 1879 623">
    <p class='ocr_par' dir='ltr' id='par_1_4' title="bbox 287 547 1879 623">
     <span class='ocr_line' id='line_1_4' title="bbox 287 547 1879 623; baseline -0.001 -18"><span class='ocrx_word' id='word_1_27' title='bbox 287 557 616 623; x_wconf 76' lang='lat' dir='ltr'><strong>prmsumat;</strong></span> <span class='ocrx_word' id='word_1_28' title='bbox 646 549 822 602; x_wconf 83' lang='lat' dir='ltr'><strong>sciens</strong></span> <span class='ocrx_word' id='word_1_29' title='bbox 872 547 1123 618; x_wconf 86' lang='lat' dir='ltr'><strong>quoniam</strong></span> <span class='ocrx_word' id='word_1_30' title='bbox 1170 550 1217 604; x_wconf 89' lang='lat' dir='ltr'><strong>si</strong></span> <span class='ocrx_word' id='word_1_31' title='bbox 1272 554 1371 605; x_wconf 94' lang='lat' dir='ltr'><strong>hoc</strong></span> <span class='ocrx_word' id='word_1_32' title='bbox 1429 548 1646 616; x_wconf 80' lang='lat' dir='ltr'><strong>faceret,</strong></span> <span class='ocrx_word' id='word_1_33' title='bbox 1694 560 1879 617; x_wconf 85' lang='lat' dir='ltr'><strong>totam,</strong></span> 
     </span>
    </p>
   </div>
   <div class='ocr_carea' id='block_1_5' title="bbox 286 641 1884 715">
    <p class='ocr_par' dir='ltr' id='par_1_5' title="bbox 286 641 1884 715">
     <span class='ocr_line' id='line_1_5' title="bbox 286 641 1884 715; baseline 0 -16"><span class='ocrx_word' id='word_1_34' title='bbox 286 659 407 715; x_wconf 69' lang='lat' dir='ltr'><strong>(lus:</strong></span> <span class='ocrx_word' id='word_1_35' title='bbox 457 641 528 697; x_wconf 88' lang='lat' dir='ltr'><strong>illi</strong></span> <span class='ocrx_word' id='word_1_36' title='bbox 560 641 996 708; x_wconf 88' lang='lat' dir='ltr'><strong>communicavit,</strong></span> <span class='ocrx_word' id='word_1_37' title='bbox 1036 642 1280 712; x_wconf 74' lang='lat' dir='ltr'><strong>culparet</strong></span> <span class='ocrx_word' id='word_1_38' title='bbox 1334 646 1648 699; x_wconf 77' lang='lat' dir='ltr'><strong>Ecclesium.</strong></span> <span class='ocrx_word' id='word_1_39' title='bbox 1686 644 1752 699; x_wconf 86' lang='lat' dir='ltr'><strong>Et</strong></span> <span class='ocrx_word' id='word_1_40' title='bbox 1791 660 1884 700; x_wconf 89' lang='lat' dir='ltr'><strong>ne-</strong></span> 
     </span>
    </p>
   </div>
   <div class='ocr_carea' id='block_1_6' title="bbox 286 732 1882 805">
    <p class='ocr_par' dir='ltr' id='par_1_6' title="bbox 286 732 1882 805">
     <span class='ocr_line' id='line_1_6' title="bbox 286 732 1882 805; baseline -0.001 -14"><span class='ocrx_word' id='word_1_41' title='bbox 286 737 402 791; x_wconf 88' lang='lat' dir='ltr'><strong>scio</strong></span> <span class='ocrx_word' id='word_1_42' title='bbox 429 735 540 805; x_wconf 87' lang='lat' dir='ltr'><strong>qui,</strong></span> <span class='ocrx_word' id='word_1_43' title='bbox 569 746 705 803; x_wconf 89' lang='lat' dir='ltr'><strong>quos</strong></span> <span class='ocrx_word' id='word_1_44' title='bbox 720 732 922 786; x_wconf 87' lang='lat' dir='ltr'><strong>utinam</strong></span> <span class='ocrx_word' id='word_1_45' title='bbox 952 748 1075 787; x_wconf 86' lang='lat' dir='ltr'><strong>vere</strong></span> <span class='ocrx_word' id='word_1_46' title='bbox 1108 735 1458 800; x_wconf 83' lang='lat' dir='ltr'><strong>nesciremus,</strong></span> <span class='ocrx_word' id='word_1_47' title='bbox 1486 737 1828 805; x_wconf 60' lang='lat' dir='ltr'><strong>prirdicatum</strong></span> <span class='ocrx_word' id='word_1_48' title='bbox 1854 752 1882 789; x_wconf 93' lang='lat' dir='ltr'><strong>a</strong></span> 
     </span>
    </p>
   </div>
   <div class='ocr_carea' id='block_1_7' title="bbox 291 823 1881 894">
    <p class='ocr_par' dir='ltr' id='par_1_7' title="bbox 291 823 1881 894">
     <span class='ocr_line' id='line_1_7' title="bbox 291 823 1881 894; baseline 0 -13"><span class='ocrx_word' id='word_1_49' title='bbox 291 828 453 881; x_wconf 90' lang='lat' dir='ltr'><strong>tantis</strong></span> <span class='ocrx_word' id='word_1_50' title='bbox 498 823 747 879; x_wconf 80' lang='lat' dir='ltr'><strong>Patribus</strong></span> <span class='ocrx_word' id='word_1_51' title='bbox 788 823 1127 879; x_wconf 90' lang='lat' dir='ltr'><strong>Theodorum</strong></span> <span class='ocrx_word' id='word_1_52' title='bbox 1166 825 1218 877; x_wconf 90' lang='lat' dir='ltr'><strong>in</strong></span> <span class='ocrx_word' id='word_1_53' title='bbox 1262 826 1735 894; x_wconf 77' lang='lat' dir='ltr'><strong>reprehensionem</strong></span> <span class='ocrx_word' id='word_1_54' title='bbox 1778 827 1881 881; x_wconf 67' lang='lat' dir='ltr'><strong>Ec-</strong></span> 
     </span>
    </p>
   </div>
   <div class='ocr_carea' id='block_1_8' title="bbox 288 917 1884 988">
    <p class='ocr_par' dir='ltr' id='par_1_8' title="bbox 288 917 1884 988">
     <span class='ocr_line' id='line_1_8' title="bbox 288 917 1884 988; baseline -0.001 -15"><span class='ocrx_word' id='word_1_55' title='bbox 288 920 468 975; x_wconf 73' lang='lat' dir='ltr'><strong>clesia:</strong></span> <span class='ocrx_word' id='word_1_56' title='bbox 516 917 876 973; x_wconf 80' lang='lat' dir='ltr'><strong>condemnare</strong></span> <span class='ocrx_word' id='word_1_57' title='bbox 925 925 1253 986; x_wconf 60' lang='lat' dir='ltr'><strong>praesumunt</strong></span> <span class='ocrx_word' id='word_1_58' title='bbox 1275 958 1289 983; x_wconf 95' lang='lat'><strong>,</strong></span> <span class='ocrx_word' id='word_1_59' title='bbox 1321 926 1373 972; x_wconf 92' lang='lat' dir='ltr'><strong>et</strong></span> <span class='ocrx_word' id='word_1_60' title='bbox 1403 919 1617 988; x_wconf 87' lang='lat' dir='ltr'><strong>insuper</strong></span> <span class='ocrx_word' id='word_1_61' title='bbox 1645 928 1884 973; x_wconf 87' lang='lat' dir='ltr'><strong>sanctam</strong></span> 
     </span>
    </p>
   </div>
   <div class='ocr_carea' id='block_1_9' title="bbox 290 1006 1887 1082">
    <p class='ocr_par' dir='ltr' id='par_1_9' title="bbox 290 1006 1887 1082">
     <span class='ocr_line' id='line_1_9' title="bbox 290 1006 1887 1082; baseline -0.003 -16"><span class='ocrx_word' id='word_1_62' title='bbox 290 1011 579 1082; x_wconf 76' lang='lat' dir='ltr'><strong>synodum,</strong></span> <span class='ocrx_word' id='word_1_63' title='bbox 613 1009 753 1079; x_wconf 92' lang='lat' dir='ltr'><strong>quod</strong></span> <span class='ocrx_word' id='word_1_64' title='bbox 801 1006 903 1062; x_wconf 88' lang='lat' dir='ltr'><strong>hoc</strong></span> <span class='ocrx_word' id='word_1_65' title='bbox 955 1024 1060 1063; x_wconf 92' lang='lat' dir='ltr'><strong>non</strong></span> <span class='ocrx_word' id='word_1_66' title='bbox 1111 1011 1510 1078; x_wconf 60' lang='lat' dir='ltr'><strong>praesumpserit</strong></span> <span class='ocrx_word' id='word_1_67' title='bbox 1566 1009 1887 1065; x_wconf 88' lang='lat' dir='ltr'><strong>criminari?</strong></span> 
     </span>
    </p>
   </div>
   <div class='ocr_carea' id='block_1_10' title="bbox 291 1098 1881 1170">
    <p class='ocr_par' dir='ltr' id='par_1_10' title="bbox 291 1098 1881 1170">
     <span class='ocr_line' id='line_1_10' title="bbox 291 1098 1881 1170; baseline 0.001 -14"><span class='ocrx_word' id='word_1_68' title='bbox 291 1102 429 1170; x_wconf 75' lang='lat' dir='ltr'><strong>Quid</strong></span> <span class='ocrx_word' id='word_1_69' title='bbox 453 1110 536 1156; x_wconf 90' lang='lat' dir='ltr'><strong>est</strong></span> <span class='ocrx_word' id='word_1_70' title='bbox 558 1109 735 1154; x_wconf 79' lang='lat' dir='ltr'><strong>autem</strong></span> <span class='ocrx_word' id='word_1_71' title='bbox 767 1098 913 1169; x_wconf 89' lang='lat' dir='ltr'><strong>quod</strong></span> <span class='ocrx_word' id='word_1_72' title='bbox 940 1101 991 1153; x_wconf 93' lang='lat' dir='ltr'><strong>in</strong></span> <span class='ocrx_word' id='word_1_73' title='bbox 1019 1100 1629 1169; x_wconf 78' lang='lat' dir='ltr'><strong>illoiirexeusabilejam</strong></span> <span class='ocrx_word' id='word_1_74' title='bbox 1660 1103 1881 1157; x_wconf 90' lang='lat' dir='ltr'><strong>invene-</strong></span> 
     </span>
    </p>
   </div>
   <div class='ocr_carea' id='block_1_11' title="bbox 294 1190 1877 1261">
    <p class='ocr_par' dir='ltr' id='par_1_11' title="bbox 294 1190 1877 1261">
     <span class='ocr_line' id='line_1_11' title="bbox 294 1190 1877 1261; baseline -0.001 -14"><span class='ocrx_word' id='word_1_75' title='bbox 294 1201 435 1257; x_wconf 90' lang='lat' dir='ltr'><strong>rant,</strong></span> <span class='ocrx_word' id='word_1_76' title='bbox 467 1193 512 1245; x_wconf 91' lang='lat' dir='ltr'><strong>si</strong></span> <span class='ocrx_word' id='word_1_77' title='bbox 538 1191 592 1245; x_wconf 89' lang='lat' dir='ltr'><strong>in</strong></span> <span class='ocrx_word' id='word_1_78' title='bbox 640 1190 897 1261; x_wconf 85' lang='lat' dir='ltr'><strong>Dionysio</strong></span> <span class='ocrx_word' id='word_1_79' title='bbox 932 1193 1103 1259; x_wconf 91' lang='lat' dir='ltr'><strong>potuit</strong></span> <span class='ocrx_word' id='word_1_80' title='bbox 1136 1193 1407 1259; x_wconf 82' lang='lat' dir='ltr'><strong>excusari,</strong></span> <span class='ocrx_word' id='word_1_81' title='bbox 1438 1192 1580 1261; x_wconf 88' lang='lat' dir='ltr'><strong>quod</strong></span> <span class='ocrx_word' id='word_1_82' title='bbox 1620 1195 1877 1247; x_wconf 81' lang='lat' dir='ltr'><strong>facturam</strong></span> 
     </span>
    </p>
   </div>
   <div class='ocr_carea' id='block_1_12' title="bbox 292 1282 1888 1348">
    <p class='ocr_par' dir='ltr' id='par_1_12' title="bbox 292 1282 1888 1348">
     <span class='ocr_line' id='line_1_12' title="bbox 292 1282 1888 1348; baseline -0.001 -8"><span class='ocrx_word' id='word_1_83' title='bbox 292 1300 418 1340; x_wconf 87' lang='lat' dir='ltr'><strong>esse</strong></span> <span class='ocrx_word' id='word_1_84' title='bbox 463 1283 595 1338; x_wconf 92' lang='lat' dir='ltr'><strong>dicit</strong></span> <span class='ocrx_word' id='word_1_85' title='bbox 643 1282 834 1337; x_wconf 89' lang='lat' dir='ltr'><strong>Filium</strong></span> <span class='ocrx_word' id='word_1_86' title='bbox 875 1284 991 1348; x_wconf 89' lang='lat' dir='ltr'><strong>Dei,</strong></span> <span class='ocrx_word' id='word_1_87' title='bbox 1017 1294 1068 1338; x_wconf 92' lang='lat' dir='ltr'><strong>et</strong></span> <span class='ocrx_word' id='word_1_88' title='bbox 1089 1295 1402 1340; x_wconf 79' lang='lat' dir='ltr'><strong>extraneum</strong></span> <span class='ocrx_word' id='word_1_89' title='bbox 1433 1287 1499 1341; x_wconf 88' lang='lat' dir='ltr'><strong>ab</strong></span> <span class='ocrx_word' id='word_1_90' title='bbox 1527 1287 1756 1340; x_wconf 83' lang='lat' dir='ltr'><strong>essentia</strong></span> <span class='ocrx_word' id='word_1_91' title='bbox 1786 1287 1888 1341; x_wconf 82' lang='lat' dir='ltr'><strong>Pa-</strong></span> 
     </span>
    </p>
   </div>
   <div class='ocr_carea' id='block_1_13' title="bbox 295 1378 1888 1458">
    <p class='ocr_par' dir='ltr' id='par_1_13' title="bbox 295 1378 1888 1458">
     <span class='ocr_line' id='line_1_13' title="bbox 295 1378 1888 1458; baseline 0.001 -26"><span class='ocrx_word' id='word_1_92' title='bbox 295 1381 415 1442; x_wconf 80' lang='lat' dir='ltr'><strong>tris,</strong></span> <span class='ocrx_word' id='word_1_93' title='bbox 448 1385 503 1430; x_wconf 76' lang='lat' dir='ltr'><strong>et</strong></span> <span class='ocrx_word' id='word_1_94' title='bbox 532 1378 652 1446; x_wconf 91' lang='lat' dir='ltr'><strong>quia</strong></span> <span class='ocrx_word' id='word_1_95' title='bbox 703 1392 806 1431; x_wconf 93' lang='lat' dir='ltr'><strong>non</strong></span> <span class='ocrx_word' id='word_1_96' title='bbox 859 1388 976 1458; x_wconf 64' lang='lat' dir='ltr'><strong>erat</strong></span> <span class='ocrx_word' id='word_1_97' title='bbox 1007 1388 1292 1446; x_wconf 74' lang='lat' dir='ltr'><strong>antequam</strong></span> <span class='ocrx_word' id='word_1_98' title='bbox 1340 1378 1517 1444; x_wconf 82' lang='lat' dir='ltr'><strong>fieret,</strong></span> <span class='ocrx_word' id='word_1_99' title='bbox 1551 1394 1672 1433; x_wconf 88' lang='lat' dir='ltr'><strong>cum</strong></span> <span class='ocrx_word' id='word_1_100' title='bbox 1704 1379 1888 1434; x_wconf 85' lang='lat' dir='ltr'><strong>Patres</strong></span> 
     </span>
    </p>
   </div>
   <div class='ocr_carea' id='block_1_14' title="bbox 302 1468 1889 1539">
    <p class='ocr_par' dir='ltr' id='par_1_14' title="bbox 302 1468 1889 1539">
     <span class='ocr_line' id='line_1_14' title="bbox 302 1468 1889 1539; baseline 0.001 -16"><span class='ocrx_word' id='word_1_101' title='bbox 302 1468 441 1539; x_wconf 86' lang='lat' dir='ltr'><strong>apud</strong></span> <span class='ocrx_word' id='word_1_102' title='bbox 489 1468 722 1523; x_wconf 64' lang='lat' dir='ltr'><strong>Nicaeam</strong></span> <span class='ocrx_word' id='word_1_103' title='bbox 763 1469 1334 1525; x_wconf 81' lang='lat' dir='ltr'><strong>auatheuiatizaverint</strong></span> <span class='ocrx_word' id='word_1_104' title='bbox 1389 1484 1484 1525; x_wconf 87' lang='lat' dir='ltr'><strong>eos</strong></span> <span class='ocrx_word' id='word_1_105' title='bbox 1528 1472 1617 1539; x_wconf 90' lang='lat' dir='ltr'><strong>qui</strong></span> <span class='ocrx_word' id='word_1_106' title='bbox 1660 1469 1889 1525; x_wconf 91' lang='lat' dir='ltr'><strong>dicunt:</strong></span> 
     </span>
    </p>
   </div>
   <div class='ocr_carea' id='block_1_15' title="bbox 300 1559 1889 1631">
    <p class='ocr_par' dir='ltr' id='par_1_15' title="bbox 300 1559 1889 1631">
     <span class='ocr_line' id='line_1_15' title="bbox 300 1559 1889 1631; baseline 0.001 -16"><span class='ocrx_word' id='word_1_107' title='bbox 300 1566 427 1615; x_wconf 69' lang='lat' dir='ltr'><strong>lirat</strong></span> <span class='ocrx_word' id='word_1_108' title='bbox 454 1559 669 1631; x_wconf 82' lang='lat' dir='ltr'><strong>quando</strong></span> <span class='ocrx_word' id='word_1_109' title='bbox 695 1575 797 1613; x_wconf 93' lang='lat' dir='ltr'><strong>non</strong></span> <span class='ocrx_word' id='word_1_110' title='bbox 823 1570 972 1626; x_wconf 87' lang='lat' dir='ltr'><strong>erat,</strong></span> <span class='ocrx_word' id='word_1_111' title='bbox 1006 1570 1060 1614; x_wconf 91' lang='lat' dir='ltr'><strong>et</strong></span> <span class='ocrx_word' id='word_1_112' title='bbox 1115 1572 1400 1631; x_wconf 88' lang='lat' dir='ltr'><strong>antequam</strong></span> <span class='ocrx_word' id='word_1_113' title='bbox 1434 1570 1749 1616; x_wconf 88' lang='lat' dir='ltr'><strong>nasceretur</strong></span> <span class='ocrx_word' id='word_1_114' title='bbox 1783 1578 1889 1617; x_wconf 88' lang='lat' dir='ltr'><strong>non</strong></span> 
     </span>
    </p>
   </div>
   <div class='ocr_carea' id='block_1_16' title="bbox 298 1652 1894 1722">
    <p class='ocr_par' dir='ltr' id='par_1_16' title="bbox 298 1652 1894 1722">
     <span class='ocr_line' id='line_1_16' title="bbox 298 1652 1894 1722; baseline 0.003 -17"><span class='ocrx_word' id='word_1_115' title='bbox 298 1662 457 1719; x_wconf 84' lang='lat' dir='ltr'><strong>erat;</strong></span> <span class='ocrx_word' id='word_1_116' title='bbox 491 1662 543 1707; x_wconf 89' lang='lat' dir='ltr'><strong>et</strong></span> <span class='ocrx_word' id='word_1_117' title='bbox 568 1652 657 1722; x_wconf 86' lang='lat' dir='ltr'><strong>qui</strong></span> <span class='ocrx_word' id='word_1_118' title='bbox 697 1652 880 1706; x_wconf 82' lang='lat' dir='ltr'><strong>dicitnt</strong></span> <span class='ocrx_word' id='word_1_119' title='bbox 934 1654 1128 1706; x_wconf 83' lang='lat' dir='ltr'><strong>factum</strong></span> <span class='ocrx_word' id='word_1_120' title='bbox 1161 1652 1245 1707; x_wconf 87' lang='lat' dir='ltr'><strong>vel</strong></span> <span class='ocrx_word' id='word_1_121' title='bbox 1276 1669 1341 1708; x_wconf 78' lang='lat' dir='ltr'><strong>ex</strong></span> <span class='ocrx_word' id='word_1_122' title='bbox 1375 1653 1476 1706; x_wconf 78' lang='lat' dir='ltr'><strong>alia</strong></span> <span class='ocrx_word' id='word_1_123' title='bbox 1508 1653 1740 1708; x_wconf 69' lang='lat' dir='ltr'><strong>essentia</strong></span> <span class='ocrx_word' id='word_1_124' title='bbox 1771 1668 1894 1709; x_wconf 88' lang='lat' dir='ltr'><strong>esse</strong></span> 
     </span>
    </p>
   </div>
   <div class='ocr_carea' id='block_1_17' title="bbox 307 1742 1896 1813">
    <p class='ocr_par' dir='ltr' id='par_1_17' title="bbox 307 1742 1896 1813">
     <span class='ocr_line' id='line_1_17' title="bbox 307 1742 1896 1813; baseline -0.001 -14"><span class='ocrx_word' id='word_1_125' title='bbox 307 1745 501 1800; x_wconf 79' lang='lat' dir='ltr'><strong>Filium</strong></span> <span class='ocrx_word' id='word_1_126' title='bbox 530 1743 663 1797; x_wconf 83' lang='lat' dir='ltr'><strong>Dei?</strong></span> <span class='ocrx_word' id='word_1_127' title='bbox 690 1742 797 1798; x_wconf 89' lang='lat' dir='ltr'><strong>Sed</strong></span> <span class='ocrx_word' id='word_1_128' title='bbox 850 1743 1195 1808; x_wconf 84' lang='lat' dir='ltr'><strong>Athanasius,</strong></span> <span class='ocrx_word' id='word_1_129' title='bbox 1229 1744 1309 1797; x_wconf 88' lang='lat' dir='ltr'><strong>vir</strong></span> <span class='ocrx_word' id='word_1_130' title='bbox 1360 1758 1549 1813; x_wconf 82' lang='lat' dir='ltr'><strong>magna</strong></span> <span class='ocrx_word' id='word_1_131' title='bbox 1595 1744 1801 1799; x_wconf 82' lang='lat' dir='ltr'><strong>ratione</strong></span> <span class='ocrx_word' id='word_1_132' title='bbox 1842 1753 1896 1798; x_wconf 91' lang='lat' dir='ltr'><strong>et</strong></span> 
     </span>
    </p>
   </div>
   <div class='ocr_carea' id='block_1_18' title="bbox 1986 549 3568 621">
    <p class='ocr_par' dir='ltr' id='par_1_18' title="bbox 1986 549 3568 621">
     <span class='ocr_line' id='line_1_18' title="bbox 1986 549 3568 621; baseline -0.003 -16"><span class='ocrx_word' id='word_1_133' title='bbox 1986 570 2092 621; x_wconf 89' lang='lat' dir='ltr'><strong>que</strong></span> <span class='ocrx_word' id='word_1_134' title='bbox 2146 556 2265 608; x_wconf 86' lang='lat' dir='ltr'><strong>istis</strong></span> <span class='ocrx_word' id='word_1_135' title='bbox 2317 569 2412 621; x_wconf 88' lang='lat' dir='ltr'><strong>pro</strong></span> <span class='ocrx_word' id='word_1_136' title='bbox 2467 551 2753 608; x_wconf 90' lang='lat' dir='ltr'><strong>Theodoro</strong></span> <span class='ocrx_word' id='word_1_137' title='bbox 2800 551 3169 620; x_wconf 78' lang='lat' dir='ltr'><strong>Mopsuestenu</strong></span> <span class='ocrx_word' id='word_1_138' title='bbox 3193 549 3568 618; x_wconf 84' lang='lat' dir='ltr'><strong>respondeam,</strong></span> 
     </span>
    </p>
   </div>
   <div class='ocr_carea' id='block_1_19' title="bbox 1989 644 3572 719">
    <p class='ocr_par' dir='ltr' id='par_1_19' title="bbox 1989 644 3572 719">
     <span class='ocr_line' id='line_1_19' title="bbox 1989 644 3572 719; baseline -0.003 -17"><span class='ocrx_word' id='word_1_139' title='bbox 1989 649 2174 703; x_wconf 90' lang='lat' dir='ltr'><strong>dicens</strong></span> <span class='ocrx_word' id='word_1_140' title='bbox 2206 667 2218 700; x_wconf 76' lang='grc' dir='ltr'>ε</span> <span class='ocrx_word' id='word_1_141' title='bbox 2252 648 2618 719; x_wconf 84' lang='lat' dir='ltr'><strong>Nequidquam</strong></span> <span class='ocrx_word' id='word_1_142' title='bbox 2642 646 2723 701; x_wconf 89' lang='lat' dir='ltr'><strong>illi</strong></span> <span class='ocrx_word' id='word_1_143' title='bbox 2750 647 2865 700; x_wconf 88' lang='lat' dir='ltr'><strong>viro</strong></span> <span class='ocrx_word' id='word_1_144' title='bbox 2913 644 3333 708; x_wconf 63' lang='lat' dir='ltr'><strong>calumniamini,</strong></span> <span class='ocrx_word' id='word_1_145' title='bbox 3365 644 3453 713; x_wconf 89' lang='lat' dir='ltr'><strong>qui</strong></span> <span class='ocrx_word' id='word_1_146' title='bbox 3476 659 3572 698; x_wconf 86' lang='lat' dir='ltr'><strong>ne-</strong></span> 
     </span>
    </p>
   </div>
   <div class='ocr_carea' id='block_1_20' title="bbox 1990 741 3573 810">
    <p class='ocr_par' dir='ltr' id='par_1_20' title="bbox 1990 741 3573 810">
     <span class='ocr_line' id='line_1_20' title="bbox 1990 741 3573 810; baseline -0.003 -15"><span class='ocrx_word' id='word_1_147' title='bbox 1990 758 2093 810; x_wconf 88' lang='lat' dir='ltr'><strong>que</strong></span> <span class='ocrx_word' id='word_1_148' title='bbox 2123 743 2191 797; x_wconf 90' lang='lat' dir='ltr'><strong>ab</strong></span> <span class='ocrx_word' id='word_1_149' title='bbox 2214 742 2334 796; x_wconf 80' lang='lat' dir='ltr'><strong>aliis</strong></span> <span class='ocrx_word' id='word_1_150' title='bbox 2364 741 2631 810; x_wconf 88' lang='lat' dir='ltr'><strong>episcopis</strong></span> <span class='ocrx_word' id='word_1_151' title='bbox 2660 741 2726 795; x_wconf 93' lang='lat' dir='ltr'><strong>de</strong></span> <span class='ocrx_word' id='word_1_152' title='bbox 2756 742 3026 809; x_wconf 79' lang='lat' dir='ltr'><strong>impietate</strong></span> <span class='ocrx_word' id='word_1_153' title='bbox 3049 747 3328 794; x_wconf 78' lang='lat' dir='ltr'><strong>accusatus</strong></span> <span class='ocrx_word' id='word_1_154' title='bbox 3357 748 3459 803; x_wconf 82' lang='lat' dir='ltr'><strong>est,</strong></span> <span class='ocrx_word' id='word_1_155' title='bbox 3483 748 3573 791; x_wconf 89' lang='lat' dir='ltr'><strong>aut</strong></span> 
     </span>
    </p>
   </div>
   <div class='ocr_carea' id='block_1_21' title="bbox 1990 830 3577 902">
    <p class='ocr_par' dir='ltr' id='par_1_21' title="bbox 1990 830 3577 902">
     <span class='ocr_line' id='line_1_21' title="bbox 1990 830 3577 902; baseline -0.004 -15"><span class='ocrx_word' id='word_1_156' title='bbox 1990 834 2057 887; x_wconf 92' lang='lat' dir='ltr'><strong>de</strong></span> <span class='ocrx_word' id='word_1_157' title='bbox 2087 834 2398 902; x_wconf 88' lang='lat' dir='ltr'><strong>episcopatu</strong></span> <span class='ocrx_word' id='word_1_158' title='bbox 2436 832 2698 901; x_wconf 87' lang='lat' dir='ltr'><strong>dejectus,</strong></span> <span class='ocrx_word' id='word_1_159' title='bbox 2729 832 2869 886; x_wconf 88' lang='lat' dir='ltr'><strong>sicut</strong></span> <span class='ocrx_word' id='word_1_160' title='bbox 2916 831 3213 891; x_wconf 77' lang='lat' dir='ltr'><strong>Nestorius,</strong></span> <span class='ocrx_word' id='word_1_161' title='bbox 3266 845 3441 897; x_wconf 90' lang='lat' dir='ltr'><strong>neque</strong></span> <span class='ocrx_word' id='word_1_162' title='bbox 3490 830 3577 884; x_wconf 84' lang='lat' dir='ltr'><strong>ille</strong></span> 
     </span>
    </p>
   </div>
   <div class='ocr_carea' id='block_1_22' title="bbox 1989 917 3574 983">
    <p class='ocr_par' dir='ltr' id='par_1_22' title="bbox 1989 917 3574 983">
     <span class='ocr_line' id='line_1_22' title="bbox 1989 917 3574 983; baseline -0.005 -6"><span class='ocrx_word' id='word_1_163' title='bbox 1989 924 2135 978; x_wconf 72' lang='lat' dir='ltr'><strong>velut</strong></span> <span class='ocrx_word' id='word_1_164' title='bbox 2165 923 2421 978; x_wconf 63' lang='lat' dir='ltr'><strong>haeresem</strong></span> <span class='ocrx_word' id='word_1_165' title='bbox 2465 923 2759 977; x_wconf 84' lang='lat' dir='ltr'><strong>defendens</strong></span> <span class='ocrx_word' id='word_1_166' title='bbox 2788 922 2855 974; x_wconf 90' lang='lat' dir='ltr'><strong>ab</strong></span> <span class='ocrx_word' id='word_1_167' title='bbox 2890 920 3127 975; x_wconf 83' lang='lat' dir='ltr'><strong>Ecclesia</strong></span> <span class='ocrx_word' id='word_1_168' title='bbox 3184 918 3451 983; x_wconf 76' lang='lat' dir='ltr'><strong>discessit,</strong></span> <span class='ocrx_word' id='word_1_169' title='bbox 3482 917 3574 970; x_wconf 89' lang='lat' dir='ltr'><strong>sed</strong></span> 
     </span>
    </p>
   </div>
   <div class='ocr_carea' id='block_1_23' title="bbox 1992 1011 3572 1081">
    <p class='ocr_par' dir='ltr' id='par_1_23' title="bbox 1992 1011 3572 1081">
     <span class='ocr_line' id='line_1_23' title="bbox 1992 1011 3572 1081; baseline -0.005 -11"><span class='ocrx_word' id='word_1_170' title='bbox 1992 1016 2043 1071; x_wconf 89' lang='lat' dir='ltr'><strong>in</strong></span> <span class='ocrx_word' id='word_1_171' title='bbox 2074 1018 2259 1072; x_wconf 78' lang='lat' dir='ltr'><strong>eidem</strong></span> <span class='ocrx_word' id='word_1_172' title='bbox 2286 1016 2425 1069; x_wconf 89' lang='lat' dir='ltr'><strong>bene</strong></span> <span class='ocrx_word' id='word_1_173' title='bbox 2444 1014 2726 1070; x_wconf 87' lang='lat' dir='ltr'><strong>defunctus</strong></span> <span class='ocrx_word' id='word_1_174' title='bbox 2749 1024 2849 1070; x_wconf 91' lang='lat' dir='ltr'><strong>est.</strong></span> <span class='ocrx_word' id='word_1_175' title='bbox 2877 1013 2933 1069; x_wconf 90' lang='lat' dir='ltr'><strong>Si</strong></span> <span class='ocrx_word' id='word_1_176' title='bbox 2950 1014 3092 1069; x_wconf 91' lang='lat' dir='ltr'><strong>enim</strong></span> <span class='ocrx_word' id='word_1_177' title='bbox 3124 1011 3323 1081; x_wconf 83' lang='lat' dir='ltr'><strong>aliquid</strong></span> <span class='ocrx_word' id='word_1_178' title='bbox 3351 1014 3572 1064; x_wconf 86' lang='lat' dir='ltr'><strong>istorum</strong></span> 
     </span>
    </p>
   </div>
   <div class='ocr_carea' id='block_1_24' title="bbox 1991 1104 3576 1173">
    <p class='ocr_par' dir='ltr' id='par_1_24' title="bbox 1991 1104 3576 1173">
     <span class='ocr_line' id='line_1_24' title="bbox 1991 1104 3576 1173; baseline -0.004 -11"><span class='ocrx_word' id='word_1_179' title='bbox 1991 1109 2238 1172; x_wconf 82' lang='lat' dir='ltr'><strong>sentiret,</strong></span> <span class='ocrx_word' id='word_1_180' title='bbox 2263 1107 2344 1160; x_wconf 93' lang='lat' dir='ltr'><strong>vel</strong></span> <span class='ocrx_word' id='word_1_181' title='bbox 2393 1106 2461 1162; x_wconf 90' lang='lat' dir='ltr'><strong>de</strong></span> <span class='ocrx_word' id='word_1_182' title='bbox 2512 1106 2595 1161; x_wconf 83' lang='lat' dir='ltr'><strong>liis</strong></span> <span class='ocrx_word' id='word_1_183' title='bbox 2636 1120 2755 1173; x_wconf 77' lang='lat' dir='ltr'><strong>qua:</strong></span> <span class='ocrx_word' id='word_1_184' title='bbox 2800 1104 3009 1173; x_wconf 81' lang='lat' dir='ltr'><strong>scripsit</strong></span> <span class='ocrx_word' id='word_1_185' title='bbox 3040 1104 3436 1158; x_wconf 82' lang='lat' dir='ltr'><strong>excusationem</strong></span> <span class='ocrx_word' id='word_1_186' title='bbox 3471 1117 3576 1155; x_wconf 86' lang='lat' dir='ltr'><strong>non</strong></span> 
     </span>
    </p>
   </div>
   <div class='ocr_carea' id='block_1_25' title="bbox 1994 1194 3579 1268">
    <p class='ocr_par' dir='ltr' id='par_1_25' title="bbox 1994 1194 3579 1268">
     <span class='ocr_line' id='line_1_25' title="bbox 1994 1194 3579 1268; baseline -0.004 -17"><span class='ocrx_word' id='word_1_187' title='bbox 1994 1199 2223 1261; x_wconf 90' lang='lat' dir='ltr'><strong>faceret,</strong></span> <span class='ocrx_word' id='word_1_188' title='bbox 2252 1199 2368 1263; x_wconf 87' lang='lat' dir='ltr'><strong>sine</strong></span> <span class='ocrx_word' id='word_1_189' title='bbox 2412 1197 2761 1267; x_wconf 74' lang='lat' dir='ltr'><strong>ambiguitate</strong></span> <span class='ocrx_word' id='word_1_190' title='bbox 2807 1196 2966 1250; x_wconf 88' lang='lat' dir='ltr'><strong>etiam</strong></span> <span class='ocrx_word' id='word_1_191' title='bbox 3015 1196 3130 1264; x_wconf 89' lang='lat' dir='ltr'><strong>ipse</strong></span> <span class='ocrx_word' id='word_1_192' title='bbox 3156 1194 3347 1268; x_wconf 73' lang='lat' dir='ltr'><strong>similia</strong></span> <span class='ocrx_word' id='word_1_193' title='bbox 3374 1201 3579 1260; x_wconf 80' lang='lat' dir='ltr'><strong>patere-</strong></span> 
     </span>
    </p>
   </div>
   <div class='ocr_carea' id='block_1_26' title="bbox 1995 1272 3582 1359">
    <p class='ocr_par' dir='ltr' id='par_1_26' title="bbox 1995 1272 3582 1359">
     <span class='ocr_line' id='line_1_26' title="bbox 1995 1272 3582 1359; baseline -0.005 -14"><span class='ocrx_word' id='word_1_194' title='bbox 1995 1302 2103 1346; x_wconf 90' lang='lat' dir='ltr'><strong>tur.</strong></span> <span class='ocrx_word' id='word_1_195' title='bbox 2144 1291 2199 1345; x_wconf 90' lang='lat' dir='ltr'><strong>lu</strong></span> <span class='ocrx_word' id='word_1_196' title='bbox 2245 1291 2361 1345; x_wconf 88' lang='lat' dir='ltr'><strong>aliis</strong></span> <span class='ocrx_word' id='word_1_197' title='bbox 2393 1305 2604 1359; x_wconf 89' lang='lat' dir='ltr'><strong>quoque</strong></span> <span class='ocrx_word' id='word_1_198' title='bbox 2634 1287 3000 1357; x_wconf 86' lang='lat' dir='ltr'><strong>responsionis</strong></span> <span class='ocrx_word' id='word_1_199' title='bbox 3054 1284 3172 1354; x_wconf 85' lang='lat' dir='ltr'><strong>ejus</strong></span> <span class='ocrx_word' id='word_1_200' title='bbox 3213 1272 3457 1340; x_wconf 80' lang='lat' dir='ltr'><strong>ordinem</strong></span> <span class='ocrx_word' id='word_1_201' title='bbox 3507 1293 3582 1337; x_wconf 86' lang='lat' dir='ltr'><strong>te-</strong></span> 
     </span>
    </p>
   </div>
   <div class='ocr_carea' id='block_1_27' title="bbox 1997 1376 3580 1448">
    <p class='ocr_par' dir='ltr' id='par_1_27' title="bbox 1997 1376 3580 1448">
     <span class='ocr_line' id='line_1_27' title="bbox 1997 1376 3580 1448; baseline -0.004 -13"><span class='ocrx_word' id='word_1_202' title='bbox 1997 1398 2154 1447; x_wconf 87' lang='lat' dir='ltr'><strong>nens,</strong></span> <span class='ocrx_word' id='word_1_203' title='bbox 2180 1382 2373 1437; x_wconf 91' lang='lat' dir='ltr'><strong>iterum</strong></span> <span class='ocrx_word' id='word_1_204' title='bbox 2400 1381 2598 1445; x_wconf 86' lang='lat' dir='ltr'><strong>dicant,</strong></span> <span class='ocrx_word' id='word_1_205' title='bbox 2632 1381 2755 1448; x_wconf 90' lang='lat' dir='ltr'><strong>quia</strong></span> <span class='ocrx_word' id='word_1_206' title='bbox 2780 1379 2917 1434; x_wconf 88' lang='lat' dir='ltr'><strong>sicut</strong></span> <span class='ocrx_word' id='word_1_207' title='bbox 2965 1377 3065 1431; x_wconf 91' lang='lat' dir='ltr'><strong>ista</strong></span> <span class='ocrx_word' id='word_1_208' title='bbox 3096 1377 3310 1444; x_wconf 82' lang='lat' dir='ltr'><strong>scripsit</strong></span> <span class='ocrx_word' id='word_1_209' title='bbox 3332 1376 3580 1431; x_wconf 82' lang='lat' dir='ltr'><strong>Theodo-</strong></span> 
     </span>
    </p>
   </div>
   <div class='ocr_carea' id='block_1_28' title="bbox 1996 1470 3585 1541">
    <p class='ocr_par' dir='ltr' id='par_1_28' title="bbox 1996 1470 3585 1541">
     <span class='ocr_line' id='line_1_28' title="bbox 1996 1470 3585 1541; baseline -0.004 -15"><span class='ocrx_word' id='word_1_210' title='bbox 1996 1488 2112 1539; x_wconf 90' lang='lat' dir='ltr'><strong>rus,</strong></span> <span class='ocrx_word' id='word_1_211' title='bbox 2150 1474 2218 1527; x_wconf 91' lang='lat' dir='ltr'><strong>ita</strong></span> <span class='ocrx_word' id='word_1_212' title='bbox 2246 1474 2408 1528; x_wconf 89' lang='lat' dir='ltr'><strong>etiam</strong></span> <span class='ocrx_word' id='word_1_213' title='bbox 2442 1474 2548 1527; x_wconf 89' lang='lat' dir='ltr'><strong>alia</strong></span> <span class='ocrx_word' id='word_1_214' title='bbox 2578 1472 2801 1541; x_wconf 82' lang='lat' dir='ltr'><strong>plurima</strong></span> <span class='ocrx_word' id='word_1_215' title='bbox 2833 1470 3067 1540; x_wconf 81' lang='lat' dir='ltr'><strong>scripsit,</strong></span> <span class='ocrx_word' id='word_1_216' title='bbox 3098 1480 3151 1524; x_wconf 89' lang='lat' dir='ltr'><strong>et</strong></span> <span class='ocrx_word' id='word_1_217' title='bbox 3180 1477 3389 1534; x_wconf 85' lang='lat' dir='ltr'><strong>oportet</strong></span> <span class='ocrx_word' id='word_1_218' title='bbox 3415 1482 3508 1522; x_wconf 91' lang='lat' dir='ltr'><strong>vos</strong></span> <span class='ocrx_word' id='word_1_219' title='bbox 3533 1478 3585 1521; x_wconf 89' lang='lat' dir='ltr'><strong>et</strong></span> 
     </span>
    </p>
   </div>
   <div class='ocr_carea' id='block_1_29' title="bbox 1996 1559 3577 1634">
    <p class='ocr_par' dir='ltr' id='par_1_29' title="bbox 1996 1559 3577 1634">
     <span class='ocr_line' id='line_1_29' title="bbox 1996 1559 3577 1634; baseline -0.006 -13"><span class='ocrx_word' id='word_1_220' title='bbox 1996 1567 2083 1621; x_wconf 91' lang='lat' dir='ltr'><strong>illa</strong></span> <span class='ocrx_word' id='word_1_221' title='bbox 2113 1565 2313 1634; x_wconf 81' lang='lat' dir='ltr'><strong>legere,</strong></span> <span class='ocrx_word' id='word_1_222' title='bbox 2333 1573 2389 1618; x_wconf 91' lang='lat' dir='ltr'><strong>ut</strong></span> <span class='ocrx_word' id='word_1_223' title='bbox 2419 1580 2484 1619; x_wconf 80' lang='lat' dir='ltr'><strong>ex</strong></span> <span class='ocrx_word' id='word_1_224' title='bbox 2516 1564 2787 1629; x_wconf 88' lang='lat' dir='ltr'><strong>omnibus,</strong></span> <span class='ocrx_word' id='word_1_225' title='bbox 2817 1572 2872 1618; x_wconf 90' lang='lat' dir='ltr'><strong>et</strong></span> <span class='ocrx_word' id='word_1_226' title='bbox 2903 1577 3007 1615; x_wconf 93' lang='lat' dir='ltr'><strong>non</strong></span> <span class='ocrx_word' id='word_1_227' title='bbox 3049 1576 3114 1616; x_wconf 83' lang='lat' dir='ltr'><strong>ex</strong></span> <span class='ocrx_word' id='word_1_228' title='bbox 3155 1560 3289 1625; x_wconf 83' lang='lat' dir='ltr'><strong>istis,</strong></span> <span class='ocrx_word' id='word_1_229' title='bbox 3319 1559 3451 1615; x_wconf 75' lang='lat' dir='ltr'><strong>liilcs</strong></span> <span class='ocrx_word' id='word_1_230' title='bbox 3480 1560 3577 1612; x_wconf 82' lang='lat' dir='ltr'><strong>viri</strong></span> 
     </span>
    </p>
   </div>
   <div class='ocr_carea' id='block_1_30' title="bbox 2000 1648 3577 1724">
    <p class='ocr_par' dir='ltr' id='par_1_30' title="bbox 2000 1648 3577 1724">
     <span class='ocr_line' id='line_1_30' title="bbox 2000 1648 3577 1724; baseline -0.007 -16"><span class='ocrx_word' id='word_1_231' title='bbox 2000 1656 2148 1708; x_wconf 89' lang='lat' dir='ltr'><strong>illius</strong></span> <span class='ocrx_word' id='word_1_232' title='bbox 2176 1663 2513 1724; x_wconf 77' lang='lat' dir='ltr'><strong>agnoscatur.</strong></span> <span class='ocrx_word' id='word_1_233' title='bbox 2548 1653 2609 1707; x_wconf 85' lang='lat' dir='ltr'><strong>Et</strong></span> <span class='ocrx_word' id='word_1_234' title='bbox 2642 1650 2909 1722; x_wconf 82' lang='lat' dir='ltr'><strong>proferam</strong></span> <span class='ocrx_word' id='word_1_235' title='bbox 2932 1650 3050 1719; x_wconf 88' lang='lat' dir='ltr'><strong>ejus</strong></span> <span class='ocrx_word' id='word_1_236' title='bbox 3074 1649 3236 1703; x_wconf 88' lang='lat' dir='ltr'><strong>multa</strong></span> <span class='ocrx_word' id='word_1_237' title='bbox 3262 1648 3577 1701; x_wconf 83' lang='lat' dir='ltr'><strong>Nestoriano</strong></span> 
     </span>
    </p>
   </div>
   <div class='ocr_carea' id='block_1_31' title="bbox 1998 1738 3579 1812">
    <p class='ocr_par' dir='ltr' id='par_1_31' title="bbox 1998 1738 3579 1812">
     <span class='ocr_line' id='line_1_31' title="bbox 1998 1738 3579 1812; baseline -0.005 -13"><span class='ocrx_word' id='word_1_238' title='bbox 1998 1744 2171 1799; x_wconf 87' lang='lat' dir='ltr'><strong>errori</strong></span> <span class='ocrx_word' id='word_1_239' title='bbox 2199 1743 2488 1810; x_wconf 86' lang='lat' dir='ltr'><strong>contraria,</strong></span> <span class='ocrx_word' id='word_1_240' title='bbox 2530 1743 2599 1798; x_wconf 91' lang='lat' dir='ltr'><strong>de</strong></span> <span class='ocrx_word' id='word_1_241' title='bbox 2657 1742 2852 1812; x_wconf 88' lang='lat' dir='ltr'><strong>quibus</strong></span> <span class='ocrx_word' id='word_1_242' title='bbox 2880 1755 3046 1811; x_wconf 88' lang='lat' dir='ltr'><strong>pauca</strong></span> <span class='ocrx_word' id='word_1_243' title='bbox 3102 1740 3250 1794; x_wconf 88' lang='lat' dir='ltr'><strong>libris</strong></span> <span class='ocrx_word' id='word_1_244' title='bbox 3291 1740 3504 1808; x_wconf 69' lang='lat' dir='ltr'><strong>alligari</strong></span> <span class='ocrx_word' id='word_1_245' title='bbox 3539 1738 3579 1791; x_wconf 80' lang='lat'><strong>“.</strong></span> 
     </span>
    </p>
   </div>
   <div class='ocr_carea' id='block_1_32' title="bbox 302 1832 3659 1905">
    <p class='ocr_par' dir='ltr' id='par_1_32' title="bbox 302 1832 3659 1905">
     <span class='ocr_line' id='line_1_32' title="bbox 302 1832 3659 1905; baseline -0.001 -17"><span class='ocrx_word' id='word_1_246' title='bbox 302 1837 570 1905; x_wconf 79' lang='lat' dir='ltr'><strong>gravitate</strong></span> <span class='ocrx_word' id='word_1_247' title='bbox 598 1834 867 1895; x_wconf 79' lang='lat' dir='ltr'><strong>fundatus,</strong></span> <span class='ocrx_word' id='word_1_248' title='bbox 900 1844 953 1887; x_wconf 91' lang='lat' dir='ltr'><strong>et</strong></span> <span class='ocrx_word' id='word_1_249' title='bbox 999 1837 1080 1888; x_wconf 91' lang='lat' dir='ltr'><strong>eui</strong></span> <span class='ocrx_word' id='word_1_250' title='bbox 1132 1843 1380 1902; x_wconf 89' lang='lat' dir='ltr'><strong>tanquam</strong></span> <span class='ocrx_word' id='word_1_251' title='bbox 1413 1834 1891 1903; x_wconf 82' lang='lat' dir='ltr'><strong>experientissimo</strong></span> <span class='ocrx_word' id='word_1_252' title='bbox 1928 1842 1973 1902; x_wconf 82' lang='grc' dir='ltr'><strong><em>Β</em></strong></span> <span class='ocrx_word' id='word_1_253' title='bbox 2007 1839 2375 1892; x_wconf 86' lang='lat' dir='ltr'><strong>Demonstrem</strong></span> <span class='ocrx_word' id='word_1_254' title='bbox 2405 1851 2534 1891; x_wconf 90' lang='lat' dir='ltr'><strong>vero</strong></span> <span class='ocrx_word' id='word_1_255' title='bbox 2566 1835 2667 1890; x_wconf 88' lang='lat' dir='ltr'><strong>illis</strong></span> <span class='ocrx_word' id='word_1_256' title='bbox 2689 1843 2742 1889; x_wconf 89' lang='lat' dir='ltr'><strong>et</strong></span> <span class='ocrx_word' id='word_1_257' title='bbox 2771 1848 2986 1889; x_wconf 80' lang='lat' dir='ltr'><strong>causam</strong></span> <span class='ocrx_word' id='word_1_258' title='bbox 3020 1849 3115 1888; x_wconf 92' lang='lat' dir='ltr'><strong>cur</strong></span> <span class='ocrx_word' id='word_1_259' title='bbox 3143 1832 3262 1886; x_wconf 90' lang='lat' dir='ltr'><strong>talia</strong></span> <span class='ocrx_word' id='word_1_260' title='bbox 3285 1832 3581 1902; x_wconf 81' lang='lat' dir='ltr'><strong>scripserit,</strong></span> <span class='ocrx_word' id='word_1_261' title='bbox 3656 1880 3659 1883; x_wconf 89' lang='lat'>_</span> 
     </span>
    </p>
   </div>
   <div class='ocr_carea' id='block_1_33' title="bbox 302 1924 1895 1994">
    <p class='ocr_par' dir='ltr' id='par_1_33' title="bbox 302 1924 1895 1994">
     <span class='ocr_line' id='line_1_33' title="bbox 302 1924 1895 1994; baseline -0.001 -12"><span class='ocrx_word' id='word_1_262' title='bbox 302 1927 427 1982; x_wconf 88' lang='lat' dir='ltr'><strong>duci</strong></span> <span class='ocrx_word' id='word_1_263' title='bbox 450 1939 657 1980; x_wconf 90' lang='lat' dir='ltr'><strong>summa</strong></span> <span class='ocrx_word' id='word_1_264' title='bbox 686 1925 871 1994; x_wconf 65' lang='lat' dir='ltr'><strong>prxlia</strong></span> <span class='ocrx_word' id='word_1_265' title='bbox 911 1924 1166 1980; x_wconf 83' lang='lat' dir='ltr'><strong>adversus</strong></span> <span class='ocrx_word' id='word_1_266' title='bbox 1197 1926 1378 1979; x_wconf 91' lang='lat' dir='ltr'><strong>hostes</strong></span> <span class='ocrx_word' id='word_1_267' title='bbox 1413 1924 1664 1979; x_wconf 74' lang='lat' dir='ltr'><strong>Ecclesiae</strong></span> <span class='ocrx_word' id='word_1_268' title='bbox 1697 1926 1895 1981; x_wconf 88' lang='lat' dir='ltr'><strong>merito</strong></span> 
     </span>
    </p>
   </div>
   <div class='ocr_carea' id='block_1_34' title="bbox 303 2017 1892 2087">
    <p class='ocr_par' dir='ltr' id='par_1_34' title="bbox 303 2017 1892 2087">
     <span class='ocr_line' id='line_1_34' title="bbox 303 2017 1892 2087; baseline -0.003 -12"><span class='ocrx_word' id='word_1_269' title='bbox 303 2019 677 2081; x_wconf 90' lang='lat' dir='ltr'><strong>crederentur,</strong></span> <span class='ocrx_word' id='word_1_270' title='bbox 712 2026 933 2073; x_wconf 83' lang='lat' dir='ltr'><strong>noverat</strong></span> <span class='ocrx_word' id='word_1_271' title='bbox 964 2018 1092 2086; x_wconf 87' lang='lat' dir='ltr'><strong>ipsis</strong></span> <span class='ocrx_word' id='word_1_272' title='bbox 1135 2017 1461 2074; x_wconf 78' lang='lat' dir='ltr'><strong>exercitatus</strong></span> <span class='ocrx_word' id='word_1_273' title='bbox 1512 2020 1762 2087; x_wconf 88' lang='lat' dir='ltr'><strong>periculis</strong></span> <span class='ocrx_word' id='word_1_274' title='bbox 1786 2018 1892 2072; x_wconf 72' lang='lat' dir='ltr'><strong>hae-</strong></span> 
     </span>
    </p>
   </div>
   <div class='ocr_carea' id='block_1_35' title="bbox 309 2108 1899 2178">
    <p class='ocr_par' dir='ltr' id='par_1_35' title="bbox 309 2108 1899 2178">
     <span class='ocr_line' id='line_1_35' title="bbox 309 2108 1899 2178; baseline 0 -13"><span class='ocrx_word' id='word_1_275' title='bbox 309 2111 602 2166; x_wconf 82' lang='lat' dir='ltr'><strong>reticorum</strong></span> <span class='ocrx_word' id='word_1_276' title='bbox 659 2108 896 2164; x_wconf 74' lang='lat' dir='ltr'><strong>fallacias</strong></span> <span class='ocrx_word' id='word_1_277' title='bbox 944 2109 1235 2178; x_wconf 86' lang='lat' dir='ltr'><strong>prudenter</strong></span> <span class='ocrx_word' id='word_1_278' title='bbox 1284 2111 1417 2176; x_wconf 75' lang='lat' dir='ltr'><strong>exci;</strong></span> <span class='ocrx_word' id='word_1_279' title='bbox 1440 2125 1551 2165; x_wconf 88' lang='lat' dir='ltr'><strong>ere.</strong></span> <span class='ocrx_word' id='word_1_280' title='bbox 1578 2110 1710 2164; x_wconf 87' lang='lat' dir='ltr'><strong>Nam</strong></span> <span class='ocrx_word' id='word_1_281' title='bbox 1739 2111 1899 2166; x_wconf 91' lang='lat' dir='ltr'><strong>etilli</strong></span> 
     </span>
    </p>
   </div>
   <div class='ocr_carea' id='block_1_36' title="bbox 314 2202 1903 2275">
    <p class='ocr_par' dir='ltr' id='par_1_36' title="bbox 314 2202 1903 2275">
     <span class='ocr_line' id='line_1_36' title="bbox 314 2202 1903 2275; baseline -0.001 -17"><span class='ocrx_word' id='word_1_282' title='bbox 314 2219 420 2258; x_wconf 91' lang='lat' dir='ltr'><strong>non</strong></span> <span class='ocrx_word' id='word_1_283' title='bbox 452 2203 823 2269; x_wconf 78' lang='lat' dir='ltr'><strong>ininure,.imo</strong></span> <span class='ocrx_word' id='word_1_284' title='bbox 854 2202 1128 2259; x_wconf 89' lang='lat' dir='ltr'><strong>callidiore</strong></span> <span class='ocrx_word' id='word_1_285' title='bbox 1150 2203 1609 2268; x_wconf 86' lang='lat' dir='ltr'><strong>astutia,incautis</strong></span> <span class='ocrx_word' id='word_1_286' title='bbox 1640 2203 1903 2275; x_wconf 82' lang='lat' dir='ltr'><strong>frequen-</strong></span> 
     </span>
    </p>
   </div>
   <div class='ocr_carea' id='block_1_37' title="bbox 307 2293 1899 2361">
    <p class='ocr_par' dir='ltr' id='par_1_37' title="bbox 307 2293 1899 2361">
     <span class='ocr_line' id='line_1_37' title="bbox 307 2293 1899 2361; baseline 0 -12"><span class='ocrx_word' id='word_1_287' title='bbox 307 2304 390 2350; x_wconf 88' lang='lat' dir='ltr'><strong>ter</strong></span> <span class='ocrx_word' id='word_1_288' title='bbox 437 2293 698 2358; x_wconf 91' lang='lat' dir='ltr'><strong>illudunt,</strong></span> <span class='ocrx_word' id='word_1_289' title='bbox 728 2302 786 2347; x_wconf 92' lang='lat' dir='ltr'><strong>ut</strong></span> <span class='ocrx_word' id='word_1_290' title='bbox 816 2307 949 2361; x_wconf 91' lang='lat' dir='ltr'><strong>quos</strong></span> <span class='ocrx_word' id='word_1_291' title='bbox 995 2293 1047 2347; x_wconf 91' lang='lat' dir='ltr'><strong>in</strong></span> <span class='ocrx_word' id='word_1_292' title='bbox 1084 2294 1319 2349; x_wconf 82' lang='lat' dir='ltr'><strong>Ecclesia</strong></span> <span class='ocrx_word' id='word_1_293' title='bbox 1352 2295 1637 2361; x_wconf 84' lang='lat' dir='ltr'><strong>catholica,</strong></span> <span class='ocrx_word' id='word_1_294' title='bbox 1670 2297 1817 2351; x_wconf 89' lang='lat' dir='ltr'><strong>velut</strong></span> <span class='ocrx_word' id='word_1_295' title='bbox 1846 2296 1899 2349; x_wconf 92' lang='lat' dir='ltr'><strong>in</strong></span> 
     </span>
    </p>
   </div>
   <div class='ocr_carea' id='block_1_38' title="bbox 314 2386 1904 2455">
    <p class='ocr_par' dir='ltr' id='par_1_38' title="bbox 314 2386 1904 2455">
     <span class='ocr_line' id='line_1_38' title="bbox 314 2386 1904 2455; baseline 0 -14"><span class='ocrx_word' id='word_1_296' title='bbox 314 2388 507 2441; x_wconf 80' lang='lat' dir='ltr'><strong>castris</strong></span> <span class='ocrx_word' id='word_1_297' title='bbox 528 2386 802 2455; x_wconf 84' lang='lat' dir='ltr'><strong>cujusdam</strong></span> <span class='ocrx_word' id='word_1_298' title='bbox 835 2400 1043 2454; x_wconf 74' lang='lat' dir='ltr'><strong>magna:</strong></span> <span class='ocrx_word' id='word_1_299' title='bbox 1064 2386 1374 2455; x_wconf 66' lang='lat' dir='ltr'><strong>reipublicae</strong></span> <span class='ocrx_word' id='word_1_300' title='bbox 1420 2387 1689 2455; x_wconf 88' lang='lat' dir='ltr'><strong>sapientes</strong></span> <span class='ocrx_word' id='word_1_301' title='bbox 1715 2398 1768 2441; x_wconf 92' lang='lat' dir='ltr'><strong>et</strong></span> <span class='ocrx_word' id='word_1_302' title='bbox 1789 2387 1904 2441; x_wconf 85' lang='lat' dir='ltr'><strong>for-</strong></span> 
     </span>
    </p>
   </div>
   <div class='ocr_carea' id='block_1_39' title="bbox 310 2470 1901 2541">
    <p class='ocr_par' dir='ltr' id='par_1_39' title="bbox 310 2470 1901 2541">
     <span class='ocr_line' id='line_1_39' title="bbox 310 2470 1901 2541; baseline 0.001 -11"><span class='ocrx_word' id='word_1_303' title='bbox 310 2470 392 2530; x_wconf 82' lang='lat' dir='ltr'><strong>tes</strong></span> <span class='ocrx_word' id='word_1_304' title='bbox 422 2476 675 2541; x_wconf 83' lang='lat' dir='ltr'><strong>viderint,</strong></span> <span class='ocrx_word' id='word_1_305' title='bbox 701 2489 767 2530; x_wconf 93' lang='lat' dir='ltr'><strong>ne</strong></span> <span class='ocrx_word' id='word_1_306' title='bbox 806 2475 1018 2530; x_wconf 89' lang='lat' dir='ltr'><strong>illorum</strong></span> <span class='ocrx_word' id='word_1_307' title='bbox 1072 2476 1155 2528; x_wconf 69' lang='lat' dir='ltr'><strong>Vel</strong></span> <span class='ocrx_word' id='word_1_308' title='bbox 1202 2475 1428 2530; x_wconf 90' lang='lat' dir='ltr'><strong>consilio</strong></span> <span class='ocrx_word' id='word_1_309' title='bbox 1484 2475 1788 2541; x_wconf 85' lang='lat' dir='ltr'><strong>credamus,</strong></span> <span class='ocrx_word' id='word_1_310' title='bbox 1814 2476 1901 2531; x_wconf 87' lang='lat' dir='ltr'><strong>vel</strong></span> 
     </span>
    </p>
   </div>
   <div class='ocr_carea' id='block_1_40' title="bbox 312 2564 1897 2634">
    <p class='ocr_par' dir='ltr' id='par_1_40' title="bbox 312 2564 1897 2634">
     <span class='ocr_line' id='line_1_40' title="bbox 312 2564 1897 2634; baseline 0 -14"><span class='ocrx_word' id='word_1_311' title='bbox 312 2566 693 2621; x_wconf 76' lang='lat' dir='ltr'><strong>confirmentur</strong></span> <span class='ocrx_word' id='word_1_312' title='bbox 714 2565 982 2634; x_wconf 82' lang='lat' dir='ltr'><strong>exemplo,</strong></span> <span class='ocrx_word' id='word_1_313' title='bbox 1006 2564 1126 2634; x_wconf 89' lang='lat' dir='ltr'><strong>quia</strong></span> <span class='ocrx_word' id='word_1_314' title='bbox 1158 2580 1287 2619; x_wconf 90' lang='lat' dir='ltr'><strong>suos</strong></span> <span class='ocrx_word' id='word_1_315' title='bbox 1312 2564 1488 2621; x_wconf 88' lang='lat' dir='ltr'><strong>facere</strong></span> <span class='ocrx_word' id='word_1_316' title='bbox 1512 2582 1615 2620; x_wconf 93' lang='lat' dir='ltr'><strong>non</strong></span> <span class='ocrx_word' id='word_1_317' title='bbox 1653 2576 1897 2634; x_wconf 92' lang='lat' dir='ltr'><strong>possunt,</strong></span> 
     </span>
    </p>
   </div>
   <div class='ocr_carea' id='block_1_41' title="bbox 321 2658 1906 2729">
    <p class='ocr_par' dir='ltr' id='par_1_41' title="bbox 321 2658 1906 2729">
     <span class='ocr_line' id='line_1_41' title="bbox 321 2658 1906 2729; baseline 0.001 -16"><span class='ocrx_word' id='word_1_318' title='bbox 321 2660 402 2714; x_wconf 79' lang='lat' dir='ltr'><strong>vel</strong></span> <span class='ocrx_word' id='word_1_319' title='bbox 432 2658 587 2714; x_wconf 89' lang='lat' dir='ltr'><strong>nobis</strong></span> <span class='ocrx_word' id='word_1_320' title='bbox 619 2659 813 2714; x_wconf 80' lang='lat' dir='ltr'><strong>faciant</strong></span> <span class='ocrx_word' id='word_1_321' title='bbox 839 2673 958 2714; x_wconf 91' lang='lat' dir='ltr'><strong>esse</strong></span> <span class='ocrx_word' id='word_1_322' title='bbox 987 2668 1286 2729; x_wconf 86' lang='lat' dir='ltr'><strong>suspectos.</strong></span> <span class='ocrx_word' id='word_1_323' title='bbox 1319 2658 1385 2713; x_wconf 86' lang='lat' dir='ltr'><strong>Et</strong></span> <span class='ocrx_word' id='word_1_324' title='bbox 1414 2659 1483 2713; x_wconf 92' lang='lat' dir='ltr'><strong>ob</strong></span> <span class='ocrx_word' id='word_1_325' title='bbox 1512 2658 1612 2716; x_wconf 90' lang='lat' dir='ltr'><strong>hoc</strong></span> <span class='ocrx_word' id='word_1_326' title='bbox 1648 2661 1760 2725; x_wconf 89' lang='lat' dir='ltr'><strong>ille,</strong></span> <span class='ocrx_word' id='word_1_327' title='bbox 1796 2674 1906 2715; x_wconf 91' lang='lat' dir='ltr'><strong>non</strong></span> 
     </span>
    </p>
   </div>
   <div class='ocr_carea' id='block_1_42' title="bbox 315 2752 1907 2824">
    <p class='ocr_par' dir='ltr' id='par_1_42' title="bbox 315 2752 1907 2824">
     <span class='ocr_line' id='line_1_42' title="bbox 315 2752 1907 2824; baseline 0.001 -16"><span class='ocrx_word' id='word_1_328' title='bbox 315 2756 463 2812; x_wconf 78' lang='lat' dir='ltr'><strong>velut</strong></span> <span class='ocrx_word' id='word_1_329' title='bbox 503 2752 721 2824; x_wconf 88' lang='lat' dir='ltr'><strong>quidam</strong></span> <span class='ocrx_word' id='word_1_330' title='bbox 760 2752 917 2819; x_wconf 85' lang='lat' dir='ltr'><strong>levis,</strong></span> <span class='ocrx_word' id='word_1_331' title='bbox 948 2759 1110 2823; x_wconf 90' lang='lat' dir='ltr'><strong>atque</strong></span> <span class='ocrx_word' id='word_1_332' title='bbox 1144 2752 1213 2806; x_wconf 92' lang='lat' dir='ltr'><strong>ad</strong></span> <span class='ocrx_word' id='word_1_333' title='bbox 1239 2753 1418 2807; x_wconf 89' lang='lat' dir='ltr'><strong>omnia</strong></span> <span class='ocrx_word' id='word_1_334' title='bbox 1446 2754 1466 2784; x_wconf 83' lang='grc'>¹</span> <span class='ocrx_word' id='word_1_335' title='bbox 1507 2768 1695 2809; x_wconf 90' lang='lat' dir='ltr'><strong>eorum</strong></span> <span class='ocrx_word' id='word_1_336' title='bbox 1719 2753 1907 2809; x_wconf 86' lang='lat' dir='ltr'><strong>factio-</strong></span> 
     </span>
    </p>
   </div>
   <div class='ocr_carea' id='block_1_43' title="bbox 319 2844 1912 2915">
    <p class='ocr_par' dir='ltr' id='par_1_43' title="bbox 319 2844 1912 2915">
     <span class='ocr_line' id='line_1_43' title="bbox 319 2844 1912 2915; baseline -0.002 -11"><span class='ocrx_word' id='word_1_337' title='bbox 319 2851 476 2904; x_wconf 88' lang='lat' dir='ltr'><strong>nibus</strong></span> <span class='ocrx_word' id='word_1_338' title='bbox 506 2847 818 2904; x_wconf 85' lang='lat' dir='ltr'><strong>movebatur</strong></span> <span class='ocrx_word' id='word_1_339' title='bbox 853 2862 867 2899; x_wconf 93' lang='lat'>:</span> <span class='ocrx_word' id='word_1_340' title='bbox 902 2854 958 2900; x_wconf 93' lang='lat' dir='ltr'><strong>ut</strong></span> <span class='ocrx_word' id='word_1_341' title='bbox 980 2844 1431 2915; x_wconf 88' lang='lat' dir='ltr'><strong>quemadmodum</strong></span> <span class='ocrx_word' id='word_1_342' title='bbox 1457 2847 1709 2902; x_wconf 89' lang='lat' dir='ltr'><strong>malitiosi</strong></span> <span class='ocrx_word' id='word_1_343' title='bbox 1747 2861 1809 2901; x_wconf 85' lang='lat' dir='ltr'><strong>ac</strong></span> <span class='ocrx_word' id='word_1_344' title='bbox 1846 2846 1912 2901; x_wconf 91' lang='lat' dir='ltr'><strong>ti-</strong></span> 
     </span>
    </p>
   </div>
   <div class='ocr_carea' id='block_1_44' title="bbox 324 2935 1912 3007">
    <p class='ocr_par' dir='ltr' id='par_1_44' title="bbox 324 2935 1912 3007">
     <span class='ocr_line' id='line_1_44' title="bbox 324 2935 1912 3007; baseline -0.002 -13"><span class='ocrx_word' id='word_1_345' title='bbox 324 2939 473 3005; x_wconf 90' lang='lat' dir='ltr'><strong>midi,</strong></span> <span class='ocrx_word' id='word_1_346' title='bbox 507 2945 561 2993; x_wconf 91' lang='lat' dir='ltr'><strong>et</strong></span> <span class='ocrx_word' id='word_1_347' title='bbox 591 2947 698 2991; x_wconf 90' lang='lat' dir='ltr'><strong>tam</strong></span> <span class='ocrx_word' id='word_1_348' title='bbox 725 2937 975 2991; x_wconf 87' lang='lat' dir='ltr'><strong>malitiosi</strong></span> <span class='ocrx_word' id='word_1_349' title='bbox 1016 2952 1178 3007; x_wconf 90' lang='lat' dir='ltr'><strong>quam</strong></span> <span class='ocrx_word' id='word_1_350' title='bbox 1229 2935 1420 3002; x_wconf 90' lang='lat' dir='ltr'><strong>timidi,</strong></span> <span class='ocrx_word' id='word_1_351' title='bbox 1454 2936 1615 2992; x_wconf 91' lang='lat' dir='ltr'><strong>duces</strong></span> <span class='ocrx_word' id='word_1_352' title='bbox 1645 2938 1912 2992; x_wconf 81' lang='lat' dir='ltr'><strong>exercitus</strong></span> 
     </span>
    </p>
   </div>
   <div class='ocr_carea' id='block_1_45' title="bbox 326 3026 1912 3099">
    <p class='ocr_par' dir='ltr' id='par_1_45' title="bbox 326 3026 1912 3099">
     <span class='ocr_line' id='line_1_45' title="bbox 326 3026 1912 3099; baseline -0.003 -13"><span class='ocrx_word' id='word_1_353' title='bbox 326 3030 525 3095; x_wconf 87' lang='lat' dir='ltr'><strong>solent,</strong></span> <span class='ocrx_word' id='word_1_354' title='bbox 549 3030 670 3099; x_wconf 78' lang='lat' dir='ltr'><strong>quia</strong></span> <span class='ocrx_word' id='word_1_355' title='bbox 700 3028 1013 3097; x_wconf 86' lang='lat' dir='ltr'><strong>Dionysium</strong></span> <span class='ocrx_word' id='word_1_356' title='bbox 1063 3028 1251 3083; x_wconf 85' lang='lat' dir='ltr'><strong>Ariani</strong></span> <span class='ocrx_word' id='word_1_357' title='bbox 1301 3026 1467 3081; x_wconf 90' lang='lat' dir='ltr'><strong>videri</strong></span> <span class='ocrx_word' id='word_1_358' title='bbox 1509 3027 1912 3093; x_wconf 75' lang='lat' dir='ltr'><strong>sibiconscium</strong></span> 
     </span>
    </p>
   </div>
   <div class='ocr_carea' id='block_1_46' title="bbox 324 3117 1917 3183">
    <p class='ocr_par' dir='ltr' id='par_1_46' title="bbox 324 3117 1917 3183">
     <span class='ocr_line' id='line_1_46' title="bbox 324 3117 1917 3183; baseline -0.002 -7"><span class='ocrx_word' id='word_1_359' title='bbox 324 3122 573 3176; x_wconf 88' lang='lat' dir='ltr'><strong>volebant</strong></span> <span class='ocrx_word' id='word_1_360' title='bbox 606 3128 659 3174; x_wconf 91' lang='lat' dir='ltr'><strong>et</strong></span> <span class='ocrx_word' id='word_1_361' title='bbox 705 3118 957 3183; x_wconf 89' lang='lat' dir='ltr'><strong>amicum,</strong></span> <span class='ocrx_word' id='word_1_362' title='bbox 988 3134 1111 3174; x_wconf 92' lang='lat' dir='ltr'><strong>eum</strong></span> <span class='ocrx_word' id='word_1_363' title='bbox 1166 3117 1459 3174; x_wconf 78' lang='lat' dir='ltr'><strong>crudeliter</strong></span> <span class='ocrx_word' id='word_1_364' title='bbox 1485 3126 1539 3174; x_wconf 92' lang='lat' dir='ltr'><strong>et</strong></span> <span class='ocrx_word' id='word_1_365' title='bbox 1560 3127 1761 3174; x_wconf 88' lang='lat' dir='ltr'><strong>temere</strong></span> <span class='ocrx_word' id='word_1_366' title='bbox 1786 3132 1917 3173; x_wconf 80' lang='lat' dir='ltr'><strong>con-</strong></span> 
     </span>
    </p>
   </div>
   <div class='ocr_carea' id='block_1_47' title="bbox 2000 1925 3587 1997">
    <p class='ocr_par' dir='ltr' id='par_1_47' title="bbox 2000 1925 3587 1997">
     <span class='ocr_line' id='line_1_47' title="bbox 2000 1925 3587 1997; baseline -0.004 -14"><span class='ocrx_word' id='word_1_367' title='bbox 2000 1936 2056 1983; x_wconf 90' lang='lat' dir='ltr'><strong>et</strong></span> <span class='ocrx_word' id='word_1_368' title='bbox 2083 1927 2302 1983; x_wconf 88' lang='lat' dir='ltr'><strong>doceam</strong></span> <span class='ocrx_word' id='word_1_369' title='bbox 2332 1927 2472 1997; x_wconf 90' lang='lat' dir='ltr'><strong>quod</strong></span> <span class='ocrx_word' id='word_1_370' title='bbox 2505 1936 2690 1982; x_wconf 87' lang='lat' dir='ltr'><strong>contra</strong></span> <span class='ocrx_word' id='word_1_371' title='bbox 2727 1926 3071 1997; x_wconf 81' lang='lat' dir='ltr'><strong>Synusiastas</strong></span> <span class='ocrx_word' id='word_1_372' title='bbox 3095 1968 3108 1987; x_wconf 88' lang='lat'><strong>.</strong></span> <span class='ocrx_word' id='word_1_373' title='bbox 3141 1926 3227 1994; x_wconf 91' lang='lat' dir='ltr'><strong>qui</strong></span> <span class='ocrx_word' id='word_1_374' title='bbox 3259 1925 3587 1993; x_wconf 84' lang='lat' dir='ltr'><strong>temporibus</strong></span> 
     </span>
    </p>
   </div>
   <div class='ocr_carea' id='block_1_48' title="bbox 2000 2000 3590 2089">
    <p class='ocr_par' dir='ltr' id='par_1_48' title="bbox 2000 2000 3590 2089">
     <span class='ocr_line' id='line_1_48' title="bbox 2000 2000 3590 2089; baseline -0.003 -15"><span class='ocrx_word' id='word_1_375' title='bbox 2000 2019 2117 2089; x_wconf 86' lang='lat' dir='ltr'><strong>ejus</strong></span> <span class='ocrx_word' id='word_1_376' title='bbox 2146 2019 2380 2073; x_wconf 81' lang='lat' dir='ltr'><strong>maxime</strong></span> <span class='ocrx_word' id='word_1_377' title='bbox 2405 2018 2704 2082; x_wconf 82' lang='lat' dir='ltr'><strong>fervebant,</strong></span> <span class='ocrx_word' id='word_1_378' title='bbox 2729 2017 3033 2083; x_wconf 72' lang='lat' dir='ltr'><strong>ubicunque</strong></span> <span class='ocrx_word' id='word_1_379' title='bbox 3064 2000 3277 2070; x_wconf 83' lang='lat' dir='ltr'><strong>inventa</strong></span> <span class='ocrx_word' id='word_1_380' title='bbox 3306 2018 3590 2071; x_wconf 85' lang='lat' dir='ltr'><strong>occasione</strong></span> 
     </span>
    </p>
   </div>
   <div class='ocr_carea' id='block_1_49' title="bbox 2001 2108 3587 2181">
    <p class='ocr_par' dir='ltr' id='par_1_49' title="bbox 2001 2108 3587 2181">
     <span class='ocr_line' id='line_1_49' title="bbox 2001 2108 3587 2181; baseline -0.003 -15"><span class='ocrx_word' id='word_1_381' title='bbox 2001 2112 2241 2166; x_wconf 90' lang='lat' dir='ltr'><strong>securius</strong></span> <span class='ocrx_word' id='word_1_382' title='bbox 2270 2110 2395 2164; x_wconf 88' lang='lat' dir='ltr'><strong>talia</strong></span> <span class='ocrx_word' id='word_1_383' title='bbox 2427 2111 2766 2181; x_wconf 79' lang='lat' dir='ltr'><strong>loquebatur,</strong></span> <span class='ocrx_word' id='word_1_384' title='bbox 2797 2109 3024 2163; x_wconf 88' lang='lat' dir='ltr'><strong>necdum</strong></span> <span class='ocrx_word' id='word_1_385' title='bbox 3056 2125 3121 2164; x_wconf 82' lang='lat' dir='ltr'><strong>ex</strong></span> <span class='ocrx_word' id='word_1_386' title='bbox 3153 2109 3369 2163; x_wconf 77' lang='lat' dir='ltr'><strong>diverso</strong></span> <span class='ocrx_word' id='word_1_387' title='bbox 3396 2108 3587 2163; x_wconf 83' lang='lat' dir='ltr'><strong>Nesto-</strong></span> 
     </span>
    </p>
   </div>
   <div class='ocr_carea' id='block_1_50' title="bbox 2004 2199 3593 2272">
    <p class='ocr_par' dir='ltr' id='par_1_50' title="bbox 2004 2199 3593 2272">
     <span class='ocr_line' id='line_1_50' title="bbox 2004 2199 3593 2272; baseline -0.002 -15"><span class='ocrx_word' id='word_1_388' title='bbox 2004 2204 2068 2257; x_wconf 90' lang='lat' dir='ltr'><strong>rii</strong></span> <span class='ocrx_word' id='word_1_389' title='bbox 2100 2202 2419 2257; x_wconf 56' lang='lat' dir='ltr'><strong>sollicitante</strong></span> <span class='ocrx_word' id='word_1_390' title='bbox 2442 2201 2684 2272; x_wconf 84' lang='lat' dir='ltr'><strong>perfidia.</strong></span> <span class='ocrx_word' id='word_1_391' title='bbox 2717 2202 2778 2256; x_wconf 84' lang='lat' dir='ltr'><strong>Et</strong></span> <span class='ocrx_word' id='word_1_392' title='bbox 2808 2200 2937 2256; x_wconf 89' lang='lat' dir='ltr'><strong>mihi</strong></span> <span class='ocrx_word' id='word_1_393' title='bbox 2968 2201 3216 2270; x_wconf 88' lang='lat' dir='ltr'><strong>quidem,</strong></span> <span class='ocrx_word' id='word_1_394' title='bbox 3244 2200 3331 2254; x_wconf 87' lang='lat' dir='ltr'><strong>vel</strong></span> <span class='ocrx_word' id='word_1_395' title='bbox 3378 2199 3593 2268; x_wconf 82' lang='lat' dir='ltr'><strong>quibus-</strong></span> 
     </span>
    </p>
   </div>
   <div class='ocr_carea' id='block_1_51' title="bbox 2006 2293 3589 2368">
    <p class='ocr_par' dir='ltr' id='par_1_51' title="bbox 2006 2293 3589 2368">
     <span class='ocr_line' id='line_1_51' title="bbox 2006 2293 3589 2368; baseline -0.004 -15"><span class='ocrx_word' id='word_1_396' title='bbox 2006 2313 2111 2368; x_wconf 88' lang='lat' dir='ltr'><strong>que</strong></span> <span class='ocrx_word' id='word_1_397' title='bbox 2132 2298 2429 2365; x_wconf 91' lang='lat' dir='ltr'><strong>catholicis,</strong></span> <span class='ocrx_word' id='word_1_398' title='bbox 2460 2297 2575 2352; x_wconf 71' lang='lat' dir='ltr'><strong>htee</strong></span> <span class='ocrx_word' id='word_1_399' title='bbox 2591 2295 2705 2352; x_wconf 89' lang='lat' dir='ltr'><strong>sola</strong></span> <span class='ocrx_word' id='word_1_400' title='bbox 2726 2305 2913 2351; x_wconf 90' lang='lat' dir='ltr'><strong>contra</strong></span> <span class='ocrx_word' id='word_1_401' title='bbox 2934 2295 3280 2349; x_wconf 55' lang='lat' dir='ltr'><strong>Nestoramos</strong></span> <span class='ocrx_word' id='word_1_402' title='bbox 3300 2293 3589 2358; x_wconf 82' lang='lat' dir='ltr'><strong>sufficient,</strong></span> 
     </span>
    </p>
   </div>
   <div class='ocr_carea' id='block_1_52' title="bbox 2004 2384 3594 2458">
    <p class='ocr_par' dir='ltr' id='par_1_52' title="bbox 2004 2384 3594 2458">
     <span class='ocr_line' id='line_1_52' title="bbox 2004 2384 3594 2458; baseline -0.004 -16"><span class='ocrx_word' id='word_1_403' title='bbox 2004 2403 2126 2458; x_wconf 67' lang='lat' dir='ltr'><strong>qua:</strong></span> <span class='ocrx_word' id='word_1_404' title='bbox 2177 2403 2368 2458; x_wconf 86' lang='lat' dir='ltr'><strong>magno</strong></span> <span class='ocrx_word' id='word_1_405' title='bbox 2416 2386 2709 2443; x_wconf 83' lang='lat' dir='ltr'><strong>Athanasio</strong></span> <span class='ocrx_word' id='word_1_406' title='bbox 2736 2396 2922 2441; x_wconf 90' lang='lat' dir='ltr'><strong>contra</strong></span> <span class='ocrx_word' id='word_1_407' title='bbox 2970 2386 3198 2438; x_wconf 83' lang='lat' dir='ltr'><strong>Arianos</strong></span> <span class='ocrx_word' id='word_1_408' title='bbox 3227 2384 3319 2437; x_wconf 88' lang='lat' dir='ltr'><strong>illo</strong></span> <span class='ocrx_word' id='word_1_409' title='bbox 3353 2393 3594 2452; x_wconf 87' lang='lat' dir='ltr'><strong>tempore</strong></span> 
     </span>
    </p>
   </div>
   <div class='ocr_carea' id='block_1_53' title="bbox 2008 2478 3592 2548">
    <p class='ocr_par' dir='ltr' id='par_1_53' title="bbox 2008 2478 3592 2548">
     <span class='ocr_line' id='line_1_53' title="bbox 2008 2478 3592 2548; baseline -0.005 -12"><span class='ocrx_word' id='word_1_410' title='bbox 2008 2481 2358 2537; x_wconf 87' lang='lat' dir='ltr'><strong>suffecerunt.</strong></span> <span class='ocrx_word' id='word_1_411' title='bbox 2394 2480 2523 2548; x_wconf 83' lang='lat' dir='ltr'><strong>Quae</strong></span> <span class='ocrx_word' id='word_1_412' title='bbox 2546 2490 2723 2535; x_wconf 89' lang='lat' dir='ltr'><strong>autem</strong></span> <span class='ocrx_word' id='word_1_413' title='bbox 2768 2495 2866 2534; x_wconf 90' lang='lat' dir='ltr'><strong>nos</strong></span> <span class='ocrx_word' id='word_1_414' title='bbox 2901 2480 3129 2548; x_wconf 84' lang='lat' dir='ltr'><strong>amplius</strong></span> <span class='ocrx_word' id='word_1_415' title='bbox 3182 2478 3472 2531; x_wconf 88' lang='lat' dir='ltr'><strong>habeamus</strong></span> <span class='ocrx_word' id='word_1_416' title='bbox 3496 2492 3592 2545; x_wconf 87' lang='lat' dir='ltr'><strong>pro</strong></span> 
     </span>
    </p>
   </div>
   <div class='ocr_carea' id='block_1_54' title="bbox 2009 2569 3589 2642">
    <p class='ocr_par' dir='ltr' id='par_1_54' title="bbox 2009 2569 3589 2642">
     <span class='ocr_line' id='line_1_54' title="bbox 2009 2569 3589 2642; baseline -0.004 -15"><span class='ocrx_word' id='word_1_417' title='bbox 2009 2572 2316 2638; x_wconf 88' lang='lat' dir='ltr'><strong>Theodoro,</strong></span> <span class='ocrx_word' id='word_1_418' title='bbox 2342 2588 2501 2642; x_wconf 86' lang='lat' dir='ltr'><strong>quam</strong></span> <span class='ocrx_word' id='word_1_419' title='bbox 2530 2572 2853 2627; x_wconf 80' lang='lat' dir='ltr'><strong>Athanasius</strong></span> <span class='ocrx_word' id='word_1_420' title='bbox 2878 2587 2973 2640; x_wconf 91' lang='lat' dir='ltr'><strong>pro</strong></span> <span class='ocrx_word' id='word_1_421' title='bbox 3000 2571 3253 2642; x_wconf 76' lang='lat' dir='ltr'><strong>Dionysio</strong></span> <span class='ocrx_word' id='word_1_422' title='bbox 3278 2569 3482 2633; x_wconf 82' lang='lat' dir='ltr'><strong>habuit,</strong></span> <span class='ocrx_word' id='word_1_423' title='bbox 3504 2583 3589 2621; x_wconf 87' lang='lat' dir='ltr'><strong>os-</strong></span> 
     </span>
    </p>
   </div>
   <div class='ocr_carea' id='block_1_55' title="bbox 2008 2658 3599 2734">
    <p class='ocr_par' dir='ltr' id='par_1_55' title="bbox 2008 2658 3599 2734">
     <span class='ocr_line' id='line_1_55' title="bbox 2008 2658 3599 2734; baseline -0.006 -13"><span class='ocrx_word' id='word_1_424' title='bbox 2008 2665 2230 2721; x_wconf 90' lang='lat' dir='ltr'><strong>tendere</strong></span> <span class='ocrx_word' id='word_1_425' title='bbox 2254 2706 2267 2729; x_wconf 93' lang='lat'><strong>,</strong></span> <span class='ocrx_word' id='word_1_426' title='bbox 2295 2664 2422 2733; x_wconf 88' lang='lat' dir='ltr'><strong>quin</strong></span> <span class='ocrx_word' id='word_1_427' title='bbox 2448 2664 2624 2734; x_wconf 90' lang='lat' dir='ltr'><strong>potius</strong></span> <span class='ocrx_word' id='word_1_428' title='bbox 2650 2672 2867 2719; x_wconf 86' lang='lat' dir='ltr'><strong>ostensa</strong></span> <span class='ocrx_word' id='word_1_429' title='bbox 2899 2676 3324 2717; x_wconf 88' lang='lat' dir='ltr'><strong>commemorare</strong></span> <span class='ocrx_word' id='word_1_430' title='bbox 3355 2676 3459 2715; x_wconf 91' lang='lat' dir='ltr'><strong>non</strong></span> <span class='ocrx_word' id='word_1_431' title='bbox 3490 2658 3599 2714; x_wconf 84' lang='lat' dir='ltr'><strong>dif—</strong></span> 
     </span>
    </p>
   </div>
   <div class='ocr_carea' id='block_1_56' title="bbox 2010 2752 3598 2820">
    <p class='ocr_par' dir='ltr' id='par_1_56' title="bbox 2010 2752 3598 2820">
     <span class='ocr_line' id='line_1_56' title="bbox 2010 2752 3598 2820; baseline -0.002 -12"><span class='ocrx_word' id='word_1_432' title='bbox 2010 2753 2466 2809; x_wconf 82' lang='lat' dir='ltr'><strong>feram.Providit</strong></span> <span class='ocrx_word' id='word_1_433' title='bbox 2506 2755 2649 2809; x_wconf 90' lang='lat' dir='ltr'><strong>enim</strong></span> <span class='ocrx_word' id='word_1_434' title='bbox 2704 2753 3071 2809; x_wconf 85' lang='lat' dir='ltr'><strong>misericordia</strong></span> <span class='ocrx_word' id='word_1_435' title='bbox 3117 2753 3345 2818; x_wconf 89' lang='lat' dir='ltr'><strong>Domini,</strong></span> <span class='ocrx_word' id='word_1_436' title='bbox 3380 2752 3463 2807; x_wconf 65' lang='lat' dir='ltr'><strong>vel</strong></span> <span class='ocrx_word' id='word_1_437' title='bbox 3504 2767 3598 2820; x_wconf 90' lang='lat' dir='ltr'><strong>pro</strong></span> 
     </span>
    </p>
   </div>
   <div class='ocr_carea' id='block_1_57' title="bbox 2013 2843 3598 2915">
    <p class='ocr_par' dir='ltr' id='par_1_57' title="bbox 2013 2843 3598 2915">
     <span class='ocr_line' id='line_1_57' title="bbox 2013 2843 3598 2915; baseline -0.004 -15"><span class='ocrx_word' id='word_1_438' title='bbox 2013 2855 2195 2900; x_wconf 91' lang='lat' dir='ltr'><strong>nostra</strong></span> <span class='ocrx_word' id='word_1_439' title='bbox 2230 2845 2463 2911; x_wconf 88' lang='lat' dir='ltr'><strong>inscitia,</strong></span> <span class='ocrx_word' id='word_1_440' title='bbox 2493 2845 2583 2915; x_wconf 92' lang='lat' dir='ltr'><strong>qui</strong></span> <span class='ocrx_word' id='word_1_441' title='bbox 2614 2846 2796 2903; x_wconf 89' lang='lat' dir='ltr'><strong>minus</strong></span> <span class='ocrx_word' id='word_1_442' title='bbox 2847 2845 3055 2899; x_wconf 87' lang='lat' dir='ltr'><strong>habiles</strong></span> <span class='ocrx_word' id='word_1_443' title='bbox 3092 2844 3158 2898; x_wconf 91' lang='lat' dir='ltr'><strong>ad</strong></span> <span class='ocrx_word' id='word_1_444' title='bbox 3205 2843 3598 2898; x_wconf 87' lang='lat' dir='ltr'><strong>defendendum</strong></span> 
     </span>
    </p>
   </div>
   <div class='ocr_carea' id='block_1_58' title="bbox 2015 2935 3603 3007">
    <p class='ocr_par' dir='ltr' id='par_1_58' title="bbox 2015 2935 3603 3007">
     <span class='ocr_line' id='line_1_58' title="bbox 2015 2935 3603 3007; baseline -0.003 -16"><span class='ocrx_word' id='word_1_445' title='bbox 2015 2952 2222 3002; x_wconf 88' lang='lat' dir='ltr'><strong>sumus,</strong></span> <span class='ocrx_word' id='word_1_446' title='bbox 2250 2937 2331 2992; x_wconf 92' lang='lat' dir='ltr'><strong>vel</strong></span> <span class='ocrx_word' id='word_1_447' title='bbox 2379 2952 2477 3007; x_wconf 90' lang='lat' dir='ltr'><strong>pro</strong></span> <span class='ocrx_word' id='word_1_448' title='bbox 2520 2936 2815 3005; x_wconf 86' lang='lat' dir='ltr'><strong>pertinacia</strong></span> <span class='ocrx_word' id='word_1_449' title='bbox 2848 2938 3263 3001; x_wconf 83' lang='lat' dir='ltr'><strong>contrariorum,</strong></span> <span class='ocrx_word' id='word_1_450' title='bbox 3298 2935 3388 3006; x_wconf 90' lang='lat' dir='ltr'><strong>qui</strong></span> <span class='ocrx_word' id='word_1_451' title='bbox 3437 2936 3603 2989; x_wconf 86' lang='lat' dir='ltr'><strong>mani-</strong></span> 
     </span>
    </p>
   </div>
   <div class='ocr_carea' id='block_1_59' title="bbox 2018 3026 3605 3099">
    <p class='ocr_par' dir='ltr' id='par_1_59' title="bbox 2018 3026 3605 3099">
     <span class='ocr_line' id='line_1_59' title="bbox 2018 3026 3605 3099; baseline -0.003 -15"><span class='ocrx_word' id='word_1_452' title='bbox 2018 3031 2168 3084; x_wconf 62' lang='lat' dir='ltr'><strong>festa:</strong></span> <span class='ocrx_word' id='word_1_453' title='bbox 2220 3029 2409 3083; x_wconf 90' lang='lat' dir='ltr'><strong>nolunt</strong></span> <span class='ocrx_word' id='word_1_454' title='bbox 2458 3032 2802 3099; x_wconf 72' lang='lat' dir='ltr'><strong>acquiescere</strong></span> <span class='ocrx_word' id='word_1_455' title='bbox 2832 3029 3064 3095; x_wconf 86' lang='lat' dir='ltr'><strong>veritati,</strong></span> <span class='ocrx_word' id='word_1_456' title='bbox 3092 3038 3146 3081; x_wconf 91' lang='lat' dir='ltr'><strong>ut</strong></span> <span class='ocrx_word' id='word_1_457' title='bbox 3170 3026 3335 3082; x_wconf 92' lang='lat' dir='ltr'><strong>multo</strong></span> <span class='ocrx_word' id='word_1_458' title='bbox 3369 3026 3605 3097; x_wconf 85' lang='lat' dir='ltr'><strong>pluribus</strong></span> 
     </span>
    </p>
   </div>
   <div class='ocr_carea' id='block_1_60' title="bbox 2020 3120 3603 3193">
    <p class='ocr_par' dir='ltr' id='par_1_60' title="bbox 2020 3120 3603 3193">
     <span class='ocr_line' id='line_1_60' title="bbox 2020 3120 3603 3193; baseline -0.002 -14"><span class='ocrx_word' id='word_1_459' title='bbox 2020 3124 2195 3180; x_wconf 89' lang='lat' dir='ltr'><strong>modis</strong></span> <span class='ocrx_word' id='word_1_460' title='bbox 2227 3122 2545 3178; x_wconf 88' lang='lat' dir='ltr'><strong>Theodorus</strong></span> <span class='ocrx_word' id='word_1_461' title='bbox 2594 3120 2849 3177; x_wconf 81' lang='lat' dir='ltr'><strong>excusari</strong></span> <span class='ocrx_word' id='word_1_462' title='bbox 2898 3137 3056 3191; x_wconf 89' lang='lat' dir='ltr'><strong>quam</strong></span> <span class='ocrx_word' id='word_1_463' title='bbox 3092 3122 3373 3193; x_wconf 84' lang='lat' dir='ltr'><strong>Dionysius</strong></span> <span class='ocrx_word' id='word_1_464' title='bbox 3401 3132 3603 3191; x_wconf 87' lang='lat' dir='ltr'><strong>posset.</strong></span> 
     </span>
    </p>
   </div>
   <div class='ocr_carea' id='block_1_61' title="bbox 325 3211 3605 3283">
    <p class='ocr_par' dir='ltr' id='par_1_61' title="bbox 325 3211 3605 3283">
     <span class='ocr_line' id='line_1_61' title="bbox 325 3211 3605 3283; baseline -0.001 -15"><span class='ocrx_word' id='word_1_465' title='bbox 325 3214 626 3277; x_wconf 87' lang='lat' dir='ltr'><strong>demuaret,</strong></span> <span class='ocrx_word' id='word_1_466' title='bbox 648 3220 701 3267; x_wconf 91' lang='lat' dir='ltr'><strong>et</strong></span> <span class='ocrx_word' id='word_1_467' title='bbox 731 3226 888 3282; x_wconf 89' lang='lat' dir='ltr'><strong>quem</strong></span> <span class='ocrx_word' id='word_1_468' title='bbox 918 3226 1100 3268; x_wconf 90' lang='lat' dir='ltr'><strong>secum</strong></span> <span class='ocrx_word' id='word_1_469' title='bbox 1150 3222 1604 3282; x_wconf 84' lang='lat' dir='ltr'><strong>propugnatorem</strong></span> <span class='ocrx_word' id='word_1_470' title='bbox 1651 3211 1907 3267; x_wconf 89' lang='lat' dir='ltr'><strong>adversus</strong></span> <span class='ocrx_word' id='word_1_471' title='bbox 1939 3212 1985 3275; x_wconf 92' lang='lat' dir='ltr'>C</span> <span class='ocrx_word' id='word_1_472' title='bbox 2015 3215 2166 3283; x_wconf 88' lang='lat' dir='ltr'><strong>Quod</strong></span> <span class='ocrx_word' id='word_1_473' title='bbox 2199 3212 2341 3268; x_wconf 91' lang='lat' dir='ltr'><strong>enim</strong></span> <span class='ocrx_word' id='word_1_474' title='bbox 2386 3228 2482 3268; x_wconf 91' lang='lat' dir='ltr'><strong>nos</strong></span> <span class='ocrx_word' id='word_1_475' title='bbox 2528 3213 2837 3278; x_wconf 89' lang='lat' dir='ltr'><strong>asserimus,</strong></span> <span class='ocrx_word' id='word_1_476' title='bbox 2865 3213 2999 3268; x_wconf 85' lang='lat' dir='ltr'><strong>adeo</strong></span> <span class='ocrx_word' id='word_1_477' title='bbox 3045 3213 3313 3268; x_wconf 73' lang='lat' dir='ltr'><strong>diversum</strong></span> <span class='ocrx_word' id='word_1_478' title='bbox 3365 3213 3529 3267; x_wconf 91' lang='lat' dir='ltr'><strong>fuisse</strong></span> <span class='ocrx_word' id='word_1_479' title='bbox 3575 3230 3605 3266; x_wconf 85' lang='lat' dir='ltr'><strong>a</strong></span> 
     </span>
    </p>
   </div>
   <div class='ocr_carea' id='block_1_62' title="bbox 335 3301 1912 3369">
    <p class='ocr_par' dir='ltr' id='par_1_62' title="bbox 335 3301 1912 3369">
     <span class='ocr_line' id='line_1_62' title="bbox 335 3301 1912 3369; baseline -0.002 -10"><span class='ocrx_word' id='word_1_480' title='bbox 335 3305 521 3359; x_wconf 85' lang='lat' dir='ltr'><strong>hostes</strong></span> <span class='ocrx_word' id='word_1_481' title='bbox 568 3301 827 3369; x_wconf 86' lang='lat' dir='ltr'><strong>habebat,</strong></span> <span class='ocrx_word' id='word_1_482' title='bbox 880 3317 910 3357; x_wconf 93' lang='lat' dir='ltr'><strong>a</strong></span> <span class='ocrx_word' id='word_1_483' title='bbox 970 3302 1281 3357; x_wconf 88' lang='lat' dir='ltr'><strong>coelestibus</strong></span> <span class='ocrx_word' id='word_1_484' title='bbox 1334 3305 1524 3356; x_wconf 87' lang='lat' dir='ltr'><strong>castris</strong></span> <span class='ocrx_word' id='word_1_485' title='bbox 1580 3302 1912 3357; x_wconf 83' lang='lat' dir='ltr'><strong>excluderet.</strong></span> 
     </span>
    </p>
   </div>
   <div class='ocr_carea' id='block_1_63' title="bbox 328 3393 1913 3466">
    <p class='ocr_par' dir='ltr' id='par_1_63' title="bbox 328 3393 1913 3466">
     <span class='ocr_line' id='line_1_63' title="bbox 328 3393 1913 3466; baseline -0.001 -16"><span class='ocrx_word' id='word_1_486' title='bbox 328 3397 480 3452; x_wconf 89' lang='lat' dir='ltr'><strong>llunc</strong></span> <span class='ocrx_word' id='word_1_487' title='bbox 511 3396 688 3466; x_wconf 87' lang='lat' dir='ltr'><strong>itaque</strong></span> <span class='ocrx_word' id='word_1_488' title='bbox 712 3393 1079 3450; x_wconf 87' lang='lat' dir='ltr'><strong>doctissimum</strong></span> <span class='ocrx_word' id='word_1_489' title='bbox 1116 3403 1275 3463; x_wconf 85' lang='lat' dir='ltr'><strong>atque</strong></span> <span class='ocrx_word' id='word_1_490' title='bbox 1316 3394 1713 3450; x_wconf 88' lang='lat' dir='ltr'><strong>sanctissimum</strong></span> <span class='ocrx_word' id='word_1_491' title='bbox 1740 3395 1913 3449; x_wconf 87' lang='lat' dir='ltr'><strong>virum</strong></span> 
     </span>
    </p>
   </div>
   <div class='ocr_carea' id='block_1_64' title="bbox 331 3485 1919 3555">
    <p class='ocr_par' dir='ltr' id='par_1_64' title="bbox 331 3485 1919 3555">
     <span class='ocr_line' id='line_1_64' title="bbox 331 3485 1919 3555; baseline -0.001 -15"><span class='ocrx_word' id='word_1_492' title='bbox 331 3487 553 3555; x_wconf 86' lang='lat' dir='ltr'><strong>imitari,</strong></span> <span class='ocrx_word' id='word_1_493' title='bbox 586 3485 1007 3541; x_wconf 88' lang='lat' dir='ltr'><strong>clementissime</strong></span> <span class='ocrx_word' id='word_1_494' title='bbox 1041 3485 1366 3553; x_wconf 89' lang='lat' dir='ltr'><strong>imperator,</strong></span> <span class='ocrx_word' id='word_1_495' title='bbox 1398 3485 1553 3554; x_wconf 88' lang='lat' dir='ltr'><strong>hujus</strong></span> <span class='ocrx_word' id='word_1_496' title='bbox 1574 3486 1838 3540; x_wconf 87' lang='lat' dir='ltr'><strong>rationem</strong></span> <span class='ocrx_word' id='word_1_497' title='bbox 1865 3494 1919 3539; x_wconf 83' lang='lat' dir='ltr'><strong>cf.</strong></span> 
     </span>
    </p>
   </div>
   <div class='ocr_carea' id='block_1_65' title="bbox 327 3576 1912 3647">
    <p class='ocr_par' dir='ltr' id='par_1_65' title="bbox 327 3576 1912 3647">
     <span class='ocr_line' id='line_1_65' title="bbox 327 3576 1912 3647; baseline -0.004 -13"><span class='ocrx_word' id='word_1_498' title='bbox 327 3580 472 3634; x_wconf 89' lang='lat' dir='ltr'><strong>circa</strong></span> <span class='ocrx_word' id='word_1_499' title='bbox 523 3592 705 3647; x_wconf 90' lang='lat' dir='ltr'><strong>pacem</strong></span> <span class='ocrx_word' id='word_1_500' title='bbox 749 3576 1006 3631; x_wconf 76' lang='lat' dir='ltr'><strong>Ecclesia:</strong></span> <span class='ocrx_word' id='word_1_501' title='bbox 1029 3576 1423 3630; x_wconf 89' lang='lat' dir='ltr'><strong>observantiam</strong></span> <span class='ocrx_word' id='word_1_502' title='bbox 1453 3577 1603 3644; x_wconf 87' lang='lat' dir='ltr'><strong>sequi</strong></span> <span class='ocrx_word' id='word_1_503' title='bbox 1632 3576 1912 3630; x_wconf 86' lang='lat' dir='ltr'><strong>debemus.</strong></span> 
     </span>
    </p>
   </div>
   <div class='ocr_carea' id='block_1_66' title="bbox 326 3667 1920 3738">
    <p class='ocr_par' dir='ltr' id='par_1_66' title="bbox 326 3667 1920 3738">
     <span class='ocr_line' id='line_1_66' title="bbox 326 3667 1920 3738; baseline -0.006 -10"><span class='ocrx_word' id='word_1_504' title='bbox 326 3673 461 3728; x_wconf 80' lang='lat' dir='ltr'><strong>Nam</strong></span> <span class='ocrx_word' id='word_1_505' title='bbox 493 3671 704 3726; x_wconf 84' lang='lat' dir='ltr'><strong>illorum</strong></span> <span class='ocrx_word' id='word_1_506' title='bbox 762 3670 1070 3724; x_wconf 81' lang='lat' dir='ltr'><strong>deridemus</strong></span> <span class='ocrx_word' id='word_1_507' title='bbox 1125 3668 1496 3723; x_wconf 88' lang='lat' dir='ltr'><strong>crudelitatem</strong></span> <span class='ocrx_word' id='word_1_508' title='bbox 1528 3669 1614 3738; x_wconf 90' lang='lat' dir='ltr'><strong>qui</strong></span> <span class='ocrx_word' id='word_1_509' title='bbox 1642 3667 1706 3721; x_wconf 90' lang='lat' dir='ltr'><strong>ad</strong></span> <span class='ocrx_word' id='word_1_510' title='bbox 1732 3667 1920 3723; x_wconf 83' lang='lat' dir='ltr'><strong>defen-</strong></span> 
     </span>
    </p>
   </div>
   <div class='ocr_carea' id='block_1_67' title="bbox 327 3758 1917 3830">
    <p class='ocr_par' dir='ltr' id='par_1_67' title="bbox 327 3758 1917 3830">
     <span class='ocr_line' id='line_1_67' title="bbox 327 3758 1917 3830; baseline -0.004 -12"><span class='ocrx_word' id='word_1_511' title='bbox 327 3763 569 3818; x_wconf 86' lang='lat' dir='ltr'><strong>dendqu</strong></span> <span class='ocrx_word' id='word_1_512' title='bbox 600 3776 725 3816; x_wconf 88' lang='lat' dir='ltr'><strong>suos</strong></span> <span class='ocrx_word' id='word_1_513' title='bbox 752 3760 952 3830; x_wconf 81' lang='lat' dir='ltr'><strong>ignavi,</strong></span> <span class='ocrx_word' id='word_1_514' title='bbox 987 3758 1051 3813; x_wconf 81' lang='lat' dir='ltr'><strong>a&#39;d</strong></span> <span class='ocrx_word' id='word_1_515' title='bbox 1109 3758 1573 3814; x_wconf 86' lang='lat' dir='ltr'><strong>condemnandum</strong></span> <span class='ocrx_word' id='word_1_516' title='bbox 1615 3773 1741 3813; x_wconf 91' lang='lat' dir='ltr'><strong>vero</strong></span> <span class='ocrx_word' id='word_1_517' title='bbox 1774 3760 1917 3813; x_wconf 66' lang='lat' dir='ltr'><strong>festi-</strong></span> 
     </span>
    </p>
   </div>
   <div class='ocr_carea' id='block_1_68' title="bbox 327 3848 1917 3922">
    <p class='ocr_par' dir='ltr' id='par_1_68' title="bbox 327 3848 1917 3922">
     <span class='ocr_line' id='line_1_68' title="bbox 327 3848 1917 3922; baseline -0.006 -13"><span class='ocrx_word' id='word_1_518' title='bbox 327 3855 409 3921; x_wconf 88' lang='lat' dir='ltr'><strong>ni,</strong></span> <span class='ocrx_word' id='word_1_519' title='bbox 436 3855 501 3907; x_wconf 91' lang='lat' dir='ltr'><strong>de</strong></span> <span class='ocrx_word' id='word_1_520' title='bbox 547 3852 968 3922; x_wconf 89' lang='lat' dir='ltr'><strong>reprehensione</strong></span> <span class='ocrx_word' id='word_1_521' title='bbox 1009 3850 1271 3921; x_wconf 85' lang='lat' dir='ltr'><strong>majorum</strong></span> <span class='ocrx_word' id='word_1_522' title='bbox 1299 3848 1709 3919; x_wconf 81' lang='lat' dir='ltr'><strong>ignominiosam</strong></span> <span class='ocrx_word' id='word_1_523' title='bbox 1731 3862 1784 3903; x_wconf 91' lang='lat' dir='ltr'><strong>et</strong></span> <span class='ocrx_word' id='word_1_524' title='bbox 1812 3848 1917 3900; x_wconf 76' lang='lat' dir='ltr'><strong>lue-</strong></span> 
     </span>
    </p>
   </div>
   <div class='ocr_carea' id='block_1_69' title="bbox 279 3931 1917 4012">
    <p class='ocr_par' dir='ltr' id='par_1_69' title="bbox 279 3931 1917 4012">
     <span class='ocr_line' id='line_1_69' title="bbox 279 3931 1917 4012; baseline -0.006 -10"><span class='ocrx_word' id='word_1_525' title='bbox 279 3931 293 3945; x_wconf 68' lang='grc'><strong>’</strong></span> <span class='ocrx_word' id='word_1_526' title='bbox 328 3946 514 4002; x_wconf 87' lang='lat' dir='ltr'><strong>reticis</strong></span> <span class='ocrx_word' id='word_1_527' title='bbox 542 3959 886 4001; x_wconf 87' lang='lat' dir='ltr'><strong>communem</strong></span> <span class='ocrx_word' id='word_1_528' title='bbox 913 3942 1135 4012; x_wconf 85' lang='lat' dir='ltr'><strong>gloriam</strong></span> <span class='ocrx_word' id='word_1_529' title='bbox 1165 3951 1402 4011; x_wconf 88' lang='lat' dir='ltr'><strong>captant.</strong></span> <span class='ocrx_word' id='word_1_530' title='bbox 1431 3940 1563 3995; x_wconf 87' lang='lat' dir='ltr'><strong>Nam</strong></span> <span class='ocrx_word' id='word_1_531' title='bbox 1587 3939 1747 3995; x_wconf 92' lang='lat' dir='ltr'><strong>credo</strong></span> <span class='ocrx_word' id='word_1_532' title='bbox 1771 3939 1917 4009; x_wconf 90' lang='lat' dir='ltr'><strong>quod</strong></span> 
     </span>
    </p>
   </div>
   <div class='ocr_carea' id='block_1_70' title="bbox 329 4031 1920 4110">
    <p class='ocr_par' dir='ltr' id='par_1_70' title="bbox 329 4031 1920 4110">
     <span class='ocr_line' id='line_1_70' title="bbox 329 4031 1920 4110; baseline -0.008 -15"><span class='ocrx_word' id='word_1_533' title='bbox 329 4040 616 4110; x_wconf 82' lang='lat' dir='ltr'><strong>magistros</strong></span> <span class='ocrx_word' id='word_1_534' title='bbox 647 4037 851 4092; x_wconf 83' lang='lat' dir='ltr'><strong>militiae</strong></span> <span class='ocrx_word' id='word_1_535' title='bbox 880 4048 984 4089; x_wconf 71' lang='lat' dir='ltr'><strong>tua:</strong></span> <span class='ocrx_word' id='word_1_536' title='bbox 1016 4035 1152 4089; x_wconf 90' lang='lat' dir='ltr'><strong>hanc</strong></span> <span class='ocrx_word' id='word_1_537' title='bbox 1180 4034 1233 4089; x_wconf 91' lang='lat' dir='ltr'><strong>in</strong></span> <span class='ocrx_word' id='word_1_538' title='bbox 1259 4035 1454 4089; x_wconf 90' lang='lat' dir='ltr'><strong>castris</strong></span> <span class='ocrx_word' id='word_1_539' title='bbox 1475 4048 1503 4087; x_wconf 87' lang='lat' dir='ltr'><strong>a</strong></span> <span class='ocrx_word' id='word_1_540' title='bbox 1530 4041 1582 4089; x_wconf 93' lang='lat' dir='ltr'><strong>te</strong></span> <span class='ocrx_word' id='word_1_541' title='bbox 1612 4032 1713 4087; x_wconf 90' lang='lat' dir='ltr'><strong>sibi</strong></span> <span class='ocrx_word' id='word_1_542' title='bbox 1745 4031 1920 4087; x_wconf 82' lang='lat' dir='ltr'><strong>credi-</strong></span> 
     </span>
    </p>
   </div>
   <div class='ocr_carea' id='block_1_71' title="bbox 332 4126 1921 4202">
    <p class='ocr_par' dir='ltr' id='par_1_71' title="bbox 332 4126 1921 4202">
     <span class='ocr_line' id='line_1_71' title="bbox 332 4126 1921 4202; baseline -0.004 -16"><span class='ocrx_word' id='word_1_543' title='bbox 332 4134 405 4187; x_wconf 86' lang='lat' dir='ltr'><strong>tis</strong></span> <span class='ocrx_word' id='word_1_544' title='bbox 445 4146 566 4202; x_wconf 87' lang='lat' dir='ltr'><strong>crga</strong></span> <span class='ocrx_word' id='word_1_545' title='bbox 613 4130 845 4186; x_wconf 89' lang='lat' dir='ltr'><strong>hostium</strong></span> <span class='ocrx_word' id='word_1_546' title='bbox 865 4129 1018 4185; x_wconf 88' lang='lat' dir='ltr'><strong>dolos</strong></span> <span class='ocrx_word' id='word_1_547' title='bbox 1048 4139 1100 4184; x_wconf 91' lang='lat' dir='ltr'><strong>et</strong></span> <span class='ocrx_word' id='word_1_548' title='bbox 1121 4143 1338 4183; x_wconf 91' lang='lat' dir='ltr'><strong>suorum</strong></span> <span class='ocrx_word' id='word_1_549' title='bbox 1358 4126 1719 4182; x_wconf 88' lang='lat' dir='ltr'><strong>defensionem</strong></span> <span class='ocrx_word' id='word_1_550' title='bbox 1740 4134 1921 4180; x_wconf 84' lang='lat' dir='ltr'><strong>caute-</strong></span> 
     </span>
    </p>
   </div>
   <div class='ocr_carea' id='block_1_72' title="bbox 333 4216 1922 4292">
    <p class='ocr_par' dir='ltr' id='par_1_72' title="bbox 333 4216 1922 4292">
     <span class='ocr_line' id='line_1_72' title="bbox 333 4216 1922 4292; baseline -0.006 -12"><span class='ocrx_word' id='word_1_551' title='bbox 333 4227 445 4280; x_wconf 88' lang='lat' dir='ltr'><strong>lam</strong></span> <span class='ocrx_word' id='word_1_552' title='bbox 466 4224 740 4292; x_wconf 68' lang='lat' dir='ltr'><strong>przecipias</strong></span> <span class='ocrx_word' id='word_1_553' title='bbox 765 4224 1077 4288; x_wconf 86' lang='lat' dir='ltr'><strong>observare,</strong></span> <span class='ocrx_word' id='word_1_554' title='bbox 1106 4236 1266 4291; x_wconf 91' lang='lat' dir='ltr'><strong>quam</strong></span> <span class='ocrx_word' id='word_1_555' title='bbox 1283 4218 1750 4291; x_wconf 75' lang='lat' dir='ltr'><strong>magistermilitire</strong></span> <span class='ocrx_word' id='word_1_556' title='bbox 1771 4216 1922 4274; x_wconf 83' lang='lat' dir='ltr'><strong>Chri-</strong></span> 
     </span>
    </p>
   </div>
   <div class='ocr_carea' id='block_1_73' title="bbox 332 4311 1925 4381">
    <p class='ocr_par' dir='ltr' id='par_1_73' title="bbox 332 4311 1925 4381">
     <span class='ocr_line' id='line_1_73' title="bbox 332 4311 1925 4381; baseline -0.004 -10"><span class='ocrx_word' id='word_1_557' title='bbox 332 4317 405 4371; x_wconf 88' lang='lat' dir='ltr'><strong>sti</strong></span> <span class='ocrx_word' id='word_1_558' title='bbox 450 4315 768 4371; x_wconf 78' lang='lat' dir='ltr'><strong>Atbanasius</strong></span> <span class='ocrx_word' id='word_1_559' title='bbox 819 4314 1123 4370; x_wconf 78' lang='lat' dir='ltr'><strong>observavit</strong></span> <span class='ocrx_word' id='word_1_560' title='bbox 1155 4332 1169 4368; x_wconf 89' lang='lat'><strong>:</strong></span> <span class='ocrx_word' id='word_1_561' title='bbox 1197 4321 1251 4369; x_wconf 92' lang='lat' dir='ltr'><strong>et</strong></span> <span class='ocrx_word' id='word_1_562' title='bbox 1280 4312 1400 4368; x_wconf 90' lang='lat' dir='ltr'><strong>ideo</strong></span> <span class='ocrx_word' id='word_1_563' title='bbox 1445 4326 1549 4367; x_wconf 93' lang='lat' dir='ltr'><strong>non</strong></span> <span class='ocrx_word' id='word_1_564' title='bbox 1596 4311 1785 4381; x_wconf 89' lang='lat' dir='ltr'><strong>dignos</strong></span> <span class='ocrx_word' id='word_1_565' title='bbox 1820 4311 1925 4367; x_wconf 82' lang='lat' dir='ltr'><strong>exi-</strong></span> 
     </span>
    </p>
   </div>
   <div class='ocr_carea' id='block_1_74' title="bbox 334 4404 1920 4476">
    <p class='ocr_par' dir='ltr' id='par_1_74' title="bbox 334 4404 1920 4476">
     <span class='ocr_line' id='line_1_74' title="bbox 334 4404 1920 4476; baseline -0.003 -12"><span class='ocrx_word' id='word_1_566' title='bbox 334 4408 530 4464; x_wconf 73' lang='lat' dir='ltr'><strong>Stimes</strong></span> <span class='ocrx_word' id='word_1_567' title='bbox 551 4407 917 4463; x_wconf 85' lang='lat' dir='ltr'><strong>Ecclesiarum</strong></span> <span class='ocrx_word' id='word_1_568' title='bbox 949 4406 1044 4462; x_wconf 93' lang='lat' dir='ltr'><strong>Dei</strong></span> <span class='ocrx_word' id='word_1_569' title='bbox 1074 4406 1414 4476; x_wconf 83' lang='lat' dir='ltr'><strong>praepositos,</strong></span> <span class='ocrx_word' id='word_1_570' title='bbox 1447 4404 1630 4475; x_wconf 88' lang='lat' dir='ltr'><strong>quales</strong></span> <span class='ocrx_word' id='word_1_571' title='bbox 1656 4406 1699 4459; x_wconf 93' lang='lat' dir='ltr'><strong>si</strong></span> <span class='ocrx_word' id='word_1_572' title='bbox 1724 4404 1920 4459; x_wconf 78' lang='lat' dir='ltr'><strong>Castro-</strong></span> 
     </span>
    </p>
   </div>
   <div class='ocr_carea' id='block_1_75' title="bbox 334 4496 1922 4569">
    <p class='ocr_par' dir='ltr' id='par_1_75' title="bbox 334 4496 1922 4569">
     <span class='ocr_line' id='line_1_75' title="bbox 334 4496 1922 4569; baseline -0.003 -14"><span class='ocrx_word' id='word_1_573' title='bbox 334 4515 457 4555; x_wconf 90' lang='lat' dir='ltr'><strong>rum</strong></span> <span class='ocrx_word' id='word_1_574' title='bbox 480 4507 691 4555; x_wconf 91' lang='lat' dir='ltr'><strong>tuorum</strong></span> <span class='ocrx_word' id='word_1_575' title='bbox 720 4499 967 4562; x_wconf 88' lang='lat' dir='ltr'><strong>haberes,</strong></span> <span class='ocrx_word' id='word_1_576' title='bbox 999 4499 1270 4569; x_wconf 75' lang='lat' dir='ltr'><strong>iudicares</strong></span> <span class='ocrx_word' id='word_1_577' title='bbox 1303 4497 1573 4567; x_wconf 82' lang='lat' dir='ltr'><strong>indignos.</strong></span> <span class='ocrx_word' id='word_1_578' title='bbox 1596 4496 1746 4551; x_wconf 82' lang='lat' dir='ltr'><strong>Nunc</strong></span> <span class='ocrx_word' id='word_1_579' title='bbox 1775 4511 1922 4566; x_wconf 88' lang='lat' dir='ltr'><strong>ergo,</strong></span> 
     </span>
    </p>
   </div>
   <div class='ocr_carea' id='block_1_76' title="bbox 2023 3304 3608 3369">
    <p class='ocr_par' dir='ltr' id='par_1_76' title="bbox 2023 3304 3608 3369">
     <span class='ocr_line' id='line_1_76' title="bbox 2023 3304 3608 3369; baseline -0.003 -8"><span class='ocrx_word' id='word_1_580' title='bbox 2023 3306 2291 3362; x_wconf 86' lang='lat' dir='ltr'><strong>Theodori</strong></span> <span class='ocrx_word' id='word_1_581' title='bbox 2349 3321 2511 3360; x_wconf 90' lang='lat' dir='ltr'><strong>sensu</strong></span> <span class='ocrx_word' id='word_1_582' title='bbox 2581 3304 2933 3369; x_wconf 85' lang='lat' dir='ltr'><strong>Nestorium,</strong></span> <span class='ocrx_word' id='word_1_583' title='bbox 2986 3315 3041 3359; x_wconf 93' lang='lat' dir='ltr'><strong>ut</strong></span> <span class='ocrx_word' id='word_1_584' title='bbox 3093 3319 3126 3359; x_wconf 88' lang='lat' dir='ltr'><strong>a</strong></span> <span class='ocrx_word' id='word_1_585' title='bbox 3173 3304 3608 3361; x_wconf 86' lang='lat' dir='ltr'><strong>reverentissimo</strong></span> 
     </span>
    </p>
   </div>
   <div class='ocr_carea' id='block_1_77' title="bbox 2021 3397 3608 3463">
    <p class='ocr_par' dir='ltr' id='par_1_77' title="bbox 2021 3397 3608 3463">
     <span class='ocr_line' id='line_1_77' title="bbox 2021 3397 3608 3463; baseline -0.002 -9"><span class='ocrx_word' id='word_1_586' title='bbox 2021 3397 2228 3454; x_wconf 85' lang='lat' dir='ltr'><strong>Joanne</strong></span> <span class='ocrx_word' id='word_1_587' title='bbox 2278 3397 2613 3453; x_wconf 87' lang='lat' dir='ltr'><strong>Antiocheno</strong></span> <span class='ocrx_word' id='word_1_588' title='bbox 2666 3397 3176 3463; x_wconf 64' lang='lat' dir='ltr'><strong>admouitus”,uon</strong></span> <span class='ocrx_word' id='word_1_589' title='bbox 3233 3414 3397 3452; x_wconf 85' lang='lat' dir='ltr'><strong>ausus</strong></span> <span class='ocrx_word' id='word_1_590' title='bbox 3452 3398 3608 3451; x_wconf 86' lang='lat' dir='ltr'><strong>fuerit</strong></span> 
     </span>
    </p>
   </div>
   <div class='ocr_carea' id='block_1_78' title="bbox 2022 3491 3607 3547">
    <p class='ocr_par' dir='ltr' id='par_1_78' title="bbox 2022 3491 3607 3547">
     <span class='ocr_line' id='line_1_78' title="bbox 2022 3491 3607 3547; baseline -0.002 -1"><span class='ocrx_word' id='word_1_591' title='bbox 2022 3491 2284 3547; x_wconf 78' lang='lat' dir='ltr'><strong>dictorum</strong></span> <span class='ocrx_word' id='word_1_592' title='bbox 2309 3492 2450 3545; x_wconf 90' lang='lat' dir='ltr'><strong>illius</strong></span> <span class='ocrx_word' id='word_1_593' title='bbox 2475 3491 2792 3546; x_wconf 85' lang='lat' dir='ltr'><strong>testimoniis</strong></span> <span class='ocrx_word' id='word_1_594' title='bbox 2817 3506 2910 3545; x_wconf 92' lang='lat' dir='ltr'><strong>sua</strong></span> <span class='ocrx_word' id='word_1_595' title='bbox 2936 3493 3073 3547; x_wconf 82' lang='lat' dir='ltr'><strong>male</strong></span> <span class='ocrx_word' id='word_1_596' title='bbox 3103 3492 3243 3547; x_wconf 89' lang='lat' dir='ltr'><strong>dicta</strong></span> <span class='ocrx_word' id='word_1_597' title='bbox 3270 3491 3561 3547; x_wconf 80' lang='lat' dir='ltr'><strong>defendere</strong></span> <span class='ocrx_word' id='word_1_598' title='bbox 3595 3510 3607 3543; x_wconf 88' lang='lat'>:</span> 
     </span>
    </p>
   </div>
   <div class='ocr_carea' id='block_1_79' title="bbox 2023 3583 3613 3653">
    <p class='ocr_par' dir='ltr' id='par_1_79' title="bbox 2023 3583 3613 3653">
     <span class='ocr_line' id='line_1_79' title="bbox 2023 3583 3613 3653; baseline 0.001 -17"><span class='ocrx_word' id='word_1_599' title='bbox 2023 3584 2164 3653; x_wconf 91' lang='lat' dir='ltr'><strong>quod</strong></span> <span class='ocrx_word' id='word_1_600' title='bbox 2198 3583 2384 3651; x_wconf 87' lang='lat' dir='ltr'><strong>utique</strong></span> <span class='ocrx_word' id='word_1_601' title='bbox 2417 3597 2520 3636; x_wconf 89' lang='lat' dir='ltr'><strong>non</strong></span> <span class='ocrx_word' id='word_1_602' title='bbox 2553 3583 2860 3650; x_wconf 89' lang='lat' dir='ltr'><strong>omitteret,</strong></span> <span class='ocrx_word' id='word_1_603' title='bbox 2896 3585 2997 3638; x_wconf 73' lang='lat' dir='ltr'><strong>n‘si</strong></span> <span class='ocrx_word' id='word_1_604' title='bbox 3020 3585 3270 3639; x_wconf 89' lang='lat' dir='ltr'><strong>catholici</strong></span> <span class='ocrx_word' id='word_1_605' title='bbox 3302 3585 3394 3639; x_wconf 86' lang='lat' dir='ltr'><strong>viri</strong></span> <span class='ocrx_word' id='word_1_606' title='bbox 3418 3586 3613 3638; x_wconf 82' lang='lat' dir='ltr'><strong>docui-</strong></span> 
     </span>
    </p>
   </div>
   <div class='ocr_carea' id='block_1_80' title="bbox 2024 3673 3609 3729">
    <p class='ocr_par' dir='ltr' id='par_1_80' title="bbox 2024 3673 3609 3729">
     <span class='ocr_line' id='line_1_80' title="bbox 2024 3673 3609 3729; baseline 0 -1"><span class='ocrx_word' id='word_1_607' title='bbox 2024 3689 2148 3728; x_wconf 91' lang='lat' dir='ltr'><strong>nam</strong></span> <span class='ocrx_word' id='word_1_608' title='bbox 2182 3673 2511 3729; x_wconf 89' lang='lat' dir='ltr'><strong>contrariam</strong></span> <span class='ocrx_word' id='word_1_609' title='bbox 2552 3674 2654 3728; x_wconf 90' lang='lat' dir='ltr'><strong>sibi</strong></span> <span class='ocrx_word' id='word_1_610' title='bbox 2686 3675 2916 3729; x_wconf 89' lang='lat' dir='ltr'><strong>videret.</strong></span> <span class='ocrx_word' id='word_1_611' title='bbox 2952 3675 3145 3729; x_wconf 86' lang='lat' dir='ltr'><strong>Beatus</strong></span> <span class='ocrx_word' id='word_1_612' title='bbox 3177 3677 3504 3729; x_wconf 82' lang='lat' dir='ltr'><strong>Athanasius</strong></span> <span class='ocrx_word' id='word_1_613' title='bbox 3527 3676 3609 3728; x_wconf 88' lang='lat' dir='ltr'><strong>ni-</strong></span> 
     </span>
    </p>
   </div>
   <div class='ocr_carea' id='block_1_81' title="bbox 2025 3763 3609 3834">
    <p class='ocr_par' dir='ltr' id='par_1_81' title="bbox 2025 3763 3609 3834">
     <span class='ocr_line' id='line_1_81' title="bbox 2025 3763 3609 3834; baseline 0 -16"><span class='ocrx_word' id='word_1_614' title='bbox 2025 3764 2101 3818; x_wconf 90' lang='lat' dir='ltr'><strong>hil</strong></span> <span class='ocrx_word' id='word_1_615' title='bbox 2132 3764 2236 3819; x_wconf 88' lang='lat' dir='ltr'><strong>tale</strong></span> <span class='ocrx_word' id='word_1_616' title='bbox 2262 3764 2314 3818; x_wconf 93' lang='lat' dir='ltr'><strong>in</strong></span> <span class='ocrx_word' id='word_1_617' title='bbox 2348 3763 2721 3819; x_wconf 88' lang='lat' dir='ltr'><strong>defensionem</strong></span> <span class='ocrx_word' id='word_1_618' title='bbox 2754 3765 3074 3819; x_wconf 88' lang='lat' dir='ltr'><strong>venerabilis</strong></span> <span class='ocrx_word' id='word_1_619' title='bbox 3107 3766 3338 3834; x_wconf 81' lang='lat' dir='ltr'><strong>Dionysii</strong></span> <span class='ocrx_word' id='word_1_620' title='bbox 3369 3766 3507 3834; x_wconf 89' lang='lat' dir='ltr'><strong>quod</strong></span> <span class='ocrx_word' id='word_1_621' title='bbox 3528 3767 3609 3820; x_wconf 90' lang='lat' dir='ltr'><strong>di-</strong></span> 
     </span>
    </p>
   </div>
   <div class='ocr_carea' id='block_1_82' title="bbox 2024 3854 3611 3924">
    <p class='ocr_par' dir='ltr' id='par_1_82' title="bbox 2024 3854 3611 3924">
     <span class='ocr_line' id='line_1_82' title="bbox 2024 3854 3611 3924; baseline 0.003 -16"><span class='ocrx_word' id='word_1_622' title='bbox 2024 3862 2171 3910; x_wconf 86' lang='lat' dir='ltr'><strong>ceret</strong></span> <span class='ocrx_word' id='word_1_623' title='bbox 2200 3854 2387 3909; x_wconf 86' lang='lat' dir='ltr'><strong>habuit</strong></span> <span class='ocrx_word' id='word_1_624' title='bbox 2420 3871 2434 3909; x_wconf 86' lang='lat'><strong>:</strong></span> <span class='ocrx_word' id='word_1_625' title='bbox 2466 3854 2590 3924; x_wconf 90' lang='lat' dir='ltr'><strong>quia</strong></span> <span class='ocrx_word' id='word_1_626' title='bbox 2622 3869 2726 3909; x_wconf 93' lang='lat' dir='ltr'><strong>non</strong></span> <span class='ocrx_word' id='word_1_627' title='bbox 2749 3855 2888 3909; x_wconf 89' lang='lat' dir='ltr'><strong>sicut</strong></span> <span class='ocrx_word' id='word_1_628' title='bbox 2910 3855 3177 3910; x_wconf 85' lang='lat' dir='ltr'><strong>Theodori</strong></span> <span class='ocrx_word' id='word_1_629' title='bbox 3208 3855 3507 3921; x_wconf 88' lang='lat' dir='ltr'><strong>Nestorius,</strong></span> <span class='ocrx_word' id='word_1_630' title='bbox 3543 3857 3611 3914; x_wconf 59' lang='lat' dir='ltr'><strong>ila</strong></span> 
     </span>
    </p>
   </div>
   <div class='ocr_carea' id='block_1_83' title="bbox 2026 3946 3612 4017">
    <p class='ocr_par' dir='ltr' id='par_1_83' title="bbox 2026 3946 3612 4017">
     <span class='ocr_line' id='line_1_83' title="bbox 2026 3946 3612 4017; baseline 0.003 -17"><span class='ocrx_word' id='word_1_631' title='bbox 2026 3946 2265 4017; x_wconf 82' lang='lat' dir='ltr'><strong>Dionysii</strong></span> <span class='ocrx_word' id='word_1_632' title='bbox 2311 3947 2468 4001; x_wconf 84' lang='lat' dir='ltr'><strong>Arius</strong></span> <span class='ocrx_word' id='word_1_633' title='bbox 2504 3947 2753 4016; x_wconf 80' lang='lat' dir='ltr'><strong>exemplo</strong></span> <span class='ocrx_word' id='word_1_634' title='bbox 2778 3947 3282 4004; x_wconf 87' lang='lat' dir='ltr'><strong>fueratadmonitus</strong></span> <span class='ocrx_word' id='word_1_635' title='bbox 3324 3960 3378 4004; x_wconf 89' lang='lat' dir='ltr'><strong>et</strong></span> <span class='ocrx_word' id='word_1_636' title='bbox 3429 3953 3612 4005; x_wconf 87' lang='lat' dir='ltr'><strong>convi-</strong></span> 
     </span>
    </p>
   </div>
   <div class='ocr_carea' id='block_1_84' title="bbox 2024 4039 3613 4112">
    <p class='ocr_par' dir='ltr' id='par_1_84' title="bbox 2024 4039 3613 4112">
     <span class='ocr_line' id='line_1_84' title="bbox 2024 4039 3613 4112; baseline 0.002 -18"><span class='ocrx_word' id='word_1_637' title='bbox 2024 4050 2161 4094; x_wconf 83' lang='lat' dir='ltr'><strong>cuis.</strong></span> <span class='ocrx_word' id='word_1_638' title='bbox 2184 4039 2383 4095; x_wconf 91' lang='lat' dir='ltr'><strong>Deinde</strong></span> <span class='ocrx_word' id='word_1_639' title='bbox 2404 4039 2875 4109; x_wconf 90' lang='lat' dir='ltr'><strong>quodTheodorus</strong></span> <span class='ocrx_word' id='word_1_640' title='bbox 2898 4042 3037 4095; x_wconf 83' lang='lat' dir='ltr'><strong>ultro</strong></span> <span class='ocrx_word' id='word_1_641' title='bbox 3058 4041 3405 4110; x_wconf 88' lang='lat' dir='ltr'><strong>semetipsum</strong></span> <span class='ocrx_word' id='word_1_642' title='bbox 3430 4058 3613 4112; x_wconf 84' lang='lat' dir='ltr'><strong>repre—</strong></span> 
     </span>
    </p>
   </div>
   <div class='ocr_carea' id='block_1_85' title="bbox 2027 4129 3615 4200">
    <p class='ocr_par' dir='ltr' id='par_1_85' title="bbox 2027 4129 3615 4200">
     <span class='ocr_line' id='line_1_85' title="bbox 2027 4129 3615 4200; baseline 0.001 -16"><span class='ocrx_word' id='word_1_643' title='bbox 2027 4129 2268 4187; x_wconf 87' lang='lat' dir='ltr'><strong>hendens</strong></span> <span class='ocrx_word' id='word_1_644' title='bbox 2314 4130 2367 4184; x_wconf 92' lang='lat' dir='ltr'><strong>in</strong></span> <span class='ocrx_word' id='word_1_645' title='bbox 2420 4130 2757 4200; x_wconf 82' lang='lat' dir='ltr'><strong>expositione</strong></span> <span class='ocrx_word' id='word_1_646' title='bbox 2807 4130 3158 4198; x_wconf 90' lang='lat' dir='ltr'><strong>psalmorum,</strong></span> <span class='ocrx_word' id='word_1_647' title='bbox 3205 4134 3482 4187; x_wconf 68' lang='lat' dir='ltr'><strong>confessus</strong></span> <span class='ocrx_word' id='word_1_648' title='bbox 3535 4146 3615 4188; x_wconf 89' lang='lat' dir='ltr'><strong>est</strong></span> 
     </span>
    </p>
   </div>
   <div class='ocr_carea' id='block_1_86' title="bbox 2025 4221 3615 4292">
    <p class='ocr_par' dir='ltr' id='par_1_86' title="bbox 2025 4221 3615 4292">
     <span class='ocr_line' id='line_1_86' title="bbox 2025 4221 3615 4292; baseline 0.001 -16"><span class='ocrx_word' id='word_1_649' title='bbox 2025 4222 2167 4292; x_wconf 89' lang='lat' dir='ltr'><strong>quod</strong></span> <span class='ocrx_word' id='word_1_650' title='bbox 2199 4221 2530 4292; x_wconf 79' lang='lat' dir='ltr'><strong>negligenter</strong></span> <span class='ocrx_word' id='word_1_651' title='bbox 2558 4236 2588 4276; x_wconf 89' lang='lat' dir='ltr'><strong>a</strong></span> <span class='ocrx_word' id='word_1_652' title='bbox 2619 4236 2679 4277; x_wconf 91' lang='lat' dir='ltr'><strong>se</strong></span> <span class='ocrx_word' id='word_1_653' title='bbox 2708 4222 3001 4291; x_wconf 90' lang='lat' dir='ltr'><strong>composita</strong></span> <span class='ocrx_word' id='word_1_654' title='bbox 3046 4222 3243 4278; x_wconf 91' lang='lat' dir='ltr'><strong>fuerint</strong></span> <span class='ocrx_word' id='word_1_655' title='bbox 3284 4223 3534 4292; x_wconf 85' lang='lat' dir='ltr'><strong>plurima,</strong></span> <span class='ocrx_word' id='word_1_656' title='bbox 3560 4235 3615 4278; x_wconf 90' lang='lat' dir='ltr'><strong>et</strong></span> 
     </span>
    </p>
   </div>
   <div class='ocr_carea' id='block_1_87' title="bbox 2026 4317 3613 4388">
    <p class='ocr_par' dir='ltr' id='par_1_87' title="bbox 2026 4317 3613 4388">
     <span class='ocr_line' id='line_1_87' title="bbox 2026 4317 3613 4388; baseline -0.001 -16"><span class='ocrx_word' id='word_1_657' title='bbox 2026 4318 2256 4373; x_wconf 80' lang='lat' dir='ltr'><strong>maxime</strong></span> <span class='ocrx_word' id='word_1_658' title='bbox 2286 4318 2373 4373; x_wconf 91' lang='lat' dir='ltr'><strong>illa</strong></span> <span class='ocrx_word' id='word_1_659' title='bbox 2402 4332 2521 4388; x_wconf 86' lang='lat' dir='ltr'><strong>quae</strong></span> <span class='ocrx_word' id='word_1_660' title='bbox 2550 4317 2716 4385; x_wconf 90' lang='lat' dir='ltr'><strong>prima</strong></span> <span class='ocrx_word' id='word_1_661' title='bbox 2743 4326 2908 4381; x_wconf 90' lang='lat' dir='ltr'><strong>sunt,</strong></span> <span class='ocrx_word' id='word_1_662' title='bbox 2942 4326 2993 4371; x_wconf 90' lang='lat' dir='ltr'><strong>et</strong></span> <span class='ocrx_word' id='word_1_663' title='bbox 3024 4317 3163 4386; x_wconf 91' lang='lat' dir='ltr'><strong>quod</strong></span> <span class='ocrx_word' id='word_1_664' title='bbox 3222 4317 3488 4388; x_wconf 85' lang='lat' dir='ltr'><strong>perhibuit</strong></span> <span class='ocrx_word' id='word_1_665' title='bbox 3514 4318 3613 4371; x_wconf 90' lang='lat' dir='ltr'><strong>ali-</strong></span> 
     </span>
    </p>
   </div>
   <div class='ocr_carea' id='block_1_88' title="bbox 2027 4408 3616 4479">
    <p class='ocr_par' dir='ltr' id='par_1_88' title="bbox 2027 4408 3616 4479">
     <span class='ocr_line' id='line_1_88' title="bbox 2027 4408 3616 4479; baseline 0 -16"><span class='ocrx_word' id='word_1_666' title='bbox 2027 4424 2128 4479; x_wconf 91' lang='lat' dir='ltr'><strong>qua</strong></span> <span class='ocrx_word' id='word_1_667' title='bbox 2159 4410 2213 4463; x_wconf 93' lang='lat' dir='ltr'><strong>in</strong></span> <span class='ocrx_word' id='word_1_668' title='bbox 2246 4425 2371 4464; x_wconf 90' lang='lat' dir='ltr'><strong>suos</strong></span> <span class='ocrx_word' id='word_1_669' title='bbox 2413 4409 2579 4465; x_wconf 90' lang='lat' dir='ltr'><strong>libros</strong></span> <span class='ocrx_word' id='word_1_670' title='bbox 2609 4408 2677 4463; x_wconf 89' lang='lat' dir='ltr'><strong>ab</strong></span> <span class='ocrx_word' id='word_1_671' title='bbox 2708 4408 3085 4479; x_wconf 82' lang='lat' dir='ltr'><strong>Apolinaristis</strong></span> <span class='ocrx_word' id='word_1_672' title='bbox 3117 4409 3379 4469; x_wconf 87' lang='lat' dir='ltr'><strong>immissa.</strong></span> <span class='ocrx_word' id='word_1_673' title='bbox 3421 4410 3616 4465; x_wconf 84' lang='lat' dir='ltr'><strong>Possu-</strong></span> 
     </span>
    </p>
   </div>
   <div class='ocr_carea' id='block_1_89' title="bbox 2029 4500 3617 4573">
    <p class='ocr_par' dir='ltr' id='par_1_89' title="bbox 2029 4500 3617 4573">
     <span class='ocr_line' id='line_1_89' title="bbox 2029 4500 3617 4573; baseline 0 -16"><span class='ocrx_word' id='word_1_674' title='bbox 2029 4519 2148 4558; x_wconf 89' lang='lat' dir='ltr'><strong>mus</strong></span> <span class='ocrx_word' id='word_1_675' title='bbox 2178 4517 2307 4573; x_wconf 86' lang='lat' dir='ltr'><strong>ergo</strong></span> <span class='ocrx_word' id='word_1_676' title='bbox 2333 4500 2665 4557; x_wconf 83' lang='lat' dir='ltr'><strong>Nestorianis</strong></span> <span class='ocrx_word' id='word_1_677' title='bbox 2706 4500 2884 4556; x_wconf 81' lang='lat' dir='ltr'><strong>dicere</strong></span> <span class='ocrx_word' id='word_1_678' title='bbox 2940 4500 3081 4571; x_wconf 88' lang='lat' dir='ltr'><strong>quod</strong></span> <span class='ocrx_word' id='word_1_679' title='bbox 3131 4515 3196 4555; x_wconf 83' lang='lat' dir='ltr'><strong>ex</strong></span> <span class='ocrx_word' id='word_1_680' title='bbox 3234 4500 3341 4556; x_wconf 87' lang='lat' dir='ltr'><strong>illis</strong></span> <span class='ocrx_word' id='word_1_681' title='bbox 3374 4501 3617 4570; x_wconf 87' lang='lat' dir='ltr'><strong>plurimis</strong></span> 
     </span>
    </p>
   </div>
   <div class='ocr_carea' id='block_1_90' title="bbox 335 4588 3614 4664">
    <p class='ocr_par' dir='ltr' id='par_1_90' title="bbox 335 4588 3614 4664">
     <span class='ocr_line' id='line_1_90' title="bbox 335 4588 3614 4664; baseline 0 -17"><span class='ocrx_word' id='word_1_682' title='bbox 335 4591 387 4647; x_wconf 89' lang='lat' dir='ltr'><strong>si</strong></span> <span class='ocrx_word' id='word_1_683' title='bbox 417 4590 549 4644; x_wconf 90' lang='lat' dir='ltr'><strong>mihi</strong></span> <span class='ocrx_word' id='word_1_684' title='bbox 590 4590 892 4646; x_wconf 78' lang='lat' dir='ltr'><strong>Nestoriani</strong></span> <span class='ocrx_word' id='word_1_685' title='bbox 922 4589 1158 4644; x_wconf 76' lang='lat' dir='ltr'><strong>dixerint</strong></span> <span class='ocrx_word' id='word_1_686' title='bbox 1203 4588 1561 4644; x_wconf 82' lang='lat' dir='ltr'><strong>:Theodorus</strong></span> <span class='ocrx_word' id='word_1_687' title='bbox 1587 4588 1920 4657; x_wconf 80' lang='lat' dir='ltr'><strong>Mopsueste-</strong></span> <span class='ocrx_word' id='word_1_688' title='bbox 1952 4600 2004 4659; x_wconf 79' lang='grc' dir='ltr'><strong>Ι)</strong></span> <span class='ocrx_word' id='word_1_689' title='bbox 2030 4595 2360 4664; x_wconf 89' lang='lat' dir='ltr'><strong>negligenter</strong></span> <span class='ocrx_word' id='word_1_690' title='bbox 2384 4593 2452 4647; x_wconf 92' lang='lat' dir='ltr'><strong>ab</strong></span> <span class='ocrx_word' id='word_1_691' title='bbox 2482 4608 2547 4648; x_wconf 89' lang='lat' dir='ltr'><strong>eo</strong></span> <span class='ocrx_word' id='word_1_692' title='bbox 2573 4593 2891 4663; x_wconf 89' lang='lat' dir='ltr'><strong>compositis</strong></span> <span class='ocrx_word' id='word_1_693' title='bbox 2937 4594 3203 4648; x_wconf 84' lang='lat' dir='ltr'><strong>credenda</strong></span> <span class='ocrx_word' id='word_1_694' title='bbox 3237 4595 3344 4647; x_wconf 85' lang='lat' dir='ltr'><strong>sint</strong></span> <span class='ocrx_word' id='word_1_695' title='bbox 3368 4595 3453 4647; x_wconf 88' lang='lat' dir='ltr'><strong>illa</strong></span> <span class='ocrx_word' id='word_1_696' title='bbox 3479 4594 3614 4662; x_wconf 84' lang='lat' dir='ltr'><strong>ipsa,</strong></span> 
     </span>
    </p>
   </div>
   <div class='ocr_carea' id='block_1_91' title="bbox 337 4680 1921 4752">
    <p class='ocr_par' dir='ltr' id='par_1_91' title="bbox 337 4680 1921 4752">
     <span class='ocr_line' id='line_1_91' title="bbox 337 4680 1921 4752; baseline -0.003 -14"><span class='ocrx_word' id='word_1_697' title='bbox 337 4697 467 4751; x_wconf 82' lang='lat' dir='ltr'><strong>nus,</strong></span> <span class='ocrx_word' id='word_1_698' title='bbox 488 4682 576 4752; x_wconf 90' lang='lat' dir='ltr'><strong>qui</strong></span> <span class='ocrx_word' id='word_1_699' title='bbox 594 4692 648 4739; x_wconf 89' lang='lat' dir='ltr'><strong>et</strong></span> <span class='ocrx_word' id='word_1_700' title='bbox 673 4683 729 4737; x_wconf 92' lang='lat' dir='ltr'><strong>in</strong></span> <span class='ocrx_word' id='word_1_701' title='bbox 758 4683 1065 4752; x_wconf 87' lang='lat' dir='ltr'><strong>episc0patu</strong></span> <span class='ocrx_word' id='word_1_702' title='bbox 1088 4681 1367 4737; x_wconf 91' lang='lat' dir='ltr'><strong>defunctus</strong></span> <span class='ocrx_word' id='word_1_703' title='bbox 1393 4691 1498 4747; x_wconf 88' lang='lat' dir='ltr'><strong>est,</strong></span> <span class='ocrx_word' id='word_1_704' title='bbox 1528 4689 1583 4736; x_wconf 91' lang='lat' dir='ltr'><strong>et</strong></span> <span class='ocrx_word' id='word_1_705' title='bbox 1615 4694 1720 4735; x_wconf 93' lang='lat' dir='ltr'><strong>non</strong></span> <span class='ocrx_word' id='word_1_706' title='bbox 1746 4680 1921 4735; x_wconf 90' lang='lat' dir='ltr'><strong>solum</strong></span> 
     </span>
    </p>
   </div>
   <div class='ocr_carea' id='block_1_92' title="bbox 340 4773 1922 4844">
    <p class='ocr_par' dir='ltr' id='par_1_92' title="bbox 340 4773 1922 4844">
     <span class='ocr_line' id='line_1_92' title="bbox 340 4773 1922 4844; baseline -0.002 -16"><span class='ocrx_word' id='word_1_707' title='bbox 340 4775 395 4829; x_wconf 89' lang='lat' dir='ltr'><strong>in</strong></span> <span class='ocrx_word' id='word_1_708' title='bbox 428 4773 653 4844; x_wconf 84' lang='lat' dir='ltr'><strong>epistola</strong></span> <span class='ocrx_word' id='word_1_709' title='bbox 696 4788 855 4844; x_wconf 85' lang='lat' dir='ltr'><strong>quam</strong></span> <span class='ocrx_word' id='word_1_710' title='bbox 910 4783 1094 4828; x_wconf 88' lang='lat' dir='ltr'><strong>nostra</strong></span> <span class='ocrx_word' id='word_1_711' title='bbox 1125 4774 1150 4805; x_wconf 82' lang='grc'><strong><em>³</em></strong></span> <span class='ocrx_word' id='word_1_712' title='bbox 1175 4773 1417 4844; x_wconf 86' lang='lat' dir='ltr'><strong>synodus</strong></span> <span class='ocrx_word' id='word_1_713' title='bbox 1445 4773 1807 4843; x_wconf 89' lang='lat' dir='ltr'><strong>pronuntiavit</strong></span> <span class='ocrx_word' id='word_1_714' title='bbox 1833 4788 1922 4826; x_wconf 85' lang='lat' dir='ltr'><strong>or-</strong></span> 
     </span>
    </p>
   </div>
   <div class='ocr_carea' id='block_1_93' title="bbox 341 4866 1925 4936">
    <p class='ocr_par' dir='ltr' id='par_1_93' title="bbox 341 4866 1925 4936">
     <span class='ocr_line' id='line_1_93' title="bbox 341 4866 1925 4936; baseline -0.002 -15"><span class='ocrx_word' id='word_1_715' title='bbox 341 4866 663 4933; x_wconf 82' lang='lat' dir='ltr'><strong>thodoxam,</strong></span> <span class='ocrx_word' id='word_1_716' title='bbox 688 4883 870 4923; x_wconf 89' lang='lat' dir='ltr'><strong>verum</strong></span> <span class='ocrx_word' id='word_1_717' title='bbox 897 4868 1057 4922; x_wconf 89' lang='lat' dir='ltr'><strong>etiam</strong></span> <span class='ocrx_word' id='word_1_718' title='bbox 1083 4867 1134 4921; x_wconf 92' lang='lat' dir='ltr'><strong>in</strong></span> <span class='ocrx_word' id='word_1_719' title='bbox 1163 4867 1270 4921; x_wconf 88' lang='lat' dir='ltr'><strong>illis</strong></span> <span class='ocrx_word' id='word_1_720' title='bbox 1290 4866 1533 4936; x_wconf 91' lang='lat' dir='ltr'><strong>epistolis</strong></span> <span class='ocrx_word' id='word_1_721' title='bbox 1556 4881 1782 4936; x_wconf 88' lang='lat' dir='ltr'><strong>quarum</strong></span> <span class='ocrx_word' id='word_1_722' title='bbox 1827 4880 1925 4919; x_wconf 79' lang='lat' dir='ltr'><strong>au-</strong></span> 
     </span>
    </p>
   </div>
   <div class='ocr_carea' id='block_1_94' title="bbox 343 4958 1929 5029">
    <p class='ocr_par' dir='ltr' id='par_1_94' title="bbox 343 4958 1929 5029">
     <span class='ocr_line' id='line_1_94' title="bbox 343 4958 1929 5029; baseline -0.003 -13"><span class='ocrx_word' id='word_1_723' title='bbox 343 4961 597 5016; x_wconf 86' lang='lat' dir='ltr'><strong>cturitate</strong></span> <span class='ocrx_word' id='word_1_724' title='bbox 627 4959 850 5016; x_wconf 78' lang='lat' dir='ltr'><strong>Romani</strong></span> <span class='ocrx_word' id='word_1_725' title='bbox 870 4960 1063 5015; x_wconf 85' lang='lat' dir='ltr'><strong>Leonis</strong></span> <span class='ocrx_word' id='word_1_726' title='bbox 1085 4958 1440 5029; x_wconf 90' lang='lat' dir='ltr'><strong>dogmaticam</strong></span> <span class='ocrx_word' id='word_1_727' title='bbox 1467 4958 1708 5014; x_wconf 87' lang='lat' dir='ltr'><strong>defendit</strong></span> <span class='ocrx_word' id='word_1_728' title='bbox 1727 4958 1929 5027; x_wconf 84' lang='lat' dir='ltr'><strong>episto-</strong></span> 
     </span>
    </p>
   </div>
   <div class='ocr_carea' id='block_1_95' title="bbox 345 5048 1930 5120">
    <p class='ocr_par' dir='ltr' id='par_1_95' title="bbox 345 5048 1930 5120">
     <span class='ocr_line' id='line_1_95' title="bbox 345 5048 1930 5120; baseline 0 -15"><span class='ocrx_word' id='word_1_729' title='bbox 345 5053 476 5117; x_wconf 89' lang='lat' dir='ltr'><strong>lam,</strong></span> <span class='ocrx_word' id='word_1_730' title='bbox 503 5065 694 5120; x_wconf 80' lang='lat' dir='ltr'><strong>niagna</strong></span> <span class='ocrx_word' id='word_1_731' title='bbox 740 5050 1118 5119; x_wconf 72' lang='lat' dir='ltr'><strong>praedicatione</strong></span> <span class='ocrx_word' id='word_1_732' title='bbox 1166 5048 1444 5116; x_wconf 89' lang='lat' dir='ltr'><strong>laudatus,</strong></span> <span class='ocrx_word' id='word_1_733' title='bbox 1476 5050 1548 5103; x_wconf 89' lang='lat' dir='ltr'><strong>ita</strong></span> <span class='ocrx_word' id='word_1_734' title='bbox 1596 5049 1664 5106; x_wconf 90' lang='lat' dir='ltr'><strong>de</strong></span> <span class='ocrx_word' id='word_1_735' title='bbox 1712 5050 1930 5105; x_wconf 82' lang='lat' dir='ltr'><strong>Christo</strong></span> 
     </span>
    </p>
   </div>
   <div class='ocr_carea' id='block_1_96' title="bbox 348 5140 1931 5213">
    <p class='ocr_par' dir='ltr' id='par_1_96' title="bbox 348 5140 1931 5213">
     <span class='ocr_line' id='line_1_96' title="bbox 348 5140 1931 5213; baseline -0.001 -18"><span class='ocrx_word' id='word_1_736' title='bbox 348 5142 801 5213; x_wconf 85' lang='lat' dir='ltr'><strong>quemadmodum</strong></span> <span class='ocrx_word' id='word_1_737' title='bbox 831 5141 1110 5197; x_wconf 88' lang='lat' dir='ltr'><strong>Nestorius</strong></span> <span class='ocrx_word' id='word_1_738' title='bbox 1158 5141 1349 5207; x_wconf 89' lang='lat' dir='ltr'><strong>sensit,</strong></span> <span class='ocrx_word' id='word_1_739' title='bbox 1383 5150 1439 5196; x_wconf 91' lang='lat' dir='ltr'><strong>et</strong></span> <span class='ocrx_word' id='word_1_740' title='bbox 1468 5140 1519 5194; x_wconf 93' lang='lat' dir='ltr'><strong>iu</strong></span> <span class='ocrx_word' id='word_1_741' title='bbox 1565 5140 1931 5196; x_wconf 86' lang='lat' dir='ltr'><strong>defensionem</strong></span> 
     </span>
    </p>
   </div>
   <div class='ocr_carea' id='block_1_97' title="bbox 347 5232 1929 5304">
    <p class='ocr_par' dir='ltr' id='par_1_97' title="bbox 347 5232 1929 5304">
     <span class='ocr_line' id='line_1_97' title="bbox 347 5232 1929 5304; baseline -0.003 -15"><span class='ocrx_word' id='word_1_742' title='bbox 347 5236 433 5289; x_wconf 89' lang='lat' dir='ltr'><strong>sui</strong></span> <span class='ocrx_word' id='word_1_743' title='bbox 481 5234 764 5304; x_wconf 85' lang='lat' dir='ltr'><strong>dogmatis,</strong></span> <span class='ocrx_word' id='word_1_744' title='bbox 807 5234 946 5288; x_wconf 89' lang='lat' dir='ltr'><strong>sicut</strong></span> <span class='ocrx_word' id='word_1_745' title='bbox 991 5233 1057 5288; x_wconf 91' lang='lat' dir='ltr'><strong>de</strong></span> <span class='ocrx_word' id='word_1_746' title='bbox 1115 5232 1372 5304; x_wconf 86' lang='lat' dir='ltr'><strong>Dionysio</strong></span> <span class='ocrx_word' id='word_1_747' title='bbox 1426 5233 1611 5288; x_wconf 85' lang='lat' dir='ltr'><strong>Ariani</strong></span> <span class='ocrx_word' id='word_1_748' title='bbox 1666 5232 1929 5299; x_wconf 89' lang='lat' dir='ltr'><strong>fecerunt,</strong></span> 
     </span>
    </p>
   </div>
   <div class='ocr_carea' id='block_1_98' title="bbox 350 5324 1934 5398">
    <p class='ocr_par' dir='ltr' id='par_1_98' title="bbox 350 5324 1934 5398">
     <span class='ocr_line' id='line_1_98' title="bbox 350 5324 1934 5398; baseline -0.003 -17"><span class='ocrx_word' id='word_1_749' title='bbox 350 5327 599 5398; x_wconf 67' lang='lat' dir='ltr'><strong>quaedam</strong></span> <span class='ocrx_word' id='word_1_750' title='bbox 630 5326 695 5381; x_wconf 90' lang='lat' dir='ltr'><strong>de</strong></span> <span class='ocrx_word' id='word_1_751' title='bbox 726 5326 879 5381; x_wconf 90' lang='lat' dir='ltr'><strong>libris</strong></span> <span class='ocrx_word' id='word_1_752' title='bbox 901 5325 1017 5395; x_wconf 89' lang='lat' dir='ltr'><strong>ejus</strong></span> <span class='ocrx_word' id='word_1_753' title='bbox 1040 5324 1271 5393; x_wconf 90' lang='lat' dir='ltr'><strong>capitula</strong></span> <span class='ocrx_word' id='word_1_754' title='bbox 1299 5325 1367 5379; x_wconf 90' lang='lat' dir='ltr'><strong>ad</strong></span> <span class='ocrx_word' id='word_1_755' title='bbox 1409 5324 1553 5378; x_wconf 91' lang='lat' dir='ltr'><strong>aliud</strong></span> <span class='ocrx_word' id='word_1_756' title='bbox 1581 5324 1934 5388; x_wconf 75' lang='lat' dir='ltr'><strong>intendentis,</strong></span> 
     </span>
    </p>
   </div>
   <div class='ocr_carea' id='block_1_99' title="bbox 350 5414 1937 5486">
    <p class='ocr_par' dir='ltr' id='par_1_99' title="bbox 350 5414 1937 5486">
     <span class='ocr_line' id='line_1_99' title="bbox 350 5414 1937 5486; baseline -0.003 -13"><span class='ocrx_word' id='word_1_757' title='bbox 350 5428 409 5473; x_wconf 79' lang='lat' dir='ltr'><strong>et</strong></span> <span class='ocrx_word' id='word_1_758' title='bbox 436 5419 693 5474; x_wconf 77' lang='lat' dir='ltr'><strong>adversus</strong></span> <span class='ocrx_word' id='word_1_759' title='bbox 734 5417 867 5472; x_wconf 90' lang='lat' dir='ltr'><strong>alios</strong></span> <span class='ocrx_word' id='word_1_760' title='bbox 909 5418 1211 5486; x_wconf 88' lang='lat' dir='ltr'><strong>conscripta</strong></span> <span class='ocrx_word' id='word_1_761' title='bbox 1241 5416 1600 5486; x_wconf 91' lang='lat' dir='ltr'><strong>protulerunt,</strong></span> <span class='ocrx_word' id='word_1_762' title='bbox 1630 5430 1748 5485; x_wconf 74' lang='lat' dir='ltr'><strong>qua:</strong></span> <span class='ocrx_word' id='word_1_763' title='bbox 1801 5414 1937 5469; x_wconf 85' lang='lat' dir='ltr'><strong>indi-</strong></span> 
     </span>
    </p>
   </div>
   <div class='ocr_carea' id='block_1_100' title="bbox 352 5507 1941 5579">
    <p class='ocr_par' dir='ltr' id='par_1_100' title="bbox 352 5507 1941 5579">
     <span class='ocr_line' id='line_1_100' title="bbox 352 5507 1941 5579; baseline -0.004 -15"><span class='ocrx_word' id='word_1_764' title='bbox 352 5521 517 5579; x_wconf 78' lang='lat' dir='ltr'><strong>geant</strong></span> <span class='ocrx_word' id='word_1_765' title='bbox 541 5511 783 5565; x_wconf 78' lang='lat' dir='ltr'><strong>excusari</strong></span> <span class='ocrx_word' id='word_1_766' title='bbox 813 5550 827 5573; x_wconf 92' lang='lat'><strong>,</strong></span> <span class='ocrx_word' id='word_1_767' title='bbox 861 5508 1141 5565; x_wconf 89' lang='lat' dir='ltr'><strong>confestim</strong></span> <span class='ocrx_word' id='word_1_768' title='bbox 1176 5508 1401 5565; x_wconf 89' lang='lat' dir='ltr'><strong>formam</strong></span> <span class='ocrx_word' id='word_1_769' title='bbox 1423 5523 1583 5578; x_wconf 86' lang='lat' dir='ltr'><strong>quam</strong></span> <span class='ocrx_word' id='word_1_770' title='bbox 1633 5508 1786 5562; x_wconf 89' lang='lat' dir='ltr'><strong>nobis</strong></span> <span class='ocrx_word' id='word_1_771' title='bbox 1815 5507 1941 5561; x_wconf 73' lang='lat' dir='ltr'><strong>bea-</strong></span> 
     </span>
    </p>
   </div>
   <div class='ocr_carea' id='block_1_101' title="bbox 354 5598 1941 5673">
    <p class='ocr_par' dir='ltr' id='par_1_101' title="bbox 354 5598 1941 5673">
     <span class='ocr_line' id='line_1_101' title="bbox 354 5598 1941 5673; baseline -0.001 -19"><span class='ocrx_word' id='word_1_772' title='bbox 354 5612 444 5655; x_wconf 77' lang='lat' dir='ltr'><strong>tus</strong></span> <span class='ocrx_word' id='word_1_773' title='bbox 467 5601 790 5656; x_wconf 79' lang='lat' dir='ltr'><strong>Athanasius</strong></span> <span class='ocrx_word' id='word_1_774' title='bbox 836 5601 902 5657; x_wconf 90' lang='lat' dir='ltr'><strong>de</strong></span> <span class='ocrx_word' id='word_1_775' title='bbox 944 5601 1196 5673; x_wconf 85' lang='lat' dir='ltr'><strong>Dionysio</strong></span> <span class='ocrx_word' id='word_1_776' title='bbox 1218 5600 1469 5671; x_wconf 68' lang='lat' dir='ltr'><strong>praabuit,</strong></span> <span class='ocrx_word' id='word_1_777' title='bbox 1499 5613 1715 5671; x_wconf 89' lang='lat' dir='ltr'><strong>sequar,</strong></span> <span class='ocrx_word' id='word_1_778' title='bbox 1749 5608 1804 5656; x_wconf 90' lang='lat' dir='ltr'><strong>et</strong></span> <span class='ocrx_word' id='word_1_779' title='bbox 1850 5598 1941 5654; x_wconf 88' lang='lat' dir='ltr'><strong>iis-</strong></span> 
     </span>
    </p>
   </div>
   <div class='ocr_carea' id='block_1_102' title="bbox 443 5710 1347 5780">
    <p class='ocr_par' dir='ltr' id='par_1_102' title="bbox 443 5710 1347 5780">
     <span class='ocr_line' id='line_1_102' title="bbox 443 5710 1347 5780; baseline -0.001 -16"><span class='ocrx_word' id='word_1_780' title='bbox 443 5712 458 5743; x_wconf 86' lang='grc'>¹</span> <span class='ocrx_word' id='word_1_781' title='bbox 499 5711 631 5765; x_wconf 87' lang='lat' dir='ltr'><strong>Cod.</strong></span> <span class='ocrx_word' id='word_1_782' title='bbox 664 5710 887 5775; x_wconf 87' lang='lat' dir='ltr'><strong>Veron.,</strong></span> <span class='ocrx_word' id='word_1_783' title='bbox 920 5710 1098 5766; x_wconf 77' lang='lat' dir='ltr'><strong>saltem</strong></span> <span class='ocrx_word' id='word_1_784' title='bbox 1122 5712 1347 5780; x_wconf 78' lang='lat' dir='ltr'><strong>culpare.</strong></span> 
     </span>
    </p>
   </div>
   <div class='ocr_carea' id='block_1_103' title="bbox 436 5781 1558 5843">
    <p class='ocr_par' dir='ltr' id='par_1_103' title="bbox 436 5781 1558 5843">
     <span class='ocr_line' id='line_1_103' title="bbox 436 5781 1558 5843; baseline -0.002 -8"><span class='ocrx_word' id='word_1_785' title='bbox 436 5783 457 5815; x_wconf 76' lang='grc'>⁸</span> <span class='ocrx_word' id='word_1_786' title='bbox 498 5781 639 5837; x_wconf 85' lang='lat' dir='ltr'><strong>Idem</strong></span> <span class='ocrx_word' id='word_1_787' title='bbox 672 5784 818 5843; x_wconf 79' lang='lat' dir='ltr'><strong>cod.,</strong></span> <span class='ocrx_word' id='word_1_788' title='bbox 848 5784 916 5835; x_wconf 88' lang='lat' dir='ltr'><strong>ad</strong></span> <span class='ocrx_word' id='word_1_789' title='bbox 945 5785 1112 5836; x_wconf 80' lang='lat' dir='ltr'><strong>omnia</strong></span> <span class='ocrx_word' id='word_1_790' title='bbox 1146 5783 1340 5837; x_wconf 77' lang='lat' dir='ltr'><strong>mobilis</strong></span> <span class='ocrx_word' id='word_1_791' title='bbox 1369 5797 1558 5835; x_wconf 81' lang='lat' dir='ltr'><strong>eorum.</strong></span> 
     </span>
    </p>
   </div>
   <div class='ocr_carea' id='block_1_104' title="bbox 443 5851 1036 5920">
    <p class='ocr_par' dir='ltr' id='par_1_104' title="bbox 443 5851 1036 5920">
     <span class='ocr_line' id='line_1_104' title="bbox 443 5851 1036 5920; baseline 0 -13"><span class='ocrx_word' id='word_1_792' title='bbox 443 5851 464 5885; x_wconf 78' lang='grc'>³</span> <span class='ocrx_word' id='word_1_793' title='bbox 504 5853 645 5909; x_wconf 81' lang='lat' dir='ltr'><strong>ldctu</strong></span> <span class='ocrx_word' id='word_1_794' title='bbox 676 5854 820 5920; x_wconf 77' lang='lat' dir='ltr'><strong>cod.,</strong></span> <span class='ocrx_word' id='word_1_795' title='bbox 856 5864 1036 5909; x_wconf 66' lang='lat' dir='ltr'><strong>rustra.</strong></span> 
     </span>
    </p>
   </div>
   <div class='ocr_carea' id='block_1_105' title="bbox 2028 4684 3618 4757">
    <p class='ocr_par' dir='ltr' id='par_1_105' title="bbox 2028 4684 3618 4757">
     <span class='ocr_line' id='line_1_105' title="bbox 2028 4684 3618 4757; baseline -0.003 -17"><span class='ocrx_word' id='word_1_796' title='bbox 2028 4702 2148 4757; x_wconf 65' lang='lat' dir='ltr'><strong>qum</strong></span> <span class='ocrx_word' id='word_1_797' title='bbox 2180 4696 2366 4755; x_wconf 91' lang='lat' dir='ltr'><strong>putant</strong></span> <span class='ocrx_word' id='word_1_798' title='bbox 2395 4700 2493 4739; x_wconf 92' lang='lat' dir='ltr'><strong>suo</strong></span> <span class='ocrx_word' id='word_1_799' title='bbox 2530 4684 2761 4755; x_wconf 81' lang='lat' dir='ltr'><strong>dogmati</strong></span> <span class='ocrx_word' id='word_1_800' title='bbox 2813 4684 3137 4750; x_wconf 86' lang='lat' dir='ltr'><strong>convenire,</strong></span> <span class='ocrx_word' id='word_1_801' title='bbox 3171 4693 3263 4738; x_wconf 88' lang='lat' dir='ltr'><strong>aut</strong></span> <span class='ocrx_word' id='word_1_802' title='bbox 3291 4699 3353 4738; x_wconf 81' lang='lat' dir='ltr'><strong>ex</strong></span> <span class='ocrx_word' id='word_1_803' title='bbox 3387 4684 3467 4738; x_wconf 90' lang='lat' dir='ltr'><strong>eis</strong></span> <span class='ocrx_word' id='word_1_804' title='bbox 3500 4700 3618 4753; x_wconf 81' lang='lat' dir='ltr'><strong>quae</strong></span> 
     </span>
    </p>
   </div>
   <div class='ocr_carea' id='block_1_106' title="bbox 2030 4774 3616 4845">
    <p class='ocr_par' dir='ltr' id='par_1_106' title="bbox 2030 4774 3616 4845">
     <span class='ocr_line' id='line_1_106' title="bbox 2030 4774 3616 4845; baseline -0.004 -13"><span class='ocrx_word' id='word_1_805' title='bbox 2030 4776 2419 4845; x_wconf 84' lang='lat' dir='ltr'><strong>Apolinaristas</strong></span> <span class='ocrx_word' id='word_1_806' title='bbox 2466 4776 2517 4829; x_wconf 89' lang='lat' dir='ltr'><strong>in</strong></span> <span class='ocrx_word' id='word_1_807' title='bbox 2568 4789 2695 4829; x_wconf 89' lang='lat' dir='ltr'><strong>suos</strong></span> <span class='ocrx_word' id='word_1_808' title='bbox 2752 4775 2915 4829; x_wconf 89' lang='lat' dir='ltr'><strong>libros</strong></span> <span class='ocrx_word' id='word_1_809' title='bbox 2964 4774 3252 4829; x_wconf 88' lang='lat' dir='ltr'><strong>immisisse</strong></span> <span class='ocrx_word' id='word_1_810' title='bbox 3294 4783 3616 4843; x_wconf 88' lang='lat' dir='ltr'><strong>conquestus</strong></span> 
     </span>
    </p>
   </div>
   <div class='ocr_carea' id='block_1_107' title="bbox 2032 4863 3615 4937">
    <p class='ocr_par' dir='ltr' id='par_1_107' title="bbox 2032 4863 3615 4937">
     <span class='ocr_line' id='line_1_107' title="bbox 2032 4863 3615 4937; baseline -0.006 -11"><span class='ocrx_word' id='word_1_811' title='bbox 2032 4881 2133 4926; x_wconf 90' lang='lat' dir='ltr'><strong>est.</strong></span> <span class='ocrx_word' id='word_1_812' title='bbox 2160 4870 2452 4924; x_wconf 84' lang='lat' dir='ltr'><strong>Possumus</strong></span> <span class='ocrx_word' id='word_1_813' title='bbox 2464 4868 2627 4921; x_wconf 88' lang='lat' dir='ltr'><strong>etiam</strong></span> <span class='ocrx_word' id='word_1_814' title='bbox 2646 4867 2883 4937; x_wconf 88' lang='lat' dir='ltr'><strong>proferre</strong></span> <span class='ocrx_word' id='word_1_815' title='bbox 2906 4866 3047 4935; x_wconf 87' lang='lat' dir='ltr'><strong>quod</strong></span> <span class='ocrx_word' id='word_1_816' title='bbox 3069 4864 3121 4919; x_wconf 91' lang='lat' dir='ltr'><strong>in</strong></span> <span class='ocrx_word' id='word_1_817' title='bbox 3140 4866 3325 4936; x_wconf 86' lang='lat' dir='ltr'><strong>quinto</strong></span> <span class='ocrx_word' id='word_1_818' title='bbox 3347 4865 3413 4918; x_wconf 88' lang='lat' dir='ltr'><strong>de</strong></span> <span class='ocrx_word' id='word_1_819' title='bbox 3437 4863 3615 4917; x_wconf 90' lang='lat' dir='ltr'><strong>lucar-</strong></span> 
     </span>
    </p>
   </div>
   <div class='ocr_carea' id='block_1_108' title="bbox 2035 4955 3615 5026">
    <p class='ocr_par' dir='ltr' id='par_1_108' title="bbox 2035 4955 3615 5026">
     <span class='ocr_line' id='line_1_108' title="bbox 2035 4955 3615 5026; baseline -0.004 -9"><span class='ocrx_word' id='word_1_820' title='bbox 2035 4962 2251 5017; x_wconf 92' lang='lat' dir='ltr'><strong>natione</strong></span> <span class='ocrx_word' id='word_1_821' title='bbox 2295 4960 2433 5015; x_wconf 90' lang='lat' dir='ltr'><strong>libro</strong></span> <span class='ocrx_word' id='word_1_822' title='bbox 2488 4960 2628 5015; x_wconf 90' lang='lat' dir='ltr'><strong>idem</strong></span> <span class='ocrx_word' id='word_1_823' title='bbox 2661 4959 2984 5014; x_wconf 88' lang='lat' dir='ltr'><strong>Theodorus</strong></span> <span class='ocrx_word' id='word_1_824' title='bbox 3014 4958 3110 5026; x_wconf 88' lang='lat' dir='ltr'><strong>ait,</strong></span> <span class='ocrx_word' id='word_1_825' title='bbox 3142 4966 3196 5012; x_wconf 90' lang='lat' dir='ltr'><strong>et</strong></span> <span class='ocrx_word' id='word_1_826' title='bbox 3223 4970 3321 5010; x_wconf 91' lang='lat' dir='ltr'><strong>nos</strong></span> <span class='ocrx_word' id='word_1_827' title='bbox 3346 4955 3396 5008; x_wconf 94' lang='lat' dir='ltr'><strong>in</strong></span> <span class='ocrx_word' id='word_1_828' title='bbox 3430 4964 3615 5010; x_wconf 93' lang='lat' dir='ltr'><strong>nostro</strong></span> 
     </span>
    </p>
   </div>
   <div class='ocr_carea' id='block_1_109' title="bbox 2038 5046 3618 5121">
    <p class='ocr_par' dir='ltr' id='par_1_109' title="bbox 2038 5046 3618 5121">
     <span class='ocr_line' id='line_1_109' title="bbox 2038 5046 3618 5121; baseline -0.003 -15"><span class='ocrx_word' id='word_1_829' title='bbox 2038 5053 2316 5121; x_wconf 83' lang='lat' dir='ltr'><strong>superiore</strong></span> <span class='ocrx_word' id='word_1_830' title='bbox 2346 5052 2644 5121; x_wconf 89' lang='lat' dir='ltr'><strong>posuimus,</strong></span> <span class='ocrx_word' id='word_1_831' title='bbox 2688 5050 2828 5120; x_wconf 89' lang='lat' dir='ltr'><strong>quod</strong></span> <span class='ocrx_word' id='word_1_832' title='bbox 2854 5049 3153 5117; x_wconf 90' lang='lat' dir='ltr'><strong>ubicunque</strong></span> <span class='ocrx_word' id='word_1_833' title='bbox 3179 5046 3246 5100; x_wconf 86' lang='lat' dir='ltr'><strong>de</strong></span> <span class='ocrx_word' id='word_1_834' title='bbox 3274 5046 3486 5101; x_wconf 88' lang='lat' dir='ltr'><strong>Christo</strong></span> <span class='ocrx_word' id='word_1_835' title='bbox 3512 5047 3618 5101; x_wconf 85' lang='lat' dir='ltr'><strong>dis-</strong></span> 
     </span>
    </p>
   </div>
   <div class='ocr_carea' id='block_1_110' title="bbox 2040 5137 3625 5213">
    <p class='ocr_par' dir='ltr' id='par_1_110' title="bbox 2040 5137 3625 5213">
     <span class='ocr_line' id='line_1_110' title="bbox 2040 5137 3625 5213; baseline -0.003 -18"><span class='ocrx_word' id='word_1_836' title='bbox 2040 5152 2231 5213; x_wconf 87' lang='lat' dir='ltr'><strong>putans</strong></span> <span class='ocrx_word' id='word_1_837' title='bbox 2259 5140 2486 5195; x_wconf 84' lang='lat' dir='ltr'><strong>alterum</strong></span> <span class='ocrx_word' id='word_1_838' title='bbox 2541 5152 2595 5195; x_wconf 89' lang='lat' dir='ltr'><strong>et</strong></span> <span class='ocrx_word' id='word_1_839' title='bbox 2644 5140 2874 5195; x_wconf 87' lang='lat' dir='ltr'><strong>alterum</strong></span> <span class='ocrx_word' id='word_1_840' title='bbox 2913 5137 3061 5201; x_wconf 82' lang='lat' dir='ltr'><strong>dicit,</strong></span> <span class='ocrx_word' id='word_1_841' title='bbox 3094 5151 3201 5190; x_wconf 90' lang='lat' dir='ltr'><strong>non</strong></span> <span class='ocrx_word' id='word_1_842' title='bbox 3246 5150 3492 5205; x_wconf 81' lang='lat' dir='ltr'><strong>persona,</strong></span> <span class='ocrx_word' id='word_1_843' title='bbox 3524 5137 3625 5192; x_wconf 85' lang='lat' dir='ltr'><strong>sed</strong></span> 
     </span>
    </p>
   </div>
   <div class='ocr_carea' id='block_1_111' title="bbox 2042 5228 3615 5298">
    <p class='ocr_par' dir='ltr' id='par_1_111' title="bbox 2042 5228 3615 5298">
     <span class='ocr_line' id='line_1_111' title="bbox 2042 5228 3615 5298; baseline -0.003 -11"><span class='ocrx_word' id='word_1_844' title='bbox 2042 5241 2231 5287; x_wconf 87' lang='lat' dir='ltr'><strong>natura</strong></span> <span class='ocrx_word' id='word_1_845' title='bbox 2258 5232 2483 5287; x_wconf 90' lang='lat' dir='ltr'><strong>alterum</strong></span> <span class='ocrx_word' id='word_1_846' title='bbox 2515 5232 2680 5286; x_wconf 82' lang='lat' dir='ltr'><strong>dicat.</strong></span> <span class='ocrx_word' id='word_1_847' title='bbox 2715 5229 2841 5283; x_wconf 69' lang='lat' dir='ltr'><strong>ilice</strong></span> <span class='ocrx_word' id='word_1_848' title='bbox 2869 5228 3049 5282; x_wconf 91' lang='lat' dir='ltr'><strong>omnia</strong></span> <span class='ocrx_word' id='word_1_849' title='bbox 3105 5242 3223 5296; x_wconf 73' lang='lat' dir='ltr'><strong>qua:</strong></span> <span class='ocrx_word' id='word_1_850' title='bbox 3246 5228 3399 5283; x_wconf 90' lang='lat' dir='ltr'><strong>nobis</strong></span> <span class='ocrx_word' id='word_1_851' title='bbox 3429 5243 3615 5298; x_wconf 84' lang='lat' dir='ltr'><strong>super-</strong></span> 
     </span>
    </p>
   </div>
   <div class='ocr_carea' id='block_1_112' title="bbox 2039 5320 3622 5391">
    <p class='ocr_par' dir='ltr' id='par_1_112' title="bbox 2039 5320 3622 5391">
     <span class='ocr_line' id='line_1_112' title="bbox 2039 5320 3622 5391; baseline -0.002 -12"><span class='ocrx_word' id='word_1_852' title='bbox 2039 5324 2335 5391; x_wconf 88' lang='lat' dir='ltr'><strong>abundant,</strong></span> <span class='ocrx_word' id='word_1_853' title='bbox 2364 5326 2519 5379; x_wconf 91' lang='lat' dir='ltr'><strong>beato</strong></span> <span class='ocrx_word' id='word_1_854' title='bbox 2565 5323 2855 5377; x_wconf 88' lang='lat' dir='ltr'><strong>Athanasio</strong></span> <span class='ocrx_word' id='word_1_855' title='bbox 2881 5320 2945 5374; x_wconf 93' lang='lat' dir='ltr'><strong>ad</strong></span> <span class='ocrx_word' id='word_1_856' title='bbox 2991 5320 3348 5375; x_wconf 86' lang='lat' dir='ltr'><strong>excusandam</strong></span> <span class='ocrx_word' id='word_1_857' title='bbox 3383 5321 3622 5391; x_wconf 84' lang='lat' dir='ltr'><strong>Dionysii</strong></span> 
     </span>
    </p>
   </div>
   <div class='ocr_carea' id='block_1_113' title="bbox 2044 5414 3618 5487">
    <p class='ocr_par' dir='ltr' id='par_1_113' title="bbox 2044 5414 3618 5487">
     <span class='ocr_line' id='line_1_113' title="bbox 2044 5414 3618 5487; baseline -0.001 -16"><span class='ocrx_word' id='word_1_858' title='bbox 2044 5418 2330 5487; x_wconf 90' lang='lat' dir='ltr'><strong>epistolam</strong></span> <span class='ocrx_word' id='word_1_859' title='bbox 2361 5417 2672 5473; x_wconf 88' lang='lat' dir='ltr'><strong>defuerunt.</strong></span> <span class='ocrx_word' id='word_1_860' title='bbox 2703 5416 2871 5483; x_wconf 83' lang='lat' dir='ltr'><strong>Quem</strong></span> <span class='ocrx_word' id='word_1_861' title='bbox 2902 5429 3024 5469; x_wconf 88' lang='lat' dir='ltr'><strong>cum</strong></span> <span class='ocrx_word' id='word_1_862' title='bbox 3056 5414 3373 5486; x_wconf 83' lang='lat' dir='ltr'><strong>Eutyehiani</strong></span> <span class='ocrx_word' id='word_1_863' title='bbox 3408 5417 3487 5469; x_wconf 88' lang='lat' dir='ltr'><strong>vel</strong></span> <span class='ocrx_word' id='word_1_864' title='bbox 3520 5416 3618 5472; x_wconf 88' lang='lat' dir='ltr'><strong>Se-</strong></span> 
     </span>
    </p>
   </div>
   <div class='ocr_carea' id='block_1_114' title="bbox 2047 5506 3623 5578">
    <p class='ocr_par' dir='ltr' id='par_1_114' title="bbox 2047 5506 3623 5578">
     <span class='ocr_line' id='line_1_114' title="bbox 2047 5506 3623 5578; baseline -0.003 -17"><span class='ocrx_word' id='word_1_865' title='bbox 2047 5508 2426 5578; x_wconf 83' lang='lat' dir='ltr'><strong>mieutycbiaui</strong></span> <span class='ocrx_word' id='word_1_866' title='bbox 2452 5507 2703 5576; x_wconf 84' lang='lat' dir='ltr'><strong>Aeephali</strong></span> <span class='ocrx_word' id='word_1_867' title='bbox 2720 5506 2936 5576; x_wconf 89' lang='lat' dir='ltr'><strong>culpare</strong></span> <span class='ocrx_word' id='word_1_868' title='bbox 2960 5521 3066 5561; x_wconf 92' lang='lat' dir='ltr'><strong>non</strong></span> <span class='ocrx_word' id='word_1_869' title='bbox 3084 5506 3340 5573; x_wconf 85' lang='lat' dir='ltr'><strong>audeant,</strong></span> <span class='ocrx_word' id='word_1_870' title='bbox 3357 5507 3623 5576; x_wconf 82' lang='lat' dir='ltr'><strong>quomodo</strong></span> 
     </span>
    </p>
   </div>
   <div class='ocr_carea' id='block_1_115' title="bbox 2044 5598 3637 5669">
    <p class='ocr_par' dir='ltr' id='par_1_115' title="bbox 2044 5598 3637 5669">
     <span class='ocr_line' id='line_1_115' title="bbox 2044 5598 3637 5669; baseline -0.003 -13"><span class='ocrx_word' id='word_1_871' title='bbox 2044 5600 2539 5656; x_wconf 88' lang='lat' dir='ltr'><strong>Chalcedonensem</strong></span> <span class='ocrx_word' id='word_1_872' title='bbox 2588 5598 2848 5669; x_wconf 87' lang='lat' dir='ltr'><strong>synodum</strong></span> <span class='ocrx_word' id='word_1_873' title='bbox 2900 5598 3134 5668; x_wconf 86' lang='lat' dir='ltr'><strong>culpent.</strong></span> <span class='ocrx_word' id='word_1_874' title='bbox 3177 5614 3296 5667; x_wconf 86' lang='lat' dir='ltr'><strong>quae</strong></span> <span class='ocrx_word' id='word_1_875' title='bbox 3355 5598 3637 5655; x_wconf 69' lang='lat' dir='ltr'><strong>Theodori</strong></span> 
     </span>
    </p>
   </div>
   <div class='ocr_carea' id='block_1_116' title="bbox 2116 5711 3304 5781">
    <p class='ocr_par' dir='ltr' id='par_1_116' title="bbox 2116 5711 3304 5781">
     <span class='ocr_line' id='line_1_116' title="bbox 2116 5711 3304 5781; baseline 0.003 -17"><span class='ocrx_word' id='word_1_876' title='bbox 2116 5713 2134 5742; x_wconf 72' lang='grc'><strong><em>⁵</em></strong></span> <span class='ocrx_word' id='word_1_877' title='bbox 2178 5711 2324 5766; x_wconf 91' lang='lat' dir='ltr'><strong>Idem</strong></span> <span class='ocrx_word' id='word_1_878' title='bbox 2351 5712 2496 5778; x_wconf 92' lang='lat' dir='ltr'><strong>cod.,</strong></span> <span class='ocrx_word' id='word_1_879' title='bbox 2525 5712 2665 5767; x_wconf 83' lang='lat' dir='ltr'><strong>libris</strong></span> <span class='ocrx_word' id='word_1_880' title='bbox 2697 5711 3039 5781; x_wconf 52' lang='lat' dir='ltr'><strong>superioribus</strong></span> <span class='ocrx_word' id='word_1_881' title='bbox 3068 5711 3304 5781; x_wconf 80' lang='lat' dir='ltr'><strong>allegavi.</strong></span> 
     </span>
    </p>
   </div>
   <div class='ocr_carea' id='block_1_117' title="bbox 2117 5782 3229 5854">
    <p class='ocr_par' dir='ltr' id='par_1_117' title="bbox 2117 5782 3229 5854">
     <span class='ocr_line' id='line_1_117' title="bbox 2117 5782 3229 5854; baseline -0.002 -16"><span class='ocrx_word' id='word_1_882' title='bbox 2117 5784 2137 5814; x_wconf 80' lang='grc'>⁵</span> <span class='ocrx_word' id='word_1_883' title='bbox 2176 5785 2339 5838; x_wconf 84' lang='lat' dir='ltr'><strong>ldetu.</strong></span> <span class='ocrx_word' id='word_1_884' title='bbox 2370 5782 2513 5853; x_wconf 85' lang='lat' dir='ltr'><strong>cod.,</strong></span> <span class='ocrx_word' id='word_1_885' title='bbox 2537 5787 2764 5854; x_wconf 61' lang='lat' dir='ltr'><strong>exemplo</strong></span> <span class='ocrx_word' id='word_1_886' title='bbox 2796 5785 2904 5853; x_wconf 76' lang='lat' dir='ltr'><strong>ejus</strong></span> <span class='ocrx_word' id='word_1_887' title='bbox 2934 5784 3229 5838; x_wconf 71' lang='lat' dir='ltr'><strong>admonitus</strong></span> 
     </span>
    </p>
   </div>
  </div>
