3998 6202
291 326 390 385 733

1186 332 1320 387 ιδηο
1362 332 1786 391 ΒεΕΕΝΞΙΟΝΕ
1817 332 2033 391 TRIUM
2072 335 2386 394 CAPITUL.
2428 341 2553 395 LIB.
2596 341 2661 395 Χ.

3462 352 3563 405 790

288 450 453 505 ratos,
487 442 623 497 tunc
646 440 1035 507 absolutionem
1053 443 1337 512 quastioni
1407 444 1573 511 dedit,
1624 444 1878 514 quoniam
1911 448 1957 505 Α
1988 462 2118 517 ergo
2145 448 2456 516 Athanasio,
2492 450 2606 506 hac
2633 452 2848 519 Basilio,
2878 454 2993 511 hac
3045 456 3247 515 Hilario
3285 469 3340 515 et
3387 465 3561 519 omni-

287 542 341 589 et
398 531 473 586 i'li
541 535 841 604 octuaginta
903 542 1085 588 contra
1160 534 1472 601 hareticutn
1526 535 1877 604 improbave-

288 632 411 683 runt
442 622 781 687 bomousion,
806 633 862 678 et
890 624 1114 679 trecenti
1136 624 1321 687 decem
1350 634 1404 681 et
1453 634 1574 681 octo
1602 626 1654 681 id
1702 626 1879 694 ipsum

284 724 473 771 contra
537 712 846 775 hareticum
898 713 1286 784 probaverunt.
1322 716 1435 779 Hoc
1482 731 1695 787 quoque
1744 717 1880 788 adji-

285 806 433 869 i-iens
461 804 595 874 (Sub
626 806 804 876 ﬁnem)
841 824 853 859 :
886 825 905 861 ι
939 807 1247 879 Cogitemus
1294 818 1369 871 tot
1397 809 1710 867 sacerdotes
1755 824 1883 867 san-

286 908 404 955 ctos
430 906 485 957 et
512 898 850 966 quiescentes
874 898 986 971 jam
1019 918 1032 954 :
1064 901 1189 971 quid
1221 902 1289 956 de
1330 902 1484 961 nobis
1510 904 1613 959 erit
1641 902 1735 971 qui
1764 918 1877 961 rem

284 1003 351 1045 eo
377 986 709 1054 deducimus,
740 997 796 1043 ut
820 990 940 1059 quia
965 991 1204 1061 epiSCOpi
1228 1007 1332 1055 non
1355 991 1593 1058 fuerunt,
1616 1006 1716 1047 nos
1741 1007 1877 1063 quo-

282 1094 390 1148 que
421 1093 521 1139 nec
545 1081 865 1151 coeperimus
886 1097 900 1146 ;
925 1082 1155 1143 ordinati
1193 1086 1333 1147 enim
1379 1084 1448 1141 ab
1478 1084 1559 1141 his
1593 1100 1799 1154 sumus,
1827 1095 1881 1142 et

281 1185 477 1233 eorum.
515 1173 987 1237 sumussuccessio
1036 1190 1049 1227 :
1107 1176 1474 1231 renunticmus
1519 1176 1875 1247 episcopatui,

282 1262 405 1331 quia
439 1262 672 1319 officium
688 1264 803 1333 ejus
823 1265 892 1318 ab
905 1263 1244 1322 anathemate
1272 1268 1681 1337 sumpserimus.
1724 1287 1743 1321 ι
1772 1267 1880 1324 Ve-

282 1369 403 1407 rum
440 1354 553 1409 hac
575 1356 776 1420 omnia,
800 1369 921 1425 qua
951 1356 1037 1425 vel
1070 1358 1318 1423 privatim
1346 1373 1375 1410 a
1399 1358 1598 1413 sanctis
1630 1358 1881 1431 Dionysio

281 1454 443 1515 atque
456 1442 713 1514 Gregorio
738 1445 898 1513 dicta,
920 1447 1002 1505 vel
1024 1447 1231 1517 publice
1251 1449 1303 1503 in
1320 1448 1547 1505 concilio
1568 1466 1601 1506 a
1618 1467 1881 1507 memora-

284 1537 353 1589 tis
374 1538 671 1603 octuag’nta
695 1536 941 1599 Patribus
973 1540 1014 1605 ⁸,
1048 1555 1155 1599 non
1208 1550 1411 1597 tantum
1456 1544 1744 1598 excusandi
1787 1543 1881 1599 ha-

282 1627 412 1681 bere
450 1627 825 1683 difﬁcultatem
874 1629 1140 1695 videntur,
1198 1632 1448 1701 quoniam
1507 1642 1633 1689 ante
1684 1634 1878 1690 defini-

283 1719 486 1787 tionem
515 1720 743 1785 Nicana
770 1723 959 1793 synodi
1016 1725 1219 1793 prolata
1253 1727 1608 1795 reperiuntur.
1634 1728 1774 1785 Illud
1796 1737 1878 1791 est

1982 539 2084 597 bus
2108 542 2237 599 viris
2285 544 2485 598 sanctis
2513 544 2817 600 sollicitudo
2863 546 2985 614 fuit,
3032 564 3100 604 ne
3142 550 3366 620 culpatis
3419 556 3567 612 velut

1984 630 2252 685 hareticis
2276 632 2359 687 eis
2380 634 2470 701 qui
2500 635 2551 688 in
2584 634 2841 691 Ecclesia
2864 652 2992 704 pace
3020 648 3181 709 atque
3220 641 3426 698 honore
3472 646 3567 701 de-

1983 721 2151 778 functi
2204 734 2353 793 sunt,
2383 730 2496 795 ipsa
2526 742 2643 794 qua
2684 728 2806 783 illos
2855 746 3053 800 magno
3104 733 3311 791 honore
3350 735 3565 808 dignata

1981 824 2066 871 est
2084 816 2325 871 Ecclesia
2347 818 2674 887 culparetur.
2706 821 2767 876 Et
2798 822 2918 878 ideo
2947 824 3028 879 vel
3056 826 3101 880 si
3133 824 3274 882 forte
3296 828 3569 886 invenian-

1982 913 2069 961 tur
2088 906 2251 976 aliqui
2281 908 2339 965 in
2361 908 2607 977 plurimis
2636 914 2937 982 approbati,
2966 917 3056 986 qui
3082 918 3332 974 eumdem
3386 919 3562 977 Theo-

1983 997 2174 1053 dorum
2203 998 2461 1063 damnent
2490 1001 2634 1059 velut
2690 1005 3024 1071 hareticum,
3076 1008 3179 1065 hoc
3219 1010 3566 1080 probabiliter

1984 1089 2224 1171 profecto
2254 1108 2361 1147 non
2410 1093 2641 1159 faciunt;
2668 1111 2767 1151 nec
2816 1099 2867 1152 in
2899 1113 2967 1155 eo
3012 1104 3274 1171 sequendi
3313 1114 3456 1171 sunt,
3513 1108 3566 1161 in

1983 1166 2090 1251 quo
2118 1185 2561 1241 consuetudinem
2587 1186 2845 1244 Ecclesiae
2865 1205 2972 1245 non
3001 1166 3317 1262 seq-nuntur.
3346 1166 3496 1253 Unde
3518 1200 3563 1255 si

1983 1272 2440 1332 Chalcedonensis
2469 1282 2726 1350 synodus,
2763 1283 3013 1339 Ecclesia
3040 1302 3244 1342 morem
3287 1290 3338 1344 in
3381 1290 3568 1347 defen-

1983 1367 2187 1429 sionem
2219 1368 2387 1438 ipsius
2410 1370 2665 1427 Ecclesia
2684 1389 2935 1443 sequens,
2960 1377 3099 1432 dicta
3122 1378 3389 1435 Theodori
3413 1382 3565 1437 simi-

1988 1459 2109 1517 liter
2136 1470 2437 1528 excusaret,
2470 1462 2587 1532 quis
2610 1478 2725 1518 eam
2768 1464 2835 1519 de
2866 1465 2968 1521 hac
2993 1468 3190 1537 pietate
3234 1480 3394 1540 atque
3439 1488 3566 1527 catt-

1986 1550 2086 1609 tcla
2112 1549 2211 1607 nisi
2242 1550 2497 1619 profanus
2518 1555 2805 1622 argueret?
2834 1556 2945 1610 Nec
2990 1565 3172 1614 tamen
3224 1570 3279 1614 et
3329 1561 3429 1616 hoc
3449 1564 3565 1619 sine
3664 1548 3667 1551 ’

1984 1640 2279 1699 Athanasio
2303 1653 2358 1699 et
2387 1645 2589 1700 Hilario
2613 1648 2633 1677 ⁸
2666 1658 2868 1716 posset.
2894 1650 3063 1704 Porro
3092 1651 3289 1722 aliquid
3322 1655 3428 1710 tale
3456 1672 3563 1709 non

1986 1730 2132 1798 fecit,
2155 1748 2272 1801 qua
2303 1732 2428 1791 hinc
2460 1736 2712 1792 invidiam
2743 1740 2992 1808 sustinet,
3024 1743 3165 1809 quod
3220 1744 3441 1800 alterius
3496 1747 3563 1801 ad

280 1813 455 1868 multo
477 1813 725 1883 amplius,
760 1816 901 1886 quod
927 1816 1067 1872 idem
1098 1830 1313 1883 sanctus
1344 1819 1577 1875 Hilarius
1606 1821 1660 1875 in
1686 1823 1873 1878 eadem
1908 1823 1954 1883 B
1980 1836 2039 1883 se
2058 1823 2287 1885 delatam
2318 1827 2620 1895 epistolam,
2645 1844 2743 1884 nec
2770 1829 2837 1885 de
2868 1831 3022 1888 laude
3051 1833 3321 1889 Theodori
3342 1850 3563 1891 accusa-

283 1920 384 1958 sua
422 1905 646 1976 epistola
674 1906 875 1971 prolata
907 1922 1057 1977 aque
1083 1908 1323 1965 defendit
1357 1909 1650 1968 Sirmieuse
1701 1916 1879 1979 conci-

277 1995 411 2051 lium
434 2006 460 2035 ι·
496 2007 615 2067 pOSt
648 1998 922 2059 Nicanum
945 2010 1354 2070 congregatum,
1400 2001 1452 2055 in
1477 2003 1629 2073 cujus
1649 2004 1879 2060 decretis

279 2089 483 2151 dictum
515 2100 599 2149 est
626 2107 638 2144 :
672 2108 692 2149 t
729 2090 784 2146 Si
812 2091 934 2161 quis
963 2108 1125 2148 unum
1157 2093 1341 2150 dicens
1378 2094 1572 2161 Deum,
1609 2097 1878 2165 Christum

279 2190 463 2235 autem
491 2180 657 2237 Deum
685 2191 809 2249 ante
835 2184 1030 2239 saecula
1075 2184 1263 2251 Filium
1302 2186 1391 2241 Dei
1439 2188 1751 2253 obsecutum
1780 2188 1879 2251 Pa-

276 2272 347 2325 tri
378 2272 430 2325 in
460 2272 733 2329 creatione
778 2275 1016 2339 omnium
1071 2290 1179 2339 non
1225 2276 1534 2340 confitetur.
1589 2276 1877 2339 anathema

274 2366 371 2419 sit.
413 2383 433 2416 ι
471 2366 536 2419 Et
558 2366 751 2420 iterum
788 2383 801 2419 :
838 2385 857 2419 ι
892 2368 946 2423 Si
976 2369 1095 2437 quis
1125 2368 1294 2424 Deum
1326 2384 1428 2427 non
1469 2368 1753 2429 Dominum
1780 2369 1871 2425 Pa-

276 2464 419 2509 trem
450 2456 493 2523 ”,
527 2464 581 2510 et
611 2456 801 2523 Filium
824 2458 978 2527 quasi
1008 2458 1291 2519 Hominum
1317 2475 1344 2516 a
1376 2460 1619 2526 Domino,
1641 2461 1774 2516 duos
1796 2460 1878 2517 di-

275 2550 365 2596 cat
402 2541 557 2607 Deos,
585 2536 866 2609 anathema
903 2546 994 2601 sit.
1050 2545 1163 2605 Non
1212 2547 1355 2603 enim
1398 2562 1744 2620 exaquatuus
1794 2550 1875 2613 vel

274 2646 654 2702 comparamus
683 2633 878 2703 Filium
909 2634 1072 2703 Patri,
1128 2637 1225 2692 sed
1278 2638 1577 2709 subjectum
1626 2639 1877 2710 intelligi-.-

275 2741 418 2782 mus.
451 2726 635 2796 Neque
678 2729 819 2797 enim
850 2730 1126 2789 descendit
1155 2733 1207 2788 in
1264 2734 1498 2791 Sodoma
1547 2737 1665 2793 sine
1703 2736 1879 2794 Patris

277 2818 573 2887 voluntate,
603 2836 779 2892 neque
799 2822 933 2893 pluit
972 2838 1041 2889 ex
1075 2839 1157 2891 se,
1185 2825 1277 2881 sed
1310 2841 1338 2879 a
1386 2826 1593 2887 Domini
1638 2828 1875 2883 auctori-

280 2917 419 2978 tafte,
449 2910 658 2969 scilicet
678 2910 881 2978 Patris;
910 2927 1009 2968 nec
1037 2916 1189 2972 sedet
1213 2915 1280 2970 ad
1307 2916 1580 2973 dexteram
1627 2932 1657 2974 a
1678 2926 1879 2974 semet—

283 2999 426 3071 ipso,
451 3000 544 3067 sed
571 2999 720 3057 audit
744 3001 1011 3067 dicentem
1051 3005 1284 3071 Patrem,
1317 3006 1453 3063 Sede
1497 3006 1567 3060 ad
1616 3008 1877 3075 dexteram

277 3106 447 3147 meam
473 3090 649 3162 (Psal.
676 3106 783 3161 cur,
819 3094 895 3161 1).
934 3112 954 3145 ι
993 3094 1366 3167 Rursumque:
1406 3114 1427 3151 ι
1481 3096 1537 3152 Si
1566 3096 1685 3166 quis
1723 3098 1876 3154 inna-

1986 1922 2114 1978 tam,
2140 1931 2239 1984 pro
2261 1933 2401 1973 vera
2428 1919 2550 1974 fidei
2579 1922 2919 1978 confessione
2945 1939 3107 1995 quam
3139 1928 3398 1995 continet,
3441 1944 3564 2000 pro-

1983 2006 2244 2071 nuntiavit
2272 2008 2647 2065 orthodoxam.

2588 2169 2815 2229 CAPUT
2858 2174 2960 2234 VH.

1985 2324 2136 2391 Quod
2161 2324 2446 2380 adversarii
2474 2326 2526 2378 in
2570 2341 2675 2379 una
2720 2329 3068 2384 damnationis
3126 2330 3382 2386 Theodori
3428 2333 3563 2390 brevi

2127 2397 2374 2449 sententia
2394 2407 2618 2468 quatuor
2642 2398 2696 2451 in
2726 2416 2912 2471 magna
2942 2401 3063 2453 vitia
3089 2401 3419 2458 incurrerint.

2268 2492 2297 2509 κ

2052 2536 2398 2605 Inspiciamus
2420 2545 2599 2604 autem
2625 2538 2771 2609 ipsos
2798 2539 3252 2611 Eutychianorum
3303 2543 3559 2612 fautores,

1980 2625 2071 2694 qui
2128 2625 2272 2682 dicta
2312 2626 2366 2681 in
2415 2627 2671 2687 Ecclesia
2737 2642 2869 2700 pace
2943 2632 3367 2702 quiescentium,
3438 2651 3564 2703 quo~

1980 2717 2123 2783 niam
2151 2720 2442 2787 obscurum
2491 2720 2693 2789 aliquid
2737 2708 2791 2776 in
2840 2723 2921 2778 eis
2973 2724 3262 2795 invenitur,
3318 2728 3562 2784 damnari

1980 2811 2149 2881 magis
2193 2824 2353 2879 quam
2393 2814 2639 2869 excusari
2663 2814 2868 2881 volunt,
2921 2824 3099 2877 utrum
3149 2817 3223 2873 ita
3279 2818 3565 2892 vigilanter

1980 2902 2120 2969 cauti
2146 2902 2273 2967 sint,
2288 2912 2346 2958 ut
2363 2904 2415 2963 in
2429 2902 2540 2963 suis
2562 2903 2718 2961 dictis
2730 2916 2888 2977 atque
2901 2911 3219 2980 conscriptis
3242 2912 3563 2980 reprehendi

1981 2991 2285 3057 nullatenus
2307 3003 2528 3063 queant.
2560 2994 2617 3050 Si
2643 2996 2786 3051 enim
2839 3005 2947 3053 tam
2988 3000 3361 3071 circumspecti
3415 3014 3563 3072 sunt,

1980 3089 2043 3139 ut
2070 3081 2123 3139 in
2152 3082 2300 3138 nullo
2327 3082 2800 3153 deprehendantur
2821 3085 3115 3153 oﬂ'endere,
3149 3091 3431 3149 tolerabile
3457 3092 3567 3151 for-

278 3183 522 3241 scibilem
554 3191 609 3238 et
628 3184 746 3240 sine
776 3184 928 3251 initio
942 3185 1084 3245 dicat
1114 3186 1329 3252 Filium,
1356 3195 1604 3257 tanquam
1635 3188 1740 3244 duo
1755 3188 1875 3246 sine

1989 3183 2131 3239 tasse
2161 3174 2371 3231 dicatur
2395 3174 2561 3243 quod,
2586 3189 2679 3230 sua
2696 3176 2961 3247 sapientia
2980 3178 3122 3249 freti,
3151 3181 3216 3243 ad
3244 3198 3344 3239 nos
3370 3189 3567 3241 uostri-

279 3274 568 3347 principio,
602 3284 655 3339 et
697 3275 804 3343 duo
854 3277 1210 3345 innascibilia,
1241 3287 1296 3333 et
1326 3277 1430 3345 duo
1459 3280 1639 3333 innata
1668 3278 1877 3352 dicens,

278 3352 421 3423 duos
447 3368 591 3422 dicat
618 3367 776 3435 Deos,
809 3368 1094 3433 anathema
1120 3370 1208 3426 sit.
1239 3368 1410 3440 Caput
1438 3369 1581 3427 enim
1613 3368 1753 3438 quod
1795 3376 1881 3429 est

281 3460 605 3531 principium
636 3463 877 3515 omnium
907 3461 1190 3529 Christus;
1238 3470 1398 3533 caput
1422 3470 1600 3519 autem
1626 3462 1776 3533 quod
1800 3468 1883 3517 est

281 3552 607 3621 principium
636 3552 836 3607 Christi
868 3552 1030 3608 Deus.
1074 3553 1147 3606 lta
1171 3554 1313 3608 enim
1345 3553 1411 3607 ad
1441 3568 1623 3619 unum,
1659 3552 1746 3622 qui
1802 3562 1885 3613 est

278 3643 400 3698 sine
425 3644 687 3715 principio
715 3643 955 3709 omnium
985 3642 1329 3713 principium,
1370 3658 1466 3713 per
1520 3641 1714 3697 Filium
1769 3644 1885 3698 uni-

279 3751 439 3791 versa
462 3735 765 3793 referimus.
791 3755 809 3797 φ
835 3737 900 3791 Et
926 3737 1287 3811 iterum(Cnp.
1319 3739 1413 3811 27)
1447 3756 1461 3791 :
1499 3758 1517 3791 ι
1545 3738 1882 3796 Conﬁrman-

282 3838 367 3883 tes
388 3827 789 3883 Christianismi
810 3828 1164 3901 intellectum,
1179 3831 1405 3887 dicimus
1422 3832 1672 3901 quoniam
1697 3832 1739 3893 si
1764 3832 1884 3901 quis

280 3920 558 3975 Christum
586 3920 754 3977 Deum
786 3921 978 3985 Filium
1004 3922 1097 3978 Dei
1124 3931 1249 3985 ante
1276 3924 1475 3980 sacnla
1501 3911 1882 3980 subsistentem

281 4024 335 4069 et
362 4014 762 4073 ministrantem
785 4000 929 4072 Patri
954 4016 1019 4071 ad
1050 4017 1289 4081 omnium
1339 4017 1723 4089 perfectionem
1776 4032 1884 4073 non

280 4105 449 4169 dicat,
482 4104 577 4159 sed
604 4120 669 4158 ex
700 4121 805 4174 quo
834 4105 904 4161 de
934 4106 1096 4167 Maria
1125 4114 1283 4173 natus
1311 4114 1416 4174 est,
1449 4122 1517 4171 ex
1550 4120 1615 4163 eo
1636 4116 1691 4163 et
1732 4106 1886 4163 Chri-

281 4205 426 4250 stum
450 4204 504 4250 et
532 4194 725 4251 Filium
750 4196 1081 4259 nominatum
1127 4211 1271 4267 esse,
1294 4206 1346 4257 et
1374 4198 1582 4259 initium
1612 4199 1886 4269 accepisse

280 4297 340 4342 ut
368 4288 441 4342 sit
472 4286 636 4353 Deus,
670 4288 836 4356 dicat,
865 4288 1150 4353 anathema
1180 4290 1270 4345 sit.
1311 4307 1330 4341 ι
1377 4289 1507 4358 Qua
1555 4290 1735 4346 omnia
1780 4305 1889 4346 me—

282 4387 553 4434 moratum
578 4378 874 4443 Sirmiense
900 4378 1187 4441 concilium
1219 4379 1240 4411 ³
1269 4389 1490 4447 sanctus
1537 4379 1770 4447 Hilarius
1793 4395 1888 4447 ue-

282 4472 527 4528 ccssarie
566 4482 754 4537 contra
825 4474 1109 4541 Pbotinum
1155 4482 1211 4529 et
1259 4473 1282 4505 ⁸
1337 4475 1641 4541 Orientales
1695 4475 1887 4530 asserit

1942 3270 1949 3281 ’
1989 3282 2093 3339 que
2126 3267 2331 3335 similes
2361 3268 2452 3338 qui
2479 3268 2533 3325 in
2559 3269 2743 3326 multis
2768 3268 3111 3338 otfendimus,
3137 3275 3568 3335 condescendere

1987 3374 2093 3421 non
2121 3360 2426 3431 dignantur.
2455 3360 2653 3419 Verum
2683 3363 2810 3433 quid
2832 3377 3074 3434 agemus,
3111 3366 3254 3435 quod
3292 3368 3469 3425 nullos
3497 3370 3566 3425 ab

1987 3453 2135 3519 eisin
2165 3452 2269 3511 alia
2297 3468 2457 3510 causa
2488 3456 2733 3514 conditos
2763 3459 2930 3525 libros
2972 3460 3297 3530 audivimus,
3338 3478 3567 3534 quorum

1988 3545 2859 3617 discussioneirrepreheusibilem
2882 3567 3070 3607 eorum
3094 3555 3337 3622 peritiam
3367 3566 3423 3612 et
3448 3570 3568 3626 per-

1990 3636 2209 3706 vigilem
2238 3638 2507 3710 possimus
2532 3639 2760 3709 probare
2785 3643 3090 3701 cautelam?
3128 3644 3311 3701 Placet
3336 3662 3464 3717 ergo
3490 3648 3568 3702 eis

1990 3737 2044 3782 ut
2067 3727 2121 3781 in
2149 3728 2250 3797 lioc
2278 3728 2437 3799 libro,
2480 3744 2640 3800 quem
2666 3733 2937 3788 communi
2965 3748 3028 3789 ac
3055 3734 3313 3791 diuturno
3343 3746 3567 3791 tractatu

1988 3821 2042 3875 in
2067 3822 2437 3892 prajudicium
2462 3832 2664 3879 sancta
2676 3826 2865 3896 synodi
2894 3829 3246 3901 scripserunt,
3265 3830 3379 3885 sive
3404 3833 3567 3886 scribi

1988 3916 2267 3983 fecerunt,
2344 3916 2632 3985 perfectam
2685 3932 2872 3975 eorum
2932 3934 3194 3990 nusquam
3247 3923 3565 3992 culpabilem

1986 4006 2267 4063 scientiam
2290 4006 2668 4076 requiramus?
2699 4007 2803 4063 Sed
2824 4008 2933 4078 jam
2961 4011 3061 4067 etsi
3089 4025 3195 4067 non
3219 4027 3407 4068 omnes
3434 4026 3567 4083 quos

1988 4099 2263 4167 continet,
2295 4100 2545 4172 quoniam
2576 4099 2716 4157 aliud
2757 4101 2808 4165 in
2861 4102 2963 4157 hoc
3014 4117 3178 4174 opere
3198 4103 3567 4162 demonstrare

1988 4192 2347 4263 suscepimus,
2380 4192 2578 4249 multos
2605 4201 2784 4255 tamen
2837 4210 2899 4249 ex
2928 4196 3210 4251 occasione
3237 4196 3569 4267 prodidimus

1988 4301 2203 4345 errores
2230 4285 2272 4354 ',
2300 4287 2464 4351 multa
2486 4300 2698 4356 quoque
2722 4285 2997 4347 mendacia
3028 4286 3238 4358 sibique
3278 4290 3566 4347 contraria.

1988 4377 2091 4437 Ubi
2104 4388 2152 4431 et
2168 4378 2270 4437 hoc
2280 4377 2561 4433 docuimus
2574 4378 2720 4445 quia,
2739 4391 2860 4432 cum
2879 4378 3159 4435 mendacio
3174 4379 3445 4448 studeant,
3476 4396 3571 4436 ne-

1990 4469 2269 4527 sciuntvel
2298 4470 2567 4538 quomodo
2592 4469 2938 4535 mentiantur,
2969 4480 3023 4525 et
3041 4471 3305 4541 quomodo
3321 4488 3409 4543 per
3426 4489 3571 4529 eam-

283 4563 613 4621 decrevisse.
654 4565 890 4630 Quorum
936 4565 1291 4621 sufficientem
1347 4566 1750 4621 excusationem
1808 4563 1886 4620 fa-
1915 4578 1963 4638 ι)
1989 4560 2405 4619 demscientiam
2420 4561 2581 4617 etiam
2597 4576 2780 4621 verum
2794 4562 3571 4635 contrasealiquandoloquan—

282 4657 476 4719 ciens,
524 4656 792 4726 quomodo
822 4657 930 4721 sint.
984 4656 1295 4727 accipienda
1344 4657 1697 4719 demonstrat.
1760 4656 1887 4713 Haec

361 4851 487 4927 {In
520 4868 640 4927 quo
678 4854 1001 4927 episcopatu
1052 4856 1291 4927 deiectus
1338 4867 1422 4912 est
1460 4858 1717 4927 Photinus
1744 4873 1887 4914 anno

286 4923 490 4997 Christi
518 4924 643 4978 35L
678 4923 912 4980 Hilarius
940 4929 990 4980 in
1042 4923 1226 4981 eadem
1269 4929 1491 4997 cpistola
1526 4946 1539 4980 :
1572 4926 1706 4981 Eam
1750 4945 1885 4995 nunc

288 4995 447 5063 ﬁdem
472 5003 825 5060 retractemus,
856 5013 970 5065 qua
996 5013 1097 5050 non
1127 4999 1268 5064 olim,
1304 4995 1437 5051 tunc
1461 5014 1577 5052 cum
1630 4997 1883 5053 Photinus

288 5066 588 5138 episeopate
613 5066 839 5138 deiectus
860 5069 1268 5138 est,rconscripta
1321 5080 1417 5122 est.
1467 5069 1779 5137 Exemplum
1815 5069 1883 5122 fi-

288 5136 378 5189 dei
404 5135 689 5208 Sir_mio_ab
718 5136 1079 5208 orientalibus
1106 5135 1289 5194 contra
1338 5138 1623 5199 Photinum
1642 5135 1882 5195 conseri.

291 5214 433 5276 pla:
459 5205 735 5280 Credimus
766 5205 835 5280 in
861 5224 1018 5280 artant
1054 5208 1235 5276 Deum,
1280 5218 1381 5273 etc.
1436 5210 1696 5280 Integram
1741 5210 1883 5280 enim

289 5278 573 5338 describit.
598 5290 719 5332 cum
745 5277 971 5334 subditis
1001 5280 1266 5334 caoitbus
1295 5281 1379 5335 vel
1420 5277 1889 5335 anathematismis

374 5454 390 5484 ¹
422 5451 556 5507 Cod.
595 5452 814 5518 Veron.,
842 5454 1085 5510 Patribus
1110 5456 1311 5511 decreta
1348 5462 1490 5519 sunt,
1529 5471 1631 5511 non
1660 5462 1879 5513 tantum.

372 5524 395 5555 ’
426 5522 568 5578 Idem
593 5525 739 5593 cod.,
773 5525 1048 5580 Dominum
1075 5536 1121 5580 et
1150 5525 1444 5589 Dominum,
1475 5524 1686 5579 Patrem
1712 5534 1760 5579 et
1792 5523 1887 5578 Fi-

302 5594 605 5666 tinm,etc.;
630 5595 806 5650 favent
848 5598 968 5652 huic
988 5597 1199 5652 lectioni
1233 5597 1445 5652 codices
1465 5596 1553 5650 alii
1591 5608 1720 5649 mss.
1768 5596 1887 5666 plu—

305 5679 416 5727 res,
448 5674 503 5718 ut
525 5665 705 5721 videre
730 5675 813 5721 est
860 5667 913 5721 in
945 5681 1077 5721 nova
1125 5668 1360 5722 editione
1399 5667 1565 5722 sancti
1618 5666 1803 5722 Hilarii
1831 5667 1883 5721 in

310 5734 403 5789 lib.
436 5729 502 5789 de
530 5736 779 5804 Synndis,
807 5752 901 5793 seu
928 5737 995 5792 de
1028 5738 1129 5792 fide
1159 5737 1525 5794 Orientalium.

383 5805 402 5835 ³
431 5806 572 5861 idem
603 5807 747 5873 cod.,
774 5818 1051 5865 memorato
1078 5810 1346 5866 Sirmiensi
1367 5808 1599 5863 concilio.

1995 4666 2100 4711 tur.
2125 4654 2184 4712 Si
2209 4663 2388 4711 autem
2412 4654 2465 4711 in
2494 4654 2595 4710 hoc
2611 4654 2746 4711 libro
2764 4656 2815 4711 in
2838 4669 2945 4724 quo
2967 4655 3417 4728 subscripserunt,
3442 4659 3570 4714 alie-

1989 4861 2094 4925 εἵς
2125 4857 2423 4916 Orientales
2445 4868 2623 4913 autem
2652 4856 2922 4927 intelligit,
2976 4872 3123 4929 quos,
3157 4856 3477 4929 Athanasius
3504 4856 3569 4911 do

1988 4931 2176 4989 eadem
2205 4929 2309 4985 fide
2330 4945 2491 4999 agens
2515 4926 2843 4995 Eusebianos
2871 4926 3055 4999 vocat,
3088 4926 3458 4999 ,Semiarianos
3487 4929 3569 4979 vi-

1988 5003 2200 5057 delicet.
2221 4997 2532 5071 Quanquam
2564 5014 2692 5071 ergo
2718 5008 2983 5071 suspectae
3031 4997 3346 5071 ﬁdeierant
3390 5007 3570 5071 aucto.

1989 5088 2075 5128 res
2102 5082 2153 5126 et
2175 5067 2418 5137 auctores
2434 5086 2559 5125 suos
2596 5067 2809 5137 decreta
2840 5069 2952 5137 ipsa
2980 5067 3313 5130 redolebant,
3342 5080 3448 5137 non
3468 5069 3570 5137 du-

1990 5143 2175 5198 bitavit
2199 5135 2377 5197 tamen
2409 5139 2638 5196 Hilarius
2664 5135 2875 5202 eadem,
2909 5147 3155 5205 tanquam
3204 5146 3392 5190 contra
3422 5135 3565 5191 Pho-

1989 5217 2159 5270 tinum
2208 5212 2510 5270 necessario
2563 5210 2798 5273 condita,
2851 5206 3125 5275 explicare
3170 5220 3234 5261 ac
3261 5205 3567 5263 defendere.

2061 5456 2086 5489 ⁸
2112 5456 2168 5510 1η
2197 5454 2385 5511 eodem
2415 5452 2534 5509 cod.
2590 5452 2742 5506 deest
2758 5458 2829 5506 et.
2858 5449 3010 5507 Unde
3052 5464 3243 5507 sensus
3268 5460 3347 5506 est
3380 5467 3393 5505 :
3427 5467 3565 5521 pra-

1988 5528 2132 5583 dicta
2182 5527 2359 5581 omnia
2407 5523 2708 5581 Orientales
2772 5523 2825 5577 in
2883 5521 3163 5578 Sir‘miensi
3204 5522 3432 5578 concilio
3478 5522 3560 5577 de

1990 5611 2254 5720 “idm
2283 5664 2425 5730 cod.,
2460 5662 2757 5727 Athanasio,
2792 5661 2983 5721 Basilio
3020 5670 3071 5721 et
3102 5661 3325 5719 Hilario.

2062 5738 2085 5771 ⁸
2107 5736 2252 5792 Idem
2282 5736 2428 5802 cod.,
2459 5736 2571 5807 ejus
2599 5749 2813 5791 errores.
