3998 6202
424 342 520 400 701

1491 338 1782 395 FACUNDI
1823 338 2035 395 EPISC.
2080 337 2580 395 IIERMIANENSIS

3589 338 3691 393 79‘!

422 475 522 516 nos
544 472 779 524 errores,
811 456 925 510 sive
956 453 1143 520 falsos,
1167 452 1282 507 sive
1327 466 1482 507 veros
1532 466 1758 521 arguere
1811 451 1998 507 intenti
2032 452 2081 511 A
2109 450 2156 506 ei
2180 452 2379 507 dixisse
2411 470 2425 506 :
2450 454 2748 520 Damine,si
2768 453 2950 523 fuisse:
2970 453 3073 520 hic,
3103 459 3259 524 frater
3280 469 3421 509 metu
3441 469 3546 509 non
3563 457 3693 524 fuis-

430 554 485 606 in
507 550 666 607 tantis
707 546 1021 617 reprehensi
1091 554 1246 611 sunt;
1296 560 1397 615 qua
1447 545 1622 600 fronte
1675 560 1781 599 non
1828 545 2001 600 dicam

428 638 717 705 Theodori,
749 638 842 694 sed
869 638 1155 707 cujuslibet
1184 638 1416 693 hominis
1440 638 1582 693 dicta
1612 638 1827 707 culpare
1866 653 2007 708 pra:-

422 734 674 790 sumunt?
707 733 773 787 At
795 732 1116 787 erubescent
1140 733 1225 786 isti
1274 732 1481 802 judices
1510 733 1526 764 ¹
1567 744 1923 799 mortuorum,
1959 735 2001 788 si

423 840 519 896 per
543 832 713 879 totum
742 823 913 892 ipsum
940 823 1135 877 librum
1165 838 1349 878 eorum
1396 823 1799 880 consideremus
1847 825 2006 880 insci-

422 917 551 970 tiam
583 935 599 971 :
630 923 685 970 et
715 913 917 969 idcirco
946 914 999 967 in
1026 914 1139 983 ipsa
1163 922 1363 969 tantum
1382 916 1671 979 sententia,
1694 931 1797 985 qua
1829 916 2006 971 Theo-

421 1009 612 1066 dorum
638 1024 759 1065 cum
790 1009 903 1065 suis
929 1010 1266 1080 dogmatibus
1294 1010 1706 1077 damnaverunt,
1737 1011 2006 1080 inSpicere

427 1116 544 1155 eam
570 1115 633 1155 ac
657 1100 1029 1155 demonstrare
1059 1103 1330 1170 proposui.
1362 1101 1625 1155 Dixerunt
1665 1102 1832 1164 enim,
1866 1103 2003 1158 sicut

429 1191 763 1246 narravimus
797 1208 811 1245 :
866 1209 885 1242 ι
940 1190 996 1246 Si
1025 1190 1144 1260 quis
1179 1205 1284 1244 non
1310 1191 1727 1246 anathematizat
1756 1192 2003 1247 Theodo-

420 1295 538 1334 rum
568 1280 907 1350 Mopsuestia:
931 1288 978 1348 ⁸,
1010 1288 1065 1336 et
1086 1280 1202 1349 ejus
1234 1280 1506 1350 dogmata,
1557 1297 1759 1351 eosque
1803 1283 1889 1352 qui
1915 1292 2004 1337 aut

420 1371 473 1426 ci
493 1372 684 1427 similia
709 1380 1024 1440 sapuerunt,
1053 1382 1143 1426 aut
1164 1373 1402 1443 sapiunt,
1452 1374 1737 1430 anathema
1764 1378 1856 1431 sit.
1898 1395 1916 1428 ι
1946 1377 2000 1432 1η

419 1477 521 1533 qua
544 1463 810 1519 sententia
829 1463 1066 1530 intende,
1081 1479 1293 1535 quaeso,
1315 1475 1444 1533 quot
1465 1476 1517 1520 et
1536 1482 1693 1536 quam
1718 1482 1906 1538 magna
1927 1469 2002 1523 vi-

419 1554 490 1607 tia
516 1554 931 1623 reprehendam.
988 1554 1225 1610 Primum
1275 1566 1377 1618 est,
1436 1557 1577 1627 quod
1633 1573 1755 1612 eum
1811 1569 1999 1613 contra

416 1647 735 1700 sententiam
768 1646 984 1701 Patrum
1026 1655 1082 1702 et
1112 1647 1272 1702 totius
1322 1648 1577 1703 Ecclesia:
1630 1649 1911 1718 judicium,
1944 1652 1998 1705 in

416 1736 571 1807 cujus
599 1752 727 1808 pace
751 1737 1035 1794 defunctus
1082 1751 1187 1806 est,
1243 1740 1571 1797 anathemati
1623 1742 1993 1798 subdiderunt.

2109 558 2183 600 set
2212 556 2442 602 mortuus
2490 546 2671 617 (Joan.
2701 563 2755 602 ιι
2777 586 2796 613 ,
2826 545 2963 607 21.).
3083 549 3214 615 Quae
3258 549 3380 603 licet
3409 550 3692 605 crederent

2107 638 2247 706 quod
2280 639 2394 707 ipse
2422 647 2567 694 esset
2597 640 2762 694 Filius
2785 641 2805 672 ³
2836 640 2933 695 Dei
2958 640 3047 709 qui
3072 641 3122 694 in
3152 641 3405 695 mundum
3431 643 3693 708 venisset.

2110 742 2285 787 tamen
2311 748 2417 788 non
2440 734 2703 799 dicerent,
2735 734 2780 788 si
2811 734 3003 790 fuisses
3028 735 3134 800 hic,
3184 736 3229 790 si
3248 751 3368 790 eum
3398 751 3696 806 cognosce-

2107 834 2225 881 rent
2254 827 2391 882 sicut
2412 826 2576 881 Deum
2602 827 2797 896 ubique
2825 842 2948 882 esse
2976 837 3316 896 przesentem.
3366 828 3567 883 Eadem
3599 844 3694 883 er-

2105 933 2175 987 go
2199 928 2488 987 sapuerunt
2512 932 2633 987 quae
2652 918 2848 973 dicitur
2868 919 3111 988 sapuisse
3133 919 3471 986 Theodorus,
3495 929 3696 974 etcum

2106 1008 2393 1063 Theodoro
2432 1009 2591 1063 simul
2644 1009 3109 1065 anathematizata:
3160 1019 3307 1066 sunt.
3353 1011 3418 1065 Et
3461 1022 3698 1081 quantos

2104 1101 2190 1155 vel
2218 1115 2283 1153 eo
2312 1110 2552 1169 tempore
2576 1102 2627 1155 in
2654 1100 2956 1170 Evangeliis
3014 1110 3070 1156 et
3112 1101 3423 1170 apostolicis
3475 1103 3699 1170 scriptis

2107 1196 2239 1249 tales
2266 1195 2431 1250 fuisse
2464 1196 2846 1265 cognovimus?
2894 1204 3125 1264 quantos
3169 1195 3331 1250 etiam
3365 1209 3508 1249 nunc
3562 1196 3699 1250 tales

2105 1290 2157 1344 in
2189 1305 2351 1359 grege
2384 1291 2638 1353 fidelium,
2674 1291 2785 1344 sola
2816 1298 3125 1343 sanctorum
3165 1289 3543 1360 mysteriorum
3575 1303 3698 1358 par-

2104 1382 2413 1451 ticipatione
2436 1392 2488 1436 et
2509 1382 2741 1450 simplici
2792 1391 3182 1451 praeceptorum
3241 1382 3551 1438 obedientia
3576 1384 3696 1449 pla-

2101 1482 2284 1527 centes
2311 1473 2420 1528 Deo
2450 1472 2721 1527 vidimus?
2752 1489 2872 1527 cum
2901 1481 2954 1527 et
2975 1474 3074 1542 ipsi
3104 1473 3261 1543 primi
3296 1482 3541 1543 pastores
3574 1475 3696 1544 ejus

2099 1564 2321 1632 apostoli
2366 1565 2443 1619 sic
2484 1564 2770 1633 aliquando
2816 1565 3104 1633 sapuerint,
3162 1581 3295 1636 quos
3344 1582 3532 1622 omnes
3572 1582 3697 1621 cum

2101 1654 2387 1711 Theodoro
2420 1655 2644 1710 vidimus
2673 1656 2726 1711 in
2760 1656 2861 1711 hoc
2890 1657 3230 1711 anathemate
3263 1659 3696 1714 condemnatos?

2098 1745 2229 1800 Nam
2260 1747 2361 1802 etsi
2408 1745 2659 1801 dicantur
2683 1748 2926 1802 Thomas
2967 1757 3023 1802 et
3049 1748 3351 1817 Philippus,
3386 1750 3476 1818 qui
3508 1751 3658 1805 aiunt
3681 1767 3695 1781 ·

418 1827 724 1884 Secundum
750 1840 929 1885 autem
958 1830 1100 1901 quod
1124 1874 1139 1897 ,
1174 1831 1586 1887 condemnanda
1619 1847 1810 1889 omnes
1839 1838 1926 1903 qui
1947 1834 1999 1889 ei
2033 1842 2074 1901 Β
2108 1839 2327 1894 Ostende
2353 1840 2497 1894 nobis
2531 1839 2768 1906 Patrem,
2801 1850 2849 1895 et
2878 1842 3056 1911 sufﬁcit
3084 1845 3226 1895 nobis
3249 1841 3430 1911 (Joun.
3467 1861 3580 1909 xiv,
3612 1845 3694 1915 8),

416 1935 521 1975 non
550 1920 737 1977 dicunt
764 1920 1069 1987 anathema,
1094 1931 1422 1977 memoratos
1454 1937 1671 1993 quoque
1717 1925 2003 1979 venerabi-

419 2011 499 2065 les
532 2011 742 2079 Patres,
773 2020 827 2066 et
876 2013 1046 2080 ipsam
1096 2026 1217 2081 quae
1265 2012 1551 2068 Theodoro
1590 2015 2003 2071 communicavit

415 2101 734 2170 Ecclesiam,
758 2111 917 2172 atque
943 2117 1131 2157 omnes
1160 2112 1457 2172 praesentes
1511 2104 1564 2159 in
1596 2119 1823 2175 corpore
1847 2108 2004 2163 Chri-

415 2195 483 2248 sti
513 2193 722 2259 ﬁdeles,
750 2193 842 2263 qui
883 2193 998 2249 sive
1026 2193 1169 2263 quod
1201 2195 1254 2247 in
1295 2194 1551 2250 Ecclesia:
1590 2209 1720 2264 pace
1742 2196 1904 2251 vitam
1936 2197 2002 2251 ti-

417 2283 637 2352 nicrint,
667 2283 786 2339 sive
811 2284 955 2355 quod
982 2299 1080 2339 nec
1101 2299 1317 2340 errores
1336 2283 1456 2354 ejus
1473 2300 1571 2341 nec
1593 2300 1789 2341 nomen
1818 2286 2002 2343 audie-

416 2378 551 2445 rint,
574 2392 698 2434 eum
730 2392 836 2433 non
866 2378 1337 2443 anathematizant,
1389 2379 1747 2435 decreverunt
1778 2388 1838 2435 ut
1875 2395 2003 2435 ana-

414 2468 596 2525 thema
628 2468 817 2524 tierent
847 2485 859 2519 :
885 2467 1027 2537 quod
1056 2478 1238 2537 aperte
1259 2480 1445 2525 contra
1480 2468 1741 2539 justitiam
1773 2479 1828 2524 et
1873 2484 2002 2525 con-

414 2572 495 2614 tra
526 2575 733 2616 morem
765 2560 1017 2616 Ecclesiae
1064 2561 1266 2615 factum
1291 2576 1413 2616 esse
1457 2560 1567 2630 jam
1613 2560 1865 2628 diximus,
1902 2576 2001 2615 nec

413 2651 581 2706 ullum
612 2651 717 2705 tale
747 2651 1048 2706 invenimus
1065 2650 1369 2719 exemplum
1394 2650 1483 2706 ubi
1538 2652 1821 2706 anathema
1874 2651 1999 2707 facti

415 2742 855 2811 sint,quialieui
909 2742 1195 2808 heretico,
1227 2757 1387 2811 quem
1452 2742 1700 2812 ignorare
1753 2754 1997 2813 possunt,

422 2849 529 2889 non
555 2833 741 2889 dicunt
789 2831 1099 2888 anathema.
1144 2833 1297 2903 Quod
1345 2848 1444 2889 nec
1480 2835 1564 2889 isti
1622 2834 1997 2901 decernerent,

414 2925 517 2980 nisi
545 2924 610 2978 ad
636 2924 832 2995 synodi
886 2924 1339 2981 Chalcedonensis
1390 2925 1661 2997 injuriam,
1696 2941 1837 2996 quae,
1878 2941 1999 2981 cum

415 3014 556 3085 apud
580 3028 639 3069 se
656 3015 1018 3072 recitarentur
1042 3016 1158 3085 ejus
1186 3015 1392 3084 laudes,
1412 3031 1519 3071 non
1561 3019 1609 3073 ei
1653 3018 1847 3074 dixerit
1872 3032 2001 3073 ana-

413 3109 611 3163 thema.
646 3107 884 3163 Tertium
942 3123 1069 3164 vero
1092 3117 1195 3175 est,
1225 3110 1365 3179 quod
1391 3110 1508 3163 sine
1538 3109 1644 3164 ulla
1688 3110 2000 3179 exceptione

2104 1948 2209 1986 non
2241 1933 2514 1988 hominem
2549 1934 2918 1987 tantummodo
2951 1935 3244 1991 credidisse
3270 1937 3567 2003 Christum,
3601 1939 3696 1992 sed

2107 2014 2298 2091 Deum,
2332 2024 2575 2092 quamvis
2602 2023 2760 2079 Patre
2788 2026 3048 2080 minorem
3077 2034 3171 2080 aut
3196 2035 3502 2095 separatum
3532 2044 3560 2080 a
3592 2028 3698 2082 Pa-

2105 2121 2207 2181 tre,
2231 2122 2453 2183 propter
2473 2116 2618 2184 quod
2646 2116 2806 2169 etiam
2830 2114 3029 2169 dictum
3052 2125 3135 2171 est
3161 2135 3174 2171 :
3199 2115 3321 2170 Non
3345 2120 3550 2173 rreditis
3575 2123 3697 2188 quia

2103 2220 2195 2276 ego
2235 2206 2288 2258 in
2337 2204 2509 2272 Patre,
2558 2216 2604 2259 et
2638 2205 2793 2261 Pater
2816 2206 2869 2260 in
2900 2224 2978 2261 me
3007 2218 3082 2261 est
3108 2206 3299 2280 (Ibid.,
3345 2211 3473 2280 10)?
3499 2212 3696 2265 similia

2107 2300 2296 2367 procul
2351 2301 2516 2356 dubio
2562 2312 2857 2371 sapuerunt
2907 2304 2988 2358 eis
3027 2320 3146 2374 quae
3198 2312 3416 2373 putatur
3453 2306 3698 2374 sapuisse

2109 2390 2448 2447 Theodorus.
2470 2392 2585 2447 Non
2609 2394 2749 2448 enim
2777 2394 3052 2449 dissimilis
3074 2406 3163 2450 aut
3187 2396 3408 2450 minoris
3441 2396 3698 2466 ignorau-

2110 2484 2194 2535 tia:
2225 2482 2341 2549 fuit,
2372 2483 2454 2539 vel
2484 2486 2745 2541 minorem
2777 2485 3069 2541 credidisse
3112 2485 3297 2549 Deum,
3344 2486 3426 2541 vel
3475 2490 3503 2540 a
3540 2486 3698 2542 Patre

2104 2574 2292 2629 Filium
2323 2586 2649 2644 separatum.
2692 2578 2804 2633 Nisi
2845 2578 2980 2633 forte
3008 2578 3086 2632 sic
3125 2579 3277 2634 nobis
3308 2593 3462 2633 error
3504 2578 3699 2633 Nesm-

2106 2666 2292 2720 rianus
2341 2658 2614 2737 displicet,
2650 2679 2705 2723 ut
2752 2670 2958 2739 placeat
2986 2670 3238 2725 Arianus.
3284 2671 3698 2737 Quomodolibet

2104 2769 2233 2825 ergo
2265 2756 2511 2825 sapuisse
2544 2757 2811 2824 dicantur,
2845 2767 2936 2813 aut
2965 2759 3150 2814 eadem
3180 2760 3364 2828 procul
3412 2761 3578 2814 dubio
3606 2773 3699 2817 aut

2103 2845 2297 2900 similia
2326 2858 2648 2917 sapuerunt.
2683 2850 2786 2905 Pro
2816 2850 2915 2905 hac
2946 2866 3073 2921 ergo
3122 2852 3381 2922 praecipiti
3413 2862 3467 2908 et
3497 2853 3697 2908 ἰιιροιι-

2104 2934 2339 2990 siderata
2371 2938 2641 2993 sententia
2686 2954 2781 2994 sua
2812 2941 3174 3010 reSpondcant
3200 2942 3289 3011 qui
3322 2946 3697 2999 tantummodo

2104 3026 2293 3081 alienis
2337 3030 2655 3085 calumniari
2704 3032 2902 3098 sciunt,
2957 3048 3055 3089 sua
3110 3049 3237 3089 vero
3285 3035 3575 3091 defendere
3605 3054 3696 3093 οε·

2103 3120 2311 3187 sciunt;
2341 3131 2395 3176 et
2440 3125 2483 3176 si
2512 3124 2636 3192 quid
2669 3133 2921 3193 possunt,
2962 3126 3029 3180 ab
3074 3126 3189 3181 istis
3217 3127 3485 3182 vinculis‘
3523 3132 3697 3185 mani-

412 3201 735 3270 generaliter
764 3203 883 3272 ejus
931 3201 1179 3273 dogmata
1224 3211 1280 3258 et
1309 3203 1588 3257 universos
1620 3202 1711 3272 qui
1763 3204 1843 3258 eis
1885 3219 1994 3258 non
2028 3225 2076 3286 ο
2112 3210 2263 3267 festae
2293 3214 2533 3269 veritatis
2561 3215 2844 3270 absolvant
2870 3235 2882 3269 :
2907 3228 2961 3271 et
2988 3218 3123 3272 forte
3151 3220 3418 3274 credimus
3438 3221 3580 3291 quod
3608 3238 3697 3277 ac-

412 3288 600 3345 dicunt
625 3291 909 3347 anathema
951 3292 1395 3357 condemnantes,
1425 3290 1477 3345 in
1509 3290 1703 3359 quibus
1759 3305 1859 3346 nec
1901 3291 2004 3361 ipsi

415 3391 615 3451 negant
642 3381 871 3452 plurima
907 3392 1053 3437 recta
1093 3397 1239 3447 esse,
1293 3398 1396 3437 non
1433 3383 1606 3438 solum
1660 3399 1795 3454 quos
1841 3400 2003 3453 supra

413 3472 828 3526 memoravimus
856 3471 1062 3538 Patres,
1088 3480 1143 3527 ct
1193 3472 1331 3527 alius
1371 3474 1629 3541 praeteriti
1657 3474 1739 3530 vel
1765 3491 2004 3545 prasen-

416 3560 484 3615 tis
510 3561 769 3630 temporis
798 3562 1130 3629 innocentes,
1161 3578 1344 3618 verum
1371 3573 1426 3619 et
1456 3565 1625 3635 ipsam
1680 3567 2001 3623 catholicam

418 3650 599 3717 iidem,
631 3650 783 3721 cujus
800 3652 1184 3708 assertionibus
1206 3669 1420 3710 omnem
1454 3656 1713 3711 htcresem
1730 3697 1744 3722 ,
1769 3667 2002 3714 testante

414 3741 620 3797 Joanne
642 3752 695 3797 et
718 3741 926 3797 Domno
955 3743 1307 3800 Antiochenis
1330 3753 1492 3815 atque
1537 3747 1783 3804 orientali
1825 3751 2005 3803 conci-

415 3833 511 3901 lio,
542 3833 863 3891 Theodorus
897 3837 1241 3907 expugnavit,
1265 3847 1319 3892 et
1364 3852 1521 3909 quam
1562 3839 1854 3894 secundum
1900 3840 2003 3911 Cy-

423 3928 624 3995 rillum,
674 3936 731 3982 ut
783 3929 997 3985 interim
1044 3928 1353 4000 perhibent,
1393 3932 1672 4001 magniﬁce
1745 3933 2003 3989 adversus

416 4020 649 4076 Arianos
698 4028 751 4075 et
825 4022 1189 4078 Eunomianos
1240 4024 1492 4089 asseruit,
1538 4024 2002 4089 anathematizare

419 4112 604 4181 procul
632 4110 795 4165 dubio
822 4114 1231 4168 convincuntur.
1266 4114 1523 4181 Quartum
1567 4126 1674 4185 est,
1705 4115 1847 4186 quod
1868 4133 1999 4173 con-

418 4202 554 4256 tenti
607 4216 713 4257 non
767 4202 964 4258 fuerint
1013 4204 1133 4260 illos
1178 4213 1382 4259 tantum
1426 4206 1878 4265 anathematizare
1912 4211 2002 4279 qui

418 4293 616 4349 similia
642 4295 878 4364 sapiunt,
907 4296 1001 4350 sed
1054 4296 1246 4351 iterum
1288 4306 1478 4351 contra
1525 4297 1784 4368 iustitiam
1815 4301 2001 4375 Eccle-

417 4384 623 4453 siteque
650 4385 889 4454 regulam
920 4386 1259 4451 addiderunt,
1290 4396 1345 4443 et
1376 4389 1494 4445 illos
1517 4390 1606 4460 qui
1628 4391 1820 4447 similia
1851 4396 1870 4424 ¹
1913 4408 2001 4447 sa-

418 4482 673 4543 puerunt.
721 4474 788 4529 Et
834 4491 1137 4548 quanquam
1188 4479 1530 4538 Theodorum
1563 4483 1691 4537 nihil
1739 4485 1880 4540 male
1913 4500 1999 4540 sa-

2106 3305 2348 3372 ceperint
2374 3314 2691 3374 potestatem
2717 3308 2909 3378 ligandi
2940 3324 3033 3365 eos
3056 3311 3142 3381 qui
3170 3326 3331 3381 super
3361 3322 3561 3367 terram
3589 3331 3698 3369 non

2108 3403 2256 3458 sunt,
2286 3409 2446 3463 quam
2497 3411 2596 3451 nec
2638 3399 2868 3466 apostoli
2897 3410 3237 3469 acceperunt.
3286 3402 3428 3458 Ecce
3469 3416 3697 3473 quatuor

2106 3499 2294 3554 magna
2326 3486 2474 3554 vitia,
2508 3504 2614 3543 non
2642 3490 2897 3556 obscura,
2929 3506 3031 3546 nec
3075 3492 3141 3547 de
3169 3494 3440 3562 aliquibus
3470 3498 3697 3550 secretis

2106 3573 2321 3642 educta,
2352 3578 2446 3633 sed
2497 3580 2642 3633 clara
2670 3590 2723 3635 et
2752 3583 3053 3647 manifesta,
3088 3599 3180 3639 eos
3207 3584 3491 3641 docuimus
3522 3588 3697 3642 incur-

2106 3667 2263 3721 risse.
2286 3668 2561 3734 Quomodo
2590 3672 2752 3741 igitur
2773 3674 2859 3729 ille
2882 3676 3090 3730 subtilis
3127 3692 3317 3732 eorum
3391 3680 3696 3735 intellectus

2107 3758 2159 3811 in
2197 3770 2354 3815 nocte
2399 3761 2748 3818 obscurarum
2791 3768 3146 3834 quaestionum
3176 3770 3507 3825 elucubratis
3537 3787 3698 3827 exco-

2107 3854 2455 3924 gitationibus
2504 3857 2762 3913 adversus
2804 3861 2977 3915 aliena
3026 3863 3166 3918 dicta
3214 3866 3462 3935 pervigil,
3504 3867 3554 3921 in
3588 3869 3696 3922 suis

2106 3943 2331 4001 obtusus
2377 3946 2626 4003 inventus
2672 3958 2753 4003 est
2800 3960 2853 4005 et
2885 3954 3066 4007 medio
3110 3952 3195 4009 die
3239 3955 3609 4026 lethargicus?
3642 3959 3697 4013 In

2105 4038 2317 4106 quantis
2369 4048 2551 4095 autem
2605 4041 2865 4097 librorum
2918 4044 3277 4101 voluminibus
3324 4047 3409 4101 isti
3463 4050 3696 4103 censorii

2106 4141 2436 4185 mortuorum
2461 4131 2673 4201 judices
2706 4143 2884 4188 tantos
2911 4143 2965 4190 et
2989 4152 3214 4190 numero
3246 4146 3300 4191 et
3325 4140 3694 4207 magnitudine

2105 4217 2303 4275 fecisse
2345 4220 2826 4290 deprehenduntur
2855 4228 3104 4280 errores?
3127 4226 3312 4282 Nonne
3346 4244 3450 4281 una
3493 4230 3693 4283 brevis-

2106 4323 2214 4377 que
2245 4311 2516 4367 sententia
2546 4323 2649 4377 est,
2680 4329 2800 4384 qua:
2845 4316 3013 4371 semel
3062 4318 3230 4372 tincto
3270 4320 3482 4374 calamo
3533 4322 3691 4374 scribi

2105 4412 2281 4472 potest
2323 4423 2337 4460 :
2385 4422 2402 4457 ι
2436 4406 2491 4461 Si
2548 4407 2669 4475 quis
2721 4424 2828 4463 non
2884 4409 3304 4465 anathematiz-t
3355 4412 3692 4468 Theodorum

2105 4494 2470 4565 Mopsuestiae,
2501 4510 2555 4553 et
2584 4501 2700 4569 cjus
2731 4500 2998 4570 dogmata,
3030 4519 3231 4574 eosque
3259 4506 3348 4574 qui
3379 4517 3472 4560 aut
3500 4509 3691 4561 similia

415 4564 599 4631 puisse
628 4564 997 4635 probaverim,
1021 4578 1276 4639 quantum
1327 4582 1504 4629 tamen
1553 4574 1621 4629 ad
1670 4590 1765 4630 eos
1786 4578 1996 4639 attinet,

2107 4587 2156 4642 ei
2200 4564 2491 4658 sapuerunt
2518 4601 2609 4645 aut
2638 4592 2872 4662 sapiunt,
2900 4597 3183 4650 anathema
3226 4597 3375 4651 sith
3414 4598 3482 4653 Et
3510 4599 3565 4653 in
3612 4601 3693 4656 bis

414 4655 917 4713 condemnaverunt
940 4674 1132 4717 omnes
1156 4662 1224 4717 ab
1248 4662 1387 4732 ipso,
1422 4665 1475 4718 in
1501 4681 1659 4734 quem
1687 4667 1839 4721 illum
1870 4668 1999 4723 inci-

416 4746 562 4803 disse
584 4754 794 4817 putant,
816 4764 1002 4815 errore
1023 4766 1316 4808 conversos
1340 4769 1355 4818 ;
1395 4754 1633 4825 nihilque
1664 4757 1771 4812 illis
1795 4760 1999 4826 praesti-

418 4841 481 4895 tit
512 4855 608 4896 sua
635 4843 939 4911 conversio,
968 4844 1111 4914 quod
1136 4844 1247 4915 jam
1272 4846 1394 4902 talia
1422 4863 1527 4902 non
1567 4850 1805 4920 sapiunt,
1833 4867 2002 4922 quan-

414 4932 485 4986 do
514 4940 567 4986 et
584 4943 805 5003 propter
823 4934 923 4989 hoc
953 4935 1303 5006 damnantur,
1353 4939 1493 5005 quod
1539 4940 1826 5011 aliquando
1875 4945 1997 4999 talia

415 5030 728 5092 sapuerunt.
761 5025 862 5082 Ubi
892 5027 1016 5096 quid
1061 5038 1219 5097 agent
1244 5029 1310 5083 de
1340 5028 1546 5085 Martha
1573 5040 1629 5085 et
1650 5033 1815 5089 Maria
1840 5049 1995 5101 soro-

418 5112 568 5167 ribus
590 5114 798 5181 Lazari,
835 5132 954 5186 quae
997 5118 1241 5174 familiari
1264 5119 1550 5178 devotione
1602 5124 1703 5194 ipsi
1749 5125 1996 5194 Domino,

416 5204 549 5259 dum
577 5206 662 5260 hic
704 5207 757 5262 in
800 5224 961 5265 carne
1000 5211 1239 5282 degeret,
1270 5214 1654 5271 adhmseruut?
1703 5218 1769 5272 Et
1818 5229 1997 5274 tamen

420 5305 667 5367 utraque,
691 5298 739 5356 id
763 5310 848 5356 est
868 5303 1014 5374 prius
1037 5304 1243 5359 Martha
1268 5322 1333 5362 ac
1360 5307 1553 5364 deinde
1589 5310 1774 5377 Maria,
1806 5313 1998 5382 legitur

493 5428 621 5511 {.Ut
664 5445 821 5511 supra
855 5434 1019 5511 initio
1046 5437 1137 5511 lib.
1159 5455 1234 5494 ιιι.
1270 5441 1463 5498 Iisdem
1494 5461 1704 5511 quoque
1735 5448 1914 5501 verbis
1942 5459 1998 5504 et

421 5499 751 5576 Justinianus
775 5502 827 5576 in
853 5504 1060 5560 Edicto.
1080 5508 1140 5562 Εἴ
1156 5533 1233 5571 τις
1265 5518 1431 5568 τοίνυν
1452 5499 2001 5576 ἀνὲιπᾶιεέταιῄὸ-εξᾶὠ-

419 5590 534 5648 ρον,
566 5571 691 5626 ὰ)ὶά
716 5579 782 5645 μὴ
806 5575 1156 5645 ἀναθεματίζει
1176 5583 1344 5649 αὑτὸν,
1369 5590 1524 5642 καὶτὰ
1555 5591 1715 5644 αὐτοῦ
1738 5595 2004 5665 συγγράμ-

493 5703 511 5798 ῗ
660 5703 875 5798 gYéton-
889 5748 902 5771 ν
918 5708 991 5790 ,Αι
1011 5714 1313 5798 εφοβιᾷιζαδ.
1323 5719 1546 5798 arbitror
1570 5739 1832 5797 apparere,
1850 5742 2001 5798 quant

422 5782 705 5861 nesciant
731 5785 881 5861 atque
910 5782 1191 5861 ignari-isti
1214 5788 1434 5861 judices,
1468 5801 1569 5847 etc.

492 5846 511 5876 ³
534 5844 678 5902 Idem
700 5844 844 5920 cod”
877 5844 1155 5907 ei'simt’lia.

2108 4682 2443 4749 paucissimis
2489 4684 2711 4755 syllabis
2752 4686 2911 4756 longo
2958 4697 3197 4758 tempore
3239 4691 3533 4758 meditatis,
3588 4702 3689 4747 tum

2106 4774 2254 4827 multi
2282 4775 2572 4844 sapientes,
2601 4786 2677 4845 et,
2708 4781 2847 4847 quod
2878 4790 2960 4835 est
2990 4782 3241 4851 amplius,
3273 4783 3575 4855 alienorum
3615 4787 3689 4838 di-

2105 4872 2310 4920 ctorum
2339 4870 2789 4937 scrupulosissimi
2818 4880 2873 4926 et
2897 4873 3367 4930 calumniosissimi
3410 4875 3684 4932 discussu-

2105 4973 2211 5023 res,
2268 4960 2321 5014 iu
2364 4976 2425 5015 ea
2473 4960 2585 5033 ipsa
2629 4965 2913 5021 calumniae
2962 4981 3073 5023 sua:
3129 4970 3394 5024 sententia
3480 4970 3561 5024 sic
3608 4986 3687 5023 cr-

2101 5061 2372 5117 raverunt,
2425 5062 2483 5107 ut
2533 5055 2741 5110 etiamsi
2798 5073 2922 5111 vera
2995 5058 3169 5112 forent
3225 5076 3347 5129 quae
3406 5061 3459 5115 itt
3514 5064 3684 5117 deno-

2102 5141 2358 5197 tationem
2399 5154 2598 5200 sanctis
2637 5148 2828 5217 synodi
2876 5149 2944 5203 de
2977 5150 3261 5204 Theodoro
3295 5150 3523 5221 jactant,
3569 5170 3672 5208 non

2103 5242 2323 5301 possent
2384 5251 2571 5290 eorum
2632 5239 2908 5294 erroribus
2968 5242 3289 5310 comparari.
3357 5243 3424 5297 Et
3485 5246 3683 5302 audent

2101 5325 2185 5379 isti
2262 5327 2533 5384 discutere
2602 5346 2665 5385 ac
2747 5331 3141 5401 reprehendere
3204 5334 3424 5389 illustris
3491 5334 3679 5390 doctri-

2103 5486 2258 5547 ματρί.
2280 5466 2504 5547 καὶὲτοὺς
2533 5467 2598 5520 τὰ
2625 5464 2773 5536 ὅμοια
2792 5469 2931 5537 αὐτῷ
2954 5475 3253 5543 φρονοῦντας
3269 5469 3298 5531 ἧ
3317 5473 3673 5547 φρονήσαντας,

2104 5536 2327 5605 ἀνάθεμα
2352 5533 2514 5590 ἔστω.

2177 5734 2197 5763 ³
2220 5733 2362 5787 Idem
2393 5734 2537 5798 cod.,
2563 5734 2793 5789 Chris'us
2818 5735 2983 5795 Filius
3011 5738 3121 5794 Dei.

2177 5804 2198 5835 ⁸
2228 5804 2370 5862 Idem
2397 5804 2539 5875 (od.,
2566 5824 2617 5862 se
2641 5808 2868 5862 vinculis.
