3998 6202
249 356 353 413 793

1144 356 1276 412 PRO
1315 355 1748 414 DEFENSIONE
1788 355 2007 413 TRIUM
2052 357 2367 418 CAPITUL.
2410 363 2537 421 LIB.
2581 368 2671 424 XI.

3425 384 3527 439 794

248 489 336 531 ,ιω
386 474 563 538 viros,
607 486 835 542 quorum
890 482 1015 528 sunt
1068 474 1331 528 innumeri
1396 475 1547 542 libri,
1590 475 1682 545 qui
1721 490 1824 529 non
1855 479 1904 534 Α
1932 478 2193 545 creditur,
2223 482 2309 548 qui
2343 496 2446 535 non
2476 485 2731 551 probatur
2758 492 3070 548 correCtioni
3109 498 3369 555 restitisse
3398 500 3525 555 dum

248 572 367 624 sine
389 567 597 637 magnis
631 575 687 621 et
731 566 913 621 multis
945 568 1219 622 erroribus
1244 568 1409 622 semel
1441 568 1721 623 intinctum
1746 583 1837 622 ca-

249 660 447 716 lamum
478 659 765 715 scribendo
788 659 1010 715 fundere
1037 661 1499 730 potueruntilllud
1519 662 1679 716 etiam
1707 675 1837 716 con-

249 750 594 806 siderandum
627 760 730 814 est,
762 752 901 820 quod
934 751 1266 815 Theodorus,
1300 752 1529 807 necdum
1560 752 1838 807 Nestoria-

250 843 335 897 nis
352 840 752 911 apparentibus,
776 843 830 897 in
853 842 988 897 alios
1015 842 1320 907 intendens,
1339 852 1394 898 et
1406 842 1837 914 oppugnantibus

251 933 580 1006 Synusiastis
601 932 806 997 obvius,
832 933 1059 1003 aliquam
1093 935 1109 965 ί
1140 943 1167 970 ⁸
1195 933 1547 990 oil‘ensionem
1591 935 1656 989 ad
1695 937 1838 991 aliud

254 1024 528 1094 pergentis
552 1024 782 1077 transitu
822 1025 1085 1079 sermonis
1108 1026 1356 1081 incurrit.
1391 1028 1480 1081 Isti
1504 1041 1653 1093 vero,
1697 1027 1837 1097 quod

254 1130 359 1170 non
383 1116 652 1170 immerito
682 1116 834 1170 venia
860 1126 1028 1185 caret,
1063 1117 1221 1187 longo
1244 1119 1388 1187 pacis
1436 1118 1561 1173 odio
1589 1119 1759 1174 seduli
1787 1130 1842 1175 et

253 1207 437 1277 quieti,
486 1209 530 1263 si
561 1218 739 1264 tamen
765 1209 951 1278 quieti,
1001 1225 1104 1265 non
1153 1212 1325 1266 solum
1374 1212 1743 1281 multipliciter
1786 1221 1840 1267 et

253 1299 489 1366 graviter
525 1307 867 1365 erraverunt,
891 1300 984 1354 sed
1016 1300 1156 1355 inter
1177 1315 1235 1356 se
1257 1315 1317 1354 ac
1346 1310 1520 1355 tantos
1558 1301 1762 1369 Patres,
1788 1312 1842 1357 et

253 1388 561 1443 universam
590 1404 711 1458 qua:
744 1388 1036 1444 'Tben'doro
1064 1391 1474 1445 communicavit
1522 1392 1837 1463 Ecclesiam,

255 1483 404 1547 ipsos
443 1496 652 1552 quoque
705 1483 1000 1551 aposmlos,
1049 1484 1482 1552 interposuerunt
1532 1487 1836 1545 anathema.

254 1572 408 1639 Quod
439 1572 525 1626 ille
553 1572 605 1625 in
631 1572 821 1641 quibus
846 1572 914 1626 ab
930 1573 1007 1627 eis
1025 1574 1435 1641 reprehenditur
1454 1592 1556 1631 non
1582 1577 1726 1641 fecit,
1748 1581 1841 1650 qui

257 1681 397 1721 nunc
426 1680 522 1732 pro
547 1664 665 1720 solo
692 1664 1001 1734 praejudicio
1023 1665 1211 1736 synodi
1236 1666 1336 1721 sub
1352 1668 1694 1725 anathemate
1714 1685 1845 1725 con-

255 1755 558 1809 demnatur.
592 1753 742 1810 Unde
778 1754 824 1809 si
866 1767 989 1811 ante
1016 1765 1231 1811 centum
1271 1773 1441 1812 annos
1473 1759 1645 1814 audax
1677 1770 1732 1816 et
1760 1776 1845 1815 as-

1943 571 2185 637 viveret;
2220 572 2266 625 si
2315 571 2630 630 Theodorus
2668 581 3075 649 condemnatur,
3120 589 3207 656 qui
3257 593 3529 647 neminem

1939 662 2323 717 condemnavit
2353 663 2407 719 in
2439 667 2692 724 Ecclesia:
2738 686 2865 739 pace
2895 674 3238 743 defunctum;
3273 682 3317 736 si
3348 682 3528 738 Theo-

1945 752 2111 807 dorus
2140 755 2567 829 excluditur,qui
2598 776 2701 815 non
2737 763 3007 820 invenitur
3037 769 3088 821 itt
3119 770 3369 827 Ecclesiae
3395 789 3529 843 prm-

1935 841 2192 910 judicium
2225 847 2504 916 scripsisse
2535 849 2755 919 aliquid,
2796 854 2863 909 de
2893 870 2999 924 quo
3022 857 3135 927 ipsa
3171 841 3526 919 conturbare-

1942 939 2028 984 tur
2060 932 2295 990 Ecclesia
2324 952 2339 992 :
2366 938 2491 1007 qttid
2524 940 2591 994 de
2616 942 2772 996 nobis
2815 945 3012 1013 agitur,
3040 949 3083 1001 si
3117 952 3302 1006 multis
3332 957 3528 1008 tumul-

1942 1031 2110 1079 tuosre
2166 1038 2366 1083 nostra:
2408 1034 2809 1102 praesumptioni
2857 1040 3370 1111 contradicentibus,
3419 1063 3523 1103 non

1940 1117 2248 1185 exemplum
2282 1123 2671 1188 tantummodo,
2713 1140 2899 1181 verum
2944 1129 3105 1184 etiam
3136 1147 3351 1189 causam
3401 1153 3525 1207 pes-

1944 1206 2073 1260 teris
2098 1206 2289 1262 demus
2317 1210 2573 1267 adversus
2595 1228 2690 1268 nos
2708 1216 2828 1270 talia
2855 1224 3211 1286 praesumendi
3234 1224 3255 1275 ἲ
3277 1226 3319 1278 si
3347 1206 3521 1283 tamen

1942 1298 2166 1353 dicenda
2219 1300 2461 1356 videatur
2519 1304 2605 1358 illa
2659 1312 3025 1377 praesumptio,
3075 1324 3125 1366 et
3179 1330 3285 1368 non
3355 1320 3525 1387 magis

1944 1393 2378 1460 praesumptionis
2408 1394 2563 1463 digna
2596 1398 2969 1465 reprehensio.
3012 1404 3093 1457 An
3123 1403 3259 1460 forte
3288 1410 3524 1476 cuipiam

1946 1480 2211 1536 videbitur
2241 1483 2536 1553 indignum,
2582 1495 2638 1541 ut
2677 1491 2763 1558 qtti
2798 1490 2848 1544 in
2903 1491 3168 1549 Theodori
3199 1500 3524 1555 condemna-

1947 1572 2115 1640 tioue,
2143 1584 2217 1629 tot
2241 1587 2456 1632 sanctos
2487 1578 2694 1645 Patres,
2731 1589 2808 1636 tot
2839 1583 3170 1653 innocentes,
3202 1598 3275 1643 tot
3302 1590 3523 1659 placitas

1946 1674 1999 1719 et
2027 1664 2315 1722 familiares
2345 1669 2558 1724 Christo
2602 1687 2878 1738 personas,
2906 1684 3063 1746 atque
3107 1679 3248 1745 ipsos
3297 1686 3522 1740 anathe-

1949 1759 2334 1813 matizaverunt
2374 1765 2665 1830 apostolos,
2705 1781 2771 1819 ne
2803 1774 3005 1822 tantum
3050 1770 3255 1827 facinus
3288 1787 3520 1845 maneat,

256 1859 439 1913 perunt
470 1846 668 1898 sanctis
699 1844 944 1899 Patribus
976 1848 1286 1915 apparebat,
1325 1858 1380 1902 ut
1405 1849 1685 1905 anathema
1732 1851 1833 1905 im-
1863 1846 1909 1905 Β
1940 1853 2110 1919 ipsum
2154 1854 2329 1921 potius
2378 1869 2499 1910 cum
2546 1859 2656 1913 suis
2706 1862 3094 1916 condemnetur
3124 1868 3431 1922 auctoribus
3454 1873 3469 1891 ‘

256 1946 514 2005 ponerent
533 1937 556 1969 ι
578 1936 733 1991 dictis
762 1937 814 1990 in
839 1951 969 2005 pace
993 1938 1248 1993 Ecclesiae
1266 1951 1616 2006 mortuorum,
1636 1954 1835 2013 quanto

251 2041 397 2082 nunc
408 2027 662 2082 audacius
680 2040 758 2081 est
783 2039 943 2099 atque
960 2029 1221 2099 asperius,
1248 2041 1307 2084 ut
1333 2047 1436 2086 non
1455 2036 1627 2087 solum
1647 2049 1831 2090 eorum

247 2117 418 2186 dicta,
458 2120 601 2188 quod
630 2131 839 2174 constat
877 2122 1005 2176 olim
1054 2123 1404 2189 prohibitum,
1446 2126 1538 2181 sed
1592 2144 1833 2195 persona:

248 2226 465 2280 quoque
489 2208 809 2265 damnentur
834 2212 854 2266 i
899 2212 966 2266 Et
990 2212 1010 2243 ³
1042 2213 1230 2270 Patres
1252 2215 1326 2270 illi
1346 2217 1435 2285 qni
1474 2219 1833 2277 condemnare

250 2300 606 2369 prohibebant
636 2300 904 2356 Theodori
929 2312 982 2357 et
1008 2304 1233 2360 aliorum
1263 2307 1834 2375 dieta,consultissitne

246 2390 543 2444 dicebant:
585 2391 713 2458 Quis
756 2393 897 2447 enim
939 2405 1178 2448 noStrum
1210 2406 1391 2465 speret
1431 2415 1536 2453 non
1568 2401 1835 2473 defungi?

248 2488 347 2533 aut
372 2494 399 2530 a
437 2494 542 2547 quo
572 2495 675 2534 non
708 2482 905 2537 dictum
934 2492 1016 2538 est
1042 2486 1264 2554 aliquid,
1298 2490 1439 2558 quod
1476 2492 1639 2547 alium
1666 2497 1835 2564 possit

247 2571 515 2625 movere?
547 2582 799 2628 caventes
829 2575 1033 2644 utique,
1076 2592 1144 2632 ne
1190 2579 1281 2632 tali
1306 2584 1552 2650 exemplo
1596 2586 1831 2652 ipsorum

245 2676 466 2730 quoque
505 2663 662 2717 dictis
694 2676 812 2733 post
855 2675 1081 2722 mortem
1113 2669 1480 2738 imponeretur
1503 2676 1785 2731 anathema
1812 2698 1827 2733 :

245 2763 509 2820 quantum
538 2770 635 2809 nos
665 2766 903 2812 metuere
952 2759 1211 2815 debemus
1250 2766 1552 2831 exemplum
1602 2771 1832 2837 posteris

242 2840 401 2905 dare,
433 2857 539 2912 quo
575 2859 678 2898 non
710 2846 881 2900 solum
924 2849 1064 2902 dicta
1096 2860 1214 2917 post
1243 2861 1471 2907 mortem
1518 2856 1828 2926 dicentium,

243 2931 347 2984 sed
378 2947 631 3001 personas
661 2952 872 3007 quoque
901 2940 1260 2996 condemnent
1281 2943 1303 2995 ἲ
1327 2945 1459 2998 Nam
1499 2949 1543 3001 si
1578 2948 1829 3007 Theodo-

242 3040 343 3077 rus
370 3035 486 3094 post
519 3037 690 3083 tantos
711 3045 823 3085 sua:
865 3032 1221 3089 defunctionis
1266 3052 1436 3094 annos
1480 3040 1829 3102 dctesmndus

327 3146 351 3174 ⁸
383 3137 434 3191 In
468 3154 593 3205 ms.,
625 3142 898 3212 obliquam.

326 3232 510 3309 ξςῖρσί.
548 3235 769 3309 Ve_r0n.,
804 3239 1057 3305 obliquant
1081 3241 1430 3309 o/I‘ensionem.

328 3302 349 3331 '
374 3303 519 3375 Idem
543 3306 642 3362 cod
672 3348 686 3372 ,
718 3302 1080 3375 impone-retur.

330 3375 350 3402 ³
369 3374 508 3429 Idem
532 3377 678 3442 cod.,
705 3377 769 3431 Et
798 3380 842 3432 si
868 3378 1067 3436 Patres.

253 3480 465 3495 Ml.

472 3483 2881 3521 —_________________________

1939 1942 2222 2011 Corrigant
2270 1962 2398 2016 ergo
2443 1949 2603 2004 nimis
2643 1952 2915 2018 profanam
2963 1957 3312 2012 temeritatem
3345 1974 3518 2026 suam,

1939 2046 2050 2101 aut,
2081 2038 2125 2090 si
2154 2037 2285 2091 nihil
2316 2054 2375 2093 se
2404 2049 2586 2109 putant
2630 2043 3003 2110 corrigendum
3044 2045 3253 2109 fecisse,
3289 2048 3408 2103 facti
3436 2066 3522 2103 ra-

1942 2125 2139 2180 tionem
2173 2126 2420 2193 reddant,
2454 2138 2507 2183 et
2538 2144 2641 2183 non
2688 2130 2741 2184 in
2774 2132 3071 2187 alienorum
3100 2138 3521 2203 reprehensione

1939 2218 2229 2283 dictorum,
2254 2219 2345 2273 sed
2374 2221 2547 2288 potius
2576 2221 2630 2275 in
2652 2236 2871 2276 suorum
2894 2224 3205 2281 defensione
3256 2231 3522 2289 subtilita-

1942 2318 2047 2362 tem
2092 2310 2311 2379 ingenii,
2344 2311 2411 2365 de
2454 2326 2556 2380 qua
2588 2315 2815 2367 multum
2866 2315 3181 2385 gloriantur,
3212 2321 3518 2377 ostendant.

1910 2446 1914 2452 .
1940 2400 2050 2455 Hoc
2078 2400 2144 2454 de
2172 2412 2346 2455 vestra
2366 2402 2568 2471 iustitia
2601 2404 2848 2472 petimus,
2881 2417 2936 2460 ut
2972 2407 3017 2459 si
3043 2409 3371 2476 resliondete
3402 2422 3519 2468 ten-

1940 2493 2186 2561 laverint,
2212 2493 2349 2547 ultra
2377 2495 2456 2549 eis
2484 2508 2589 2548 non
2623 2495 2779 2551 liceat
2799 2497 2898 2551 sub
2923 2499 3075 2554 titulo
3097 2503 3259 2555 vestri
3286 2506 3518 2559 nominis

1936 2597 2027 2638 sua
2058 2584 2079 2615 ‘
2104 2596 2158 2639 et
2187 2585 2403 2654 profana
2435 2589 2778 2643 conscribere
2809 2607 2821 2640 :
2857 2592 2981 2660 quia
3034 2593 3158 2648 licet
3202 2595 3517 2651 docentibus

1935 2679 2193 2745 apostolis
2218 2679 2568 2733 didicerimus
2599 2682 2738 2749 quod
2766 2683 2873 2738 Deo
2905 2685 3072 2753 magis
3102 2701 3256 2754 quam
3284 2687 3313 2738 lt
3340 2687 3518 2740 tmini-

1941 2772 2039 2827 bus
2062 2774 2591 2841 oporteat'ohedire,
2617 2786 2873 2845 quantum
2909 2786 3083 2832 tamen
3125 2780 3175 2832 in
3232 2779 3384 2833 nobis
3435 2789 3517 2834 est

1939 2874 2183 2932 optamus
2201 2865 2284 2918 'et
2311 2864 2420 2918 Deo
2442 2866 2662 2921 obedire
2678 2875 2734 2923 et
2752 2868 3074 2933 lmminibus,
3099 2870 3222 2923 dum
3244 2886 3307 2924 ea
3333 2871 3518 2925 volunt

1939 2966 1993 3011 ct
2024 2958 2288 3023 imperant
2341 2957 2586 3012 homines
2625 2975 2744 3027 quae
2783 2961 3049 3014 contraria
3080 2976 3186 3015 non
3234 2963 3344 3017 sint
3386 2962 3518 3018 obe-

1936 3050 2151 3104 dientize
2180 3064 2336 3119 quam
2372 3049 2479 3103 Deo
2507 3049 2786 3105 debemus.

2005 3254 2028 3287 ‘
2061 3256 2202 3311 Idem
2234 3256 2379 3320 cod.,
2414 3273 2542 3310 vana
2569 3266 2615 3311 et
2648 3258 2886 3326 profana.

2008 3328 2029 3357 ⁸
2058 3328 2197 3381 Ideni
2224 3327 2370 3394 cod.,
2406 3331 2567 3398 magis
2594 3340 2845 3397 optumus.

2008 3398 2037 3427 “
2061 3398 2232 3453 Locus
2262 3402 2315 3452 in
2348 3404 2543 3454 mendo
2569 3401 2768 3456 cubare
2796 3401 3027 3456 videtur.

1290 3555 1636 3640 LIBER
1714 3535 2453 3649 UNDECIMUS.

775 3690 1001 3746 CAPUT
1044 3691 1326 3748 PRIMUM.

244 3778 405 3856 Quod
434 3782 580 3856 multi
628 3781 806 3836 Patres
837 3784 1032 3856 antiqui
1061 3782 1250 3836 similia
1296 3786 1513 3840 dixerint
1545 3791 1605 3843 iis
1637 3808 1750 3856 qum
1778 3795 1831 3847 in

326 3848 1090 3929 'IZIteoderoreprehenduntur,
1141 3866 1291 3923 atque
1337 3859 1585 3929 imprimis
1641 3848 1833 3917 Eusta-

324 3918 465 3976 thius
492 3918 860 3978 Antiocltenus.

319 4014 481 4071 Multa
514 4027 638 4071 sunt
664 4018 911 4087 equidem
941 4019 1081 4073 dicta
1114 4020 1303 4087 quibus
1333 4023 1628 4079 calumnias
1661 4026 1826 4096 Euty-

239 4111 567 4165 chianorum
597 4126 838 4181 magnam
864 4112 1128 4182 synodum
1153 4112 1643 4170 Chalcedonensem
1662 4118 1826 4173 etiam

238 4205 311 4259 de
332 4203 608 4258 Theodori
639 4217 795 4259 causa
820 4205 1213 4259 criminantium
1253 4221 1316 4260 ex
1341 4206 1486 4260 omni
1517 4207 1832 4264 discidimus

238 4304 422 4366 parte.
442 4294 578 4363 Quid
601 4296 743 4350 enim
767 4296 872 4365 jam
900 4306 1145 4366 superest
1172 4298 1312 4352 unde
1353 4299 1560 4354 causari
1606 4303 1830 4369 possint,

235 4387 462 4457 quando
487 4402 593 4440 non
618 4389 791 4442 solum
816 4403 877 4443 ea
908 4389 1253 4445 concidentes
1274 4391 1288 4421 ¹
1312 4407 1431 4460 quae
1457 4392 1678 4449 ﬁnxisse
1710 4395 1832 4449 illos

236 4490 605 4538 monstratum
629 4492 738 4547 est,
768 4498 950 4538 verum
984 4485 1146 4538 etiam
1172 4483 1398 4552 plurima
1425 4502 1544 4553 quae
1574 4502 1673 4543 nec
1701 4503 1831 4543 con-
1861 4521 1912 4580 Β

236 4574 369 4629 ficta
399 4582 752 4636 sunt,nostra
774 4583 964 4642 sponte
1009 4584 1064 4628 ttt
1107 4575 1188 4629 eis
1231 4576 1575 4632 illttderemus
1617 4578 1827 4645 dantes,

233 4668 318 4721 sic
347 4681 565 4734 quoque
616 4665 895 4719 docuimus
949 4666 1188 4720 eamdem
1234 4668 1495 4737 synodum
1547 4670 1745 4724 invicta
1780 4680 1834 4724 et

231 4756 481 4812 evidenti
535 4754 743 4810 ratione
791 4754 1061 4809 defendi?
1108 4756 1380 4823 Attamen,
1414 4757 1535 4824 quia
1572 4758 1832 4814 voluimus

230 4851 321 4905 eis
355 4847 591 4917 amplius
613 4863 769 4918 quam
814 4849 863 4901 in
898 4849 1267 4915 superiorihm
1310 4849 1534 4904 fecimus
1578 4866 1829 4920 compro-

228 4944 397 5002 bare,
446 4938 716 5008 quomodo
757 4938 1043 4992 multorum
1091 4938 1304 4992 Patrum
1350 4941 1647 4995 doctrinam
1695 4956 1827 5011 quos

226 5044 293 5089 et
325 5030 435 5099 ipsi
461 5030 734 5084 nobiscum
770 5029 1038 5085 honorare
1068 5046 1127 5084 se
1170 5031 1384 5092 dicunt,
1417 5033 1469 5085 in
1499 5032 1827 5087 condemna—

230 5126 396 5179 tione
429 5120 738 5192 dogmatum
771 5121 1038 5175 Theodori
1070 5123 1457 5185 criminentur;
1486 5134 1536 5176 et
1567 5124 1687 5192 quia
1723 5140 1826 5179 non

229 5228 351 5270 tant
386 5228 483 5283 pro
500 5224 793 5268 memorata
822 5215 1050 5285 synodo,
1073 5231 1193 5285 qua:
1217 5214 1327 5284 jam
1352 5216 1484 5269 satis
1514 5216 1828 5285 abundeque

226 5314 471 5377 purgata
498 5316 603 5369 eSt,
636 5321 793 5374 quam
825 5321 919 5374 pro
944 5306 1143 5360 eisdem
1170 5306 1415 5360 Patribus
1459 5306 1825 5374 deccrtamus;

224 5398 538 5452 statuimus
564 5396 615 5449 in
648 5396 748 5449 hoc
779 5396 1049 5450 volutnittc
1076 5411 1385 5465 magnorum
1425 5397 1660 5450 virorum
1684 5395 1825 5451 dicta

225 5488 493 5560 proferre
513 5487 706 5542 similia
731 5528 745 5552 ,
792 5488 853 5541 ad
887 5488 1259 5542 excusandum
1287 5487 1585 5541 difﬁciliora
1618 5487 1696 5541 his
1731 5502 1827 5554 pro

222 5578 442 5651 quibus
463 5592 581 5631 eum
608 5589 812 5645 putavet
829 5587 943 5641 unt,
963 5588 1211 5647 tanquam
1239 5578 1548 5645 magistrum
1571 5576 1819 5641 Nestorii,

227 5667 595 5726 anathemate
636 5669 1031 5738 percellendum
1063 5686 1074 5721 :
1106 5678 1163 5722 ut
1194 5670 1245 5723 in
1280 5668 1524 5738 plurimis
1563 5669 1827 5739 exemplis

314 5792 343 5820 ι
376 5782 547 5854 Tento
580 5782 616 5834 ν
649 5800 868 5852 operum
899 5783 1105 5854 Cyrilli,
1152 5794 1285 5853 part.
1318 5800 1375 5853 tt,
1408 5799 1526 5854 pag.
1566 5783 1683 5839 195.

371 5852 506 5909 Cod.
540 5854 758 5924 \'etou.,
790 5852 1131 5911 concedentes.

1573 3674 2200 3715 ﬁ“

1942 3730 2153 3785 videant
2206 3733 2349 3801 quod
2397 3735 2824 3802 sapientissimus
2873 3734 3109 3789 Joannes
3148 3738 3515 3792 Antiochenns

1938 3833 2057 3874 cum
2087 3822 2329 3876 orientali
2353 3826 2579 3878 concilio
2610 3825 2850 3879 scribens
2885 3827 3040 3881 beate
3071 3829 3269 3897 Cyrillo
3306 3829 3370 3884 de
3400 3832 3515 3899 qui-

1937 3911 2159 3964 busdam
2184 3913 2434 3981 capitulis
2477 3915 2764 3982 supradicti
2792 3917 3060 3970 Theodori
3089 3918 3219 3971 dixit
3248 3928 3273 3955 τι
3310 3936 3322 3972 :
3362 3939 3379 3970 ι
3412 3921 3516 3975 Sed

1935 4001 2043 4055 illis
2072 4018 2190 4071 quae
2225 4014 2477 4071 putantur
2518 4005 2765 4067 obscura,
2800 4007 2992 4059 similia
3023 4010 3186 4061 multa
3212 4021 3259 4063 et
3295 4026 3322 4062 a
3356 4012 3516 4078 pluri-

1937 4095 2040 4147 mis
2070 4096 2432 4150 anteriorihus
2460 4097 2597 4166 ejus,
2632 4108 2683 4152 et
2706 4099 2953 4166 gloriosis
2983 4102 3229 4156 Patribus
3258 4105 3397 4158 dicta
3433 4107 3516 4158 in.

1937 4185 2213 4251 venimus;
2249 4195 2303 4240 et
2350 4188 2646 4254 perieulum
2694 4189 2965 4256 impendet
3000 4208 3101 4245 non
3134 4192 3268 4257 leve,
3305 4212 3370 4249 ne
3404 4193 3516 4250 istis

1936 4278 2097 4332 etiam
2129 4279 2243 4333 illo~
2274 4282 2570 4345 Solvamus,
2605 4282 2719 4347 ejus
2745 4283 2845 4335 viri
2874 4278 3403 4359 reprobantesdicta,
3429 4287 3515 4355 qui

1940 4369 1991 4422 in
2024 4370 2332 4439 episcopatu
2356 4372 2645 4427 defuncms
2678 4373 2719 4438 ',
2752 4375 3012 4441 agonibus
3044 4382 3219 4428 autem
3264 4375 3516 4429 adversus

1937 4464 2164 4519 Arianes
2216 4476 2269 4520 et
2325 4468 2683 4519 Ennomianos
2727 4476 2780 4520 et
2819 4467 2949 4521 alios
2998 4469 3279 4521 liceretiens
3332 4469 3513 4522 decem

1940 4558 2178 4611 millibus
2222 4573 2313 4624 per
2356 4574 2572 4612 Omnem
2614 4573 2764 4612 suam
2797 4560 2957 4612 vitam
2995 4558 3186 4629 ubique
3236 4560 3515 4613 decoratus

1943 4659 2068 4725 est\:
2096 4649 2235 4718 quztd
2275 4650 2317 4702 si
2351 4651 2459 4715 liat,
2491 4650 2649 4703 multa
2685 4650 2843 4704 etiam
2874 4649 2941 4703 ab
2972 4650 3088 4702 aliis
3118 4653 3315 4704 sanctis
3343 4648 3515 4703 Patri-

1941 4740 2040 4795 bus
2066 4751 2188 4812 apte
2219 4740 2355 4794 dicta
2392 4741 2731 4795 retractaturi
2757 4741 2985 4794 sumus”.
3012 4761 3033 4789 ν
3065 4741 3127 4794 Et
3150 4750 3268 4811 post
3290 4739 3463 4810 aliqna
3493 4757 3505 4793 :

1949 4835 2114 4902 rQuis
2137 4835 2299 4901 enim,
2321 4836 2513 4905 inquit,
2537 4847 2776 4890 nostrum
2805 4845 2983 4905 speret
3012 4850 3115 4889 non
3149 4834 3400 4903 defungi?
3422 4843 3513 4886 aut

1939 4945 1968 4982 a
2006 4944 2112 4999 quo
2160 4944 2264 4983 non
2319 4928 2518 4983 dictum
2569 4938 2650 4982 est
2689 4929 2910 4997 aliquid,
2960 4927 3100 4997 quod
3152 4929 3310 4977 alium
3346 4925 3514 4991 possit

1937 5021 2186 5075 movere?
2224 5038 2241 5071 ι
2282 5019 2643 5074 Etsnii'eeerat
2662 5019 2873 5087 quidem
2906 5018 3020 5071 It;er
3046 5015 3352 5082 protestatio
3379 5014 3513 5070 tanti

1936 5111 2144 5167 concilii
2175 5111 2239 5165 ad
2272 5111 2711 5181 compescendam
2760 5109 3163 5163 temerat-iorem
3208 5104 3506 5170 audaciam,

1936 5206 2075 5275 quod
2112 5204 2271 5259 multa
2302 5204 2495 5259 similia
2528 5203 2793 5272 Capitulis,
2819 5215 2938 5270 quzc
2985 5200 3035 5252 itt
3080 5198 3363 5252 Theodoro
3397 5200 3510 5253 rnl«

1936 5308 2061 5368 pant
2083 5300 2169 5367 qui
2189 5298 2524 5352 occasionem
2552 5296 2812 5350 faciebant
2834 5294 3101 5347 contrario
3121 5294 3353 5362 dogmati
3403 5308 3510 5359 quo

1938 5389 2274 5451 tenebantur,
2299 5389 2457 5441 etiam
2488 5402 2515 5439 a
2542 5385 2781 5454 plurimis
2804 5383 3156 5438 anteriorihus
3183 5393 3236 5437 et
3257 5382 3504 5452 gloriosis

1932 5481 2175 5535 Patribus
2218 5479 2357 5533 dicta
2389 5479 2676 5532 invenient.
2703 5476 2808 5532 Sed
2836 5475 3081 5544 quoniam
3116 5475 3272 5530 modo
3301 5480 3346 5527 ei
3401 5490 3506 5526 non

1931 5572 2186 5639 creditur,
2227 5571 2312 5623 cui
2347 5571 2603 5623 hactenus
2651 5570 2786 5623 bene
2832 5569 3092 5647 creditum
3130 5567 3248 5629 fuit,
3280 5574 3333 5619 ct
3372 5564 3507 5618 ratio

1934 5664 2051 5734 ejus
2068 5677 2195 5716 sana
2227 5662 2590 5715 contemnitur
2611 5675 2714 5729 qua
2744 5675 2932 5715 rursus
2949 5661 3021 5713 ait
3048 5678 3060 5713 :
3091 5662 3194 5714 Aut
3219 5674 3249 5712 a
3273 5672 3377 5727 quo
3401 5672 3505 5710 non

2009 5785 2029 5813 '
2065 5778 2203 5832 Idem
2235 5776 2378 5842 cod.,
2414 5777 2619 5839 quidem
2648 5779 2931 5848 defunctus.

2005 5853 2023 5882 ³
2049 5851 2193 5906 Idem
2207 5848 2325 5906 cod.
2336 5889 2350 5918 ,
2370 5850 2686 5905 t'etraclatnri
2700 5845 2873 5906 sumtu
2893 5860 2936 5906 et
2954 5845 3356 5919 rcpt'olvaturida't
3369 5853 3501 5915 post.
