3998 6194
462 327 567 382 79‘3

1506 326 1826 415 mensor
1857 324 2072 383 mss.
2105 324 2616 383 nenmmsusrs
2870 317 2878 325 '
3619 328 3715 379 τηε

457 442 655 496 dictum
682 440 1005 510 estaliquid,
1030 438 1173 509 quod
1200 438 1821 508 alium‘possitmoverc,
1846 453 2031 496 neces—
2060 436 2111 499 A
2134 435 2390 501 stacltius,
2434 435 2680 495 homines
2720 428 2939 492 Christo
2977 435 3179 492 similes
3208 451 3328 494 esse
3365 453 3581 512 genere,
3620 440 3713 491 hu-

459 537 615 591 sitato
631 535 1078 605 compellimurex
1105 535 1309 593 eisdem
1321 535 1509 593 multis
1532 536 1793 593 similibus
1816 535 2043 591 Patrum.

458 626 620 683 dictis
642 625 825 695 aliqua
863 628 1122 695 proferre,
1151 637 1203 682 et
1244 627 1294 681 in
1314 642 1425 697 quo
1451 642 1668 683 movere
1706 629 1912 696 possint
1948 641 2035 683 es»

458 718 702 786 tendere,
723 725 783 775 ut
810 717 1125 787 Eutychiaai
1164 733 1463 789 eorumque
1485 718 1749 777 satellites
1783 720 2037 776 dissimuw

460 813 577 866 lare
605 809 969 879 nonpossint,
992 809 1133 878 quod
1160 809 1213 865 is
1240 809 1692 867 condemnatione
1724 810 2034 882 dogmtum

460 900 733 959 Theodori.
758 901 1062 958 meoessario
1088 902 1249 957 etiam
1283 900 1517 969 ipsorum
1539 901 1757 957 Patrum
1790 902 2035 957 doctrina

459 993 515 1047 in
535 1007 637 1062 qua
659 991 1004 1049 inveniuntur
1023 991 1238 1057 similia,
1264 993 1673 1051 condemnetur.
1687 993 1823 1049 Nam
1847 998 2034 1052 beatus

461 1084 785 1143 Eustachius
828 1083 1189 1139 Antiochenus
1231 1083 1517 1153 episcopus
1537 1094 1586 1149 ι,
1609 1084 1699 1153 qui
1751 1088 1955 1152 primus
1979 1088 2033 1142 in

458 1176 679 1231 Nicmno
715 1173 941 1229 concilio
970 1172 1085 1237 fuit,
1130 1179 1286 1229 sexto
1310 1172 1569 1229 adversus
1611 1175 1839 1229 Arianos
1871 1174 2030 1243 libro,

460 1268 530 1324 de
547 1282 614 1323 eo
629 1266 771 1335 quod
786 1266 862 1321 ait
884 1265 1166 1325 Dominus:
1191 1264 1355 1320 Nemo
1376 1266 1471 1319 scit
1496 1265 1633 1320 diem
1651 1265 1797 1321 illum
1816 1266 2028 1336 (Matth.

458 1374 605 1427 xxtv,
633 1357 725 1427 '56)
755 1373 773 1413 :
808 1375 828 1407 ι
868 1356 1139 1425 Dicamus,
1169 1357 1357 1426 inquit,
1396 1357 1548 1426 cujus
1570 1358 1645 1413 rei
1668 1359 1833 1426 gratia
1864 1356 2032 1414 Filius

461 1449 701 1505 hominis
726 1449 864 1506 diem
896 1449 1098 1518 proprii
1139 1449 1403 1506 adventus.
1428 1451 1652 1519 ignorat.
1684 1450 1869 1519 Neque
1889 1451 2036 1505 enim

455 1542 674 1597 dubium
699 1550 798 1608 est,
822 1541 942 1610 quia
968 1552 1022 1597 et
1040 1540 1138 1597 hoc
1160 1556 1323 1597 causa
1346 1541 1589 1597 utilitatis
1607 1541 1887 1600 hominum
1903 1557 2029 1612 pro-

456 1635 641 1692 videns
668 1634 942 1689 sdinvenit
979 1635 1221 1693 omnium
1263 1644 1474 1691 creator
1499 1643 1555 1691 et
1593 1636 1808 1705 generis
1850 1634 2033 1704 opifex

457 1728 614 1783 Deus.
646 1726 793 1782 Sicut
843 1728 989 1782 enim
1034 1727 1305 1782 hominem
1353 1742 1514 1782 causa
1543 1727 1730 1782 salutis
1756 1726 2035 1782 hominum

2140 526 2375 596 tychi-tni
2416 526 2607 583 leviter
2648 529 2702 582 in
2746 527 3028 584 Theodoro
3058 529 3430 597 praeterirent;
3471 530 3564 584 sed
3599 544 3713 598 pl’O'

2136 618 2285 675 fecto
2306 619 2783 687 calumniarentur,
2834 620 2975 690 quod
3015 619 3291 677 hominem
3348 630 3581 689 tantum,
3611 638 3715 677 non

2136 709 2301 767 etiam
2343 709 2511 769 Deum
2550 711 2839 773 crediderit
2892 710 3199 779 Christum,
3253 696 3341 768 cui
3390 728 3589 784 genere
3640 715 3711 769 si-

2136 800 2296 861 miles
2338 816 2532 857 omnes
2556 800 2800 864 homines
2848 801 3213 875 prmdicassct.
3256 803 3495 875 itemque
3538 806 3594 859 in
3625 819 3711 867 co-

2136 892 2262 953 dem
2306 892 2484 948 libro:
2539 912 2557 945 ι
2598 893 2732 947 Dum
2782 894 2989 961 sederit,
3046 894 3143 959 ait,
3191 892 3358 957 Filius
3388 895 3612 953 hominis
3660 898 3713 950 in

2134 985 2249 1040 sede
2279 984 2685 1051 maiestatisque
2713 984 2924 1057 (Matth.
2958 1002 3069 1052 xix,
3091 984 3209 1057 28),
3234 988 3337 1042 alia
3375 988 3591 1057 quidem
3636 989 3714 1044 vi-

2136 1073 2293 1137 detur
2321 1075 2466 1146 loqui
2498 1091 2748 1147 persona,
2774 1076 2842 1131 de
2869 1076 3033 1132 altera
3060 1084 3238 1134 autem
3277 1076 3403 1133 facit
3430 1080 3712 1141 manifest.

2134 1179 2460 1225 sermonem.
2491 1166 2629 1238 Ergo
2651 1168 2860 1227 divinus
2879 1166 3108 1236 Spiritus
3126 1168 3193 1223 de
3220 1168 3437 1227 homine
3467 1172 3611 1225 clare
3631 1172 3709 1227 di-

2135 1276 2265 1325 oens
2286 1273 2508 1334 apparet
2539 1282 2552 1317 :
2587 1263 2719 1319 Dum
2739 1266 2924 1319 sederit
2956 1264 3121 1319 Filius
3148 1266 3363 1327 hominis
3388 1268 3440 1321 in
3462 1270 3579 1323 sede
3598 1286 3710 1323 ma-

2126 1355 2332 1424 jestatis
2383 1370 2536 1422 suis,
2578 1356 2695 1413 sine
2745 1358 3168 1417 contradictione
3220 1358 3537 1421 denuntians
3584 1362 3711 1431 quia

2133 1447 2567 1513 supervenientes
2596 1450 2796 1518 glorias
2826 1450 2986 1507 homo
3011 1453 3245 1520 suscepit
3277 1452 3483 1521 justitia
3519 1464 3575 1511 et
3600 1456 3708 1509 vir-

2136 1547 2248 1595 tute
2274 1545 2517 1603 ornatus,
2557 1547 2613 1594 et
2638 1540 2915 1597 excelsum
2945 1541 3092 1608 regni
3145 1541 3338 1599 solium
3388 1544 3490 1606 rite
3538 1543 3709 1612 perci-

2133 1632 2306 1702 piens.
2336 1650 2355 1684 ›
2388 1631 2527 1699 Quid
2555 1632 2713 1691 etiam
2765 1631 2851 1687 hic
2897 1631 3158 1689 dicimus?
3199 1632 3436 1702 nunquid
3464 1633 3709 1689 Theodo-

2133 1739 2225 1781 rus
2266 1724 2458 1781 alicubi
2500 1724 2662 1783 verba
2701 1721 2898 1785 Christi
2926 1725 2993 1779 de
3034 1727 3318 1794 semetipso
3346 1726 3608 1795 loquentis
3630 1727 3707 1781 sic

456 1817 634 1873 Verbo
662 1818 933 1888 coaptavit
956 1829 1010 1873 et
1028 1816 1135 1873 Deo
1163 1835 1177 1871 :
1204 1819 1284 1873 sic
1311 1828 1364 1873 et
1386 1818 1646 1889 insignem
1672 1817 1857 1885 iudicii
1884 1818 2027 1873 diem
2064 1811 2111 1871 Β
2134 1816 2399 1880 tractavit,
2439 1824 2496 1875 ut
2546 1815 2750 1877 diceret
2776 1817 2935 1879 aliam
2964 1817 3032 1871 de
3079 1817 3185 1877 alia
3212 1818 3355 1888 loqui
3401 1832 3707 1889 personant,

455 1924 614 1965 causa
637 1908 805 1967 divini
830 1909 1075 1966 beneﬁcii
1098 1910 1301 1965 homini
1326 1917 1695 1979 competenter
1715 1908 2021 1975 abscondit;

455 2017 523 2057 ne
552 2001 691 2057 forte
712 2000 998 2059 ineﬂ‘ahilia
1038 2004 1291 2073 mysteria
1321 2000 1515 2057 similis
1538 2001 1751 2071 generis
1798 1999 2028 2059 homini-

459 2093 561 2149 bus
588 2092 750 2148 homo
776 2093 1036 2159 indicans,
1062 2102 1118 2149 et
1138 2094 1279 2148 diem
1318 2094 1535 2149 secundi
1565 2093 1824 2149 adventus
1844 2102 2025 2149 esten.

454 2186 625 2240 deret.
663 2203 682 2237 ι
709 2184 846 2252 Quid
874 2186 997 2251 tale,
1042 2199 1246 2254 quaeso,
1275 2185 1328 2240 in
1358 2185 1513 2241 dictis
1544 2184 1813 2241 Theodori
1839 2196 2024 2241 contra

450 2276 715 2347 synodum
729 2276 1221 2333 Chalcedonensem
1250 2275 1568 2345 Eutychiani
1594 2278 1851 2337 hactenus
1873 2277 2024 2332 inve-

448 2376 661 2435 nerunt,
695 2376 789 2422 aut
814 2382 874 2422 se
894 2367 1133 2421 invenire
1155 2366 1427 2422 finxerunt
1457 2368 1480 2420 2
1507 2365 1575 2422 Bt
1602 2367 1746 2422 enim
1778 2368 2023 2423 omittam

452 2458 595 2528 quod
616 2457 705 2512 hie
731 2458 828 2524 ait,
855 2456 1025 2513 Filius
1068 2456 1298 2512 hominis
1347 2457 1490 2513 diem
1517 2457 1720 2526 proprii
1768 2458 2025 2513 adventus

448 2550 674 2620 ignorat,
708 2562 809 2602 nec
859 2547 1050 2603 saltem
1092 2548 1250 2613 dixit,
1278 2547 1564 2617 ignoravit,
1589 2555 1653 2604 ut
1693 2557 1817 2603 ante
1846 2563 2027 2605 resur-

445 2643 735 2696 rectionem
779 2649 1009 2706 tantum,
1051 2655 1161 2697 non
1194 2642 1357 2697 etiam
1390 2649 1509 2710 post
1552 2641 2023 2706 resurrectionem,

443 2733 777 2801 ignorantem
804 2747 929 2787 eum
954 2731 1155 2787 dixisse
1185 2730 1481 2798 videretur,
1514 2731 1731 2802 quando
1758 2747 1931 2800 neque
1969 2732 2023 2787 in

444 2826 562 2894 ejus
588 2822 833 2879 fidelibus
860 2823 968 2880 ulla
993 2823 1256 2892 ignoratio
1281 2823 1602 2881 remanebit.
1636 2822 1706 2883 Ut
1739 2836 1872 2892 ergo
1899 2822 2022 2889 hoc,

442 2920 578 2973 sicut
619 2917 749 2984 dixi,
816 2925 1156 2987 praeteream,
1201 2917 1451 2987 quoniam
1499 2916 1653 2973 facile
1692 2916 1798 2974 dici
1849 2924 2026 2985 potest

442 3007 734 3062 secundum
768 3006 896 3061 illud
948 3016 1156 3075 tempus
1216 3006 1359 3077 quod
1397 3016 1525 3063 ante
1569 3007 2022 3067 resurrectionem

443 3099 688 3156 Christus
712 3100 797 3155 hic
824 3101 954 3171 egit,
979 3101 1188 3156 locutus
1216 3100 1404 3155 beatus
1435 3099 1775 3154 Eustachius.
1804 3099 1872 3155 Ut
1894 3100 2021 3155 illud

2129 1908 2577 1975 quemadmodum
2631 1908 2817 1965 beatus
2872 1906 3233 1975 Eustachius,
3285 1923 3406 1965 cum
3457 1916 3711 1966 tractaret

2127 1998 2245 2066 ejus
2274 1997 2436 2053 verba
2465 1997 2692 2054 dicentis
2724 2014 2738 2051 :
2770 1998 2909 2052 Dum
2936 1998 3124 2053 sederit
3173 1996 3342 2054 Filius
3363 2053 3368 2057 ,
3389 1997 3613 2059 hominis
3655 2002 3711 2055 is:

2126 2090 2246 2145 avde
2280 2091 2563 2159 majestatis
2594 2106 2718 2145 suis.
2761 2089 2948 2145 Nonne
2977 2090 3048 2146 de
3088 2090 3337 2145 omnibus
3371 2106 3468 2160 pro
3514 2091 3711 2161 quibus

2128 2179 2467 2236 Theodorum
2487 2180 2725 2249 culpant,
2748 2179 2805 2234 id
2819 2188 3086 2235 conantur
3105 2179 3397 2248 suSpiciose
3415 2181 3494 2239 vel
3512 2181 3708 2236 calum-

2128 2277 2279 2333 niose
2302 2276 2577 2347 colligere,
2608 2277 2747 2346 quod
2777 2277 2833 2332 in
2859 2274 3073 2335 Christo
3094 2275 3319 2330 alterum
3345 2277 3458 2342 Dei,
3482 2277 3707 2335 alteram

2130 2370 2361 2429 hominis
2384 2369 2605 2438 intelligi
2627 2384 2911 2439 personam
2928 2368 3193 2424 voluerit?
3214 2370 3353 2438 quod
3377 2370 3465 2429 ille
3489 2369 3707 2438 quidem

2125 2462 2693 2532 graviterexsecratur;
2707 2472 2762 2517 at
2778 2461 3096 2519 Eustachius
3109 2472 3291 2530 aperte
3303 2462 3507 2527 dicit,iu
3523 2462 3707 2518 verbis

2128 2552 2491 2613 uniusChristi
2508 2553 2577 2608 de
2587 2555 2878 2622 semetipso
2899 2553 3184 2623 loquentis,
3199 2555 3340 2624 quod
3358 2554 3459 2609 alia
3476 2568 3706 2622 persona

2125 2644 2369 2703 dealtera
2384 2644 2665 2703 manifeste
2690 2660 2992 2701 sermonem
3008 2644 3184 2710 faciat,
3204 2653 3258 2699 et
3271 2645 3453 2700 nonde
3472 2645 3709 2711 Deo,sed

2125 2734 2194 2795 de
2212 2734 2431 2793 homine
2459 2736 2604 2793 clare
2630 2735 2815 2792 dicens
2843 2744 3137 2805 appareat:
3169 2734 3305 2790 Dum
3323 2735 3505 2790 sedarit
3532 2732 3707 2790 Filius

2124 2825 2343 2885 [laminis
2364 2827 2419 2881 in
2446 2827 2563 2881 sedc
2591 2826 2868 2897 majestatis
2888 2841 3016 2881 sua.
3049 2825 3246 2881 Verum
3288 2840 3384 2879 nec
3409 2822 3542 2879 illud
3563 2823 3710 2893 quod

2125 2919 2221 2983 ait,
2254 2918 2701 2988 Supervenientes
2728 2918 2924 2988 glorias
2946 2918 3107 2972 homo
3144 2917 3377 2987 suscepit
3405 2916 3613 2985 iustitia
3652 2926 3713 2971 et

2127 3012 2324 3067 virtute
2338 3019 2579 3077 ornatus,
2599 3008 2906 3082 Eutychiani
2936 3008 2988 3063 in
3004 3008 3284 3065 Theodoro
3302 3008 3441 3064 ferre
3464 3016 3708 3077 possent,

2125 3100 2219 3157 8rd
2246 3111 2559 3157 accusarent
2582 3116 2704 3157 eum
2732 3101 2849 3157 sine
2875 3100 3059 3168 dubio,
3087 3101 3234 3172 quasi
3265 3102 3529 3158 dicentem
3562 3103 3711 3173 quod

440 3206 652 3264 quoque
677 3192 991 3262 relinquam,
1016 3190 1159 3263 quod
1204 3193 1298 3258 ait,
1330 3190 1609 3247 Hominem
1640 3204 1803 3245 causa
1834 3191 2022 3249 salutis
2049 3190 2095 3252 C
2127 3192 2367 3249 Christus
2392 3193 2552 3249 homo
2592 3200 2793 3248 tantum
2846 3191 3039 3259 fuerit,
3068 3207 3171 3247 non
3217 3193 3376 3251 etiam
3424 3192 3593 3256 Deus,
3623 3194 3711 3248 cui

444 3284 716 3337 hominum
745 3283 921 3337 Verbo
947 3290 1220 3353 cooptavit
1262 3293 1315 3339 et
1343 3282 1475 3349 Deo,
1503 3282 1645 3352 quod
1701 3282 2022 3352 Eutychiani

445 3375 629 3442 procul
656 3375 822 3429 dubio
853 3375 907 3427 in
958 3374 1265 3440 'l‘heodoro,
1307 3374 1355 3429 si
1405 3376 1519 3444 ipse
1558 3373 1661 3428 hoc
1690 3373 1913 3439 diceret,
1935 3388 2022 3428 ac-

442 3472 712 3531 cusarent,
745 3472 993 3533 tanquam
1026 3463 1170 3531 prius
1210 3463 1475 3519 exstiterit
1502 3462 1685 3526 homo,
1724 3463 1812 3532 qui
1846 3461 2025 3518 Verbo

442 3565 781 3625 coaptaretur
809 3565 863 3612 et
896 3557 1007 3611 Deo
1039 3574 1054 3611 :
1080 3556 1205 3611 illud
1234 3566 1379 3612 certe
1408 3555 1549 3626 quod
1592 3556 1684 3621 ait,
1733 3555 2023 3625 Propterea

443 3648 655 3703 Christo
700 3647 842 3703 diem
884 3648 1069 3720 judicii
1111 3658 1481 3718 competenter
1520 3648 1913 3714 absconditum,
1956 3664 2025 3703 ne

441 3741 639 3796 similis
666 3741 877 3811 generis
904 3740 1211 3795 hominibus
1236 3741 1395 3796 homo
1420 3740 1560 3796 diem
1582 3740 1800 3794 secundi
1825 3740 2024 3794 adven-

443 3846 527 3891 tus
573 3835 902 3897 ostenderet,
937 3835 1207 3891 nescimus
1252 3834 1509 3888 hactenus
1556 3833 1919 3905 Eutychianos
1969 3833 2023 3895 in

441 3926 725 3981 Theodoro
769 3926 1112 3991 criminatos,
1167 3925 1261 3980 sed
1304 3939 1402 3979 nec
1455 3922 1657 3993 aliquid
1706 3924 1832 3988 tale,
1878 3923 2022 3992 quod

442 4019 571 4073 huic
595 4019 879 4075 sententiae
904 4026 1265 4087 comparetur.
1297 4017 1427 4070 Nam
1452 4031 1570 4070 cum
1605 4014 1890 4085 Apostolus
1938 4030 2024 4069 ra-

441 4103 563 4178 ptus
598 4110 650 4162 in
678 4108 976 4176 paradisum
1004 4105 1211 4162 audiret
1236 4119 1429 4159 arcana
1453 4104 1612 4158 verba
1640 4119 1757 4174 quae
1779 4118 1882 4158 non
1901 4103 2024 4159 licet

447 4198 652 4253 homini
676 4197 847 4268 loqui,
878 4211 977 4251 nec
1014 4195 1259 4265 cuiquam
1294 4194 1607 4263 prodiderit,
1632 4193 1724 4248 sed
1751 4193 1911 4247 divini
1935 4209 2024 4249 se-

439 4289 573 4344 creti
623 4298 806 4344 custos
839 4288 1011 4344 ﬁdelis
1066 4288 1313 4345 inventus
1351 4293 1453 4351 est,
1504 4291 1772 4356 quomodo
1828 4283 2024 4339 dicitur

441 4380 578 4450 quod
600 4379 740 4435 Deus
756 4379 990 4445 Christo,
1008 4394 1112 4434 non
1135 4378 1305 4433 dicam
1325 4387 1382 4432 ut
1400 4377 1508 4431 Deo
1529 4377 1670 4447 quod
1684 4385 1784 4442 est,
1799 4376 1893 4429 sed
1909 4388 2023 4430 tan-

442 4483 554 4526 tum
597 4481 658 4526 ut
706 4472 928 4537 homini,
970 4471 1058 4541 qui
1118 4478 1294 4523 tamen
1324 4468 1544 4523 inferior
1584 4466 1750 4523 Paulo
1790 4483 1895 4521 non
1935 4482 2020 4523 es-

2126 3285 2292 3356 gloria
2321 3284 2609 3341 accesserit
2635 3298 2792 3354 quam
2825 3291 2948 3339 ante
2986 3297 3092 3339 non
3117 3282 3380 3348 habuerit,
3406 3296 3461 3338 et
3481 3283 3715 3351 justitiae

2129 3379 2443 3446 virtutisque
2465 3376 2703 3446 profectu
2730 3390 2850 3430 eam
2874 3374 3034 3430 fuerit
3064 3382 3403 3434 consecutus,
3431 3375 3482 3428 in
3512 3375 3527 3405 ³
3561 3383 3715 3428 tanto

2126 3472 2316 3528 merito
2337 3471 2495 3526 etiam
2524 3468 2670 3543 regni
2693 3468 2886 3522 solium
2919 3467 3016 3520 rite
3043 3466 3360 3535 perceperit.
3384 3465 3591 3519 Rursus
3613 3481 3718 3520 au-

2127 3575 2232 3621 tem
2255 3565 2443 3619 eodem
2490 3562 2624 3617 libro
2657 3560 2725 3616 de
2771 3560 2948 3614 verbis
2973 3558 3169 3613 Christi
3222 3558 3499 3627 disputans
3530 3559 3669 3613 dicit
3700 3575 3716 3612 :

2131 3676 2150 3709 t
2182 3656 2367 3710 Omnia
2390 3653 2514 3707 mihi
2534 3654 2723 3706 tradita
2742 3661 2856 3707 sunt
2877 3668 2907 3703 α
2931 3650 3087 3704 Patre
3109 3666 3216 3703 meo
3244 3650 3459 3723 (Matth.
3488 3666 3569 3713 ιι,
3590 3652 3717 3717 27),

2124 3746 2405 3803 manifeste
2431 3760 2495 3799 ex
2527 3758 2753 3814 persona
2806 3740 3037 3796 hominis
3077 3740 3398 3808 pmphetare
3428 3745 3720 3808 cognosci-

2127 3850 2233 3905 tur,
2256 3839 2391 3894 sicut
2420 3848 2475 3892 et
2497 3846 2623 3891 ante
2664 3835 3029 3905 probavimus.
3064 3832 3169 3889 lste
3196 3834 3336 3889 enim
3366 3836 3639 3888 maximas
3666 3844 3723 3889 et

2084 3914 2091 3921 ⁷
2124 3931 2429 3987 accidentes
2458 3929 2680 3983 virtutes
2702 3926 2926 3997 percipit
2954 3927 3017 3979 ad
3047 3925 3266 3979 meliora
3297 3925 3558 3991 dignitate
3582 3942 3718 3994 pro-

2125 4022 2340 4078 cedens.
2373 4041 2392 4075 s
2423 4022 2560 4076 Ecce
2583 4028 2639 4075 et
2662 4018 2749 4075 hic
2775 4034 2894 4074 cum
2926 4020 3233 4088 loquentem
3271 4017 3543 4071 Christum
3581 4034 3719 4085 per-

2127 4116 2271 4169 hibet
2308 4129 2375 4170 ex
2428 4127 2655 4181 persona
2704 4110 2934 4165 hominis
2987 4112 3340 4180 prephetare,
3387 4108 3723 4163 subauditur

2124 4210 2263 4278 quod
2290 4208 2511 4261 alteram
2543 4204 2686 4261 dicat
2713 4217 2835 4259 esse
2876 4203 2965 4257 Dei
3004 4215 3308 4271 personam.
3339 4198 3469 4253 Nam
3501 4214 3635 4254 cum
3668 4208 3725 4254 et

2125 4300 2190 4356 de
2218 4299 2433 4354 homine
2462 4298 2685 4367 loquens
2730 4296 2935 4349 diceret
2963 4311 2974 4348 :
3006 4293 3109 4348 lste
3162 4293 3303 4347 enim
3350 4291 3624 4347 maximas
3668 4300 3729 4346 et

2124 4390 2427 4446 accidentes
2459 4387 2682 4442 virtutes
2712 4386 2955 4455 percipit,
2999 4381 3329 4437 tantumdem
3378 4380 3525 4433 Valet
3571 4394 3643 4433 ac
3675 4380 3725 4432 si

2125 4486 2329 4541 diceret
2362 4502 2376 4539 :
2406 4483 2497 4538 Ille
2542 4495 2677 4536 vero
2707 4495 2811 4533 non
2862 4476 3084 4547 percipit
3133 4484 3379 4543 tanquam
3410 4472 3577 4526 Dens.
3630 4473 3731 4525 Di-

440 4573 545 4629 δεῖν
592 4572 872 4632 Propterea
926 4563 1066 4619 diem
1111 4562 1294 4631 Ῑυάῖείί
1339 4560 1699 4627 absconderit:
1722 4576 1788 4615 ηθ
1825 4562 2020 4615 Simius
2050 4561 2103 4620 D
2126 4574 2296 4632 cendo
2319 4574 2478 4628 etiam
2504 4571 2646 4643 quod
2666 4570 2908 4647 Christus
2932 4566 3286 4622 accidentium
3310 4566 3572 4620 virtutum
3602 4579 3731 4632 perv

440 4656 653 4726 generis
695 4656 999 4711 hominibus
1040 4655 1286 4727 proderet
1318 4672 1329 4707 :
1361 4664 1615 4725 tanquam
1657 4668 1762 4707 non
1813 4662 2019 4721 posset,

439 4750 583 4819 quod
618 4749 908 4821 Apostolus
947 4748 1065 4820 ejus
1100 4747 1351 4813 servavit,
1394 4747 1738 4801 commissum
1772 4746 1875 4799 sibi
1910 4761 2023 4799 ser-

442 4858 569 4899 vare
608 4850 897 4897 secretum.
944 4843 1256 4910 Quanquam
1305 4854 1404 4894 nec
1469 4837 1599 4892 illud
1627 4838 1766 4909 quod
1809 4838 1883 4892 ;ιὶι
1919 4838 2023 4893 Eu-

515 5010 539 5037 α
578 4997 930 5055 Scribcndum
983 4994 1330 5057 Eustathius,
1396 4996 1707 5053 Εὖστάθιοςε
1753 4994 1830 5047 sic
1872 4994 2016 5048 enim

442 5085 631 5125 omnes
664 5079 875 5125 vocant.
930 5065 1248 5121 Eustachins
1282 5066 1440 5118 etiam
1489 5064 1647 5117 simili
1690 5064 2016 5118 crrorealibi

442 5142 643 5205 dictus,
672 5139 761 5210 qui
794 5139 899 5193 lbae
915 5136 1083 5210 jude_x_
1113 5136 1212 5189 fuit
1236 5134 1599 5210 cumPhotio,
1621 5148 1742 5210 cum
1771 5134 1857 5210 alii
1914 5135 2019 5210 Eu-

439 5204 703 5266 stathium'
721 5204 1017 5264 nominent.
1044 5207 1210 5269 liuius
1234 5212 1324 5261 τοῦ
1354 5206 1501 5277 ἆγίον
1525 5205 1800 5277 Εὐσταθίου
1820 5204 2024 5277 simul}

2125 4667 2372 4737 ceptione
2415 4664 2481 4719 ad
2531 4662 2752 4718 meliora
2800 4657 3139 4730 processerit,
3165 4666 3219 4711 et
3260 4656 3539 4724 accepisse
3591 4670 3734 4711 eum

2125 4758 2266 4830 quod
2309 4755 2592 4826 aliquando
2622 4769 2727 4808 non
2779 4752 2993 4819 habuit,
3028 4759 3083 4805 et
3130 4748 3422 4818 profecisse
3454 4756 3732 4800 testatur.

2125 4848 2225 4917 Qui
2253 4857 2441 4903 octavo
2470 4859 2682 4915 quoque
2730 4843 2865 4899 libro
2916 4844 2993 4897 sic
3030 4842 3142 4895 ait:
3179 4837 3731 4904 tContemplaudum

2123 5001 2243 5057 libri
2274 4998 2512 5057 meminit
2531 5004 2747 5053 sanctus
2771 4995 3124 5065 Hieronymus
3146 4992 3196 5046 in
3219 4990 3359 5045 Viris
3376 4989 3736 5065 illustribus.

2126 5072 2204 5133 Er
2244 5073 2344 5126 hoc
2373 5078 2553 5124 autem
2584 5082 2745 5135 opere
2773 5060 3032 5119 adversus
3064 5065 3314 5125 Arianos,
3340 5062 3504 5135 alium
3538 5060 3734 5135 etiam

2125 5145 2300 5197 locum
2363 5140 2566 5208 profert
2612 5132 2927 5192 Anastasius
2984 5136 3034 5189 in
3083 5135 3294 5208 Ecloge
3341 5132 3433 5208 his
3462 5132 3679 5208 verbis
3724 5148 3739 5208 ξ

2125 5202 2403 5268 Εὑσταθίοἶι
2423 5210 2741 5278 ’Δντιοχιίας
2772 5210 2826 5261 ἐκ
2854 5212 2944 5261 τοῦ
2973 5207 3101 5261 κατὰ
3115 5203 3396 5278 Sappinatth
3421 5202 3591 5278 λόγῳ)
3614 5206 3740 5278 ’-εἴ

2123 5288 2223 5359 γὰρ
2251 5283 2475 5344 artat-6;,
2508 5270 3002 5359 οὐέξόροεςγεννητός*
3036 5278 3079 5359 si
3110 5274 3175 5359 de"
3200 5270 3592 5359 ’έν-εννηΙτόςηούκ
3613 5270 3743 5357 ,ἄρα

2126 5340 2348 5417 its-iores“.
2369 5355 2506 5407 Ἐπεὶ
2529 5340 2775 5420 μηδὲόἶόὖ
2796 5369 2847 5402 τε
2866 5350 2985 5431 περί
3004 5351 3095 5405 τὴν
3118 5344 3437 5438 αὲτήνὶιξιὲσιν
3459 5340 3745 5431 ἑκατέρὲιη

2130 5414 2429 5500 στρέφέσθαι
2464 5414 2537 5476 τὸ’
2563 5422 2726 5495 ’γένος’
2760 5414 2965 5487 captio}:
3004 5436 3057 5500 rs
3078 5455 3111 5500 ,'
3144 5414 3222 5500 6"“
3261 5414 3503 5498 ἀδύνατως
3558 5414 3745 5497 εξτὶέῖι

2128 5484 2356 5569 πεζοὶίτήν
2395 5494 2551 5549 αὐτὴν
2571 5484 2731 5561 ’φύσιν
2769 5484 3059 5569 τὸκςςιστὸν
3088 5486 3400 5569 ὑπέρχειντὶ
3420 5485 3502 5535 καὶ
3534 5484 3608 5537 τὸ
3640 5484 3740 5537 ἅκ-

2130 5555 2329 5629 τιᾶτον,
2360 5555 2609 5617 καθολικὸίθ
2628 5562 2726 5633 γὰρ
2756 5559 3043 5634 παράλογον
3072 5562 3144 5628 τῷ
3171 5555 3465 5621 δὶδασκὰλῳ.

444 5304 541 5338 που
563 5284 899 5349 ’Δντιοχείνςν
914 5278 1354 5349 Ῠκαὶ-ὁμολονγητοῦ,
1379 5273 1461 5349 vat
1477 5275 1523 5349 ia
1545 5275 1778 5349 citantur
1798 5290 1824 5325 a
1844 5273 2021 5349 Theo-

441 5353 631 5407 tlureto
652 5353 701 5402 in
727 5342 955 5419 Dialogis
979 5366 992 5401 :
1016 5342 1281 5419 ’ἑρμηῦεἱα
1304 5348 1355 5419 in
1384 5344 1649 5419 l’salmus;
1673 5342 1833 5414 A670;
1850 5346 2017 5419 eiero,

443 5427 619 5499 Κύριος
641 5420 807 5476 ἴκτισέ
843 5416 937 5499 ui;
967 5416 1125 5499 Acir/:0:
1152 5417 1494 5499 arpi-{auxitis-
1528 5416 1894 5499 [ιεῖιιι-εὶςιςιτάς
1918 5416 2026 5468 ἐπι·

473 5484 638 5571 ρᾶράς
661 5484 1160 5571 τῆςιστῆλρξγραςίιίας,
1192 5484 1277 5542 κάὶ
1300 5484 1740 5571 ξτῶἷςὶναξαθξιῶν.
1770 5484 2025 5571 γίξιξιηειι*

473 5509 638 5571 paper;
661 5513 749 5551 της
768 5509 1160 5614 στηλοτγίοαςιιας,
1192 5511 1277 5542 και
1300 5510 1397 5541 των
1421 5509 1740 5567 αναςαῦμων.
1783 5509 1804 5536 v
1820 5509 2021 5568 taurttttr

443 5575 703 5637 pistores
750 5562 803 5615 in
859 5562 947 5612 bin
978 5561 1197 5637 .utin-cts
1229 5560 1728 5637 :tntuptisnejus‘dem
1761 5555 2021 5637 6p:lia_tn

444 5624 834 5700 ilexaetneruu,
858 5636 925 5690 εἰς
958 5631 1016 5687 τό
1046 5638 1134 5689 τῆς
1165 5629 1573 5707 ἐγγαστοιμύθθν
1592 5624 1849 5697 θεὼοημὰ,
1869 5624 2022 5694 cujus

517 5777 531 5807 ⁸
566 5771 697 5827 Coti.
732 5771 925 5824 Veron.
952 5807 965 5826 .
1000 5776 1051 5818 ιιι
1079 5777 1234 5817 (ante.
