3998 6202
184 360 276 416 797
1036 360 1169 416 PRO
1210 361 1647 417 DEFENSIONE
1688 363 1901 421 TRIUM
1943 364 2256 420 CAPITUL.
2299 364 2427 419 LIB.
2470 365 2561 421 XI.

3342 376 3443 431 708

181 485 353 527 autem
384 470 656 541 quomodo
681 471 903 539 loquens
938 470 1050 526 Deo
1076 480 1130 528 et
1159 472 1345 527 dicens
1376 489 1389 525 :
1424 470 1491 526 Et
1530 475 1754 530 civitates
1788 486 1829 543 Α
1861 478 2139 546 ipsumque
2168 478 2457 541 Christum,
2488 478 2639 547 cujus
2685 479 2887 536 homini
2933 496 3279 554 praeparatam
3321 504 3443 556 per-

181 565 471 621 datruaisti
518 564 695 637 (Paul.
741 578 817 628 tx,
850 562 927 633 7),
957 577 1144 618 rursus
1187 566 1416 620 alterum
1442 566 1755 622 introducit

182 657 435 713 Dominus
456 656 711 721 inferens,
742 653 805 708 Et
829 653 1077 708 Dominus
1103 657 1155 709 in
1169 664 1416 710 eternum
1434 667 1620 711 manet.
1650 657 1758 710 Pa-

179 752 300 804 ravit
330 750 382 802 in
400 748 603 819 judicia
640 750 811 801 aedem
852 764 997 801 suam
1027 746 1216 819 (Ibid.,
1241 747 1293 813 8,
1324 749 1404 820 9).
1438 750 1757 806 manest-.3-

178 845 309 898 sime
337 841 537 897 etenim
566 839 661 893 alii
686 838 755 893 de
794 840 899 894 alio
929 839 1154 909 loquens
1179 851 1409 911 apparet
1438 858 1457 895 ι
1487 842 1757 909 signiﬁca-

178 935 250 987 vit
280 932 404 1002 quia
428 930 593 1001 judex
622 938 705 985 est
728 928 818 999 qui
863 932 1185 1000 praeparavit
1209 933 1257 986 ei
1289 932 1475 987 sedem
1504 940 1754 1003 tanquam

178 1023 322 1094 prius
349 1032 457 1077 non
500 1021 714 1077 habenti
744 1022 886 1075 hunc
918 1020 1216 1087 honorem;
1248 1021 1329 1077 sic
1367 1022 1651 1077 videbatur
1678 1025 1752 1079 lo-

178 1113 263 1185 qui
286 1154 303 1181 ,
350 1112 505 1183 quasi
546 1126 641 1182 per
671 1113 866 1182 figuras
896 1112 1040 1167 enim
1075 1114 1352 1169 indicabat
1390 1115 1749 1184 propheticas,

180 1209 428 1280 quoniam
460 1209 621 1262 homo
648 1224 715 1263 ex
745 1208 1001 1265 membris
1020 1209 1243 1281 justitiae
1266 1212 1519 1280 templum
1559 1212 1757 1267 decen-

180 1313 256 1355 ter
294 1301 492 1368 factus,
520 1309 575 1356 et
600 1300 962 1354 sacratissimo
990 1300 1237 1355 habitans
1266 1301 1460 1368 Verbo,
1494 1302 1711 1356 virtutis
1738 1304 1753 1337 ⁸

178 1394 405 1463 adeptus
452 1401 875 1460 estperpetuunt
919 1390 1139 1444 solium.
1190 1391 1477 1461 Loquens,
1542 1392 1752 1460 inquit,

179 1486 288 1539 Deo
331 1498 519 1538 rursus
545 1482 776 1537 alterum
807 1481 1098 1536 introducit
1146 1482 1454 1537 Dominum.
1497 1502 1517 1533 ι
1569 1483 1679 1537 Hoc
1709 1482 1754 1536 si

180 1574 497 1645 Eutychiaui
544 1572 598 1627 in
651 1572 940 1627 Theodoro
994 1573 1339 1640 invenirent,
1401 1573 1640 1643 profecto
1701 1574 1754 1628 in

180 1668 655 1737 reprehensionem
687 1666 875 1738 synodi
926 1665 1390 1721 Chalcedonensis
1418 1682 1539 1736 qtae
1570 1665 1755 1721 laudes

174 1765 289 1834 ejus
332 1762 694 1817 continentem
742 1760 1023 1830 epistolam
1071 1758 1329 1828 judicavit
1373 1759 1754 1823 orthodoxam,

1860 565 2007 621 hibet
2034 567 2237 634 sedem,
2262 567 2419 621 simul
2448 582 2569 623 cum
2600 568 2710 623 Deo
2728 569 2883 626 Patre
2903 583 2955 627 et
2983 575 3099 641 ejus
3126 574 3303 631 Verbo
3324 594 3438 632 om-

1859 662 2005 717 nium
2048 673 2410 718 creaturarum
2440 662 2701 717 dominari
2746 664 2956 719 asserit.
2989 666 3096 723 Nec
3126 678 3301 723 tamen
3347 685 3454 738 pro

1859 752 1941 807 his
1961 768 2195 822 quoque,
2218 768 2336 823 qua:
2364 752 2592 808 necdum
2617 742 2805 809 exorto
2831 754 3082 811 Nestorio
3106 772 3292 815 secura
3315 760 3443 814 sim-

1858 842 2065 912 plicitas
2077 842 2410 912 loquebatur,
2427 842 2638 912 ejusest
2652 845 3148 901 anathematizanda
3164 848 3405 903 doctrina
3426 866 3438 903 :

1857 940 1998 1010 quod
2041 949 2165 995 tunc
2213 939 2367 995 nobis
2410 949 2659 993 constare
2708 940 2922 1008 poterit,
2963 941 3010 995 si
3058 941 3255 996 nullius
3303 945 3442 997 anti-

1857 1048 2085 1102 quorum
2138 1032 2394 1089 Ecclesia:
2448 1032 2855 1101 przedicatorum
2910 1048 3008 1103 pro
3053 1034 3247 1090 talibus
3295 1035 3441 1089 dicta

1856 1126 2200 1181 damnentur.
2228 1124 2477 1193 Alioquin
2517 1123 2797 1193 cujuslibet
2833 1139 3016 1178 eorum
3047 1124 3261 1192 scriptis
3308 1139 3440 1177 ana-

1858 1217 2230 1282 thematizatis,
2253 1216 2390 1271 sicut
2412 1215 2646 1271 Joannes
2664 1215 3088 1285 sapientissimus
3109 1225 3162 1270 et
3180 1216 3442 1270 orientale

1858 1308 2141 1363 concilium
2170 1307 2321 1373 dixit,
2352 1321 2575 1361 necesse
2599 1316 2681 1360 est
2710 1317 2761 1360 et
2792 1323 2853 1361 ea
2883 1322 3002 1373 qua:
3026 1307 3091 1360 ab
3119 1306 3236 1360 aliis
3268 1306 3440 1360 Patri-

1857 1399 1957 1454 bus
1976 1408 2100 1453 sunt
2124 1399 2262 1453 dicta
2282 1398 2586 1466 complecti.
2615 1397 2854 1453 Sufﬁciat
2884 1413 3013 1467 ergo
3043 1398 3267 1464 posteris
3296 1397 3439 1466 quod

1859 1500 2157 1557 temporum
2216 1505 2436 1543 suorum
2488 1488 2753 1544 haereticis
2811 1496 3169 1559 repugnantes
3218 1487 3437 1541 illzesam

1857 1580 2222 1635 custodierunt
2259 1580 2570 1635 Ecclesiam.
2598 1579 2836 1636 Sufficiat
2864 1580 3007 1650 quod
3040 1580 3204 1634 nobis
3232 1593 3444 1647 quoque

1858 1672 2113 1727 adversus
2160 1685 2253 1727 eos
2297 1687 2442 1726 arma
2485 1673 2875 1742 quamplurima
2912 1672 3093 1726 labore
3141 1686 3238 1725 suo
3282 1681 3442 1740 atque

1860 1763 2118 1817 industria
2151 1771 2535 1833 praeparantes,
2563 1778 2685 1818 cum
2716 1779 2904 1834 magna
2934 1763 3091 1818 laude
3118 1763 3184 1817 de
3215 1762 3315 1816 hoc
3342 1777 3443 1818 sat-

174 1853 374 1924 bicipili
402 1869 500 1909 nos
518 1854 976 1923 arguunemtione
996 1851 1445 1921 constrillgcrenl,
1478 1853 1546 1903 ila
1574 1850 1745 1904 diceﬂ-
1788 1854 1837 1913 Β
1861 1856 1983 1911 culo
2020 1856 2365 1909 transierunt.
2407 1854 2522 1909 Non
2574 1854 2823 1923 injuriam
2878 1868 3223 1910 successores
3276 1849 3443 1906 labori

180 1957 253 2001 tes
286 1960 302 1999 :
332 1944 389 2001 Si
418 1945 533 1998 haec
560 1944 630 1997 de
660 1944 816 1997 Patre
844 1953 897 1996 ct
927 1941 1056 1996 Filio
1087 1940 1241 2010 dixit,
1274 1942 1545 2010 quomodo
1592 1940 1758 1995 Filius

178 2038 309 2092 alter
337 2044 417 2090 est
446 2034 720 2098 Dominus,
738 2047 859 2086 cum
883 2031 1139 2101 scriptum
1163 2031 1233 2086 sit
1257 2048 1270 2084 :
1300 2032 1553 2096 Quoniam
1580 2031 1760 2085 Domi-

177 2125 435 2180 nus'Deus
462 2130 650 2189 noster,
678 2121 929 2176 Dominus
970 2139 1105 2177 unus
1132 2131 1206 2176 est
1236 2121 1414 2193 (Deut.
1445 2138 1521 2191 Vt,
1554 2122 1635 2191 l)?
1661 2121 1762 2177 Ne-

179 2237 276 2291 que
306 2218 447 2276 enim
476 2219 554 2274 sic
584 2218 779 2272 dicitur
821 2216 977 2270 Pater
1005 2215 1279 2282 Dominus,
1308 2223 1363 2269 et
1394 2213 1557 2269 Filius
1583 2214 1763 2272 Domi-

180 2325 297 2379 nus,
319 2324 371 2366 et
403 2310 633 2380 Spiritus
660 2318 878 2363 sanctus
913 2306 1196 2371 Dominus,
1226 2316 1283 2360 ut
1310 2315 1419 2360 tres
1451 2304 1680 2371 Domini,
1706 2315 1762 2360 et

142 2414 149 2419 ·
181 2420 281 2457 nun
328 2401 506 2472 potius
536 2414 670 2454 unus
699 2398 910 2453 dicatur
953 2397 1205 2451 Dominus
1241 2413 1255 2450 :
1284 2396 1425 2451 sicut
1477 2411 1649 2465 neque
1688 2395 1759 2449 ita

179 2493 367 2549 dicitur
391 2492 551 2548 Pater
575 2492 736 2556 Deus,
760 2499 815 2545 et
840 2489 1008 2545 Filius
1032 2490 1191 2553 Dens,
1219 2496 1274 2543 et
1300 2487 1526 2557 Spiritus
1543 2496 1761 2541 sanctus

181 2586 338 2653 Dens,
371 2592 426 2639 ut
457 2593 564 2638 tres
608 2581 712 2650 Dii,
745 2592 798 2637 et
845 2597 950 2635 non
982 2581 1160 2651 potius
1198 2594 1336 2634 unus
1359 2577 1568 2633 dicatur
1595 2578 1755 2633 Deus.

179 2679 230 2734 Si
248 2689 430 2733 autem
454 2675 523 2732 de
547 2675 656 2729 Deo
683 2673 860 2729 Verbo
886 2681 940 2728 et
967 2680 1242 2740 aSsumpto
1268 2670 1482 2725 homine
1509 2672 1755 2740 loquens,

179 2771 345 2826 eidem
374 2774 705 2836 assumptum
738 2765 1009 2820 hominem
1037 2764 1265 2819 alterum
1293 2763 1575 2817 Dominum
1604 2762 1756 2829 dixit,

178 2861 415 2932 arguitur
443 2875 605 2915 unum
633 2857 905 2913 Christum
951 2859 1003 2911 in
1033 2857 1170 2912 duos
1210 2855 1461 2910 Dominos
1492 2855 1756 2909 divisisse.

177 2956 353 3021 Atque
382 2950 481 3006 hoc
512 2950 690 3007 verbis
718 2951 882 3005 etiam
925 2949 1375 3018 subsequentibus
1404 2946 1756 3011 affirmarent,

178 3044 367 3112 quibus
396 3043 591 3098 dictum
620 3050 704 3096 est
733 3059 745 3093 :
777 3041 881 3095 Alii
910 3041 977 3095 de
1015 3040 1121 3094 alio
1149 3039 1376 3109 loquens
1416 3045 1674 3108 apparet;
1703 3049 1759 3092 et

179 3136 366 3191 iterum
400 3152 414 3188 :
446 3134 580 3202 Quia
608 3134 752 3189 Deus
787 3133 955 3204 judex
994 3132 1316 3202 prmparavit
1355 3141 1629 3201 assumpto
1660 3130 1758 3185 ho-

1859 1944 2233 2001 decedentium
2277 1944 2495 2011 debent,
2542 1961 2647 1998 non
2698 1946 2937 1999 convicia
2982 1945 3254 1999 referenda
3299 1951 3443 2000 sunt.

1860 2037 1988 2092 Post
2042 2046 2313 2089 certamen
2354 2036 2495 2091 bene
2542 2035 2810 2090 defunctis
2852 2037 3141 2092 victoribus
3191 2034 3444 2104 triumphi

1859 2131 2085 2201 gloriam
2116 2142 2339 2199 negasse
2367 2128 2563 2198 aliquis
2599 2129 2903 2183 inveniatur
2948 2130 3185 2199 ingratus
3216 2146 3230 2183 :
3264 2129 3446 2183 nescio

1860 2225 1905 2278 si
1936 2224 2218 2294 quisquam
2246 2231 2444 2290 praeter
2466 2236 2565 2276 nos
2591 2223 2965 2276 contumeliam
2991 2221 3189 2276 retulit.
3219 2219 3443 2287 Quidam

1862 2314 2179 2384 prmdicator
2207 2312 2463 2368 Ecclesiae
2490 2312 2566 2367 sic
2595 2319 2888 2381 praesentes
2920 2312 3244 2382 expugnavit
3272 2309 3444 2364 haere-

1863 2404 2021 2470 ticos,
2053 2410 2111 2456 ut
2156 2403 2211 2456 in
2242 2402 2408 2467 nullo,
2439 2410 2531 2455 aut
2560 2410 2710 2455 certe
2759 2405 2813 2455 in
2848 2416 3033 2470 parvo,
3064 2400 3255 2455 futuris
3285 2414 3443 2454 occa-

1861 2493 2067 2547 sionem
2100 2491 2253 2546 daret
2280 2507 2296 2546 :
2328 2491 2414 2545 hic
2442 2490 2632 2561 dignus
2670 2491 2826 2546 laude
2858 2490 3124 2561 prmcipua
3152 2490 3440 2560 iudicetur.

1860 2585 2086 2651 Quidam
2130 2598 2260 2639 vero
2308 2583 2362 2637 in
2413 2584 2593 2638 hostes
2638 2583 2824 2639 obvios
2873 2586 3130 2647 intentus,
3179 2584 3298 2638 aliis
3336 2600 3442 2637 non

1861 2676 2011 2747 quasi
2053 2675 2388 2729 latitantibus
2420 2674 2475 2729 in
2524 2673 2754 2740 insidiis,
2795 2676 2886 2745 qui
2937 2676 3175 2731 nondum
3216 2675 3443 2743 fuerant,

1860 2767 1954 2823 sed
2010 2767 2278 2822 exorturis
2325 2766 2643 2836 quandoque
2699 2766 2919 2835 provide
2975 2770 2996 2798 '
3055 2782 3119 2823 ac
3170 2768 3446 2839 vigilanter

1859 2860 2094 2913 occurrit
2128 2875 2140 2909 :
2177 2857 2265 2911 hic
2312 2858 2553 2925 minima,
2599 2868 2689 2912 aut
2731 2860 2890 2912 etiam
2932 2859 3098 2926 nulla,
3122 2860 3169 2914 si
3212 2859 3444 2926 videtur,

1860 2949 2055 3020 dignus
2111 2947 2271 3003 laude
2309 2948 2559 3012 ducatur,
2588 2962 2694 3002 non
2739 2958 2915 3003 tamen
2950 2950 3032 3004 vel
3080 2950 3322 3006 incautus
3354 2964 3447 3020 pa-

1864 3040 1981 3095 triae
2031 3048 2354 3108 propugator
2393 3039 2532 3093 inter
2583 3038 2767 3093 hostes
2817 3038 3097 3101 habendus
3145 3048 3247 3094 est.
3295 3041 3447 3097 Unde

1860 3133 2051 3189 beatus
2080 3130 2415 3196 Eustachius,
2445 3146 2749 3202 quanquam
2794 3135 2991 3187 multos
3044 3136 3208 3201 possit
3253 3134 3446 3188 tatibus

180 3229 303 3283 mini
333 3228 541 3296 sedem,
573 3237 824 3296 tanquam
854 3226 999 3295 prius
1028 3239 1135 3280 non
1168 3222 1385 3279 habenti
1417 3224 1557 3277 hunc
1586 3224 1753 3278 liono-
1779 3224 1825 3285 C
1858 3222 2019 3279 dictis
2072 3220 2347 3277 offendere
2368 3263 2385 3289 ,
2439 3236 2545 3276 non
2600 3231 2776 3277 tamen
2829 3222 3212 3279 condemnatur
3234 3262 3252 3290 ,
3300 3224 3447 3279 velut

180 3333 307 3372 rem.
332 3319 467 3372 Cum
492 3332 618 3373 vero
648 3326 793 3371 tanta
822 3315 1018 3370 invidia
1044 3313 1393 3370 criminentur
1433 3315 1486 3369 in
1527 3314 1752 3384 epistola

182 3410 500 3466 venerabilis
530 3410 652 3474 lbze,
682 3408 824 3479 quod
864 3409 939 3462 ait
986 3408 1240 3478 templum
1282 3417 1334 3462 et
1367 3407 1752 3462 inhabitanlem

181 3502 226 3555 in
252 3516 350 3567 eo;
386 3516 505 3570 qua:
535 3500 640 3554 illis
671 3498 737 3553 ad
778 3499 1205 3569 exaggerandum
1236 3500 1393 3554 verba
1424 3498 1751 3565 sufficerent,

180 3592 221 3649 si
248 3594 349 3650 hoc
392 3592 616 3649 dixisset
654 3592 794 3662 quod
838 3590 1154 3647 Eustachius
1180 3593 1275 3657 ait,
1304 3589 1563 3659 Quoniam
1596 3594 1755 3646 homo

181 3704 239 3743 ex
267 3686 527 3743 membris
550 3686 768 3755 jusdtite
800 3686 1055 3756 templum
1085 3686 1339 3741 decenter
1369 3686 1537 3740 factus
1564 3696 1667 3753 est,
1700 3699 1757 3741 ut

181 3780 538 3835 sacratissimo
581 3778 890 3833 cohabitans
925 3777 1137 3832 Verbo?
1164 3776 1299 3831 Nam
1344 3777 1388 3831 si
1434 3777 1752 3842 inhabitare,

182 3874 312 3942 quod
346 3873 465 3927 thas
494 3872 589 3937 ait,
622 3871 757 3924 duas
787 3870 965 3924 dicant
992 3869 1295 3939 significare
1330 3882 1603 3938 personas,
1634 3882 1755 3923 cum

181 3968 352 4019 anima
396 3979 548 4018 suum
576 3978 772 4031 corpus
819 3962 1125 4017 inhabitans
1154 3978 1256 4017 una
1287 3977 1407 4016 cum
1439 3977 1504 4017 eo
1533 3976 1757 4030 jersiina

182 4059 264 4121 sit,
286 4064 490 4127 quanto
519 4058 689 4125 magis
709 4056 1040 4120 cohabitare,
1062 4065 1118 4109 et
1148 4055 1317 4124 ipsius
1347 4054 1757 4111 cohabitationis

180 4154 376 4207 virtute
406 4152 654 4221 adeptum
685 4165 804 4205 esse
848 4150 1115 4205 hominem
1164 4158 1475 4219 perpetuum
1522 4150 1759 4204 solium?

182 4242 301 4298 Item
321 4241 581 4298 ineodcm
602 4241 737 4297 libro
766 4261 777 4292 :
807 4259 824 4291 ι
852 4240 963 4295 Non
990 4243 1134 4296 enim
1162 4241 1365 4311 ait,qui
1395 4241 1543 4309 regni
1573 4241 1759 4296 sedem

181 4334 361 4401 habet,
379 4333 600 4387 alteram
622 4332 720 4387 sibi
746 4342 965 4401 apparat
991 4341 1223 4399 sortem;
1255 4333 1348 4385 sed
1372 4333 1453 4384 cui
1477 4346 1581 4385 non
1610 4332 1762 4386 adest

179 4426 320 4480 sedis
349 4422 607 4494 potentia.
643 4423 780 4493 Ergo
808 4427 923 4478 tunc
953 4423 1021 4477 ad
1061 4422 1330 4477 hominem
1358 4421 1557 4477 Christi
1590 4422 1758 4476 mani-

178 4517 315 4572 feste
344 4518 654 4586 respiciunt.
689 4517 869 4586 Neque
911 4526 1085 4570 autem
1119 4515 1484 4584 Omnipmenti
1519 4516 1631 4569 haec
1676 4529 1761 4571 re-

1857 3314 2158 3373 Nestm'iani
2202 3326 2387 3369 auctor
2416 3316 2652 3371 erroris:
2684 3316 2777 3371 sed
2810 3316 3103 3371 honoratur
3155 3332 3273 3370 cum
3306 3316 3445 3370 mul-

1860 3410 1926 3462 tis
1956 3414 2013 3462 et
2047 3422 2157 3477 prae
2186 3406 2366 3461 multis
2408 3407 2673 3472 Patribus,
2708 3416 2958 3477 tanquam
2998 3407 3197 3462 Niczeui
3228 3406 3446 3463 concilii

1858 3503 2059 3571 primus
2105 3500 2383 3565 existens;
2417 3509 2472 3553 et
2522 3501 2869 3571 Eutychianis
2900 3502 3097 3556 nullam
3146 3501 3269 3556 hinc
3315 3503 3447 3556 invi-

1857 3594 1998 3648 diam
2027 3594 2513 3657 commoventibus,
2536 3593 2852 3646 solemniter
2875 3593 3013 3647 inter
3041 3608 3169 3647 suos
3195 3594 3445 3647 decesso-

1861 3701 1947 3741 rcs
1970 3700 2033 3739 ac
2049 3699 2390 3739 successores
2408 3684 2474 3738 ad
2501 3685 2759 3739 sacrificia
2785 3685 3106 3739 nominatur.
3132 3686 3196 3740 Et
3219 3687 3447 3739 fortasse

1861 3788 2145 3848 propterea
2175 3778 2307 3831 nihil
2338 3776 2462 3831 inde
2491 3784 2764 3839 accusant,
2799 3778 2920 3845 quia
2949 3775 3001 3830 in
3034 3777 3155 3843 hoc,
3189 3776 3332 3845 quod
3363 3779 3442 3830 ul-

1863 3873 2050 3927 timum
2098 3872 2393 3938 posuimus,
2448 3869 2754 3923 testimonio
2798 3868 2950 3933 dixit,
3002 3868 3227 3936 Propter
3278 3868 3444 3922 divini

1808 3997 1819 4003 η
1862 3962 2022 4017 \ierbi
2046 3962 2506 4016 commixtionem.
2536 3960 2637 4016 Ubi
2662 3961 2803 4015 enim
2827 3960 3105 4015 memorati
3131 3960 3443 4031 Eutychiani

1862 4052 1929 4106 ab
1954 4052 2137 4121 aliquo
2170 4050 2581 4120 prmdicatorum
2618 4051 2873 4106 Ecclesia:
2899 4050 3101 4105 dictum
3147 4051 3445 4105 invenerint

1865 4143 2035 4199 Deum
2077 4142 2307 4197 Verbum
2350 4143 2548 4196 homini
2592 4157 2710 4198 esse
2739 4142 3115 4212 commixtum,
3149 4145 3442 4199 secundum

1862 4250 2018 4290 suum
2046 4234 2239 4305 dOgma
2270 4233 2473 4290 dictum
2514 4234 2841 4289 existimant.

2492 4384 2716 4443 CAPUT
2742 4387 2804 4443 ll.

1867 4523 2016 4589 Quod
2058 4522 2196 4589 apud
2225 4519 2814 4593 beatumrAthianasium
2860 4520 3096 4593 quantum
3123 4522 3442 4593 reperiantur

175 4609 426 4677 ρυηρηάε
478 4620 600 4662 sum
655 4606 925 4678 proprium
975 4608 1192 4662 habent;
1238 4600 1557 4676 sceplmm;‘
1592 4620 1763 4676 neque
1794 4601 1844 4659 υ
1938 4594 2235 4678 non‘minus
2263 4592 2489 4660 difﬁcilia
2529 4592 2607 4643 his
2637 4606 2751 4661 quae
2778 4594 2829 4645 in
2859 4591 3126 4646 Theodoro
3163 4591 3438 4661 reprelien-

178 4703 357 4757 γει-ὺο
385 4704 553 4771 ipsum
573 4718 792 4772 regnum
822 4703 1031 4757 habenti
1055 4702 1192 4771 quod
1212 4703 1370 4757 etiam
1394 4702 1548 4757 Pater
1572 4702 1761 4769 habet;

178 4797 270 4851 sed
305 4796 359 4850 in
383 4793 593 4849 Christo
620 4794 902 4849 dicendmn
922 4837 934 4859 ,
956 4793 1204 4848 Dominus
1232 4795 1285 4848 in
1338 4797 1465 4847 cwlo
1502 4808 1760 4865 prwpara-

180 4889 246 4940 rit
298 4887 472 4941 sedem
519 4901 687 4940 suam.
716 4885 847 4940 Nam
897 4885 1133 4940 omnium
1185 4886 1342 4941 simul
1374 4896 1758 4940 creaturarum

180 4977 487 5031 dominator
535 4984 749 5045 propter
798 4975 970 5029 divini
1033 4974 1193 5030 Verbi
1249 4975 1701 5030 commixtionem.
1731 4993 1751 5028 ι

179 5070 472 5127 Attendant
514 5084 642 5140 ergo
681 5070 836 5139 quale
880 5068 951 5124 sit
995 5069 1154 5124 etiam
1195 5067 1295 5124 hoc
1331 5068 1473 5139 quod
1516 5069 1610 5137 ait,
1641 5068 1756 5124 Non

180 5164 293 5219 Deo
316 5162 495 5218 Verbo
540 5178 759 5232 regnum
790 5160 1006 5217 habenti
1048 5162 1269 5217 alteram
1307 5173 1507 5217 sortem
1536 5177 1761 5232 appara-

178 5266 312 5321 tam,
344 5255 437 5310 sed
467 5255 666 5326 potius,
694 5255 781 5311 cui
814 5269 919 5310 non
950 5258 1099 5311 adest
1128 5256 1270 5310 sedis
1316 5255 1571 5323 potentia,
1601 5255 1651 5309 id
1682 5262 1766 5308 est

178 5345 385 5401 homini
415 5346 633 5402 Christi.
662 5344 771 5401 Nec
799 5346 988 5401 saltem
1032 5346 1180 5415 dixit,
1212 5345 1409 5400 homini
1447 5345 1539 5400 Dei
1586 5344 1763 5411 Verbi,

249 5490 280 5518 ⁸
324 5481 604 5551 Synodicze
626 5482 899 5536 Athanasii
922 5480 989 5534 ad
1013 5480 1371 5536 Antiochenos
1399 5482 1597 5535 mentio
1628 5480 1761 5536 facta

173 5560 261 5606 est
311 5552 403 5604 liti.
452 5567 529 5616 vn,
558 5566 676 5606 cum
712 5553 779 5622 de
811 5553 1080 5622 Ιιγροπιειδί
1120 5567 1419 5621 ageremus.
1466 5552 1572 5607 Sed
1603 5553 1760 5606 aliam

171 5630 393 5676 constat
438 5625 713 5692 epistolam
744 5621 932 5688 fuisse,
961 5622 1030 5678 de
1052 5636 1157 5693 qua
1186 5622 1272 5679 hic
1299 5637 1500 5679 sermo.
1527 5623 1763 5696 Apparet

254 5737 270 5769 '
307 5735 439 5793 Cod.
475 5737 695 5804 Veron.,
726 5739 925 5793 virtute.

268 5810 290 5841 ³
329 5811 472 5865 idem
496 5810 637 5877 tod.,
658 5812 821 5865 minus
850 5812 1071 5882 provide.

1936 4665 1970 4716 ά
1979 4684 2005 4715 u
2014 4672 2152 4716 πων.

1935 4801 2093 4855 Multa
2126 4814 2253 4854 vero
2280 4798 2644 4869 superioribus
2686 4797 2879 4852 similia
2908 4813 2973 4852 ex
3018 4797 3172 4853 dictis
3198 4799 3441 4868 ejusdem

1863 4894 2005 4948 beati
2037 4892 2309 4947 Eustachii
2341 4889 2580 4959 proferre
2628 4905 2937 4960 possemus,
2967 4905 3084 4958 quae
3133 4898 3352 4959 possent
3382 4889 3435 4942 in

1860 5001 1969 5039 uno
1991 4984 2012 5015 ⁸
2043 4983 2259 5039 tractari
2306 4984 2611 5049 volumine;
2664 4981 2758 5037 sed
2787 4983 2886 5036 ista
2918 4981 3110 5050 legenti
3148 4980 3435 5044 sufficiant,

1858 5076 2109 5147 quoniam
2185 5076 2428 5129 volumus
2491 5074 2557 5127 ad
2628 5074 2851 5127 aliorum
2937 5073 3129 5139 scripta
3187 5069 3436 5137 transire,

1860 5168 1928 5223 de
1956 5169 2145 5233 quibus
2171 5183 2324 5237 atque
2353 5180 2459 5219 non
2484 5164 2661 5219 omnia
2688 5178 2806 5233 quae
2837 5162 2919 5215 his
2942 5160 3137 5214 similia
3166 5159 3432 5225 dixerunt,

1861 5260 1956 5315 sed
1984 5260 2158 5329 aliqua
2187 5256 2555 5311 tantummodo
2586 5252 2923 5323 proferimus.
2954 5252 3091 5319 Quid
3119 5267 3245 5322 ergo
3278 5251 3439 5306 etiam

1864 5362 2079 5406 sanctus
2097 5350 2419 5404 Athanasius
2447 5348 2587 5401 dicat
2611 5347 2664 5400 in
2685 5344 2910 5414 epistola
2930 5344 2996 5398 ad
3021 5344 3385 5398 Antiochenos
3413 5354 3441 5381 έι

1872 5499 2069 5557 autem,
2121 5486 2373 5555 quidquid
2398 5486 2464 5540 ad
2507 5483 2823 5557 refellendos
2852 5483 3235 5557 Apolinaristas
3282 5483 3334 5537 in
3375 5498 3441 5538 ea

1871 5554 2196 5627 scripserit,
2246 5554 2513 5626 nunquam
2564 5555 2907 5627 Athanasium
2961 5560 3013 5610 in
3057 5554 3269 5609 Christo
3308 5557 3444 5609 duas

1872 5626 2126 5700 personas
2164 5629 2495 5693 distinxisse,
2526 5629 2619 5681 sed
2662 5626 2713 5681 in
2742 5640 2849 5680 una
2887 5627 3180 5698 eademque
3214 5640 3442 5697 peisona

1944 5747 1963 5778 ³
2001 5746 2142 5801 idem
2174 5744 2318 5815 cod.,
2347 5761 2447 5800 non
2476 5761 2597 5800 uno.
