3998 6202
537 355 631 409 790

1607 356 1895 411 ΡΜΞῌΝΙΗ
1937 354 2144 411 El’iSC.
2191 356 2682 415 ll”f.R.\lHNENSlS

3665 366 3768 422 800

535 479 789 530 debemus
819 476 1080 543 iuSpicere
1116 495 1127 526 :
1166 496 1182 526 ι
1224 476 1300 529 Ex
1343 475 1609 529 veteribus
1638 474 1777 528 enim
1809 473 2052 528 eruditus
2084 474 2098 504 ¹
2130 479 2177 534 Α
2206 475 2516 531 Theodorus
2538 476 2636 530 hoc
2654 478 2990 541 diceret,non
3013 477 3143 531 duos
3168 486 3388 546 tantum,
3410 494 3590 532 verum
3611 481 3767 536 etiam

534 579 587 622 et
615 568 741 635 legis
769 567 957 620 doctor
984 567 1241 631 existens,
1274 566 1558 622 Proverbia
1591 565 1893 620 Salomonis
1921 564 2105 632 legens

534 670 585 714 et
625 659 757 712 duas
794 672 1050 726 personas
1093 659 1159 714 de
1191 659 1411 739 Domino
1466 658 1771 721 inveniens,
1802 671 1960 710 unam
1990 655 2107 723 qni-

534 756 653 809 dem
685 755 823 809 circa
852 753 1119 808 hominem
1148 769 1301 824 quem
1331 768 1395 807 ex
1420 752 1582 807 Maria
1610 767 1708 821 pro
1731 749 1881 804 nobis
1900 750 2105 803 futurus

532 859 650 905 erat
696 863 989 910 assumere,
1038 848 1256 902 alteram
1298 857 1474 902 autem
1517 845 1658 899 circa
1694 844 1921 898 Verbum
1964 841 2106 910 quod

534 950 656 995 ante
684 940 860 993 omnia
889 937 1078 992 saeculi
1103 946 1305 991 aeterne
1335 952 1399 990 ex
1430 937 1586 990 Patre
1610 942 1789 988 natum
1818 942 1931 997 est;
1960 942 2011 986 et
2041 931 2108 985 de

536 1032 658 1086 Jesu
689 1031 899 1097 quidem
930 1045 993 1084 ex
1022 1029 1181 1083 Maria
1212 1028 1394 1082 scribit
1418 1026 1704 1082 Timotheo
1737 1044 1749 1078 :
1786 1024 1984 1079 Memor
2002 1031 2108 1077 esto

534 1123 789 1177 Christum
810 1121 985 1175 Iesum
1009 1121 1339 1174 resurrexisse
1374 1136 1405 1171 a
1448 1120 1659 1173 mortuis
1688 1134 1749 1172 ea:
1772 1118 1958 1171 semine
2006 1116 2109 1170 Da-

534 1215 636 1275 vid,
670 1213 946 1268 secundum
991 1213 1326 1283 Evangelium
1349 1229 1511 1265 meum
1538 1210 1622 1283 (II
1655 1211 1790 1265 Tim.
1818 1225 1877 1275 ll,
1909 1209 1964 1279 8)
1998 1227 2012 1274 ;
2044 1210 2110 1264 de

538 1315 644 1367 Deo
667 1314 843 1368 Verbo
869 1322 1066 1378 autem,
1090 1312 1229 1373 quod
1254 1328 1372 1365 cum
1400 1313 1557 1366 Patre
1579 1327 1791 1380 semper
1815 1320 1916 1375 est,
1946 1311 2102 1375 dixit,

538 1406 785 1473 quoniam
814 1415 892 1458 est
920 1403 1097 1456 omnia
1138 1406 1182 1456 ¹.
1221 1422 1238 1455 ι
1275 1403 1420 1457 lianc
1450 1412 1625 1455 autem
1669 1402 1835 1455 sancti
1873 1399 2108 1453 Athana-

542 1500 604 1551 sii
654 1498 717 1553 ad
757 1496 1116 1553 Antiochenos
1156 1495 1455 1564 epistolam,
1489 1495 1539 1546 in
1593 1508 1692 1564 qua
1744 1494 2001 1559 scriptum
2030 1499 2112 1543 est

538 1590 669 1643 duas
697 1604 815 1646 esse
844 1602 1119 1656 personas,
1153 1586 1383 1640 hominis
1423 1585 1703 1650 assumpsi,
1739 1596 1786 1637 et
1826 1583 1916 1636 Dei
1948 1582 2108 1637 Verbi

538 1680 877 1743 assumeutis,
909 1686 962 1732 et
989 1679 1088 1731 alia
1116 1677 1406 1745 Scriptura:
1430 1676 1589 1731 verba
1621 1676 1841 1728 Domino
1866 1676 1990 1730 Jesu
2020 1675 2108 1743 qui

538 1786 599 1823 ex
634 1770 819 1832 Maria,
853 1770 955 1822 alia
1003 1783 1131 1821 vero
1169 1768 1276 1820 Deo
1305 1766 1477 1820 Verbo
1509 1779 1823 1829 congruere.
1859 1764 1909 1816 in
1965 1770 2108 1816 tanta

2207 574 2313 619 tres
2351 564 2505 621 Jesus
2548 567 2791 621 Christos
2820 567 3155 638 Entychiani,
3180 568 3471 623 secundum
3518 584 3645 625 suas
3686 586 3770 625 ca-

2209 656 2454 722 lumnias,
2500 658 2551 711 in
2592 658 2675 713 his
2704 660 2881 713 verbis
2923 661 3246 729 signiﬁcatus
3292 663 3485 718 vellent
3524 662 3768 733 intelligi.

2207 748 2319 803 Non
2348 752 2486 803 enim
2519 750 2618 805 hoc
2653 751 2840 806 saltem
2867 753 3062 807 dictum
3092 762 3191 817 est,
3221 753 3372 809 Iesus
3414 754 3659 808 Christus
3684 772 3771 810 au-

2209 852 2336 906 tem,
2366 842 2454 912 qui
2480 842 2627 910 juxta
2667 844 2984 900 salvatorem
3021 845 3345 914 intelligitur,
3377 846 3469 901 sed
3497 847 3650 915 juxta
3684 847 3772 901 ho-

2208 936 2402 989 minem
2432 938 2709 992 salvatoris
2739 955 2750 989 :
2784 946 2841 992 ut
2881 939 3040 992 alium
3071 938 3418 1007 signiﬁcatum
3464 955 3586 995 esse
3634 940 3765 994 dire‘

2208 1039 2326 1084 rent
2369 1029 2549 1085 Jesum
2594 1031 3093 1097 Christum,'alium
3144 1047 3271 1086 vero
3318 1032 3587 1086 hominem
3633 1032 3773 1101 juxta

2209 1137 2364 1189 quem
2395 1133 2539 1178 esset
2571 1124 2683 1193 ipse
2708 1124 2863 1179 Jesus
2894 1124 3159 1189 Christus,
3190 1135 3242 1180 et
3272 1141 3458 1179 rursus
3486 1125 3646 1178 alium
3679 1127 3775 1179 sal-

2210 1222 2465 1278 vatorem,
2491 1215 2639 1283 cujus
2669 1230 2790 1270 eSSe
2827 1216 3092 1270 direretur
3137 1216 3274 1270 idem
3308 1216 3491 1269 homo.
3516 1216 3703 1270 Denuo
3730 1218 3775 1269 in

2210 1305 2392 1358 eadem
2411 1305 2635 1372 epistola
2658 1307 2826 1372 :«Est,
2843 1308 3032 1376 inquit,
3055 1309 3280 1376 Spiritus
3300 1308 3421 1362 vita:
3433 1316 3649 1362 sanctus
3664 1323 3774 1361 cum

2214 1394 2366 1449 Patre
2394 1407 2443 1448 et
2470 1397 2605 1452 Filio
2630 1399 2679 1452 in
2707 1400 2931 1468 singulis
2956 1402 3326 1468 prophetarum
3357 1416 3450 1469 per
3483 1402 3774 1470 generatim

2213 1506 2305 1548 nes
2336 1492 2621 1559 transiens,
2654 1493 2741 1562 qui
2770 1493 2965 1549 iudicat
2994 1511 3113 1561 qua:
3138 1504 3295 1549 erunt
3324 1496 3376 1549 'et
3397 1512 3514 1563 qure
3546 1496 3680 1549 l‘uer:
3702 1508 3772 1559 nt,

2211 1581 2411 1637 habens
2450 1584 2631 1639 oculos
2663 1595 2785 1641 ante
2813 1595 2867 1641 et
2908 1595 3050 1655 post,
3080 1587 3178 1641 hoc
3217 1597 3318 1653 est,
3350 1588 3488 1642 sicut
3528 1589 3771 1651 diximus,

2210 1671 2482 1727 scientiam
2508 1675 2799 1729 futurorum
2817 1686 2974 1746 atque
2994 1678 3405 1746 prmteritorum,
3426 1693 3546 1746 qua:
3569 1679 3619 1731 in
3642 1679 3774 1733 Salo-

2210 1779 2367 1819 mone
2400 1773 2578 1819 uarrat
2618 1782 2687 1836 ex
2735 1781 2958 1833 persona
3005 1767 3095 1820 lilii
3130 1767 3359 1821 hominis
3405 1782 3472 1821 ex
3517 1768 3702 1830 Maria,
3731 1778 3775 1820 ct

539 1862 848 1913 auctoritate
868 1859 1123 1911 adversus
1161 1857 1539 1919 Apolinaristas
1569 1854 1793 1921 suscepit
1845 1854 2103 1917 Ecclesia,
2142 1839 2181 1897 Β
2212 1853 2328 1907 Filii
2366 1855 2454 1908 Dei
2482 1855 2658 1919 Verbi,
2688 1856 2824 1925 quod
2855 1857 2921 1910 ab
2951 1857 3102 1911 initio
3132 1865 3245 1911 erat
3272 1857 3411 1927 apud
3445 1857 3656 1911 Patrem
3691 1875 3705 1910 :
3731 1867 3774 1911 ct

543 1960 599 2004 ut
647 1966 708 2003 ex
742 1950 828 2003 illa
868 1948 1053 2001 haeresi
1085 1947 1333 2001 conversi
1380 1961 1474 1998 sua
1523 1944 1913 2005 subscriptione
1952 1942 2020 1995 ita
2051 1957 2111 1997 se

540 2054 727 2105 sapere
758 2038 1065 2092 faterentur.
1101 2036 1249 2091 Unde
1285 2049 1566 2089 successor
1595 2032 1832 2103 ejusdem
1878 2032 2111 2087 Athana-

539 2132 602 2185 sii
636 2131 844 2193 Petrus,
872 2130 1111 2185 scribens
1143 2128 1206 2181 ad
1251 2129 1550 2197 episcopos,
1585 2126 1924 2196 presbyteros
1951 2133 2111 2194 atque

541 2224 797 2277 diaconos
840 2224 926 2291 qui
950 2224 1054 2276 sub
1088 2222 1308 2276 Valente
1358 2221 1681 2299 imperatore
1726 2220 2109 2275 Diocarsaream

541 2314 745 2368 fuerant
784 2316 997 2369 exsules
1027 2315 1195 2376 missi,
1230 2332 1247 2364 ι
1283 2313 1408 2368 Sine
1437 2314 1545 2367 Deo
1572 2313 1767 2381 quippe
1791 2322 1890 2373 est,
1921 2313 2109 2381 inquit,

538 2418 590 2461 et
611 2409 661 2461 in
692 2409 940 2462 omnibus
966 2406 1248 2473 reprobus,
1280 2406 1367 2473 qui
1399 2420 1503 2457 non
1534 2405 1819 2459 conﬁte'ur
1846 2406 2109 2473 integrum

538 2499 807 2552 hominem
835 2498 1068 2551 salvasso
1098 2497 1326 2549 adventu
1357 2510 1452 2549 suo
1478 2494 1830 2548 Salvatorem.
1867 2496 1995 2548 Etsi
2026 2506 2109 2549 to-

537 2598 644 2641 tum
670 2589 855 2651 salvat,
882 2597 1046 2641 totum
1081 2587 1390 2653 assumpsit,
1428 2600 1530 2638 non
1562 2585 1615 2638 in
1655 2584 1979 2653 adjutorium
2007 2588 2111 2642 sal-

536 2677 780 2742 vationis,
811 2678 901 2733 sed
945 2677 1008 2730 ad
1043 2676 1200 2730 totius
1224 2677 1588 2729 salvationem.
1622 2676 1806 2730 Nullus
1849 2692 1975 2743 ergo
2027 2680 2110 2747 pie

535 2787 593 2826 se
624 2786 811 2838 sapere
837 2770 1149 2822 existimans
1198 2767 1427 2821 inlidelis
1456 2768 1621 2830 magis
1648 2769 1858 2822 existat.
1894 2769 1949 2821 Si
1982 2784 2109 2825 vero

533 2872 774 2927 qurerere
815 2857 1011 2920 studet,
1039 2857 1204 2909 d’seat
1254 2873 1316 2911 ex
1359 2858 1581 2924 epistola
1621 2872 1777 2925 quam
1822 2859 1887 2914 ad
1920 2860 2109 2914 Antio-

532 2952 729 3004 chenos
758 2951 923 3003 beatze
953 2949 1218 3002 memoriae
1247 2947 1528 3017 episcopus
1560 2949 1879 3005 Athanasius
1900 2953 2107 3020 scribit,

534 3043 619 3097 ubi
651 3042 827 3096 omnia
867 3040 1147 3110 diligenter
1174 3040 1412 3107 exponit,
1445 3055 1600 3109 quam
1648 3040 1825 3110 legere
1854 3041 2112 3111 incipien-

532 3142 612 3188 tes
640 3131 942 3195 orthodoxi,
971 3139 1023 3184 et
1051 3131 1118 3182 ita
1152 3144 1339 3197 sapere
1387 3139 1441 3184 et
1488 3130 1869 3202 subscripsisse
1914 3135 2109 3188 confir-

2212 1944 2342 1997 duas
2369 1960 2623 2013 personas
2644 1946 2966 2015 signiﬁcans,
2998 1948 3065 2002 de
3094 1948 3305 2002 homine
3333 1948 3547 2015 quidem
3576 1964 3638 2001 ex
3674 1948 3774 2001 Illa-

2213 2036 2287 2088 ria
2316 2044 2495 2090 creato
2522 2045 2577 2091 et
2618 2038 2895 2104 plasmate,
2926 2039 2993 2093 de
3022 2039 3116 2093 illo
3158 2054 3285 2093 vero
3309 2039 3396 2108 qui
3434 2048 3558 2091 ante
3590 2039 3774 2092 sarcula

2213 2136 2291 2179 est
2339 2127 2454 2180 sine
2491 2128 2766 2196 principio,
2807 2137 2863 2183 et
2914 2138 3127 2184 aeternas
3182 2131 3488 2184 nativitatis.
3520 2130 3771 2195 Quoniam

2212 2233 2338 2283 ergo
2366 2219 2648 2272 verborum
2680 2222 3008 2287 seductores,
3036 2230 3091 2277 et
3118 2238 3221 2275 non
3253 2223 3444 2277 eruditi
3473 2224 3661 2292 spiritu
3691 2225 3774 2276 ob-

2212 2318 2485 2363 servantes
2532 2325 2714 2365 errare
2748 2312 2940 2366 faciant
2988 2313 3530 2374 indoctos.direntes.
3576 2328 3604 2367 a
3650 2329 3773 2380 qua-

2210 2399 2507 2469 dringentis
2534 2401 2688 2454 annis
2708 2410 2786 2455 est
2813 2404 3050 2468 operatio
3073 2405 3307 2471 corporis
3334 2405 3567 2466 Domini,
3587 2416 3638 2458 et
3660 2424 3774 2473 quo-

2212 2492 2371 2544 modo
2403 2490 2455 2544 in
2482 2507 2601 2546 eum
2632 2492 2846 2562 quidam
2876 2492 3111 2547 referunt
3134 2494 3271 2563 quod
3295 2494 3495 2548 dictum
3526 2506 3609 2550 est
3635 2515 3645 2547 :
3680 2496 3771 2550 Do-

2212 2580 2377 2634 minus
2397 2582 2581 2635 creavit
2625 2599 2704 2637 me
2730 2584 3031 2653 principium
3059 2586 3250 2637 viarum
3279 2601 3487 2638 suarum
3532 2587 3585 2639 in
3632 2604 3776 2651 apere

2210 2675 2321 2742 ejus
2347 2670 2526 2741 (Prov.
2560 2688 2671 2738 vm,
2693 2672 2809 2743 29.),
2832 2690 2951 2729 cum
2974 2675 3111 2729 dicat
3131 2676 3184 2730 S.
3202 2678 3401 2743 riptura
3422 2686 3547 2731 ante
3576 2691 3774 2733 montes

2210 2771 2264 2816 et
2302 2761 2486 2827 colles,
2517 2770 2640 2817 ante
2681 2762 2855 2819 fontes
2880 2773 2934 2819 et
2961 2775 3084 2821 ante
3113 2767 3361 2821 smculum
3391 2777 3701 2838 generatum
3729 2780 3776 2824 et

2209 2853 2478 2907 creatum?
2503 2852 2626 2908 Hrec
2642 2853 2877 2909 dicentes
2899 2872 2927 2909 a
2949 2858 3261 2926 quibusdam
3286 2859 3483 2913 laudari
3509 2870 3774 2929 putantur,

2212 2958 2315 2998 non
2343 2944 2638 3000 dividentes
2651 2960 2767 3014 quae
2792 2960 3013 3015 persona
3039 2951 3345 3017 prophetico
3368 2951 3554 3017 Spiritu
3578 2951 3642 3005 de
3665 2968 3774 3005 cor-

2209 3048 2337 3103 pore
2382 3036 2588 3091 Domini
2619 3037 2835 3103 clamat,
2864 3048 2916 3092 et
2943 3053 3061 3107 qua:
3095 3039 3164 3094 de
3192 3048 3387 3094 aeterna
3415 3043 3529 3108 ejus
3566 3058 3595 3095 a
3625 3040 3775 3097 Patre

2208 3128 2550 3195 generatione
2576 3129 2750 3183 docet.
2791 3148 2810 3182 ι
2845 3130 2981 3184 Sunt
3008 3131 3173 3185 multa
3203 3132 3397 3187 similia
3446 3135 3497 3186 in
3544 3135 3643 3189 hac
3672 3136 3776 3203 epi-

529 3235 692 3280 tnant.
745 3244 762 3276 ι
809 3224 863 3278 in
892 3222 1077 3277 eadem
1108 3238 1233 3290 ergo
1282 3222 1345 3273 ad
1389 3221 1747 3277 Antiochenos
1777 3224 2023 3289 epistola,
2054 3229 2103 3278 in
2137 3222 2180 3283 C
2210 3223 2343 3272 stola
2388 3235 2504 3289 qua:
2553 3221 2805 3275 adversus
2854 3222 3238 3291 Apolinaristas
3287 3224 3426 3278 dicta
3483 3226 3775 3279 Nestoriani

529 3332 629 3383 qua
670 3317 842 3369 heatm
871 3314 1142 3368 memoria:
1182 3313 1490 3380 episcopum
1522 3313 1865 3367 Athanasium
1896 3330 2108 3370 sucres-

529 3425 620 3461 sor
639 3408 755 3476 ejus
780 3408 965 3461 Petrus
992 3406 1167 3459 omnia
1187 3406 1466 3476 diligenter
1485 3407 1796 3474 exposuisse
1815 3408 2101 3473 perhibuit,

530 3499 629 3550 hoc
666 3510 877 3564 quoque
901 3495 1203 3548 eontinetur
1235 3513 1246 3547 :
1277 3495 1429 3548 Iesus
1459 3493 1691 3549 Christus
1720 3498 1830 3551 lteri
1858 3507 1904 3551 et
1934 3499 2104 3567 hodie,

527 3589 635 3655 ipse
663 3598 706 3641 et
733 3589 785 3641 in
812 3588 994 3640 swculo
1024 3586 1205 3658 (Hebr.
1246 3604 1360 3652 xm,
1395 3586 1470 3640 8i.
1510 3606 1529 3639 ‹
1564 3588 1689 3644 "eri
1720 3590 1931 3658 quidem
1982 3600 2105 3647 aute

526 3679 722 3732 sazcula
753 3679 1229 3749 sempiternitatnm
1270 3680 1569 3749 signiﬁcat;
1604 3681 1761 3736 hodie
1790 3692 1963 3737 autem
1995 3692 2102 3737 ter-

526 3786 709 3823 renum
736 3771 1017 3836 saeculum;
1045 3772 1095 3825 in
1122 3773 1313 3825 sa'cula
1331 3785 1479 3832 vero,
1504 3782 1619 3839 post
1645 3773 1921 3827 transitum
1948 3775 2103 3844 hujus

526 3861 666 3915 vitze.
696 3860 852 3917 Jesus
880 3862 1126 3917 Christus
1169 3871 1368 3929 autem,
1395 3863 1482 3931 qui
1510 3861 1656 3932 juxta
1691 3864 1958 3918 hominem
1997 3866 2103 3919 sal-

523 3953 720 4007 vatoris
749 3954 1083 4022 intellig'tur,
1112 3969 1214 4007 non
1237 3962 1319 4008 est
1347 3953 1457 4020 ipse
1482 3971 1493 4005 :
1520 3953 1605 4022 qui
1626 3955 1765 4008 enim
1794 3965 2099 4021 provectum

523 4044 695 4096 :etatis
713 4045 964 4112 suscepit,
983 4044 1265 4113 aliquando
1284 4043 1455 4097 infans
1476 4044 1730 4103 existens.
1746 4046 2097 4113 etaliquando

522 4134 606 4186 vir
635 4134 891 4202 incipiens
916 4134 1064 4200 quasi
1096 4148 1355 4186 annorum
1386 4134 1478 4193 50,
1510 4134 1645 4185 sicut
1668 4133 1741 4186 ait
1770 4132 1961 4199 Lucas,
1993 4150 2096 4189 non

525 4232 699 4290 potest
741 4225 855 4294 ipse
898 4238 1040 4278 esse.
1097 4242 1115 4275 ι
1159 4222 1432 4287 Quomodo
1463 4222 1639 4290 itaque
1664 4223 1947 4278 Theodoro
1972 4240 2099 4280 con-

521 4319 772 4372 demnato
794 4333 898 4370 non
919 4317 1078 4371 etiam
1106 4315 1426 4369 Athanasius
1456 4324 1754 4378 accusetur,
1779 4316 1929 4383 quasi
1960 4317 2094 4373 duos

522 4410 696 4471 Jesns,
728 4416 782 4461 et
824 4409 955 4461 duos
985 4408 1223 4461 (llirisms
1262 4406 1541 4471 docuerit;
1589 4407 1711 4475 quia
1750 4408 1976 4475 primum
2011 4410 2087 4463 lo-

522 4512 690 4564 quens
719 4497 784 4552 de
813 4497 933 4551 Jesu
973 4498 1203 4559 Christo,
1232 4499 1317 4564 qui
1366 4507 1447 4552 est
1487 4498 1597 4551 heri
1629 4506 1684 4553 et
1714 4498 1870 4554 hodie
1912 4500 1962 4553 iu
1993 4515 2096 4555 sa:-

2206 3323 2417 3378 quoque
2448 3310 2496 3364 in
2524 3310 2867 3366 assertionem
2897 3313 2975 3366 sui
2999 3313 3196 3367 erroris
3223 3324 3515 3368 assumant.
3543 3316 3647 3370 Sed
3676 3334 3775 3371 non

2206 3399 2327 3454 ideo
2348 3401 2667 3457 Athanasius
2687 3414 2779 3458 aut
2806 3404 2920 3474 ejus
2950 3405 3187 3460 doctrina
3218 3407 3517 3461 damnanda
3549 3419 3651 3463 est.
3683 3410 3775 3479 lgi-

2207 3502 2291 3545 tur
2322 3508 2419 3547 nec
2449 3494 2761 3550 Theodorus
2804 3508 2894 3550 aut
2931 3498 3047 3564 ejus
3087 3500 3326 3554 doctrina
3367 3500 3489 3555 ideo
3513 3502 3721 3557 dicatur
3748 3520 3774 3557 a

2206 3582 2409 3653 synodo
2432 3584 2679 3639 debuisse
2709 3586 2968 3641 damnari.
3007 3587 3109 3641 Sed
3146 3588 3211 3642 ad
3242 3589 3343 3642 alia
3380 3588 3498 3658 ejus
3527 3594 3773 3659 opuscula

2207 3673 2433 3727 transire
2463 3673 2777 3744 delegimus.
2803 3677 2935 3732 Dicit
2967 3677 3142 3747 itaque
3169 3679 3305 3734 idem
3328 3679 3516 3737 beatus
3548 3683 3771 3737 Athana-

2204 3768 2313 3821 sius
2355 3769 2405 3824 in
2436 3771 2767 3839 expositione
2795 3771 3020 3842 symboli
3063 3781 3085 3809 ⁸
3132 3790 3146 3825 :
3192 3792 3210 3825 ι
3256 3773 3356 3840 Qui
3388 3774 3440 3828 in
3476 3776 3583 3829 ﬁne
3607 3791 3771 3829 smcu-

2202 3860 2373 3916 lorum
2419 3861 2750 3918 descendens
2790 3879 2853 3916 ex
2884 3864 3001 3917 sinu
3044 3863 3213 3917 Patris
3244 3870 3261 3887 ‘
3283 3906 3296 3927 ,
3327 3881 3391 3920 ex
3439 3868 3769 3921 immaculata

2202 3948 2419 4018 Virgine
2444 3952 2601 4004 Maria
2652 3961 2890 4006 nostrum
2939 3953 3224 4019 assumpsit
3274 3954 3543 4009 hominem
3592 3956 3769 4011 Jesum

2201 4040 2488 4105 Christum,
2509 4056 2663 4110 quem
2702 4057 2793 4107 pro
2816 4043 2966 4096 nobis
2997 4044 3221 4111 passioni
3245 4045 3491 4109 tradidit;
3522 4066 3540 4098 ι
3572 4056 3621 4100 et
3652 4058 3767 4115 post

2202 4143 2385 4197 pauca,
2403 4148 2421 4180 ι
2448 4129 2766 4198 Principium
2791 4131 2993 4184 viarum
3018 4132 3260 4185 conditus
3283 4134 3434 4188 nobis
3448 4137 3763 4196 estinterra,

2198 4232 2327 4286 quas
2366 4217 2408 4241 “
2448 4219 2601 4272 nobis
2639 4218 2956 4275 ostenditde
2981 4220 3209 4274 tenebris
3233 4222 3672 4283 lnmcn.salutem
3698 4240 3760 4279 ex

2198 4324 2399 4375 errore,
2428 4308 2586 4363 vitam
2616 4324 2680 4364 ex
2705 4311 2948 4376 mortuis,
2975 4312 3246 4365 introitum
3278 4314 3343 4367 ad
3375 4316 3671 4382 paradisum
3697 4317 3761 4370 de

2195 4413 2302 4466 quo
2316 4398 2565 4454 exclusus
2590 4407 2672 4453 est
2697 4399 2864 4453 Adam
2892 4418 2904 4465 ;
2949 4400 3000 4455 in
3024 4416 3181 4470 quem
3214 4404 3401 4457 iterum
3427 4406 3641 4459 intravit
3672 4423 3757 4474 per

2198 4491 2476 4558 latronem,
2492 4490 2623 4545 sicut
2642 4490 2774 4544 dixit
2790 4491 3069 4546 Dominus:
3092 4491 3259 4547 Hodie
3274 4510 3469 4547 mecum
3499 4497 3590 4549 eris
3612 4498 3660 4549 in
3681 4515 3767 4561 po-

519 4589 658 4651 cnla,
689 4599 865 4655 postea
897 4590 1025 4642 dixit
1061 4590 1178 4658 quia
1208 4589 1362 4643 Jesus
1396 4589 1658 4654 Christus,
1686 4590 1773 4657 qui
1814 4589 1962 4658 juxta
1996 4590 2093 4645 ho-
2122 4597 2174 4655 D
2198 4581 2534 4643 t‘adiwibuc-
2556 4595 2704 4645 "1".
2728 4581 2980 4651 45);(1“⁰
3005 4594 3059 4638 el
3095 4584 3285 4639 Ρθυιιιδ
3310 4586 3548 4650 inuam.
3582 4603 3758 4641 θεεεή·

523 4683 719 4734 minem
750 4682 1029 4734 salvator's
1071 4681 1399 4749 intelligitur,
1433 4696 1536 4734 non
1568 4692 1643 4735 est
1674 4681 1807 4747 ipse,
1840 4690 1893 4735 et
1923 4682 2087 4736 ratio-

522 4787 644 4827 nem
672 4772 887 4840 subjicit
928 4787 1022 4827 cur
1050 4772 1161 4841 ipse
1190 4786 1307 4826 esse
1338 4787 1441 4826 non
1470 4772 1673 4839 possit?
1700 4776 2013 4854 Quanquam
2046 4772 2088 4827 si

520 4906 650 4978 duas
667 4914 879 4959 naturas
901 4904 1273 4978 perieetnsﬂvat
1295 4901 1362 4978 εἷς
1431 4907 1493 4978 rei:
1515 4906 1742 4978 instrepat.
1757 4906 2086 4978 ratioszozra't

519 4977 709 5039 πάντα,
739 4980 861 5036 Θεὸς
902 4973 1003 5029 seuit
1023 4973 1281 5040 ἅνθρωπος
1311 4974 1505 5034 ὁαύτός
1539 4991 1551 5026 :
1584 4973 1700 5037 qua:
1732 4976 1892 5040 ipsius
1922 4975 2088 5029 Athao

520 5000 709 5039 παντα,
739 4997 861 5036 υεος
902 4997 1003 5029 και*
1023 4997 1109 5030 ανυ
1146 4997 1281 5033 ωπος
1311 4997 1335 5027 Ο
1357 4997 1505 5034 auro:
1539 4997 1551 5026 ζ
1584 4997 1700 5037 "Ulli
1732 4997 1892 5040 lpSlllS
1922 4997 2085 5029 διπηι-

520 5048 650 5099 uasii
693 5047 852 5099 verba
899 5056 1021 5098 sunt
1068 4997 1524 5098 Iiiiroradversus
1575 5044 1937 5114 Apolinarium
1967 5048 2085 5119 περὶ

501 5119 823 5169 socordiam:
852 5123 1097 5169 Χριστοῦ.

519 5137 823 5188 σαργωσεως
852 5136 1097 5189 λριστου.

591 5195 617 5220 ⁴¹
654 5183 875 5247 Ἐκθεσις
918 5189 1140 5245 πίστεως
1185 5184 1489 5237 inscribitur
1533 5182 1670 5250 apud
1714 5182 2080 5237 Athanasium.

522 5253 573 5304 In
599 5255 716 5317 hac,
743 5266 795 5307 ut
821 5257 870 5308 in
896 5257 1012 5324 aliis
1035 5272 1196 5324 smptu,
1214 5255 1403 5307 vitioso
1428 5268 1552 5324 usus
1576 5263 1655 5324 est
1684 5254 1971 5319 interprete
1994 5254 2088 5307 Fa-

517 5324 741 5397 rundus,
767 5325 855 5397 qui
890 5323 956 5378 ὧν
1006 5341 1100 5393 pro
1152 5326 1218 5379 ὥν
1272 5323 1569 5397 Ιρςξεῐνηείηί
1603 5323 1705 5397 illis
1737 5324 1911 5397 verbis
1938 5326 2083 5397 ᾀρχή

512 5391 639 5446 ὁδῶν
669 5396 879 5465 χειῇ-θεὶς
908 5391 1043 5462 ἡμῖν),
1080 5398 1126 5447 ἐν
1153 5404 1212 5465 τῇ
1233 5403 1297 5465 γῇ
1328 5394 1410 5455 ὧν,
1442 5393 1622 5456 ἔδειξεν
1648 5396 1760 5463 ἡμῖν
1789 5393 1846 5465 ἐκᾼ
1868 5391 2081 5454 exorat};

513 5470 636 5533 φῶς.
679 5456 994 5531 Principium
1036 5456 1433 5517 viaruut'uobis
1464 5468 1649 5531 factus,
1678 5456 1793 5516 eum
1830 5463 1884 5517 in
1934 5466 2082 5518 terris

581 5592 597 5625 ⁸
639 5590 775 5647 Cod.
803 5593 1026 5663 \'eron.,
1056 5596 1282 5649 eruditus
1308 5595 1588 5663 apostolus,
1621 5606 1664 5648 et
1682 5595 1829 5665 legis.

580 5704 598 5780 ζ
636 5700 760 5780 "3:9
798 5711 1013 5757 exstant
1042 5703 1178 5772 apud
1208 5703 1554 5759 Athanasium
1592 5714 1719 5758 tom.
1757 5703 1794 5767 1,
1829 5717 1946 5773 pag.
1980 5701 2069 5767 99,

510 5770 636 5864 Cd‘l‘t‘.
657 5771 809 5910 fitilla
832 5840 1195 5908 Athanasium,
1228 5842 1508 5913 ibid.,pag.
1535 5845 1647 5912 100,
1682 5843 1770 5899 ubi
1802 5841 2064 5897 Muntfau-

2197 4688 2313 4727 sum
2342 4674 2391 4727 in
2427 4674 2643 4739 coelum,
2673 4688 2776 4740 quo
2821 4689 3112 4743 prmeursor
3163 4691 3258 4743 pro
3288 4677 3442 4733 nobis
3498 4680 3759 4747 ingressus

2194 4772 2276 4818 est
2316 4763 2611 4819 dominicus
2642 4764 2801 4818 homo
2831 4762 2881 4832 ιτ,
2910 4765 2961 4818 in
2993 4780 3099 4835 quo
3133 4765 3466 4835 judicaturus
3496 4778 3578 4826 est
3614 4771 3756 4824 vivos

2191 4910 2490 4966 versaretur,
2510 4899 2669 4953 lucem
2708 4900 2849 4955 nobis
2876 4901 2938 4956 de
2967 4901 3177 4955 tenebris
3204 4903 3449 4957 exhibuit.

2263 4969 2288 5008 ι’
2330 4972 2571 5046 κυρία-κὸς
2605 4967 2889 5046 ἆχβρῳπος.
2944 4971 3244 5046 Hominem
3274 4972 3601 5046 dominicum
3651 4974 3750 5046 dici

2193 5040 2368 5110 aliqua
2398 5038 2600 5094 ratione
2627 5038 2896 5095 Christum
2922 5055 3075 5108 posse
3098 5055 3199 5094 non
3232 5042 3494 5097 iutieiatur
3519 5045 3747 5110 Augusti-

2191 5125 2311 5173 nus,
2329 5109 2451 5180 ipse
2476 5117 2649 5163 tamen
2674 5110 2953 5180 aliquando
2980 5126 3007 5163 a
3030 5124 3089 5165 se
3110 5110 3304 5164 dictum
3328 5123 3577 5167 retractat
3606 5114 3688 5166 lib.
3706 5129 3745 5175 ι,

2190 5179 2338 5243 capJ
2350 5180 2403 5244 9,
2418 5193 2536 5233 cum
2552 5181 2616 5233 sit
2630 5179 2806 5249 utique
2824 5181 3097 5235 Dominus.
3112 5182 3277 5245 Quam
3291 5185 3452 5236 etiam
3468 5184 3536 5236 oh
3546 5197 3745 5237 causam

2189 5249 2596 5321 Apoliuaristas,
2651 5250 2789 5316 quod
2822 5252 2890 5305 ita
2924 5251 3065 5319 loqui
3096 5252 3351 5321 solerent,
3381 5253 3598 5321 castigat
3620 5251 3744 5307 Gre-

2188 5320 2365 5385 gorius
2395 5319 2757 5374 Nazianzenus
2787 5322 2942 5386 epiSI.
2975 5322 2998 5374 1
3034 5321 3101 5375 ad
3132 5319 3443 5376 Cledonium
3479 5342 3491 5375 :
3518 5319 3591 5381 illi
3619 5324 3741 5375 ἅρπαι

2188 5391 2440 5464 retrusam:
2472 5390 2657 5464 inquit,
2699 5391 2744 5464 ei
2771 5389 3043 5464 ἄνθρωποι,
3086 5390 3212 5462 μηδέ
3240 5395 3635 5455 ἀπατάσθωσαν,
3665 5389 3743 5445 ἄν.

2187 5461 2383 5534 θρωπον
2407 5458 2551 5514 ἄνουν
2586 5458 2960 5532 δεχόμενοίτὸν
2984 5458 3232 5537 κυρίακὸν,
3263 5466 3330 5523 ὡς
3365 5465 3507 5519 αὐτοὶ
3531 5464 3737 5535 λέγουσι’

2253 5591 2272 5620 ³
2312 5588 2453 5644 Idem
2492 5589 2638 5655 cod.,
2668 5600 2782 5644 ante
2809 5589 2998 5644 omnia.

2176 5700 2362 5755 conius
2389 5700 2663 5767 legendum
2687 5699 2901 5769 conjicit
2920 5701 2970 5755 iu
2994 5711 3142 5766 terra,
3171 5718 3220 5757 IN
3242 5719 3362 5766 om.
3389 5703 3566 5758 Grmra
3590 5710 3725 5756 sunt;

2175 5773 2315 5844 ἀρχὴ
2368 5770 2492 5826 ὁδῶν
2539 5774 2753 5834 κτισοεὶ;
2784 5774 2940 5841 ἡμῶν,
2974 5774 3021 5827 ἐν
3045 5782 3105 5846 τῇ
3222 5774 3305 5839 ὧν,
3334 5778 3445 5847 ἡμῖν
3476 5773 3661 5838 ἴδεξῑν,
3682 5792 3723 5823 ιιι

2176 5863 2200 5894 τ
2249 5864 2292 5894 Ι.-
