3998 6202
240 282 340 337 διιι

238 407 296 450 et
341 403 603 452 mortuos.
647 417 665 450 ι
713 399 778 454 Et
817 414 936 469 post
983 401 1252 472 aliquanta
1301 423 1314 458 :

237 489 324 545 lus
367 504 488 559 qure
520 491 676 545 nobis
707 492 919 548 condita
949 505 1031 549 est
1059 495 1126 550 ad
1160 497 1541 566 plantationem
1572 512 1837 568 nostram,

237 599 381 638 nova
412 594 496 638 est
521 593 576 639 et
604 600 709 640 non
742 597 912 652 vetus,
944 588 1102 645 nobis
1130 598 1185 645 et
1211 607 1316 646 non
1343 593 1420 648 eis
1445 595 1534 664 qui
1566 605 1692 651 ante
1719 611 1838 662 nos,

234 677 396 731 Jesus
421 677 512 743 qui
566 677 584 708 ⁸
632 679 788 747 juxta
836 679 1158 738 salvatorem
1207 682 1380 739 factus
1409 695 1493 741 est
1543 687 1722 754 homo,
1753 690 1842 758 qui

236 770 624 836 interpretatur
659 778 842 838 pastor
871 779 918 839 η,
951 772 1116 842 salus,
1146 773 1413 832 interdum
1458 778 1616 833 etiam
1659 779 1839 834 salva-

238 869 346 914 tur.
390 878 407 910 ι
453 859 860 916 Calumnientur
899 862 1060 932 igitur
1092 875 1146 920 et
1188 865 1332 932 huic,
1363 875 1613 939 tanquam
1645 883 1838 925 secun-

236 953 366 1005 dum
398 951 700 1007 Nestorium
745 953 972 1008 alterum
1004 955 1201 1012 dicenti
1233 957 1427 1013 Filium
1455 959 1572 1026 Dei,
1610 960 1837 1014 alterum

235 1057 367 1094 vero
416 1052 658 1097 nostrum
693 1042 967 1098 hominem
999 1045 1184 1101 Jesum
1215 1048 1488 1104 Christum
1521 1067 1534 1102 :
1571 1051 1692 1120 quia
1725 1065 1832 1108 non

234 1133 308 1186 ait
352 1133 542 1189 Filium
581 1135 671 1188 Dei
699 1137 1046 1206 semetipsum
1079 1139 1363 1196 tradidisse
1393 1156 1488 1211 pro
1517 1142 1694 1207 nobis,
1727 1145 1834 1198 sic-

239 1235 292 1275 ut
339 1224 624 1293 Apostolus
673 1225 842 1289 dixit;
893 1227 987 1280 sed
1019 1229 1194 1295 potius
1243 1231 1366 1297 quia
1417 1232 1579 1286 Filius
1610 1233 1830 1290 descen-

237 1316 370 1368 dens
398 1331 463 1368 ex
490 1315 606 1369 sintt
646 1316 818 1371 Patris
845 1320 1138 1386 assumpsit
1165 1331 1408 1376 nostrum
1440 1323 1708 1379 hominem
1739 1327 1830 1381 Je-

237 1423 357 1460 sum
408 1405 680 1461 Christum
716 1427 727 1460 :
763 1411 960 1478 quem?
1011 1411 1112 1466 hoc
1158 1414 1300 1482 quod
1347 1414 1422 1469 ait
1465 1418 1485 1448 '
1528 1417 1832 1474 dominicus

239 1500 422 1564 homo,
448 1502 498 1553 in
524 1513 627 1570 quo
650 1501 984 1569 judicatttrus
1013 1515 1094 1558 cst
1120 1505 1274 1559 vivos
1296 1517 1349 1560 et
1376 1518 1647 1573 mortuos,
1678 1513 1829 1580 quasi

233 1593 395 1648 devio
427 1608 584 1647 sensu
611 1594 841 1649 alterum
872 1597 1135 1665 putaverit
1167 1598 1453 1655 Dominum
1487 1601 1701 1670 Filium,
1737 1607 1825 1674 qui

230 1685 565 1752 judicaturus
589 1686 830 1739 estvivos
848 1697 1188 1753 etmortuos;
1219 1689 1445 1745 alterum
1477 1708 1604 1748 vero
1647 1695 1822 1747 domi-

234 1774 301 1827 ni.
324 1791 410 1828 tun
440 1774 730 1838 hominem,
761 1775 812 1828 in
835 1791 940 1844 qtto
966 1775 1306 1846 iudicaturus
1334 1793 1435 1835 est.
1469 1781 1817 1839 Calumnictt-
1853 1799 1898 1858 Β
1929 1774 2095 1865 (sum,
2140 1774 2206 1856 οι.
2244 1802 2348 1856 alia
2379 1803 2399 1833 "
2421 1803 2536 1873 ejus
2582 1808 2863 1875 superiora

231 1877 321 1919 tur
345 1865 502 1920 etiam
527 1869 666 1937 quod
700 1867 946 1922 similiter
973 1869 1067 1933 ait,
1097 1869 1254 1926 Jesus
1282 1881 1387 1937 est,
1416 1875 1505 1943 qui
1542 1874 1694 1943 juxta
1721 1877 1826 1931 sal-

228 1967 469 2013 vatorem
499 1959 668 2014 lactus
698 1969 780 2015 est
811 1961 992 2027 homo,
1024 1963 1268 2018 dicentes
1289 1966 1429 2033 quod
1459 1981 1520 2021 ex
1549 1983 1614 2021 eo
1640 1968 1826 2024 Jesum

228 2067 257 2104 a
305 2053 574 2108 salvatore
615 2054 879 2121 diviserit,
903 2055 1154 2125 quoniam
1181 2071 1303 2112 eum
1323 2058 1472 2126 juxta
1497 2060 1824 2116 salvatorem

228 2147 407 2214 potius
431 2163 588 2217 quam
627 2148 947 2204 salvatorem
975 2149 1130 2204 dixit.
1159 2148 1388 2216 Scripsit
1425 2151 1585 2206 etiam
1628 2153 1823 2209 librum

225 2248 415 2292 contra
461 2239 778 2294 Manicltteos
819 2238 867 2304 ι),
911 2241 1062 2309 cujus
1100 2241 1418 2311 principium
1465 2251 1548 2296 est
1578 2260 1591 2295 :
1626 2241 1826 2298 Dissol-

226 2329 295 2380 vit
329 2344 549 2381 errorem
595 2333 798 2395 veritas,
846 2328 898 2394 iu
946 2346 1052 2399 quo
1100 2331 1178 2386 sic
1221 2332 1338 2386 ait:
1371 2350 1389 2384 t
1417 2332 1640 2398 Quando
1677 2336 1821 2390 enim

227 2420 505 2474 hominem
552 2420 736 2475 Jesum
774 2420 952 2487 video,
984 2421 1226 2492 intelligo
1255 2424 1431 2494 qualis
1466 2437 1577 2489 eSt;
1610 2427 1823 2495 quando

225 2522 412 2566 autrm
444 2513 666 2566 modum
697 2513 1066 2582 contemplor,
1095 2514 1335 2569 admiror
1362 2532 1536 2585 neque
1566 2532 1821 2587 agnosco,

227 2605 453 2657 mutatio
498 2604 694 2673 quippe
733 2603 1145 2659 admirationem
1177 2616 1414 2676 prtestat.
1460 2607 1524 2660 Et
1565 2609 1820 2664 essentia:

223 2695 446 2765 quidem
495 2706 715 2751 mutatae
763 2714 868 2751 non
917 2705 1068 2765 sunt,
1101 2707 1286 2754 manet
1313 2699 1455 2753 enim
1485 2715 1682 2770 corpus
1714 2716 1817 2758 non

222 2787 454 2842 alterum
479 2788 724 2842 cll'ectum
754 2807 767 2842 :
794 2804 966 2859 neque
989 2789 1131 2844 enim
1151 2804 1345 2860 corpus
1366 2789 1418 2845 in
1447 2791 1818 2861 incorporeum

223 2895 446 2934 versum
470 2891 573 2947 eSt,
609 2896 782 2950 neque
807 2882 986 2936 anima
1017 2883 1186 2937 altera
1219 2898 1316 2953 per
1342 2885 1630 2939 essentiam
1657 2887 1820 2942 exsti-

222 2972 308 3024 tit.
339 2971 444 3025 Sed
475 2975 812 3027 tnanentibus
853 2973 1107 3029 essentiis
1135 2975 1311 3029 studia
1341 2991 1447 3030 non
1480 2987 1815 3035 manserunt.

221 3061 572 3132 Nequaquam
616 3064 759 3117 enim
801 3064 1108 3118 essentialia
1153 3073 1278 3118 sunt
1307 3065 1661 3122 studiamam
1703 3082 1814 3122 ma-

1103 288 1236 345 PRO
1277 291 1706 351 DEFENSlONE
1751 297 1968 356 TﬂlUM
2009 304 2321 363 CAPiTUL.
2369 309 2496 364 LIB.
2547 312 2632 369 XI.

3424 329 3529 383 802

1364 425 1382 504 ς
1430 409 1448 428 ⁶
1483 409 1553 462 Ea
1587 425 1713 466 vero
1744 427 1827 467 sa-
1858 418 1906 475 Α
1937 437 2038 492 qua
2088 424 2293 478 ratione
2335 425 2438 480 sub
2476 427 2819 486 anathemate
2847 433 3208 504 condemnato
3241 439 3528 500 Theodoro

1947 513 2168 582 ejusque
2214 514 2585 587 dogmatibus,
2615 520 2897 588 Athanasii
2941 527 3112 595 possit
3141 529 3381 587 doctrina
3426 535 3534 589 de-

1947 603 2112 671 fendi,
2143 605 2189 659 si
2225 607 2846 673 secuttdumrverborum
2889 629 3074 684 sonos,
3109 629 3162 673 et
3193 636 3298 675 non
3337 639 3529 680 secun-

1945 693 2070 749 dum
2097 696 2290 751 mentis
2321 695 2672 754 intentionem
2710 701 2998 770 judicanda
3038 720 3160 764 sunt
3189 710 3327 766 dicta
3356 715 3526 784 majo-

1944 789 2097 841 rum?
2131 800 2184 842 et
2216 787 2445 844 doceant
2475 808 2593 860 quae
2634 795 2857 851 mutatio
2899 799 2949 852 in
2981 799 3194 856 homine
3225 803 3350 858 Jesu
3389 803 3525 860 facta

1943 890 2047 948 est,
2074 898 2178 935 non
2210 883 2427 938 mutatis
2454 886 2734 953 essentiis;
2761 890 2842 942 vel
2867 904 2988 960 quae
3011 892 3062 946 in
3090 893 3178 948 illo
3199 897 3371 950 studia
3395 897 3525 967 ipsis

1942 975 2286 1031 manentibus
2327 977 2579 1034 essentiis
2623 995 2729 1035 non
2775 996 3104 1040 manserunt.
3154 987 3282 1043 lltcc
3309 992 3448 1044 enim
3480 994 3522 1044 si

1941 1063 2254 1120 Theodorus
2300 1068 2630 1123 inveniretur
2669 1071 2893 1141 dixisse,
2921 1076 2997 1130 sic
3027 1093 3147 1132 eum
3191 1080 3522 1136 tit-testaren-

1939 1161 2046 1220 tur,
2077 1155 2229 1224 quasi
2274 1157 2546 1213 Christum
2577 1175 2604 1214 a
2639 1162 2897 1230 pravitate
2927 1164 3050 1219 vita:
3077 1176 3132 1221 et
3161 1183 3190 1220 a
3221 1169 3377 1223 malis
3405 1182 3520 1223 stn-

1942 1246 2048 1301 diis
2079 1251 2146 1302 ad
2176 1249 2402 1305 meliora
2431 1252 2605 1306 studia
2638 1257 2984 1324 prmdicasset
3011 1276 3131 1317 esse
3160 1278 3478 1318 conversum
3507 1284 3517 1318 :

1937 1339 2077 1408 quod
2103 1339 2428 1398 Athanasius
2460 1336 2702 1415 pi'ol'eclo
2726 1363 2834 1403 non
2860 1350 3048 1417 sensit,
3068 1363 3121 1408 et
3147 1354 3286 1408 absit
3311 1371 3338 1407 a
3365 1357 3519 1412 nobis

1938 1442 1994 1488 ttt
2038 1434 2140 1489 hoc
2181 1436 2328 1490 illum
2377 1439 2613 1495 sensisse
2661 1443 2966 1510 credamus,
3011 1445 3152 1514 quod
3200 1463 3305 1500 non
3347 1449 3518 1503 solum

1936 1526 2202 1593 personali
2224 1526 2510 1599 divisione,
2537 1531 2676 1586 sicut
2702 1532 3001 1600 Nestorius,
3039 1535 3306 1590 hominem
3339 1537 3518 1594 Jesum

1933 1630 1961 1668 a
2007 1615 2118 1671 Deo
2160 1617 2355 1682 Verbo,
2399 1635 2582 1675 verum
2634 1623 2795 1678 etiam
2840 1626 3029 1680 studiis
3070 1643 3176 1682 non
3226 1629 3380 1684 bonis
3419 1632 3516 1684 ali-

1931 1709 2146 1776 quando
2191 1719 2406 1778 putaret
2446 1711 2613 1768 fuisse
2659 1715 2889 1771 divisum
2919 1718 2930 1771 l
2965 1718 3130 1774 Porro
3173 1729 3228 1775 et
3260 1721 3360 1775 ltoe
3390 1703 3513 1776 ulti-

2909 1824 3029 1878 quae
3076 1815 3513 1878 memoravimus,

1934 1891 2322 1947 intellectorem
2364 1907 2632 1963 quierunt.
2663 1897 2794 1953 Nam
2824 1914 2948 1954 cum
2992 1902 3082 1956 Dei
3114 1903 3381 1972 adjutorio
3425 1909 3516 1961 de-

1934 1979 2222 2035 fenduntur
2243 1983 2411 2037 multo
2436 1985 2641 2040 facilius
2663 2004 2822 2057 quam
2849 1989 2963 2056 ipse
2987 1992 3169 2046 beatus
3193 1994 3515 2050 Athonasitts

1932 2071 2170 2142 Dionysii
2201 2073 2283 2128 sui
2312 2075 2612 2131 decessoris
2643 2077 2786 2132 dicta
2828 2080 3088 2135 defendit.
3128 2082 3194 2136 Et
3237 2099 3515 2151 possemus

1928 2163 2144 2234 quidem
2174 2165 2288 2220 haec
2317 2167 2452 2236 ipsa,
2486 2182 2582 2238 pro
2627 2168 2874 2225 facultate
2905 2187 3062 2244 quam
3093 2172 3349 2228 Dominus
3378 2190 3509 2244 pra:-

1927 2265 2051 2325 stat,
2077 2256 2346 2326 quomodo
2375 2267 2520 2312 recte
2551 2259 2915 2330 intelligantur
2944 2263 3249 2330 ostendere,
3281 2273 3338 2318 et
3366 2266 3512 2319 heni-

1925 2363 2032 2418 gno
2081 2363 2145 2404 ac
2189 2348 2276 2418 pio
2325 2349 2468 2404 Patri
2521 2352 2657 2406 hanc
2701 2352 2752 2406 in
2791 2353 2905 2407 suis
2942 2352 3098 2408 dictis
3138 2354 3298 2410 ofﬁcii
3341 2355 3508 2410 vicem

1926 2440 2229 2508 redhibere,
2263 2442 2405 2512 quod
2438 2443 2554 2512 ipse
2582 2445 2726 2512 prius
2755 2446 2806 2498 in
2845 2445 3002 2500 dictis
3035 2447 3270 2516 Dionysii
3304 2449 3386 2502 sui
3419 2448 3505 2504 de-

1923 2533 2155 2586 cessoris
2183 2532 2453 2598 exhibuit;
2500 2534 2602 2603 nisi
2647 2536 2772 2605 quia
2822 2537 3035 2606 longum
3079 2547 3182 2605 est,
3225 2547 3281 2593 et
3323 2541 3374 2593 itt
3407 2540 3506 2594 hoc

1923 2633 2087 2689 opere
2111 2635 2218 2676 non
2243 2623 2441 2693 scripta
2475 2625 2856 2680 veneraltilium
2889 2625 3104 2681 Patrum
3135 2629 3502 2698 interpretari,

1920 2714 2016 2768 sed
2067 2715 2526 2786 Eutychianorum
2570 2719 2868 2773 calumnias
2919 2735 3016 2789 pro
3061 2737 3253 2792 magna
3299 2724 3506 2792 synodo

1920 2804 2200 2861 confutare
2231 2809 2597 2877 suscepimus;
2619 2826 2853 2886 quarum
2885 2811 3177 2880 repulsioni
3203 2813 3423 2879 sufﬁcit,
3459 2818 3501 2869 si

1921 2898 2046 2953 talia
2072 2901 2152 2954 vel
2181 2901 2487 2956 difﬁciliora
2514 2903 2594 2957 his
2619 2918 2716 2971 pro
2734 2903 2927 2972 quibus
2948 2905 3016 2959 ab
3037 2919 3101 2960 ea
3122 2905 3308 2960 dicunt
3328 2907 3504 2962 Theo-

1918 2988 2108 3043 dorum
2139 2999 2191 3044 et
2230 2989 2348 3060 ejus
2377 2992 2720 3047 laudatricem
2753 2995 3034 3062 epistolam
3066 2995 3319 3051 debuisse
3349 2998 3500 3052 dam-

1922 3082 2058 3150 nari,
2095 3083 2444 3138 ostendantur
2481 3084 2558 3138 illi
2612 3085 2798 3140 Patres
2841 3085 3062 3151 dixisse,
3104 3101 3238 3156 quos
3284 3088 3502 3158 culpare

222 3165 416 3210 nereut
438 3170 558 3210 cum
589 3158 864 3223 essentiis,
897 3165 951 3212 et
981 3173 1085 3212 non
1117 3155 1478 3214 auferrentur.
1501 3180 1521 3212 ι
1551 3161 1606 3217 Si
1634 3162 1812 3217 omnia
1842 3164 1888 3228 C
1919 3191 2025 3232 ηοη
2058 3178 2276 3235 audent,

221 3262 342 3314 quae
373 3261 470 3315 pro
499 3261 591 3300 sua
623 3247 914 3302 stoliditate
941 3249 1107 3302 nostri
1142 3260 1556 3318 praesumptores
1586 3266 1684 3306 nec
1721 3251 1815 3308 de-

223 3335 448 3391 fendere
475 3351 572 3391 nec
605 3337 906 3407 intelligere
938 3338 1073 3394 bene
1105 3340 1396 3408 potuerint,
1445 3357 1542 3411 pro
1581 3343 1816 3410 ipsorum

228 3427 504 3483 voluntate
533 3429 831 3483 damnanda
865 3438 989 3483 sunt
1017 3447 1029 3480 :
1056 3430 1324 3498 quomodo
1356 3445 1461 3485 non
1508 3432 1668 3487 etiam
1714 3434 1816 3488 ista

222 3520 528 3575 damnanda
559 3521 744 3575 sunt‘?
772 3530 863 3574 aut
890 3522 934 3576 si
965 3522 1078 3576 Itale
1106 3521 1244 3577 bene
1272 3523 1569 3592 intelligere
1598 3534 1819 3591 possunt

221 3623 380 3681 atque
411 3613 720 3680 defendere,
759 3629 857 3669 cur
887 3631 992 3669 non
1034 3617 1194 3670 etiatn
1242 3615 1330 3670 illa
1374 3617 1664 3682 Theodori,
1697 3633 1815 3688 qua:

221 3705 272 3758 in
323 3705 513 3776 synodi
559 3706 1016 3761 Chalcedonensis
1064 3707 1427 3776 przejudicium
1467 3707 1746 3776 culpantur
1770 3708 1812 3776 ⁸,

221 3796 357 3853 bene
406 3799 711 3867 inte!ligunt
745 3810 905 3869 atque
935 3798 1268 3853 defendunt?
1309 3799 1446 3854 Ecce
1489 3800 1816 3857 Athanasius

221 3891 320 3944 hoc
356 3890 518 3943 etiam
567 3889 720 3954 dicit,
753 3890 876 3958 quia
907 3903 1026 3943 cum
1077 3889 1293 3943 modum
1338 3890 1732 3959 contemplatur
1763 3891 1813 3945 in

221 3981 442 4035 homine
469 3982 620 4048 Jesu,
654 3979 970 4046 admiratur,
1005 3995 1178 4048 neque
1206 3980 1466 4049 agnoscit,
1495 3995 1562 4035 eo
1593 3981 1732 4050 quod
1765 3983 1813 4037 ei

193 4073 442 4124 mutatio
489 4069 899 4125 admirationem
947 4079 1187 4139 pt'atslat.
1237 4069 1424 4124 Dicant
1471 4085 1602 4138 ergo
1657 4071 1814 4126 nobis

215 4229 404 4304 μᾶλλρν
429 4227 484 4304 δέ
503 4233 586 4304 τᾲν
609 4229 786 4304 neptes
804 4230 944 4304 ἡμῶν
967 4229 1051 4304 nati
1080 4223 1250 4304 eum:
1285 4224 1369 4304 Ne
1397 4225 1528 4304 alios
1552 4226 1813 4304 decipiant

215 4295 449 4352 homines
471 4300 578 4360 isti,
600 4295 690 4351 τιεὲ
717 4295 1164 4368 ipsidecipiantur,
1198 4295 1448 4350 hominem
1478 4297 1805 4368 dominicum,

214 4379 268 4420 ut
292 4371 392 4439 ipsi
407 4371 707 4431 loquuntur,
727 4366 802 4422 uel
825 4369 991 4435 potius
1014 4366 1288 4420 Dominum
1311 4377 1598 4422 nostrutnet
1623 4367 1808 4438 Deum,

215 4440 397 4492 mentis
425 4450 678 4509 expertem
709 4441 1023 4507 profitentes.

2520 3290 2745 3346 CAPUT
2783 3291 2866 3346 lll.

1923 3401 2072 3470 Quod
2108 3401 2495 3468 Amphilochius
2529 3401 2809 3459 Iconiensis
2853 3403 3040 3458 similia
3079 3405 3234 3461 etiam
3263 3406 3326 3458 iis
3376 3405 3501 3458 scti~

2117 3474 2274 3542 pserit
2303 3489 2418 3543 qua:
2448 3476 2502 3527 in
2539 3475 2807 3528 Theodoro
2836 3475 3299 3544 reprehenduntur.

1992 3605 2154 3674 Igitur
2191 3612 2248 3659 ct
2293 3619 2356 3658 ex
2399 3604 2553 3660 dictis
2594 3606 2738 3661 beati
2779 3606 3136 3676 Amphilochii
3182 3608 3498 3663 lconiensis‘2

1917 3694 2156 3766 episcopi
2183 3695 2356 3763 aliqua
2389 3695 2740 3763 proferamus,
2770 3711 2929 3766 quem
2978 3705 3033 3752 et
3069 3697 3498 3766 sapientissimus

1916 3789 2149 3845 Joannes
2179 3788 2547 3845 Antiochenus
2576 3803 2697 3842 cum
2739 3787 2989 3842 orientali
3031 3789 3260 3842 concilio
3301 3791 3497 3858 proba-

1918 3887 2182 3941 tissimum
2238 3887 2515 3941 doctorem
2577 3884 2983 3955 pronuntiavit,
3042 3893 3097 3936 et
3139 3876 3498 3953 imperatores

1917 3976 2201 4032 Gratianus
2229 3986 2283 4032 et
2309 3976 2517 4046 major8
2543 3975 2876 4032 Theodosius
2909 3975 3064 4054 talem
3093 3974 3495 4044 judicaverunt,

1913 4081 1974 4129 ut
2023 4073 2396 4143 praeciperent,
2445 4071 2586 4127 sicut
2627 4076 2820 4142 quarto
2867 4067 3002 4123 libro
3043 4068 3495 4133 memoravimus,

1914 4244 2071 4296 quam
2103 4228 2157 4283 itt
2190 4226 2404 4282 nomine
2431 4224 2561 4303 Jesu
2585 4223 2726 4293 quod
2755 4224 2838 4303 hic
2869 4237 3147 4303 perperam
3181 4221 3492 4303 verbisjllis

1914 4293 2175 4374 intextum
2202 4306 2303 4374 est,
2335 4312 2432 4352 nec
2463 4295 2842 4374 legituraputl
2870 4293 3240 4374 Serapionem,
3284 4293 3387 4374 .qui
3428 4293 3494 4374 de

1914 4372 1978 4426 iis
2022 4369 2324 4424 hominibus
2367 4375 2572 4422 tantum
2604 4366 2706 4435 agit
2756 4366 2843 4434 qui
2886 4365 3130 4444 a_pr_avi§_
3160 4364 3400 4444 merit-rus
3427 4364 3492 4444 ad

1917 4442 2136 4496 meliora
2165 4439 2339 4493 studia
2369 4432 2787 4503 convertuntur;
2808 4435 2948 4502 qttod
2979 4434 3045 4487 de
3076 4433 3287 4488 Christo
3311 4432 3484 4486 Durni-

286 4519 311 4545 ⁸
353 4511 410 4563 ltt
443 4504 740 4582 Ciacconi
763 4504 850 4580 μέν
877 4511 1125 4582 σωτηρία,
1154 4505 1296 4582 πῂ,δέ
1327 4507 1806 4581 awrrip,interdum
1835 4515 1890 4575 D
1914 4527 1982 4567 no
2006 4511 2244 4581 cogitare
2273 4509 2493 4576 impium
2521 4515 2621 4582 est.
2647 4507 2822 4572 Quare
2851 4504 3100 4560 Facundo
3124 4505 3376 4574 imposuit
3403 4506 3490 4574 qui

217 4580 670 4638 salus,interdum
697 4578 932 4634 salvator
958 4595 972 4633 :
1003 4578 1168 4645 quare
1196 4578 1282 4632 hic
1305 4578 1583 4646 perperam
1610 4588 1803 4647 pastor.

284 4650 310 4688 δ
351 4651 517 4705 Tituli
544 4650 720 4720 hujus,
744 4651 828 4704 vel
852 4651 1076 4715 exordii,
1102 4650 1277 4702 nullus
1300 4650 1457 4702 hodie
1479 4649 1612 4702 liber
1632 4656 1809 4705 exstat

211 4721 516 4775 Athanasii.
551 4719 808 4790 COngrttit
837 4731 1013 4774 autetn
1043 4729 1098 4774 et
1125 4720 1328 4790 titulus,
1359 4728 1413 4772 et
1438 4721 1716 4773 exordium
1745 4721 1808 4774 li-

211 4792 308 4846 bro
320 4793 920 4860 Serapionis'l‘hmueOs
933 4790 1166 4859 episcopi
1191 4789 1446 4860 adversus
1466 4790 1803 4853 Manichacus,

207 4865 256 4912 in
290 4859 469 4932 eoque
497 4873 623 4916 sttnt
652 4866 808 4916 verba
841 4877 960 4930 qua:
991 4861 1184 4932 recitat
1210 4859 1509 4932 Facundus,
1542 4869 1596 4914 et
1625 4860 1810 4932 tribuit

207 4929 532 4988 Athanasio.
567 4935 672 4988 Sed
699 4929 870 4988 levior
902 4933 956 4986 in
984 4929 1218 4985 auctoris
1247 4930 1460 4984 nomine
1485 4931 1626 4985 fraus
1648 4931 1810 4986 fuerit

279 5070 298 5100 '
341 5067 475 5122 Cod.
500 5064 890 5134 Veron.,.lesus
918 5071 1011 5130 est,
1035 5061 1144 5134 qui.
1165 5061 1366 5116 Textus
1389 5061 1603 5116 Grmcus
1625 5059 1806 5131 habet,

209 5141 611 5212 ’1ηςθῦςέστιπη⁸
706 5208 720 5212 _
904 5202 958 5212 Μ
1009 5203 1020 5212 .
1063 5211 1067 5212 γ
1588 5200 1632 5212 η

279 5212 300 5241 ²
347 5210 488 5264 Idem
514 5208 658 5268 cod.,
689 5208 869 5260 Jesum
896 5202 1179 5266 Christum,
1209 5217 1356 5270 quem
1385 5218 1477 5270 pro
1512 5200 1658 5253 nobis
1701 5211 1807 5254 tra-

205 5281 341 5334 didit
367 5281 609 5347 passioni.
642 5277 1034 5333 Calumnientur
1058 5283 1103 5328 et
1127 5273 1221 5328 hoc
1247 5275 1382 5340 quod
1401 5275 1494 5337 ait,
1518 5272 1803 5324 dominicus

221 5367 384 5416 mmo,
412 5361 514 5405 etc.

279 5488 303 5511 θ
344 5485 701 5545 Athanasius,
733 5481 888 5544 llild.,
935 5494 1056 5548 pag.
1087 5477 1208 5541 lOl,
1238 5476 1292 5533 'tt
1320 5475 1664 5543 SéeraBtEa-a
1683 5475 1799 5544 ἡμῖν

203 5561 282 5620 εἷς
314 5559 674 5629 zzz-“3933131190:
697 5555 946 5630 σωτηρίαΣ
977 5554 1136 5630 καινὴ.
1155 5553 1234 5602 καὶ
1274 5552 1333 5630 ρύ
1351 5551 1572 5630 ῖξαλαιάη
1592 5551 1712 5621 ἡμῖν
1742 5565 1795 5630 ’ξε

205 5617 294 5684 ιιάί
315 5632 374 5685 οε)
398 5617 497 5703 πρὀ
517 5617 676 5694 ἡμῶν.
699 5617 896 5683 Ἰησοῧς
924 5621 1085 5684 ἐστιν,
1117 5617 1142 5704 ᾇ
1162 5619 1293 5704 κριτὰ
1328 5618 1412 5668 τὸν
1433 5625 1646 5704 patrima:
1658 5617 1800 5704 :ycvo'

207 5683 361 5760 ras-ao;
384 5683 641 5770 amissaa;
665 5695 718 5756 ὂς
744 5697 1040 5770 ἒρμήνευται
1060 5693 1131 5770 ξιςή
1146 5690 1233 5768 μὲν
1257 5690 1506 5770 myrapia.
1528 5691 1600 5743 πή
1619 5683 1670 5740 δέ
1694 5705 1800 5770 fm-

205 5756 409 5844 ἤρξω
433 5759 512 5824 est
549 5785 559 5817 :
597 5756 778 5820 Creoni
802 5756 960 5836 ’νο-νυ
988 5756 1211 5815 nobisin
1244 5756 1604 5825 plantationeut
1634 5756 1795 5820 talus,

1914 4583 2055 4637 hunc
2077 4576 2132 4636 ci
2161 4583 2331 4634 locum
2364 4576 2648 4648 suggessit.

1993 4662 2015 4691 ο
2036 4650 2184 4712 Quod
2207 4643 2547 4718 superius—de
2577 4646 2869 4701 Athanasio
2895 4647 3092 4718 dictum
3122 4655 3224 4718 est,
3253 4643 3395 4718 idem
3425 4643 3490 4697 de

1914 4714 2290 4790 Amphilochia
2339 4719 2390 4774 in
2441 4719 2523 4773 his
2567 4716 3009 4790 ejusseutentiis
3059 4714 3485 4782 intelligendum,

1913 4789 2047 4847 duas
2077 4792 2130 4846 itt
2159 4790 2376 4846 Christo
2419 4799 2636 4843 naturas
2665 4789 2990 4856 distinguere
3010 4827 3025 4850 ,
3058 4801 3162 4840 non
3211 4795 3485 4856 personas.

1915 4863 2026 4938 lloc
2052 4863 2192 4917 enim
2223 4860 2422 4938 diserte
2453 4861 2720 4938 professus
2746 4853 2910 4938 est'in
2946 4856 3173 4938 epistola
3205 4855 3269 4908 ad
3299 4853 3488 4938 Seleu:

1915 4933 2076 4999 cium,
2109 4948 2266 5008 quam
2299 4932 2426 4986 citat
2459 4930 2730 4996 Leontius,
2753 4935 2843 4989 τήν
2882 4936 2970 4985 τοῦ
3002 4935 3130 4984 Θεοῦ
3155 4928 3377 4998 μορφὴν,
3407 4928 3488 4978 καὶ

1984 5069 2005 5100 ³
2025 5068 2164 5123 ltlem
2187 5067 2332 5136 cod.,
2363 5069 2694 5122 damnentur.

1982 5139 2162 5194 ‘ldem
2187 5141 2332 5206 cod.,
2357 5140 2585 5208 culpant.

1980 5211 2001 5242 ⁵
2028 5211 2170 5266 Idem
2193 5209 2339 5274 cod.,
2370 5211 2481 5264 illa.

1978 5281 1998 5313 ⁸
2016 5281 2161 5336 ldem
2187 5282 2337 5345 cod.,
2367 5288 2412 5334 et
2441 5277 2827 5333 Valentinianus
2848 5283 2893 5328 et
2918 5277 3102 5346 major.

1902 5469 2033 5506 nova
2056 5462 2101 5508 et
2131 5469 2233 5506 non
2274 5453 2502 5529 antiqua,
2529 5450 2671 5529 nobis
2699 5457 2745 5502 et
2771 5465 2870 5501 non
2895 5459 3015 5529 ante
3044 5465 3152 5512 nos,
3183 5447 3339 5502 Jesus
3357 5453 3485 5529 oest,

1901 5525 1989 5593 qui
2027 5534 2291 5596 quatenus
2319 5517 2764 5596 Salvator,_factus
2801 5529 2874 5574 est
2922 5523 3072 5596 (tanta
3103 5533 3260 5585 :qua:
3282 5517 3485 5596 quidem

1901 5588 2022 5659 uox,
2036 5588 2208 5659 Jesus,
2223 5593 2498 5661 aliquando
2518 5591 2678 5653 salus,
2695 5591 2970 5657 aliquando
2992 5592 3215 5646 salvator
3230 5588 3483 5642 redditur.

1905 5665 2037 5720 llinc
2062 5664 2295 5720 Facundi
2321 5664 2498 5718 vcrsio
2529 5661 2890 5718 rel'ortnanda.
