3998 6202
488 338 587 389 8;)?

1601 327 1890 389 FACUN‘DI
1934 325 2145 383 EPISC.
2181 321 2688 380 HERMIANENSIS

3657 314 3758 368 SWS

491 451 616 520 quid
662 457 781 520 post
829 447 1231 504 crucifixioncm
1282 447 1567 502 Dominum
1617 461 1743 501 caro
1794 442 2071 512 suscepit?
2101 441 2153 501 Α
2180 440 2312 494 dans
2337 438 2555 508 quidem
2587 434 2923 505 passionibus
2955 433 3365 499 humanitatem,
3388 433 3757 503 Operationem

493 545 727 601 Proinde
755 544 797 597 si
831 542 947 596 haec.
972 582 986 605 ,
1027 549 1086 595 ut
1122 540 1230 596 dixi
1266 582 1281 606 ,
1334 541 1683 611 Eutychianis
1725 537 2072 607 objiciuntur,

496 636 809 705 Gregorium
847 649 1058 703 quoque
1092 634 1464 688 damnabunt?
1502 649 1569 686 an
1607 646 1668 686 ea
1699 632 1891 686 melius
1921 630 2080 711 intel-

496 731 659 799 ligere
676 738 727 782 et
745 742 1018 795 exponere
1044 725 1414 781 conabuntur?
1440 726 1571 781 Nam
1600 735 1655 780 et
1676 732 1897 780 sanctus
1915 724 2082 777 Atha—

496 822 679 875 nasius
711 821 764 874 in
796 820 934 875 libro
968 835 1128 889 quem
1160 819 1227 874 de
1258 819 1527 874 Trinitate
1556 815 1911 885 conscripsit,
1945 815 2083 868 sicut

498 912 661 967 tertio
706 919 891 965 nostro
924 911 1342 965 memoravimus
1369 951 1383 974 ,
1423 909 1489 963 ad
1531 918 1843 962 naturarum
1891 904 2084 960 distin-

497 1004 735 1058 ctionem
767 1004 1015 1058 similiter
1043 1003 1205 1057 dixit:
1235 1021 1253 1054 t
1280 1002 1513 1056 Verbum
1537 1001 1683 1057 enim
1715 1009 1768 1054 et
1800 999 1966 1053 Filius
1992 997 2085 1051 Dei

504 1111 719 1164 semper
744 1103 862 1147 erat
907 1094 1163 1147 Dominus
1196 1093 1337 1146 Deus
1363 1133 1377 1157 ,
1424 1102 1477 1146 et
1505 1106 1609 1146 non
1641 1094 1761 1161 post
1790 1087 2088 1143 cruciﬁxio—

500 1202 620 1242 tzein
654 1186 824 1240 factus
854 1194 938 1239 est
972 1186 1231 1238 Dominus
1261 1184 1538 1247 Christus;
1592 1181 1709 1245 sed,
1742 1187 1802 1234 ut
1841 1176 2085 1249 prtedixi,

505 1279 888 1331 humanitatem
948 1275 1066 1344 cjzis
1129 1275 1309 1329 effecit
1369 1273 1625 1329 divinitas
1690 1270 1972 1325 Dominum
2034 1276 2086 1321 et

504 1370 696 1426 Deum.
741 1387 757 1418 ι
808 1367 915 1424 Sed
943 1370 1006 1420 ad
1040 1368 1376 1437 propositum
1421 1374 1775 1421 revertamur.
1810 1362 1947 1416 Dicit
1992 1360 2093 1414 ita-

506 1480 609 1532 que
659 1480 844 1517 rursus
885 1462 1029 1517 idem
1077 1473 1296 1518 sanctus
1342 1461 1637 1532 Gregorius
1681 1458 1870 1513 eodem
1903 1457 2089 1511 libro:

515 1571 534 1604 ι
590 1554 833 1607 Divinam
875 1554 1204 1622 Scriptoratn
1246 1554 1300 1607 in
1344 1553 1591 1607 manibus
1621 1549 1685 1605 ad
1718 1546 2091 1617 exponendmn

512 1645 773 1699 habentes
814 1653 959 1698 vetat
1009 1660 1233 1716 magnus
1280 1644 1574 1710 Apostolus
1623 1641 1792 1695 aniles
1830 1639 2094 1695 novitates

515 1737 790 1806 suscipere
815 1754 826 1787 :
852 1753 1063 1793 crucem
1094 1736 1554 1801 animadvertens,
1589 1749 1803 1790 crucem
1829 1731 2114 1800 intelligo,

2183 540 2363 586 autem
2393 526 2805 585 resurrectionis
2833 525 2974 580 illius
3001 526 3089 593 qui
3114 538 3302 594 passus
3325 534 3412 579 est
3434 523 3634 579 divina:
3660 526 3768 581 vir-

2186 623 2306 689 tuti,
2345 636 2453 676 non
2490 619 2555 674 ad
2592 616 3056 688 praejudicandum
3084 616 3513 673 Cbalcedonensi
3537 619 3769 674 concilio

2184 714 2458 782 sapientes
2489 711 2595 765 viri
2618 711 2638 742 ¹
2681 709 2970 779 jactarent,
3011 707 3155 777 quod
3195 707 3319 763 ideo
3348 707 3479 763 dicit
3507 708 3658 763 illius
3684 709 3770 777 qui

2188 817 2377 872 passus
2408 812 2512 868 est,
2558 811 2811 871 tanquam
2840 801 3062 855 alterius
3092 815 3337 870 personae
3364 800 3435 854 sit
3466 801 3607 855 Deus
3637 801 3760 855 Vet-

2188 894 2315 948 bum
2351 894 2440 962 qui
2473 906 2662 962 passus
2697 907 2802 945 non
2835 890 3031 947 fuerit?
3060 900 3152 946 aut
3182 890 3323 960 quod
3356 890 3428 945 ibi
3458 892 3772 947 subsecutus

2190 984 2388 1053 adjecit
2414 1001 2427 1037 :
2456 983 2520 1037 Et
2552 984 2629 1037 sic
2661 982 2850 1037 mortis
2884 981 3219 1050 experientia
3248 980 3315 1035 ad
3337 981 3484 1037 illum
3512 984 3604 1053 qui
3631 998 3777 1038 com-

2192 1074 2486 1128 municavit
2514 1072 2757 1142 passibili
2789 1081 2994 1127 naturae
3024 1073 3280 1137 refertur,
3322 1088 3429 1128 non
3460 1086 3778 1130 accusarent

2195 1166 2247 1219 in
2276 1164 2562 1219 Theodoro
2586 1205 2603 1230 ,
2648 1165 2784 1219 sicut
2812 1166 2991 1219 solent
3017 1207 3031 1231 ,
3078 1166 3315 1221 dicentes
3343 1168 3469 1235 quia
3500 1184 3606 1222 non
3638 1167 3779 1236 ejus-

2195 1258 2315 1313 dcm
2348 1272 2594 1328 persona:
2633 1258 2861 1313 credidit
2891 1258 3057 1312 Deum
3090 1274 3246 1326 quem
3282 1258 3576 1327 hominem,
3608 1272 3670 1316 ut
3699 1262 3776 1316 di-

2194 1360 2363 1416 ceret,
2408 1349 2550 1405 illius
2576 1350 2668 1419 qui
2699 1364 2887 1419 passus
2917 1359 3001 1405 est
3022 1392 3036 1415 ,
3091 1351 3142 1405 id
3194 1361 3276 1405 est
3307 1352 3541 1407 hominis
3562 1396 3576 1417 ,
3607 1354 3677 1407 ad
3722 1355 3779 1409 il-

2197 1442 2305 1497 lum
2334 1442 2566 1497 refertur
2595 1443 2639 1510 ³,
2674 1442 2726 1497 id
2755 1451 2841 1497 est
2868 1444 2933 1497 ad
2967 1443 3133 1509 Deum
3164 1443 3398 1498 Verbum
3424 1462 3437 1509 ;
3468 1456 3523 1501 et
3552 1445 3779 1501 hominis

2199 1535 2499 1603 passionem
2525 1548 2622 1605 per
2655 1534 2972 1590 relationem
2999 1534 3097 1605 ipsi
3122 1535 3236 1591 Deo
3254 1534 3429 1592 Verbo
3446 1538 3665 1603 ascribi,
3686 1539 3777 1595 sic-

2200 1637 2257 1678 ut
2290 1624 2355 1679 ad
2388 1623 2659 1678 hominem
2691 1624 2902 1691 altiora,
2948 1640 3064 1694 quat
3096 1636 3220 1680 sunt
3273 1626 3367 1681 Dei
3409 1627 3595 1694 Verbi,
3627 1637 3684 1684 et
3707 1631 3779 1683 di-

2201 1719 2324 1771 vina
2356 1716 2571 1771 nomina
2600 1716 2760 1781 simili
2788 1716 2946 1771 modo
2977 1717 3330 1773 descendunt.
3365 1719 3573 1774 Rursus
3600 1720 3780 1776 eodem

509 1839 566 1885 et
615 1830 903 1885 humanum
951 1845 1147 1885 nomen
1198 1830 1460 1894 edoctus,
1508 1827 1785 1897 conspicio
1813 1840 1933 1880 eam
1977 1839 2096 1893 quae

2224 1812 2336 1866 ibro
2358 1811 2425 1865 de
2451 1812 2551 1864 hoc
2574 1802 2689 1878 ipso
2711 1810 2936 1879 loquens
2967 1827 2979 1862 :
3016 1828 3034 1860 ι
3070 1809 3125 1865 Si
3157 1811 3300 1865 enim
3327 1812 3569 1876 deceret,
3597 1814 3780 1881 inquit,

511 1920 841 1989 signiﬁcatur
871 1937 936 1976 ex
985 1920 1205 1973 nomine
1246 1920 1366 1990 ipso
1398 1928 1666 1971 naturam.
1715 1915 1878 1969 istum
1916 1914 2097 1980 itaque

512 2012 712 2066 doceor
744 2028 769 2063 a
820 2012 976 2065 Petro
1006 2014 1201 2064 factum
1227 2024 1350 2064 esse
1377 2007 1660 2063 Dominum
1707 2014 1760 2060 et
1783 2003 2054 2060 Christum
2081 2017 2094 2065 ;

513 2102 673 2155 istum
706 2104 797 2172 qtti
831 2102 882 2156 in
924 2102 1095 2157 oculis
1128 2100 1328 2155 nostris
1358 2099 1530 2155 factus
1557 2108 1640 2153 est
1666 2097 1734 2151 ab
1755 2111 1822 2152 eo
1850 2095 1954 2151 dici
1987 2109 2093 2148 non

512 2191 704 2246 dubito
745 2209 758 2244 :
789 2193 1040 2261 quoniam
1088 2203 1140 2246 et
1169 2191 1464 2269 concinunt
1498 2188 1601 2244 sibi
1643 2180 1874 2244 invisem
1905 2184 2098 2255 sancti,

515 2290 570 2338 ct
599 2282 801 2336 iualiis
822 2283 1072 2337 omnibus
1096 2283 1278 2349 rebus,
1301 2283 1427 2336 etin
1461 2280 1561 2334 hac
1583 2289 1756 2349 parte.
1788 2278 1940 2332 Sicut
1958 2277 2101 2330 enim

515 2375 618 2428 iste
641 2389 763 2428 eum
794 2374 885 2443 qui
915 2374 1202 2429 crucifixus
1231 2382 1317 2428 est
1346 2374 1627 2428 Dominum
1654 2371 1852 2426 factum
1877 2383 1997 2424 esse
2023 2367 2100 2423 di-

515 2467 623 2528 cit,
667 2468 745 2521 sic
772 2476 827 2521 et
859 2465 1054 2519 Paulus
1093 2466 1263 2535 inquit
1309 2464 1767 2533 supercxaltatum
1817 2468 1942 2530 post
1974 2473 2101 2529 pas-

521 2555 731 2611 sionem
776 2566 978 2626 etpost
1014 2558 1489 2611 resurrectionem.
1544 2574 1562 2607 ›
1614 2553 2020 2609 Animadvertat
2052 2558 2107 2605 et

522 2646 578 2699 in
599 2645 699 2700 hac
720 2646 987 2701 sententia
1011 2646 1201 2709 lcetor,
1236 2647 1361 2715 quia
1384 2660 1505 2700 cum
1528 2643 1657 2698 dicit
1689 2660 1703 2697 :
1740 2645 1903 2698 Istum
1929 2643 2107 2711 itaque

520 2740 721 2796 doceor
742 2756 768 2794 a
794 2742 952 2802 Petro
978 2740 1171 2795 factum
1197 2756 1317 2796 esse
1344 2740 1629 2795 Dominum
1650 2738 1994 2795 etChristum
2016 2755 2031 2805 ;
2055 2747 2109 2791 et

474 2860 477 2863 <
528 2833 717 2886 iterum
761 2831 957 2899 repetit
984 2832 1218 2887 dicens:
1264 2830 1428 2885 Istum
1461 2833 1549 2900 qui
1590 2831 1643 2885 in
1687 2830 1865 2885 oculis
1907 2828 2109 2884 nostris

525 2923 694 2977 factus
723 2934 802 2977 est
831 2924 899 2976 ah
924 2937 990 2977 eo
1012 2922 1118 2977 dici
1155 2938 1263 2977 non
1286 2922 1494 2989 dubito,
1525 2920 1856 2977 tantumdem
1889 2920 2029 2975 valet
2048 2932 2111 2973 ac

523 3014 569 3068 si
605 3014 809 3069 diceret
836 3031 851 3069 :
882 3015 1067 3081 Istum,
1100 3031 1206 3070 non
1239 3014 1386 3069 illum
1419 3017 1509 3085 qui
1553 3025 1678 3070 ante
1708 3014 1905 3070 sarcula
1934 3013 2114 3067 Domi-

525 3122 627 3162 ttus
658 3118 806 3171 erat;
835 3122 936 3163 nec
965 3116 1144 3162 tamen
1176 3108 1311 3162 duos
1340 3107 1477 3162 ﬁlios
1509 3108 1559 3160 in
1596 3108 1701 3161 isto
1727 3116 1780 3163 et
1810 3108 1864 3161 in
1900 3107 1991 3161 illo
2017 3105 2111 3160 do-

2204 1904 2255 1957 in
2306 1902 2396 1956 illa
2445 1900 2730 1966 excellenti
2780 1911 2968 1956 natura
3014 1901 3195 1956 dicere
3242 1901 3445 1972 aliquid
3494 1904 3782 1958 secundum

2205 1992 2502 2062 profectum
2533 1992 2858 2063 contigisse;
2894 1992 3043 2047 verbi
3068 1996 3258 2063 gratia,
3293 2001 3351 2048 ut
3376 2009 3441 2048 ex
3469 1996 3679 2063 privato
3701 2011 3784 2050 rex

2206 2084 2377 2149 ﬁeret,
2410 2098 2475 2139 ex
2508 2084 2695 2138 humili
2727 2084 2997 2154 excelsus,
3045 2101 3110 2141 ex
3139 2100 3299 2141 servo
3332 2086 3613 2152 Dominus,
3641 2088 3785 2143 dece-

2207 2190 2285 2233 ret
2305 2177 2533 2233 fortassc
2564 2186 2618 2232 et
2642 2176 2790 2232 Petri
2814 2193 2999 2233 vocem
3024 2178 3222 2233 divina:
3255 2180 3511 2249 unigeniti
3542 2193 3786 2251 coaptarc

2209 2286 2456 2340 persona:
2493 2272 2535 2325 ⁸.
2569 2273 2831 2338 Quoniam
2864 2282 3044 2327 autem
3074 2272 3350 2338 divinitas,
3380 2274 3639 2343 quidquid
3666 2275 3785 2329 illud

2208 2373 2291 2419 est
2316 2366 2459 2435 quod
2487 2380 2516 2419 a
2549 2364 2704 2419 nobis
2734 2378 2856 2419 esse
2886 2363 3145 2429 creditur,
3176 2378 3391 2434 semper
3415 2363 3605 2419 eodem
3641 2367 3787 2420 modo

2210 2472 2270 2511 se
2303 2457 2501 2522 habet,
2533 2467 2584 2511 et
2617 2455 2761 2511 omni
2790 2453 3156 2509 additamento
3198 2455 3448 2525 superior
3484 2466 3685 2525 exstat,
3716 2457 3790 2510 di-

2212 2550 2567 2603 m’nutionem
2598 2561 2933 2618 nequaquam
2962 2546 3295 2617 percipiens;
3330 2562 3553 2602 necesse
3581 2557 3665 2602 est
3685 2563 3791 2603 oni-

2213 2640 2369 2694 nibus
2427 2639 2601 2695 modis
2649 2640 2715 2693 ad
2774 2639 3162 2694 humanitatem
3213 2641 3417 2695 referre
3464 2630 3789 2695 sermonem.

2213 2730 2358 2786 Detts
2403 2733 2550 2785 enim
2579 2731 2814 2786 Verbum
2849 2770 2864 2795 ,
2917 2729 3056 2800 quod
3113 2738 3230 2785 erat
3275 2729 3328 2785 in
3360 2730 3650 2800 principio,
3701 2732 3793 2787 hoc

2216 2826 2379 2880 etiam
2413 2841 2554 2879 nunc
2584 2833 2694 2889 est,
2745 2833 2799 2878 et
2824 2838 3037 2893 semper
3082 2832 3399 2893 permanet,
3432 2839 3649 2893 semper
3682 2840 3791 2892 rex,

2217 2931 2433 2985 semper
2461 2916 2742 2981 Dominus,
2781 2928 2995 2983 semper
3020 2914 3336 2980 altissimus,
3369 2928 3585 2985 semper
3606 2915 3749 2971 Deus
3780 2933 3792 2969 :

2219 3010 2354 3064 nihil
2386 3011 2577 3064 horum
2608 3025 2704 3079 per
2730 3008 3027 3078 profectum
3053 3007 3300 3076 sumpsit,
3328 3007 3422 3062 sed
3454 3008 3634 3063 omnia
3659 3022 3795 3078 qua:-

2219 3117 2432 3173 cunque
2453 3103 2671 3170 dicitur,
2700 3104 2897 3156 virtute
2922 3117 3032 3157 suae
3061 3112 3267 3157 natura:
3295 3102 3563 3157 consistit.
3598 3102 3691 3157 llle
3712 3118 3797 3157 auo

523 3207 611 3255 cet
634 3199 881 3269 intelligi.
905 3198 971 3252 Et
993 3202 1327 3269 superiorem
1350 3215 1501 3255 suam
1525 3200 1848 3254 sententiam
1873 3198 2112 3265 firmans,
2143 3206 2190 3268 ο
2222 3203 2329 3251 tem
2359 3210 2425 3249 ex
2457 3195 2675 3249 homine
2707 3208 2802 3262 per
2832 3194 3254 3263 assumptionem
3285 3194 3351 3248 ad
3397 3193 3565 3248 Deum
3604 3194 3799 3249 exalta-

526 3305 710 3344 rursus
740 3305 862 3345 eum
907 3301 1028 3360 post
1065 3291 1470 3346 cruciﬁxionem
1518 3298 1794 3347 asseverat
1824 3290 2112 3345 Dominum

527 3383 744 3447 factum,
774 3397 894 3436 cum
927 3384 1002 3436 ait
1030 3400 1043 3435 :
1079 3383 1237 3449 Quia,
1269 3385 1412 3437 sicut
1443 3384 1636 3438 Petrus
1662 3397 1786 3438 eum
1817 3383 1907 3453 qui
1938 3381 2115 3438 cruci—

529 3474 665 3527 ﬁxus
695 3480 779 3525 est
806 3473 1090 3527 Dominunt
1124 3474 1325 3528 factum
1353 3489 1476 3530 esse
1505 3474 1677 3537 dicit,
1722 3474 1801 3527 sic
1837 3483 1892 3529 et
1918 3473 2117 3528 Paulus

529 3562 700 3630 inquit
723 3564 1176 3632 superexaltatum
1213 3574 1334 3633 post
1368 3566 1675 3634 passionem
1701 3575 1753 3620 et
1782 3573 1903 3635 post
1932 3578 2116 3619 resur-

531 3653 844 3709 rectionem.
866 3655 1126 3721 Quocirca
1139 3656 1275 3711 sicut
1288 3671 1409 3711 eum
1426 3664 1547 3726 post
1558 3657 1861 3726 passionem
1876 3663 1929 3710 et
1943 3670 2120 3710 resur-

533 3747 824 3798 rectionem
858 3747 1053 3800 asserit
1082 3747 1376 3801 exaltatum
1411 3746 1722 3801 testimonio
1760 3745 1908 3801 Pauli
1936 3746 2120 3801 dicen-

535 3836 603 3890 tis
636 3853 648 3889 :
687 3836 991 3891 Humiliavit
1036 3840 1364 3909 semetipsum
1396 3839 1562 3910 factus
1589 3839 1827 3893 obedienc
1863 3855 2021 3908 usque
2056 3841 2124 3893 ad

532 3940 767 3995 mortem,
792 3941 1003 3993 mortem
1030 3942 1201 3984 autem
1231 3933 1394 3986 crucis
1429 3947 1447 3985 :
1480 3942 1689 3999 propter
1728 3933 1868 4002 quod
1910 3940 1957 3986 et
1986 3931 2125 3986 Deus

530 4020 678 4075 ilum
707 4022 980 4089 exultavit,
1019 4032 1067 4077 et
1099 4022 1309 4077 donavit
1342 4022 1422 4077 illi
1464 4039 1647 4078 nomen
1697 4024 1837 4093 quod
1866 4032 1942 4077 est
1971 4039 2125 4094 super

532 4130 678 4168 omne
699 4132 881 4169 nomen
902 4115 1127 4186 (Philip.
1146 4134 1203 4182 ri,
1222 4118 1277 4183 8,
1312 4118 1406 4185 9):
1434 4121 1503 4171 ita
1529 4133 1650 4173 eum
1676 4126 1798 4186 post
1817 4118 2124 4186 passionem

534 4222 750 4278 quoque
778 4215 833 4263 et
854 4210 1310 4263 resurrectionem
1336 4210 1568 4263 affirmat
1593 4210 1877 4265 Dominum
1902 4209 2123 4282 factum,

533 4299 680 4366 quod
714 4299 729 4328 ⁸
778 4299 846 4353 de
881 4298 977 4352 illo
1039 4299 1200 4352 etiam
1246 4299 1435 4353 Petrus
1472 4300 1749 4368 apostolus
1783 4302 1858 4354 ait
1888 4317 1900 4353 :
1935 4299 2127 4355 Notum

536 4394 601 4445 sit
649 4392 786 4445 omni
834 4392 1009 4445 domui
1058 4390 1253 4460 Israel,
1296 4392 1541 4460 quoniant
1600 4390 1877 4446 Dominum
1914 4408 2031 4446 eum
2081 4401 2128 4447 et

537 4485 801 4541 Christum
852 4484 988 4540 Deus
1036 4488 1190 4558 fecit,
1234 4488 1370 4541 hunc
1415 4486 1591 4542 Jesum
1636 4502 1783 4557 quem
1825 4503 1913 4541 vos
1963 4488 2129 4541 cruci-

2223 3296 2327 3357 tus,
2362 3286 2504 3341 aliud
2552 3285 2879 3351 consistens,
2918 3296 2973 3341 et
3000 3285 3142 3340 aliud
3192 3284 3413 3341 effectus
3441 3326 3458 3352 ,
3506 3286 3725 3355 proprie
3752 3294 3801 3339 et

2220 3393 2346 3434 vere
2393 3375 2643 3432 Christus
2674 3386 2729 3431 et
2772 3376 3028 3431 Dominus
3074 3376 3246 3431 factus
3288 3391 3411 3432 esse
3456 3376 3675 3432 dicitur.
3725 3376 3799 3430 Ex

2220 3485 2379 3526 servo
2407 3470 2549 3524 enim
2583 3476 2637 3522 et
2665 3484 2731 3522 ex
2764 3468 3006 3537 subjecto
3038 3484 3216 3538 regem
3240 3510 3255 3532 ,
3297 3479 3351 3524 et
3381 3468 3655 3524 Christum
3686 3484 3800 3524 eum

2224 3578 2288 3619 ex
2312 3560 2599 3619 obcdiente
2640 3560 2790 3627 fecit,
2823 3570 2878 3615 et
2905 3561 3045 3630 quod
3079 3562 3278 3618 humile
3306 3571 3423 3618 erat
3445 3562 3800 3632 superexaltao

2227 3654 2341 3721 vit,
2393 3662 2449 3707 et
2497 3653 2789 3708 humanum
2839 3652 3053 3710 habenti
3101 3668 3309 3709 nomen.
3346 3654 3568 3709 donavit
3614 3669 3802 3709 nomen

2230 3745 2374 3815 quod
2405 3755 2488 3800 est
2518 3760 2678 3815 super
2705 3758 2866 3798 omne
2894 3760 3109 3799 nomen.
3145 3764 3163 3797 ι
3202 3746 3293 3800 llis
3324 3761 3540 3816 quoque
3568 3744 3802 3800 conside-

2226 3837 2380 3907 ratis,
2418 3835 2632 3891 vidcant
2673 3836 2763 3905 qui
2796 3834 3135 3891 Theodorum
3168 3851 3290 3892 cum
3322 3839 3435 3891 suis
3475 3837 3803 3907 dogmatibus

2223 3928 2602 3998 judicaverunt
2650 3941 2770 3982 esse
2808 3927 3169 3983 damnandum
3196 3969 3213 3994 ,
3264 3939 3515 3998 tanquam
3546 3930 3804 3985 dicentem

2230 4036 2325 4092 per
2352 4020 2652 4092 profectum
2684 4019 2885 4089 aliquid
2933 4021 3227 4076 accessisse
3259 4020 3481 4076 Christo
3518 4022 3804 4077 secundum

2230 4115 2651 4179 humanitatem;
2685 4113 2936 4182 quoniam
2982 4112 3097 4169 sive
3138 4112 3242 4167 hoc
3271 4112 3585 4168 Theodorus
3610 4113 3805 4178 dixit‘,

2229 4208 2344 4263 sive
2373 4221 2479 4260 non
2524 4205 2742 4273 dixerit,
2775 4205 3071 4274 Gregorius
3101 4204 3319 4260 interim
3364 4204 3535 4273 dicit,
3574 4208 3695 4275 quia
3723 4220 3805 4263 se-

2229 4301 2463 4356 cundum
2496 4297 2795 4365 profectum
2828 4313 2893 4353 ex
2926 4296 3139 4368 privato
3182 4312 3299 4366 rex,
3327 4311 3393 4353 ex
3425 4297 3609 4352 humili
3638 4294 3806 4352 excel-

2229 4406 2340 4458 sus,
2372 4407 2438 4447 ex
2464 4405 2623 4447 servo
2650 4388 2908 4443 Dominus
2933 4388 2983 4443 in
3015 4396 3263 4458 suscepta
3289 4386 3618 4443 humanitate
3646 4386 3808 4442 factus

2230 4495 2314 4542 est
2340 4484 2610 4539 Christus.
2642 4481 2773 4536 Nam
2810 4481 2953 4537 Deus
2976 4480 3233 4545 Verbum,
3264 4480 3406 4551 quod
3434 4490 3549 4535 erat
3572 4480 3622 4534 in
3665 4479 3808 4547 prin-

540 4577 727 4645 ﬁxistis
758 4575 894 4647 (Act.
930 4592 998 4645 ιι,
1030 4580 1146 4651 56).
1196 4578 1325 4633 item
1365 4578 1494 4634 dicit
1523 4578 1713 4634 eodem
1750 4578 1886 4633 libro
1921 4594 1934 4631 :
1983 4596 2001 4629 ι
2057 4576 2126 4632 Ut
2158 4574 2203 4633 Ι)
2232 4578 2398 4646 cipio,
2428 4576 2528 4631 hoc
2554 4575 2714 4630 etiam
2748 4587 2889 4627 nunc
2918 4582 2972 4627 et
2998 4586 3216 4642 semper
3236 4582 3341 4638 est,
3366 4585 3467 4627 nec
3496 4570 3691 4639 aliquid
3722 4569 3806 4623 ho-

538 4673 680 4728 circa
715 4681 1001 4743 utrumque
1030 4673 1170 4744 quod
1202 4673 1412 4743 pietatis
1443 4683 1525 4728 est
1548 4681 1877 4735 reservetur,
1909 4685 1971 4725 ea
1998 4684 2117 4739 qua:

540 4768 773 4818 humana
805 4775 928 4818 sunt
958 4781 1051 4834 per
1087 4763 1508 4833 azsumptionem
1556 4762 1851 4833 gloriﬁcata
1894 4762 2121 4817 demou—

550 4866 708 4923 strat,
733 4864 789 4911 et
820 4872 880 4911 ea
922 4873 1045 4927 qua:
1076 4858 1373 4912 divinitatis
1407 4871 1499 4926 per
1528 4855 1934 4923 descensionem
1974 4854 2125 4908 nullo

542 4950 704 5005 modo
743 4950 953 5018 polluit.
988 4950 1093 5005 Sed
1137 4949 1270 5005 dans
1308 4949 1522 5017 quidem
1569 4945 1906 5015 passionibus
1939 4944 2127 4998 huma-

543 5044 786 5108 nitatem,
819 5042 1188 5113 opcrationem
1217 5051 1394 5096 autem
1434 5036 1841 5095 resurrectionis
1874 5037 2015 5091 illius
2038 5037 2128 5105 qui

542 5149 732 5203 passus
768 5144 850 5190 est
896 5136 1091 5190 divinae
1125 5135 1338 5199 virtuti;
1381 5141 1437 5187 et
1465 5133 1541 5185 sic
1584 5129 1771 5184 mortis
1801 5127 2131 5197 experientia

540 5225 607 5278 ad
636 5226 780 5279 illum
818 5229 903 5296 qui
936 5225 1355 5283 communicavit
1381 5221 1619 5293 passibili
1652 5231 1855 5274 natura:
1880 5219 2133 5283 refertur,

542 5329 761 5387 propter
788 5336 908 5373 eam
936 5335 1055 5389 quae
1083 5319 1147 5373 ad
1178 5333 1298 5373 eum
1328 5326 1413 5372 est
1459 5314 1692 5371 hominis
1718 5312 2129 5377 adunationem;

538 5404 594 5465 et
630 5410 812 5463 altiora
845 5413 970 5464 item
1004 5422 1053 5466 et
1088 5410 1271 5464 divina
1296 5408 1515 5463 nomina
1548 5406 1613 5461 ad
1658 5404 1929 5460 hominem
1964 5402 2131 5457 simili

541 5501 703 5557 modo
730 5501 1082 5556 descendunt.
1125 5521 1142 5554 ι
1178 5500 1424 5571 Nunquid
1452 5498 1498 5555 si
1544 5497 1864 5554 Theodorus
1894 5496 2122 5561 diceret,

614 5678 629 5707 ¹
659 5675 795 5730 Cod.
833 5676 1054 5741 Vcrou.,
1085 5681 1367 5732 secundum
1396 5679 1553 5747 quod.

614 5749 634 5776 ¹
661 5748 800 5798 Ιιιινιιι
831 5747 973 5803 eod..
1005 5749 1161 5798 nostri
1178 5750 1451 5815 jmtureut.

614 5816 634 5845 ⁸
664 5816 823 5869 ldetn.
860 5818 1001 5870 Cttd..
1035 5816 1227 5869 referri.

2228 4684 2341 4723 rum
2389 4681 2483 4736 per
2530 4664 2831 4736 profectum
2863 4665 3110 4734 sumpsit.
3155 4663 3247 4718 llle
3281 4671 3461 4718 autem
3494 4676 3561 4717 ex
3603 4662 3810 4717 homine

2229 4778 2325 4833 per
2354 4761 2774 4829 aSsumptioncm
2827 4758 2893 4813 ad
2935 4758 3103 4813 Deum
3154 4757 3427 4812 exaltatus
3453 4797 3469 4822 ,
3520 4770 3641 4812 cum
3671 4752 3809 4809 aliud

2234 4871 2327 4926 per
2373 4863 2619 4908 naturam
2652 4851 2996 4915 consisteret,
3028 4847 3170 4903 aliud
3216 4848 3441 4903 effectus
3472 4857 3574 4916 est,
3606 4847 3810 4918 proprie

2234 4959 2289 5002 ct
2318 4961 2445 5001 vere
2464 4943 2717 5000 Christus
2761 4952 2817 4998 et
2866 4942 3127 4996 Dominus
3158 4938 3332 4995 factus
3359 4948 3443 4994 est
3476 4956 3491 4993 :
3536 4952 3686 5010 quem
3722 4935 3810 4990 Dei

2245 5037 2403 5092 Verbi
2433 5036 2729 5106 assumptio
2755 5050 2821 5090 ex
2855 5047 3014 5089 servo
3038 5042 3094 5085 et
3115 5046 3181 5087 ex
3206 5030 3450 5100 subjecto
3472 5043 3650 5101 regem
3679 5027 3809 5082 feceo

2240 5132 2329 5196 rit,
2361 5140 2413 5183 et
2458 5128 2729 5184 Christum
2778 5140 2841 5180 ex
2891 5123 3198 5179 obediente.
3249 5120 3523 5177 Accusent
3565 5121 3718 5191 igitur
3758 5126 3811 5173 et

2239 5220 2559 5292 Gregorium
2615 5229 2866 5289 tanquam
2915 5217 3054 5272 duos
3104 5216 3445 5270 inducentem
3494 5215 3647 5280 ﬁlios,
3688 5210 3811 5281 quia

2240 5316 2420 5372 dixit:
2468 5314 2611 5369 Deus
2657 5310 2892 5366 Verbum
2935 5309 3064 5365 nihil
3095 5325 3188 5379 per
3230 5309 3525 5379 profectum
3562 5306 3811 5375 sumpsit;

2245 5409 2334 5464 ille
2382 5416 2559 5461 autem
2589 5420 2655 5459 ex
2686 5403 2902 5458 homine
2950 5416 3045 5470 per
3083 5402 3504 5470 assumptionem
3535 5399 3596 5453 ad
3647 5399 3811 5452 Deum

2233 5501 2497 5555 cxaltalus
2540 5507 2643 5553 cst.
2701 5497 2767 5550 Et
2813 5495 2965 5566 quasi
3008 5494 3309 5559 dicentem,
3361 5492 3505 5565 quod
3532 5490 3812 5561 aliquando

2303 5676 2323 5705 "
2351 5675 2490 5727 Idem
2519 5670 2665 5736 cod.,
2692 5679 2906 5723 natura).

2306 5747 2324 5776 ⁸
2350 5745 2489 5800 idem
2518 5742 2662 5809 cod.,
2690 5742 2892 5795 dixerit.
