3998 6202
350 337 452 389 8(ξῦ

1238 332 1369 389 PRO
1410 328 1837 387 DEFENSONE
1872 327 2087 383 TRIUM
2121 326 2433 383 CAPITUL.
2479 327 2602 382 LIB.
2648 326 2734 380 Χῖ.

3506 322 3606 379 8M

348 446 601 502 Dominus
628 444 783 501 Jesns
806 448 881 499 sic
909 439 1069 497 fuerit
1100 456 1287 497 servus
1317 457 1380 497 ac
1406 441 1701 510 subjectus,
1724 449 1785 494 ut
1816 455 1919 494 non
1949 445 1999 503 Α
2026 447 2107 490 eat
2135 437 2271 491 calix
2304 438 2431 505 iste,
2465 447 2515 492 et
2540 478 2555 500 ,
2591 436 2708 491 Non
2753 438 3001 504 sicutego
3032 436 3143 490 volo
3169 476 3181 499 ,
3225 437 3313 491 sed
3350 436 3478 489 sicut
3520 447 3593 499 tu,

349 539 508 593 etiam
538 552 635 591 rex
677 546 821 591 esset
844 544 897 589 et
924 534 1203 600 Dominus,
1230 543 1323 589 aut
1350 535 1496 603 prius
1524 533 1780 589 obediens
1804 534 1921 586 ta'n-

349 640 457 684 tum
492 627 673 694 fuerit,
708 635 761 681 et
787 635 972 695 postea
1002 625 1171 693 ipsius
1198 625 1521 680 obedientize
1549 626 1742 679 merito
1772 624 1926 679 Chri-

348 728 463 774 stus
492 717 748 783 eﬂ‘ectus;
787 728 877 771 aut
907 717 985 772 sic
1018 716 1178 772 fuerit
1215 732 1448 788 unquam
1480 716 1716 780 humilis,
1746 725 1801 769 ut
1834 730 1927 770 ex-

350 810 528 865 celsus
557 822 771 878 quoque
804 823 911 861 non
961 815 1135 873 esset;
1180 815 1280 860 aut
1317 806 1604 876 aliquando
1631 806 1924 859 humanum

352 917 544 956 nomen
571 900 842 964 habuerit,
878 906 937 953 ut
965 914 1071 952 non
1114 900 1334 954 haberet
1376 901 1534 953 etiam
1566 914 1760 953 nomen
1784 897 1926 967 quod

357 1002 431 1045 est
452 1006 614 1058 super
639 1005 798 1043 omne
822 1004 1013 1043 nomen
1040 1008 1051 1041 :
1077 990 1198 1058 quia
1223 1000 1276 1043 et
1304 990 1407 1043 hoc
1438 989 1726 1058 Gregorius
1748 989 1924 1045 dixit:

351 1080 504 1149 Quod
538 1080 738 1133 humile
766 1086 883 1133 erat
912 1079 1334 1145 supercxaltavit
1358 1121 1372 1143 ,
1417 1088 1469 1132 et
1504 1079 1794 1133 humanum
1827 1080 1923 1131 ha«

352 1172 497 1225 benti
548 1184 746 1224 nomen
792 1167 1009 1221 donavit
1050 1182 1246 1222 nomen
1277 1167 1417 1237 quod
1447 1178 1533 1222 est
1561 1182 1723 1237 super
1769 1181 1929 1221 omne

353 1277 568 1317 nomen.
597 1260 864 1314 Aceuseut
889 1260 1051 1312 etiam
1083 1258 1223 1327 quod
1257 1260 1329 1311 ait
1359 1274 1374 1312 :
1410 1258 1502 1313 llle
1533 1268 1708 1312 autem
1737 1273 1803 1312 ex
1830 1261 1927 1310 bu-

355 1355 500 1408 mine
548 1353 607 1406 td
655 1352 820 1405 Deum
864 1352 1152 1413 exaltatus,
1190 1350 1405 1421 proprie
1433 1360 1488 1405 et
1526 1365 1652 1405 vere
1686 1350 1931 1404 Christus

356 1453 411 1499 et
440 1443 695 1497 Dom.’3us
717 1441 892 1495 factus
915 1455 1035 1494 esse
1057 1441 1271 1507 dicitur,
1302 1440 1453 1510 quasi
1476 1440 1718 1494 Christus
1748 1450 1801 1494 et
1828 1440 1930 1493 Do-

359 1533 531 1587 minus
559 1532 729 1585 factus
757 1531 918 1586 homo
946 1546 1064 1585 esse
1088 1530 1330 1595 desierit,
1364 1540 1421 1584 ut
1445 1531 1714 1584 diceretur
1741 1545 1802 1585 ex
1838 1529 1931 1581 ho-

359 1624 498 1678 mine
538 1623 787 1685 Christus
818 1632 873 1676 et
906 1622 1163 1675 Dominus
1195 1620 1389 1675 factus.
1416 1621 1624 1687 Quanta
1652 1634 1777 1675 vero
1808 1620 1931 1673 talia

358 1718 411 1769 in
460 1714 610 1769 libris
651 1714 811 1782 hujus
842 1716 1011 1769 sancti
1054 1714 1301 1783 Gregorii
1332 1712 1537 1781 possint
1574 1712 1826 1776 inveniri,
1858 1727 1927 1766 ex

2027 531 2158 585 nihil
2188 532 2330 586 aliud
2362 532 2619 596 ostendit,
2653 531 2753 585 nisi
2798 531 2918 599 quia
2953 544 3177 587 carnem
3210 546 3339 585 vere
3367 531 3591 587 circuin~

2028 621 2253 676 amictus
2295 630 2379 677 est
2426 624 2699 677 timentem
2744 632 2990 696 mortem.
3034 621 3249 677 Timere
3277 623 3421 676 enim
3455 639 3601 675 rnor-

2028 724 2160 777 tem,
2215 722 2268 767 et
2313 713 2595 778 subtrahi,
2633 722 2689 768 et
2717 715 2965 784 agoniam
3013 712 3213 767 habere
3248 758 3261 779 ,
3310 714 3452 766 illius
3493 724 3595 767 est.

2029 804 2177 859 Nunc
2212 806 2428 875 quidem
2466 821 2586 861 eam
2623 806 2897 862 desertam
2946 816 2999 861 et
3049 808 3243 860 nudam
3289 807 3500 874 reliquit
3541 808 3606 859 ab

2029 897 2344 964 operatione
2374 896 2613 966 propria,
2661 906 2719 950 ut
2745 897 3037 952 ostendens
3076 899 3191 965 ejus
3223 898 3609 957 inﬁrmitatem,

2032 985 2399 1041 manifestaret
2444 986 2561 1056 ejus
2604 996 2869 1041 naturam.
2906 1006 2925 1038 ι
2960 986 3077 1041 Jam
3109 986 3323 1056 quidem
3356 986 3516 1039 etiam
3551 987 3611 1037 Ii-

2031 1077 2129 1131 bro
2160 1078 2339 1141 tertio,
2383 1078 2653 1147 quomodo
2685 1077 2825 1133 idem
2858 1078 3047 1132 beatus
3081 1077 3313 1132 Joannes
3344 1077 3611 1133 Christum

2031 1166 2327 1221 secundum
2378 1167 2762 1221 humanitatem
2814 1174 3040 1222 mortem
3075 1166 3315 1220 docuerit
3347 1166 3611 1227 timuisse,

2033 1260 2398 1329 probavimus.
2430 1260 2536 1314 Sed
2572 1260 2699 1313 illud
2734 1259 2894 1313 modo
2926 1260 3171 1312 volumus
3200 1258 3426 1323 attendi,
3468 1258 3610 1326 quod

2031 1357 2104 1408 ait
2136 1370 2149 1405 :
2187 1352 2337 1407 Nunc
2368 1353 2583 1423 quidem
2610 1367 2728 1407 eam
2770 1352 3039 1405 desertam
3070 1360 3122 1405 et
3166 1349 3359 1404 undam
3399 1350 3615 1415 reliquit

2032 1445 2098 1499 ab
2128 1446 2442 1509 Operatione
2467 1445 2703 1514 propria,
2737 1458 2856 1497 cum
2894 1443 2969 1497 sic
3002 1457 3119 1497 eam
3153 1442 3257 1496 sibi
3290 1444 3453 1496 Deum
3485 1441 3615 1496 νει-α

2034 1539 2157 1593 bum
2186 1539 2237 1592 in
2263 1554 2421 1591 unam
2451 1537 2853 1592 subsistentiam
2884 1535 3154 1590 adunasse
3186 1534 3471 1589 credamus
3498 1574 3512 1598 ,
3558 1545 3616 1586 ut

2033 1629 2101 1682 ab
2144 1644 2211 1683 ea
2260 1628 2444 1682 divelli
2496 1637 2727 1696 nequeat
2772 1626 2826 1679 in
2876 1634 3185 1680 aeternum:
3234 1638 3391 1693 quam
3438 1631 3614 1676 tamen

2035 1729 2184 1773 recto
2212 1732 2396 1785 sensu,
2422 1733 2580 1788 quem
2612 1717 3067 1786 Eutychianorum
3101 1716 3326 1770 stultitia
3355 1730 3458 1769 non
3494 1730 3615 1784 pos-

356 1804 460 1858 hec
501 1804 673 1858 lector
703 1803 976 1873 eonjiciat,
1027 1803 1152 1872 quia
1196 1817 1294 1856 nos
1320 1818 1425 1856 non
1454 1803 1624 1857 solum
1651 1818 1715 1857 ex
1741 1801 1928 1857 eodem
1962 1814 2009 1874 Β
2036 1819 2116 1864 set
2141 1810 2393 1878 indagare
2422 1824 2522 1865 nec
2564 1810 2810 1877 impietas
2843 1807 3052 1877 placide
3077 1817 3131 1863 et
3172 1814 3486 1862 reverenter
3525 1820 3613 1861 ac-

360 1897 475 1965 ejus
503 1910 684 1963 opere,
727 1910 911 1950 verum
941 1894 1103 1949 etiam
1141 1910 1207 1949 ex
1236 1895 1428 1949 eodem
1462 1895 1598 1951 libro
1640 1902 1783 1947 tanta
1814 1910 1937 1963 pro—

364 1988 599 2053 tulimus,
631 1995 829 2057 quanla
862 1986 1168 2041 necessaria
1198 2000 1372 2040 causa:
1410 1985 1786 2053 judicavimus.
1830 1986 1939 2040 Nec

360 2091 536 2133 tamen
586 2092 684 2147 pro
727 2077 926 2131 talibus
974 2076 1190 2146 dignum
1218 2085 1299 2132 est
1345 2077 1461 2146 ejus
1492 2076 1791 2132 doctrinam
1838 2076 1938 2132 sub

359 2169 702 2224 anathemate
727 2168 1093 2223 condemnati.
1131 2167 1366 2221 Primum
1399 2166 1636 2237 quidem,
1675 2167 1799 2236 quia
1831 2183 1936 2223 non

364 2261 584 2317 infamia
615 2260 759 2330 digni
790 2271 936 2324 sunt,
970 2261 1057 2326 qui
1087 2269 1405 2328 praesentem
1437 2260 1596 2311 vitam
1621 2272 1741 2312 eum
1770 2257 1938 2327 gloria

361 2354 641 2406 ﬁnierunt.
692 2351 893 2406 Deinde
941 2351 956 2380 ¹
994 2349 1176 2404 Patres
1220 2363 1431 2419 quoque
1468 2349 1758 2403 orientales
1797 2348 1941 2403 dice-

360 2444 489 2496 bant
523 2460 536 2495 :
577 2460 594 2493 ι
624 2441 679 2497 Si
708 2452 885 2496 autem
920 2440 1234 2511 quidquam,
1266 2442 1556 2510 imperator
1584 2450 1805 2504 sancte,
1847 2440 1943 2494 ob-

356 2550 575 2590 scurum
618 2534 814 2605 aliquis
862 2532 1089 2588 inveniri
1121 2533 1268 2587 dicat
1297 2534 1350 2587 in
1382 2532 1648 2587 Theodori
1694 2531 1783 2587 vel
1810 2532 1945 2586 alio-

362 2644 483 2682 rum
516 2627 746 2691 litteris,
798 2628 903 2680 boc
953 2625 1231 2680 retractari
1274 2622 1640 2680 necessarium
1693 2637 1798 2678 non
1836 2630 1938 2678 est.

364 2723 600 2786 Quorum
630 2719 774 2773 enim
803 2718 907 2771 vita
958 2717 1010 2771 in
1052 2716 1357 2772 sacerdotio
1388 2724 1442 2770 et
1474 2716 1772 2769 ministerio
1801 2714 1942 2785 opti-

360 2827 508 2866 mum
540 2811 725 2865 habuit
755 2809 915 2863 finem
941 2851 955 2875 ,
1005 2807 1089 2862 his
1137 2807 1412 2876 praei-ataui
1457 2805 1682 2875 gloriam
1725 2804 1944 2861 dedica-

368 2924 506 2974 tnus,
539 2917 593 2961 et
631 2922 736 2961 non
766 2921 830 2962 ex
864 2906 972 2959 illis
999 2918 1091 2958 eos
1117 2901 1428 2972 judicamus
1458 2901 1525 2955 de
1557 2899 1750 2969 quibus
1779 2897 1943 2967 aliqui

367 3002 626 3056 atrociter
669 3015 763 3055 eos
804 3005 1078 3053 accusant.
1125 2994 1463 3064 lmpossibile
1503 2995 1648 3048 enim
1679 3001 1783 3059 est,
1822 3006 1941 3046 cum

362 3091 611 3146 homines
655 3092 762 3145 sint
795 3093 881 3159 qui
913 3088 965 3142 in
1008 3086 1244 3141 Ecclesia
1271 3087 1486 3151 docent,
1518 3094 1574 3138 ut
1602 3084 1940 3139 calumnian-

2036 1901 2240 1969 cipere,
2280 1900 2517 1954 Joannes
2544 1899 2613 1953 ab
2643 1900 2734 1953 illo
2766 1898 3014 1967 perhibet
3042 1912 3162 1952 esse
3192 1896 3481 1952 desertam.
3513 1894 3614 1961 Qui

2037 2006 2224 2045 rursus
2264 1990 2316 2043 in
2346 1999 2650 2044 commento
2673 1989 2933 2057 Epistula:
2963 1988 3027 2042 ad
3059 1987 3321 2056 Ephesios
3350 1986 3485 2046 libro
3509 1995 3618 2040 ter-

2040 2086 2112 2139 tio
2151 2084 2280 2138 dicit.
2309 2101 2322 2138 :
2356 2104 2377 2135 ί
2415 2082 2709 2138 Considera
2740 2092 2998 2152 quantum
3019 2091 3109 2137 est
3139 2083 3276 2136 inter
3309 2081 3539 2136 hominis
3565 2090 3619 2134 ct

2041 2176 2133 2231 Dei
2178 2186 2423 2230 naturam
2464 2174 2702 2229 medium
2729 2213 2745 2241 ,
2790 2183 2846 2229 et
2876 2173 2943 2228 ab
2996 2172 3097 2228 hac
3140 2173 3344 2227 vilitate
3384 2173 3436 2225 in
3468 2172 3618 2226 illum

2040 2280 2162 2321 eum
2192 2268 2449 2322 honorem
2495 2265 2707 2320 devexit
2741 2283 2753 2316 :
2789 2280 2896 2320 non
2926 2280 3036 2318 uno
3061 2262 3232 2335 gradu
3265 2263 3620 2326 transcendit,

2040 2366 2095 2414 et
2134 2360 2392 2425 secundo,
2441 2367 2496 2413 et
2528 2358 2686 2413 tertio
2717 2357 2855 2412 habe
2883 2367 2911 2396 ι
2941 2373 2955 2411 :
2988 2372 3094 2411 non
3139 2356 3457 2426 simpliciter
3484 2356 3621 2410 dixit

2042 2465 2278 2515 sursum,
2311 2451 2403 2505 sed
2434 2464 2597 2519 super
2630 2465 2867 2515 sursum,
2906 2465 3027 2504 nam
3059 2450 3347 2505 virtutibus
3376 2450 3622 2519 supernis

2044 2540 2292 2608 superior
2322 2550 2425 2595 est.
2486 2541 2629 2610 Ergo
2673 2540 2799 2595 illuc
2845 2540 3033 2596 evexit
3076 2556 3198 2595 eum
3230 2541 3321 2611 qui
3364 2555 3436 2595 ex
3469 2542 3622 2597 nobis

2045 2639 2160 2694 est;
2204 2630 2271 2683 ab
2301 2631 2484 2685 ultima
2526 2640 2668 2685 meta
2697 2630 2763 2684 ad
2802 2636 3111 2698 supremum
3141 2632 3320 2686 evexit
3359 2631 3621 2701 principa-

2053 2727 2184 2784 tum,
2216 2729 2338 2789 post
2362 2734 2518 2789 quem
2552 2735 2656 2773 non
2690 2730 2773 2774 est
2796 2719 2930 2775 alter
2958 2721 3128 2774 honor
3160 2738 3172 2773 :
3200 2735 3361 2791 super
3382 2736 3620 2787 omnem,

2048 2808 2255 2878 inquit,
2299 2809 2700 2876 principatum:
2745 2824 2851 2864 non
2884 2809 2984 2864 hoc
3030 2810 3276 2879 quidem,
3319 2812 3420 2867 hoc
3445 2821 3621 2867 autem

2049 2912 2178 2966 non,
2210 2900 2304 2953 sed
2335 2907 2388 2954 et
2418 2914 2579 2968 super
2607 2914 2822 2954 omnem
2854 2909 3175 2971 potestatem
3209 2910 3263 2956 et
3292 2901 3542 2957 virtutem
3571 2914 3624 2957 et

2048 2991 2488 3054 dominationem,
2536 2999 2592 3044 et
2622 3006 2784 3044 omne
2825 3006 3021 3047 nomen
3053 2994 3193 3062 quod
3238 2996 3543 3050 nominatur
3568 2995 3622 3050 in

2048 3083 2188 3138 ctelo
2209 3084 2337 3138 etin
2367 3091 2531 3149 terra,
2553 3084 2800 3152 superior
2827 3084 3002 3139 factus
3030 3095 3131 3139 est.
3169 3085 3278 3140 Hoc
3301 3086 3369 3142 de
3388 3103 3455 3142 eo
3482 3089 3623 3158 quia

369 3185 499 3239 tium
529 3183 949 3253 vituperationes
996 3179 1270 3250 effugiant.
1312 3197 1331 3230 ι
1368 3177 1569 3233 Deinde
1615 3177 1739 3246 quia
1770 3178 1939 3233 multa
1972 3187 2020 3251 ο
2051 3175 2278 3229 mortuis
2308 3175 2599 3229 suscitatus
2628 3184 2711 3231 est
2736 3174 2954 3244 dignum
2995 3174 3201 3242 mirari,
3221 3176 3290 3231 de
3318 3177 3416 3232 Dei
3445 3188 3626 3233 autem

366 3275 491 3330 hinc
517 3276 681 3330 etiam
711 3273 859 3328 laesio
886 3282 1044 3341 atque
1073 3269 1320 3325 confusio
1349 3277 1638 3339 generatur
1669 3268 1941 3323 Ecclesiae.

372 3368 523 3424 Unde
554 3370 746 3422 iterum
771 3366 957 3420 Patres
987 3363 1269 3418 memorati
1294 3360 1546 3416 dicebant
1575 3378 1587 3412 :
1624 3378 1643 3412 v
1674 3359 1809 3426 Quid
1837 3374 1944 3414 non

372 3460 497 3514 hinc
519 3458 753 3513 ltesioois
780 3456 862 3510 vel
892 3451 1257 3522 corruptionis
1287 3460 1342 3505 et
1368 3449 1701 3505 confusionis
1730 3450 1944 3519 plenum

372 3564 682 3625 generetur,
720 3550 766 3605 si
792 3549 1095 3618 aperiamus
1120 3547 1338 3615 januam
1373 3543 1455 3596 his
1486 3542 1577 3611 qui
1600 3542 1945 3597 voluntdicta

373 3642 757 3699 transeuntium
804 3641 1019 3696 Patrum
1061 3637 1344 3694 evertere?
1374 3635 1531 3706 quale
1559 3635 1810 3690 damnum
1839 3650 1945 3691 non

372 3744 613 3804 apertum
645 3735 767 3799 erit,
818 3732 957 3786 dicta
992 3745 1097 3785 non
1131 3729 1302 3783 solum
1345 3728 1602 3795 refutare,
1657 3726 1750 3781 sed
1782 3727 1943 3782 etiam

371 3821 858 3879 anathematizare?
888 3840 906 3874 ι
941 3820 1010 3876 Ut
1036 3820 1177 3875 enim
1207 3818 1348 3872 aliud
1368 3819 1525 3873 alicui
1554 3818 1777 3886 placeat,
1802 3817 1945 3871 aliud

374 3931 481 3972 non
512 3918 562 3971 in
591 3915 891 3984 aliquorum
932 3915 1109 3981 dictis,
1142 3916 1256 3969 sive
1285 3915 1651 3984 antiquorum,
1707 3913 1819 3968 sive
1850 3928 1947 3981 po—

376 4017 639 4063 sterorum
665 4049 681 4074 ,
731 4008 845 4061 sive
875 4019 1016 4059 nunc
1044 4013 1351 4058 nostrorum
1380 4044 1395 4067 ,
1444 4003 1549 4057 alia
1578 4003 1713 4056 ratio
1738 4010 1820 4055 est
1844 4018 1859 4055 :
1893 4008 1951 4055 ut

377 4112 554 4157 autem
577 4110 632 4155 et
661 4098 942 4155 anathema
972 4097 1051 4154 eis
1082 4097 1409 4168 imponatur,
1436 4094 1757 4149 arbitramur
1777 4092 1947 4146 audax

377 4203 431 4248 et
459 4207 705 4262 asperum
737 4204 1017 4259 apparere.
1066 4189 1168 4245 etsi
1214 4201 1457 4259 persona:
1485 4201 1608 4242 cum
1653 4186 1811 4242 dictis
1844 4201 1947 4239 non

378 4272 914 4343 auathematizentur.

999 4436 1223 4495 CAPUT
1247 4439 1310 4494 V.

380 4550 529 4617 Quod
557 4550 694 4622 apud
712 4549 960 4605 Joannem
981 4547 1398 4622 C/trysgstomum
1418 4549 1843 4622 quaedagmetiant
1871 4549 1945 4602 si-

447 4615 601 4674 milia'
640 4624 739 4674 sint
785 4622 849 4675 iis
881 4636 993 4691 quae
1020 4615 1382 4674 in'Theodori
1429 4615 1634 4686 scriptis
1676 4620 1948 4689 reprelien-

447 4693 658 4746 duntur.

444 4801 551 4858 Sed
570 4802 681 4871 jam
703 4801 769 4857 ad
783 4800 952 4857 sancti
974 4801 1194 4857 Joannis
1213 4802 1787 4869 Constantinpolitaui
1810 4801 1950 4859 dicta

378 4905 665 4964 pergamus
686 4934 701 4959 ,
750 4903 808 4948 ut
837 4901 929 4947 aut
958 4895 1070 4962 ipse
1099 4908 1307 4962 quoque
1333 4908 1453 4946 cum
1495 4892 1775 4949 Theodoro
1806 4895 1948 4948 anti-

376 4998 482 5055 quo
511 4988 686 5040 amico
714 4996 766 5040 et
809 5000 838 5039 a
866 4984 1129 5055 principio
1171 4985 1564 5054 condiscipulo,
1607 5002 1949 5041 communem

376 5074 445 5128 ab
469 5074 814 5145 Eutychianis
841 5075 978 5129 [erat
1006 5074 1281 5140 invidiam,
1325 5084 1417 5128 aut
1443 5084 1496 5129 et
1517 5076 1584 5130 ab
1614 5077 1707 5131 illo
1734 5085 1893 5145 atque
1917 5092 1947 5131 a

376 5166 582 5231 synodo
605 5164 1033 5221 Chalcedonensi
1067 5165 1308 5233 repellat.
1334 5163 1433 5229 Qui
1459 5166 1510 5218 in
1542 5178 1791 5221 sermone
1817 5181 1951 5234 quo-

377 5258 522 5323 dam,
554 5256 706 5327 cujus
749 5268 834 5312 est
866 5255 1186 5326 principium
1206 5298 1221 5323 ,
1262 5254 1456 5310 lterum
1479 5272 1718 5324 equorum
1745 5272 1945 5322 cursus,

377 5350 456 5402 sic
486 5350 557 5402 ait
583 5365 602 5402 :
644 5368 663 5400 ι
694 5347 924 5416 Quando
951 5362 1079 5417 ergo
1101 5346 1229 5401 dicit
1261 5364 1275 5399 :
1305 5346 1365 5401 Si
1390 5345 1629 5416 possibile
1655 5355 1751 5409 est,
1780 5354 1951 5399 trans-

449 5517 473 5544 "
503 5508 556 5563 In
587 5508 797 5575 Greco,
829 5511 1001 5577 Βαϐαῖ,
1033 5508 1331 5578 papazhton
1356 5490 1673 5577 simpliciter,
1706 5515 1809 5560 etc.

450 5665 462 5692 ¹
493 5658 622 5715 Cod.
657 5659 877 5723 Veron,
912 5657 1079 5711 Unde.

442 5732 466 5763 ³
497 5732 636 5784 Idem
662 5728 806 5791 cod.,
859 5730 925 5779 ad
956 5742 1265 5794 :zupremtth.
1299 5726 1386 5779 Sic
1409 5727 1567 5795 paulo
1596 5726 1841 5795 superius
1874 5726 1945 5779 ait

377 5800 605 5855 Joannes
634 5796 1042 5867 Chrysostomus
1075 5812 1088 5847 :
1122 5799 1184 5847 ab
1208 5798 1385 5849 ultima
1417 5808 1544 5849 meta
1572 5800 1637 5850 ait
1658 5811 1946 5866 supremum

694 5892 960 5950 ΡΑτσῑοι.
1013 5876 1257 5948 LXV”.

2053 3266 2231 3323 Verbo
2274 3283 2634 3337 nequaquam.
2681 3286 2699 3319 ι
2733 3267 2917 3338 Neque
2949 3268 3033 3324 hic
3061 3269 3310 3336 dicendo,
3338 3270 3479 3341 quod
3524 3285 3627 3325 na-

2048 3369 2167 3414 tura
2215 3359 2392 3413 divina
2435 3368 2769 3428 assumptum
2802 3361 2822 3391 ²
2853 3361 3035 3415 evexit
3073 3374 3194 3416 eum
3227 3360 3318 3430 qui
3365 3376 3429 3415 ex
3471 3360 3625 3415 nobis

2048 3459 2154 3517 est,
2206 3450 2340 3505 duos
2372 3444 2543 3505 voluit
2593 3451 2817 3521 intelligi
2858 3452 3014 3506 filios.
3059 3451 3209 3508 Unde
3250 3467 3349 3507 nec
3389 3454 3457 3507 ita
3490 3452 3624 3507 illud

2047 3540 2305 3596 debemus
2349 3542 2591 3610 accipere
2619 3582 2634 3605 ,
2684 3541 2826 3610 quod
2873 3542 2926 3596 in
2978 3541 3082 3597 ﬁne
3128 3542 3285 3612 hujus
3340 3544 3622 3599 sententiae

2048 3632 2208 3697 dixit,
2245 3633 2355 3687 lloc
2377 3633 2445 3687 de
2475 3648 2539 3687 eo
2566 3633 2656 3701 qui
2681 3648 2707 3684 a
2740 3633 2962 3688 mortuis
2984 3633 3271 3688 suscitatus
3299 3643 3377 3688 est
3408 3634 3623 3704 dignum

2051 3723 2269 3785 mirari,
2316 3722 2383 3776 de
2422 3722 2516 3777 Dei
2545 3732 2721 3776 autem
2758 3722 2937 3777 Verbo
2981 3739 3336 3793 nequaquam.
3370 3724 3497 3779 Item
3527 3739 3625 3780 eo-

2048 3810 2169 3865 dem
2201 3810 2338 3866 libro
2371 3828 2383 3864 :
2426 3830 2445 3862 ‹
2488 3812 2600 3865 Duo
2625 3812 2791 3875 enim,
2825 3811 3016 3881 inquit,
3047 3813 3279 3867 maxima
3312 3812 3434 3867 fecit
3466 3831 3479 3867 :
3511 3814 3625 3883 ipse

2051 3901 2104 3955 in
2154 3902 2498 3956 novissimam
2531 3902 2891 3956 humilitatem
2932 3903 3105 3969 venit,
3144 3903 3413 3957 hominem
3452 3905 3502 3957 in
3531 3920 3625 3959 ex-

2049 3990 2354 4046 cellentiam
2387 4007 2632 4061 magnam
2674 3993 2880 4059 evexit,
2933 3992 2987 4046 in
3015 3993 3275 4063 sanguine
3303 3994 3420 4063 ejus
3446 3995 3624 4048 salva-

2051 4083 2146 4137 vit.
2178 4082 2318 4137 Dixit
2344 4082 2475 4137 illud
2520 4084 2688 4153 prius,
2720 4080 2809 4153 qui
2834 4084 3179 4154 semetipsum
3212 4094 3414 4140 tantum
3446 4085 3625 4141 humi-

2054 4175 2234 4240 liavit;
2282 4172 2412 4230 dicit
2450 4175 2553 4232 hoc
2582 4185 2766 4245 postea
2813 4191 3061 4245 magnum
3103 4184 3159 4231 et
3185 4190 3516 4247 supremum.
3564 4179 3628 4235 Et

2053 4267 2175 4322 licet
2202 4267 2349 4323 nullo
2375 4268 2520 4338 digni
2541 4267 2895 4337 efﬁceremur,
2921 4269 3252 4337 sutﬁciebat;
3279 4279 3330 4325 et
3354 4273 3398 4325 si
3434 4282 3627 4339 praeter

2055 4358 2159 4413 hoc
2187 4358 2331 4429 digni
2364 4358 2704 4415 emceremur
2734 4359 2936 4429 absque
2959 4360 3245 4429 occisione,
3279 4360 3579 4416 sufﬁciebat
3607 4379 3621 4414 :

2054 4448 2269 4516 quando
2290 4459 2468 4503 autem
2501 4449 2608 4504 duo
2637 4458 2762 4502 sunt
2786 4487 2801 4515 ,
2842 4448 2998 4518 cujus
3022 4449 3285 4517 serotinis
3311 4451 3629 4520 magnitudi-

2056 4554 2176 4593 nem
2222 4554 2327 4592 non
2369 4541 2579 4592 evincat
2620 4547 2779 4607 atque
2807 4532 3186 4594 transcendat?
3219 4558 3239 4592 ι
3271 4541 3386 4595 Non
3427 4543 3630 4611 grande

2058 4639 2140 4682 est
2183 4628 2387 4696 aliquid
2417 4630 2761 4695 resurrectio,
2793 4629 3006 4698 quando
3038 4630 3135 4685 ista
3180 4632 3465 4686 considero
3508 4649 3521 4685 :
3560 4633 3627 4688 de

2059 4721 2159 4774 isto
2191 4720 2321 4774 dicit
2350 4738 2363 4774 :
2400 4721 2540 4775 Deus
2569 4720 2777 4776 Domini
2811 4724 2978 4778 nostri
3003 4723 3132 4779 Jesu
3169 4724 3384 4789 Christi,
3424 4739 3530 4779 non
3561 4725 3627 4778 de

2058 4809 2167 4864 Deo
2199 4810 2390 4866 Verbo.
2415 4812 2546 4879 Quis
2572 4821 2750 4868 autem
2772 4817 2856 4870 vel
2885 4814 2970 4870 hic
2994 4814 3253 4869 Joannem
3275 4816 3415 4869 dicat
3441 4814 3629 4869 Nesto-

2055 4899 2193 4952 riaui
2242 4900 2510 4971 dogmatis
2558 4906 2889 4960 inventorem
2938 4906 3059 4976 quia
3089 4905 3263 4961 dixit:
3295 4905 3408 4974 ipse
3437 4905 3490 4958 in
3538 4919 3631 4958 no-

2055 4989 2324 5043 vissimam
2360 4991 2711 5050 humilitatem
2750 4998 2938 5063 venit;
2983 4999 3106 5051 item
3147 5013 3161 5049 :
3207 4997 3280 5049 De
3306 5010 3347 5049 :s
3384 4995 3620 5051 Verbum

2059 5078 2328 5135 hominem
2370 5083 2420 5136 in
2469 5086 2844 5141 excellentiam
2897 5101 3139 5157 magnam
3192 5086 3395 5151 evexit;
3452 5086 3625 5142 item:

2056 5164 2149 5221 Ille
2180 5166 2200 5197 ³
2231 5166 2285 5223 ἱιι
2328 5171 2479 5239 cujus
2511 5177 2771 5242 sanguine
2799 5191 2897 5229 nos
2935 5174 3199 5228 salvavit?
3228 5176 3311 5230 vel
3338 5176 3459 5245 quia
3494 5176 3625 5231 infc-

2055 5259 2167 5311 rius
2197 5258 2291 5325 ait,
2321 5260 2388 5314 de
2424 5261 2525 5315 isto
2552 5262 2683 5316 dicit
2714 5263 2854 5317 Deus
2880 5264 3087 5319 Domini
3116 5266 3281 5319 nostri
3318 5266 3443 5321 Jesu
3472 5268 3625 5321 Chri-

2055 5350 2145 5417 sti,
2172 5366 2275 5406 non
2301 5353 2365 5408 de
2390 5354 2703 5423 DcoVerbo,
2728 5366 2972 5425 tanquam
2998 5358 3249 5413 Dominus
3269 5370 3449 5414 n0ster
3471 5359 3627 5414 Jesus

2050 5658 2207 5711 evexit
2233 5658 2592 5725 principatum.

2173 5728 2313 5781 Idem
2344 5730 2490 5793 cod.,
2515 5730 2567 5782 id
2589 5737 2681 5791 est,
2715 5727 2823 5780 ille.
