3998 6202
447 322 542 379 811

1485 310 1776 368 FACUM)!
1817 308 2026 364 EPISC.
2071 309 2577 366 IIERMIANENSIS

3559 309 3657 363 812

411 436 648 497 Christus
696 446 801 486 non
839 427 1128 484 secundum
1171 424 1527 482 subsistentia:
1557 423 1814 478 unitatem
1854 421 1970 490 ipse
2003 426 2046 484 Α
2078 431 2220 477 tante
2241 421 3079 492 Nestoriiqumstione,lnereticis
3100 423 3222 478 talia
3242 421 3659 491 respondebant,

412 525 478 577 sit
523 522 681 578 etiam
721 522 864 574 Deus
893 516 1145 573 Verbum.
1189 515 1252 568 lu
1283 512 1727 582 interpretatione
1773 524 1985 580 quoque

413 613 658 681 Epistolas
683 609 748 664 ad
780 608 1035 664 Hebraeus
1057 619 1310 662 sermone
1346 603 1410 656 ﬂ
1442 607 1460 642 -'
1486 603 1554 658 de
1583 616 1650 657 eo
1677 600 1822 671 quod
1850 600 1987 656 scri-

413 716 556 774 ptum
584 712 666 760 est
694 719 706 755 :
737 702 888 758 Sicut
913 700 1310 755 consummatio
1339 713 1432 767 per
1475 696 1770 752 Leviticum
1797 709 1986 751 sacer-

412 795 612 849 dotium
649 802 786 856 erat,
819 791 890 844 ita
920 791 1128 844 locutus
1155 798 1275 843 cst:
1313 806 1330 839 1
1363 787 1502 842 Dicit
1531 787 1671 841 alter
1706 785 1984 855 prepbeta,

414 885 571 939 Dolus
596 899 697 937 non
731 893 804 936 est
833 883 1065 934 inuentus
1093 881 1146 931 in
1171 895 1261 932 ore
1285 879 1394 950 ejus
1426 891 1446 930 :
1479 881 1578 931 hoc
1601 875 1849 930 estnulla
1881 874 1990 930 cal-

413 976 612 1032 liditas.
659 973 770 1028 Hoc
798 973 1023 1037 forsitan
1055 971 1334 1040 quisquam
1359 969 1428 1023 de
1461 968 1567 1022 Deo
1595 965 1756 1030 dicat,
1796 975 1987 1021 etnon

407 1067 683 1122 erubescit
711 1065 920 1134 dicens,
972 1062 1096 1132 quia
1134 1062 1273 1116 Deus
1297 1074 1402 1114 non
1431 1068 1514 1113 est
1542 1058 1786 1124 callidus,
1817 1071 1992 1126 neque

413 1159 651 1212 dolosus.
695 1156 773 1210 De
801 1170 866 1210 eo
897 1167 1024 1208 vero
1055 1152 1147 1222 qui
1175 1150 1468 1206 secundum
1509 1162 1722 1204 carnem
1751 1157 1854 1212 est,
1897 1147 1991 1201 ha-

413 1248 560 1304 bebit
597 1247 821 1302 forsitan
871 1246 1166 1300 rationem.-
1197 1261 1214 1294 1
1271 1242 1364 1296 llic
1405 1242 1564 1296 etiam
1589 1280 1604 1306 ,
1637 1241 1878 1309 quamvis
1908 1238 1990 1292 di-

413 1349 499 1394 eat
527 1353 634 1394 non
661 1338 728 1394 de
767 1339 876 1392 Deo
909 1338 1084 1391 Verbo
1113 1336 1368 1404 scriptum
1412 1333 1553 1403 quod
1591 1333 1665 1386 ait
1705 1330 1987 1400 propheta,

416 1431 576 1485 Dolus
604 1444 711 1484 non
739 1435 824 1482 est
874 1427 1121 1482 iuventus
1171 1427 1223 1478 in
1253 1441 1346 1478 ore
1378 1426 1496 1492 ejus
1523 1463 1538 1490 ,
1592 1422 1686 1477 sed
1714 1421 1785 1477 de
1808 1436 1874 1476 eo
1903 1420 1988 1490 qui

416 1519 710 1575 secundum
753 1532 972 1572 carnem
1021 1527 1104 1570 est
1131 1561 1145 1584 ,
1200 1531 1304 1570 non
1339 1524 1513 1569 tamen
1545 1514 1681 1567 duos
1711 1511 1992 1567 1011111110-

417 1613 518 1681 cipi
549 1610 790 1665 Christus
825 1619 915 1664 aut
955 1610 1114 1662 filios.
1166 1594 1222 1661 111
1261 1620 1510 1662 sermone
1554 1619 1766 1674 quoque
1815 1605 1882 1659 de
1909 1617 1992 1656 as-

417 1703 676 1757 censione
726 1699 934 1755 Domini
964 1709 989 1736 ιι
1031 1698 1185 1768 cujus
1233 1707 1315 1752 est
1346 1695 1549 1750 initium
1579 1738 1594 1764 ,
1639 1693 1989 1748 Festivitatem

2090 519 2260 568 totum
2281 528 2478 582 corpus
2504 514 2760 568 doctrinae
2793 514 3004 568 illorum
3035 513 3267 568 lucidum
3301 512 3440 568 iecit.
3466 515 3523 570 Si
3548 516 3666 584 quis

2088 614 2265 660 autem
2297 620 2438 658 nunc
2483 605 2639 658 oculo
2679 619 2931 672 nequam,
2966 604 3018 658 id
3047 613 3128 658 est
3171 603 3466 658 intentione
3489 605 3507 636 ⁸
3533 619 3665 659 con-

2088 703 2169 750 tra
2199 695 2512 762 Ecclesium,
2550 695 2634 749 his
2680 695 2894 750 Patrum
2914 695 3101 770 _verbis
3125 737 3140 761 ,
3174 695 3259 750 vel
3308 696 3468 750 etiam
3501 696 3670 764 ipsius

2089 786 2283 841 divinat
2311 786 2618 856 Scripturaz,
2644 787 2892 840 abutatur
2914 787 2967 840 in
2993 786 3341 840 assertionem
3366 786 3671 840 Nestor-ani

2090 878 2385 948 dogmatis;
2419 887 2589 933 totum
2619 893 2816 946 corpus
2840 878 2958 946 ejus
3011 877 3354 933 tenebrosum
3380 877 3502 932 erit.
3551 877 3670 931 Non

2092 978 2174 1025 est
2199 977 2376 1024 autem
2422 969 2580 1024 nobis
2620 969 2670 1023 in
2698 969 2798 1023 hac
2838 971 2946 1023 vita
2973 983 3311 1035 concessum,
3346 976 3402 1023 ut
3431 972 3673 1038 11101)ηεὶ-

2095 1069 2202 1114 111111
2234 1069 2430 1115 nostra
2461 1062 2660 1116 mentis
2688 1075 2822 1130 opus
2843 1061 3157 1136 aequiperet,
3190 1070 3245 1116 et
3276 1060 3394 1114 talis
3419 1070 3674 1130 tantaque

2093 1155 2162 1206 sit
2183 1153 2324 1207 actio
2349 1153 2522 1222 qualis
2538 1161 2591 1206 et
2611 1163 2804 1221 quanta
2833 1162 2916 1206 est
2944 1152 3097 1206 nobis
3127 1151 3382 1217 intentio;
3410 1153 3505 1206 sed
3530 1152 3674 1222 quod

2093 1245 2330 1315 perfecte
2362 1247 2503 1300 lucet
2527 1245 2581 1299 in
2609 1245 2748 1300 bona
2781 1245 3100 1309 intentione,
3131 1244 3461 1312 aliquantqu
3487 1261 3677 1316 respe-

2094 1339 2256 1392 rascit
2301 1339 2352 1391 in
2395 1352 2646 1392 sermone
2691 1338 2776 1391 vel
2823 1352 3009 1406 opere.
3041 1337 3190 1402 Quod
3222 1337 3267 1390 si
3297 1337 3408 1404 ipsa
3452 1337 3677 1392 intentio

2093 1430 2455 1494 teni-brescat,
2483 1428 2648 1482 multo
2677 1429 2848 1497 magis
2875 1428 3015 1481 dicta
3046 1426 3130 1480 vel
3161 1426 3314 1492 facta,
3347 1443 3468 1495 qua:
3492 1427 3560 1481 ab
3587 1428 3675 1482 illa

2095 1523 2479 1591 processerint,
2511 1521 2794 1575 tenebrosa
2845 1528 3022 1574 erunt.
3072 1519 3208 1573 lline
3249 1533 3376 1588 ergo
3422 1519 3678 1573 Dominus

2095 1617 2254 1667 etiam
2285 1611 2385 1665 hoc
2413 1609 2645 1681 adjecit:
2679 1609 2740 1665 Si
2760 1625 2878 1679 ergo
2903 1609 3073 1661 lumen
3094 1609 3229 1678 quod
3271 1609 3322 1660 in
3353 1617 3400 1661 te
3432 1620 3502 1662 est
3535 1619 3675 1662 tene-

2095 1704 2197 1758 brat
2225 1714 2362 1767 sunt,
2397 1705 2522 1774 ipsa:
2551 1702 2766 1756 tenebrat
2789 1710 2993 1771 quanta:
3017 1702 3205 1755 erunt?
3235 1700 3464 1755 Proinde
3491 1701 3571 1756 sic
3596 1703 3678 1754 ho-

419 1794 568 1848 Itotlie
595 1793 904 1846 celebramus
935 1789 1216 1842 mirabilem
1248 1803 1266 1843 :
1295 1807 1312 1839 1
1347 1788 1540 1857 Utique
1572 1786 1873 1856 oportebat,
1908 1786 1990 1838 in-
2024 1804 2068 1863 Β
2097 1811 2234 1860 rum,
2267 1795 2354 1848 vel
2380 1808 2821 1864 quorumcunque
2856 1794 3039 1847 talium
3089 1793 3306 1847 Palmm
3363 1794 3562 1862 scripta
3601 1794 3677 1847 ιε»-

419 1886 571 1954 quit,
606 1882 960 1937 differentiam
993 1882 1072 1934 sic
1099 1879 1300 1934 dicere.
1350 1879 1430 1933 Ad
1457 1881 1678 1948 angelos
1724 1892 1848 1931 suos
1877 1879 1994 1947 qui-

420 1977 541 2029 dem
573 1972 744 2028 dicit:
784 1971 884 2040 Qui
911 1972 1032 2042 facit
1061 1970 1267 2040 angelos
1309 1986 1425 2024 suos
1468 1971 1678 2041 spiritus
1724 1968 1912 2040 (Hebr.
1955 1984 1992 2032 1,

421 2068 510 2133 7);
539 2067 606 2122 ad
636 2066 828 2121 Filium
860 2073 1065 2130 autem,
1101 2063 1350 2119 Dominus
1379 2064 1570 2119 creavit
1600 2079 1678 2116 me
1701 2079 1720 2118 :
1751 2071 1844 2116 aut
1869 2062 1994 2131 quia

425 2158 858 2220 Dorninumeum
891 2165 946 2210 et
989 2153 1262 2210 Christum
1311 2156 1450 2210 Deus
1503 2156 1644 2209 fecit.
1691 2155 1794 2210 Sed
1823 2169 1998 2226 neque

422 2249 548 2303 illud
574 2248 643 2304 de
672 2247 810 2301 Filio
837 2247 1039 2302 dictum
1082 2257 1164 2301 est
1183 2288 1196 2311 ,
1240 2263 1414 2315 neque
1445 2246 1545 2300 hoc
1571 2247 1636 2301 de
1666 2245 1776 2300 Deo
1801 2246 1995 2311 Verbo,

421 2340 512 2392 sed
541 2339 609 2394 de
643 2353 709 2394 eo
736 2338 826 2410 qui
857 2336 1150 2393 secundum
1185 2351 1402 2391 carnem
1445 2346 1547 2390 est.
1602 2355 1620 2388 1
1679 2336 1840 2391 Vides
1869 2352 1998 2406 quo-

420 2433 579 2486 modo
608 2432 844 2487 Joannes
894 2431 946 2485 in
978 2430 1077 2484 ista
1127 2444 1340 2498 quoque
1379 2429 1647 2484 sententia
1690 2429 1834 2482 dicat
1872 2430 1994 2497 quia

421 2538 524 2578 non
554 2523 621 2577 de
649 2521 787 2578 Filio
827 2521 1029 2576 dictum
1059 2531 1175 2584 est,
1215 2521 1428 2575 Crearit
1457 2535 1564 2585 me,
1595 2520 1688 2574 sed
1724 2521 1791 2575 de
1815 2535 1884 2575 eo
1909 2519 1996 2589 qui

421 2616 716 2669 secundum
761 2627 980 2668 carnem
1023 2619 1140 2676 est;
1195 2627 1294 2666 nec
1343 2622 1521 2665 tamen
1566 2628 1594 2664 a
1627 2611 1767 2666 veris
1795 2619 1851 2666 et
1894 2611 1997 2680 piis

424 2706 666 2761 tidelibus
695 2721 818 2761 eum
846 2705 936 2774 qui
974 2703 1265 2759 secundum
1307 2717 1523 2760 carnem
1553 2711 1635 2758 est
1673 2702 1866 2757 Filium
1894 2716 1992 2756 ne-

423 2811 581 2869 gasse
605 2797 874 2850 credatur.

1023 2979 1248 3037 CAPUT
1299 2978 1383 3033 Vl.

426 3099 574 3166 Quod
617 3099 669 3154 in
709 3098 895 3153 sanctis
930 3097 1192 3158 Palribus,
1225 3097 1268 3148 si
1296 3094 1422 3162 quid
1449 3104 1644 3160 errant,
1694 3094 1992 3150 excusanda

703 3172 766 3224 sit
789 3169 1024 3236 intentio,
1058 3183 1123 3221 ne
1148 3166 1372 3220 Ita'retici
1397 3165 1694 3221 credantur.

494 3281 600 3338 Cur
624 3288 802 3338 autem
826 3282 961 3347 11100,
991 3282 1073 3335 vel
1107 3281 1273 3350 ipsius
1302 3280 1472 3334 sancti
1506 3279 1749 3346 Joannis,
1791 3281 1874 3335 vel
1896 3296 2002 3336 cae-

427 3383 688 3436 tororum,
705 3372 750 3426 si
776 3387 875 3441 qua
901 3373 1312 3426 memoravimus
1330 3368 1565 3435 Patrum,
1591 3369 1796 3438 aliaque
1817 3370 2000 3432 multa,

427 3479 548 3532 qua:
579 3461 898 3530 prolixitatis
927 3461 1160 3515 vitandze
1201 3461 1367 3530 gratia
1401 3475 1703 3516 memorare
1735 3461 1999 3526 nolumus,

430 3567 534 3606 non
557 3551 854 3606 creduntur
883 3549 1153 3617 haeretica,
1185 3551 1285 3604 nisi
1316 3551 1438 3618 quia
1467 3550 1728 3605 dictorum
1754 3550 2003 3606 offensio-

430 3656 552 3697 nem
585 3641 876 3696 dicentium
904 3650 1126 3696 excusat
1155 3642 1400 3707 intentio,
1433 3641 1724 3696 secundum
1750 3657 1905 3711 quam
1935 3646 2002 3698 de

426 3734 600 3788 verbis
647 3733 838 3788 melius
875 3733 1177 3803 judicatur?
1226 3733 1340 3802 Ipsa
1382 3743 1463 3788 est
1511 3733 1740 3788 intentio
1781 3737 1998 3802 mentis,

427 3841 542 3894 quae
567 3827 714 3880 velut
739 3823 949 3895 quidam
973 3825 1179 3891 oculus,
1199 3822 1431 3894 corpori,
1459 3826 1529 3878 ita
1560 3839 1662 3878 non
1694 3827 1863 3881 solum
1890 3826 2002 3883 dic-

427 3919 492 3969 tis
519 3916 717 3969 nostris
738 3959 751 3982 ,
787 3914 879 3970 sed
932 3916 1182 3986 operibus
1227 3927 1436 3985 queque
1481 3916 1731 3984 praesidet
1759 3935 1771 3968 :
1801 3917 1867 3971 de
1897 3931 2000 3986 qua

428 4006 682 4060 Dominus
709 4005 782 4059 ait
813 4023 824 4057 :
863 4005 1090 4060 Lucerna
1131 4007 1358 4076 corporis
1381 4006 1453 4059 tui
1473 4015 1546 4061 est
1575 4008 1751 4061 oculus
1775 4016 1910 4062 tuus.
1940 4007 2001 4063 Si

428 4097 577 4166 fuerit
608 4096 784 4149 oculus
807 4105 920 4148 tuus
947 4092 1183 4164 simplex,
1209 4107 1368 4150 totum
1399 4112 1580 4167 corpus
1603 4107 1746 4152 tuum
1772 4099 2000 4152 lucidum

428 4189 556 4254 «rit;
587 4189 633 4240 si
661 4198 829 4240 autem
853 4188 1030 4241 oculus
1055 4198 1167 4240 tuus
1196 4205 1410 4256 nequam
1440 4188 1614 4258 fuerit,
1637 4198 1794 4243 totum
1817 4207 2000 4260 corpus

429 4289 569 4329 tuum
599 4276 913 4330 tenebrosum
940 4277 1053 4330 erit.
1091 4275 1151 4331 Si
1207 4292 1324 4345 ergo
1375 4277 1544 4332 lumen
1583 4280 1718 4349 quod
1760 4279 1814 4331 in
1857 4289 1902 4334 te
1931 4291 2001 4335 est

431 4369 643 4419 tenebra:
688 4377 831 4426 sunt,
861 4366 988 4434 ipsa:
1036 4367 1248 4420 tenebrat
1289 4377 1490 4435 quaan
1515 4377 1660 4422 erunt
1685 4368 1896 4439 (Matth.
1923 4386 1999 4439 vr,

430 4454 521 4516 22,
549 4451 684 4524 23)?
711 4454 1139 4524 Itaquetsimplex
1166 4455 1351 4510 horum
1377 4457 1592 4515 Patrum
1619 4460 1826 4529 oculus,
1853 4461 1902 4515 id
1926 4471 2007 4516 est

2095 1890 2265 1960 genda
2294 1898 2436 1953 sunt,
2463 1900 2520 1944 ut
2557 1889 2725 1944 sicubi
2776 1902 2872 1943 nos
2926 1887 3127 1958 aliquid
3159 1889 3213 1941 in
3261 1889 3341 1942 eis
3369 1888 3677 1950 offenderit,

2097 1989 2187 2034 aut
2213 1981 2402 2035 melius
2447 1981 2552 2034 hoc
2594 1981 3041 2048 interpretemur,
3075 1988 3167 2032 aut
3214 1979 3680 2047 interpretandum

2097 2070 2420 2125 melioribus
2443 2071 2826 2138 relinquamus.
2855 2068 2913 2124 Si
2947 2084 3074 2123 vero
3106 2078 3211 2123 tam
3258 2079 3438 2123 certus
3485 2083 3563 2122 est
3595 2086 3680 2123 er-

2099 2177 2188 2214 ror
2235 2170 2288 2213 ut
2337 2160 2582 2215 excusari
2636 2170 2909 2228 nequeat,
2958 2159 3243 2214 credamus
3304 2160 3445 2228 quod
3495 2172 3682 2228 postea

2097 2251 2384 2304 emendare
2414 2249 2715 2319 potuerint,
2748 2252 2830 2304 vel
2872 2250 2921 2304 si
2948 2265 3052 2304 non
3083 2249 3288 2319 legatur
3310 2251 3398 2305 ubi
3429 2252 3681 2304 emenda-

2099 2344 2306 2409 verint;
2337 2359 2405 2398 ne
2427 2358 2531 2396 non
2557 2351 2664 2397 tam
2696 2344 2839 2412 ipsos
2867 2343 2934 2398 de
2963 2345 3286 2414 subrepente
3317 2345 3487 2414 lapsu,
3519 2361 3680 2412 quam

2099 2431 2298 2486 Christi
2329 2432 2624 2487 Ecclesium
2656 2432 2725 2487 de
2772 2433 2955 2488 sedula
3005 2433 3122 2502 ejus
3149 2435 3538 2502 approbatione
3567 2437 3681 2489 cul-

2097 2537 2306 2593 pemus.
2354 2524 2503 2590 Quod
2553 2525 2600 2578 si
2643 2533 2700 2578 et
2747 2525 2949 2594 aliqui,
2985 2540 3079 2594 pro
3127 2527 3476 2596 ambiguitate
3527 2543 3683 2582 nova:

2099 2615 2429 2685 qumstionis,
2462 2615 2531 2670 de
2556 2631 2655 2684 qua
2689 2617 2912 2671 necdum
2959 2632 3060 2672 una
3103 2619 3431 2686 generaliter
3457 2630 3682 2674 senten-

2102 2707 2170 2760 tia
2203 2701 2508 2772 tenebatur,
2554 2709 2690 2761 sicut
2717 2707 3005 2776 aliquando
3037 2709 3136 2765 fuit
3175 2725 3296 2766 cum
3337 2710 3526 2766 beatus
3570 2713 3680 2780 Cy-

2101 2803 2319 2873 prianus
2339 2804 2359 2834 ³
2381 2816 2568 2857 omnes
2611 2803 2896 2857 luereticos
2923 2803 3163 2858 crederet
3189 2803 3553 2872 haptizandos,
3586 2814 3681 2858 aut

2101 2909 2197 2962 pro
2225 2894 2510 2948 securitate
2533 2893 2674 2949 illius
2699 2895 2980 2962 temporis,
3014 2895 3137 2964 quia
3167 2896 3391 2949 necdum
3423 2897 3561 2950 sicut
3581 2911 3681 2949 nos

2099 3003 2163 3043 ex
2195 2988 2360 3043 altera
2385 2996 2537 3059 parte
2562 2989 2847 3045 contrariis
2874 2989 3256 3058 quaestionibus
3298 2989 3676 3058 pulsabantur,

2101 3089 2188 3136 aut
2216 3082 2339 3152 quia
2369 3081 2669 3138 Ecclesium
2714 3079 2850 3136 forte
2898 3080 3070 3146 latuit,
3101 3089 3161 3135 ut
3189 3097 3294 3135 non
3325 3081 3682 3136 admoneren-

2025 3165 2070 3229 C
2102 3182 2211 3237 tur,
2239 3173 2293 3227 in
2324 3173 2442 3243 1ρο
2489 3173 2736 3228 dicantur
2764 3186 2950 3227 errore
2989 3173 3271 3238 mansisse,
3315 3173 3681 3227 infirmitatem

2107 3265 2399 3321 labentium
2427 3265 2676 3336 religiosa
2706 3275 2926 3321 excuset
2970 3265 3231 3329 intentio;
3263 3274 3320 3320 et
3343 3265 3594 3336 quoniam
3627 3266 3680 3318 in

2108 3359 2364 3414 Ecclesia:
2408 3361 2670 3414 charitate
2713 3367 3046 3424 manserunt,
3081 3358 3363 3413 credamus
3406 3359 3548 3427 quod
3585 3373 3681 3414 eo-

2104 3467 2221 3507 rum
2251 3452 2433 3522 culpas
2455 3453 2570 3522 ipsa
2597 3452 2830 3508 charitas
2859 3451 3072 3515 texerit,
3105 3451 3241 3506 sicut
3269 3453 3525 3521 scriptum
3554 3460 3638 3506 est
3665 3469 3678 3504 :

2105 3545 2337 3600 Charitas
2375 3544 2598 3615 cooperit
2634 3544 3009 3599 multitudinem
3055 3552 3375 3615 peccatorum
3427 3542 3497 3612 (Ι
3530 3541 3678 3597 Petr.

2104 3650 2180 3701 rv,
2211 3636 2291 3706 8).
2321 3635 2452 3690 Nam
2483 3635 2601 3706 quis
2631 3635 2682 3690 in
2733 3634 2967 3690 Ecclesia
3000 3634 3192 3688 Christi
3238 3633 3318 3688 sic
3362 3633 3682 3689 inhumanus

2103 3737 2264 3800 atque
2309 3726 2529 3781 immitis
2559 3735 2672 3790 est,
2704 3734 2763 3780 ut
2790 3727 2961 3780 virum
2992 3725 3082 3780 Dei
3130 3724 3507 3793 Augustinum,
3535 3733 3680 3779 tanta

2104 3822 2301 3890 pietate
2328 3819 2629 3888 prasditum,
2663 3819 2872 3873 etiamsi
2919 3818 2972 3871 in
3004 3818 3085 3872 his
3113 3832 3336 3888 quorum
3361 3817 3684 3872 111101111ωο-

2101 3925 2284 3965 ramur
2309 3924 2538 3973 errasse,
2564 3918 2618 3964 et
2640 3923 2744 3963 non
2768 3908 3094 3963 admonitqu
3122 3908 3175 3963 in
3216 3924 3400 3964 errore
3425 3925 3682 3980 perman-

2102 4003 2237 4058 sisse
2289 4011 2654 4071 cognosceret,
2689 4001 2997 4058 haereticum
3046 4002 3249 4058 diceret
3291 4013 3386 4058 aut
3435 4003 3682 4073 putaret?

2103 4095 2191 4165 qui
2222 4094 2274 4149 in
2305 4091 2526 4149 exordio
2556 4107 2774 4148 suorum
2818 4091 2885 4149 de
2914 4092 3175 4148 Trinitate
3205 4093 3483 4158 librorum,
3521 4113 3542 4146 1
3570 4093 3681 4148 Nec

2103 4185 2302 4256 pigebit
2348 4193 2525 4240 autem
2555 4199 2658 4250 me,
2692 4185 2900 4254 inquit,
2932 4184 3100 4240 sicubi
3149 4185 3362 4250 hastile,
3394 4201 3680 4256 qua-rere;

2109 4291 2206 4331 nec
2248 4277 2486 4348 pudebit,
2518 4276 2684 4330 sicubi
2728 4291 2872 4342 erro,
2902 4278 3128 4333 discere.
3183 4278 3411 4333 Proinde
3437 4279 3679 4348 quisquis

2107 4369 2221 4424 haec
2249 4369 2396 4438 legit,
2414 4369 2502 4423 ubi
2525 4371 2723 4438 pariter
2743 4379 2922 4426 certus
2950 4381 3052 4435 OSl,
3078 4380 3260 4439 pergat
3284 4385 3490 4426 mecum
3511 4370 3562 4437 ;h
3587 4371 3678 4424 ubi

2106 4475 2342 4515 errorem
2371 4475 2524 4516 suum
2565 4462 2856 4532 cognoscit,
2886 4462 3064 4516 redeat
3096 4462 3162 4516 ad
3195 4477 3311 4526 me;
3353 4462 3442 4516 ubi
3478 4477 3676 4522 meum.

432 4544 688 4609 intentio,
714 4558 815 4613 qua
849 4559 944 4614 pro
982 4546 1174 4601 Christi
1221 4547 1457 4603 Ecclesia
1479 4591 1494 4616 ,
1526 4550 1750 4606 necdum
1800 4553 2004 4608 sollici-
2033 4545 2086 4604 D
2109 4563 2330 4609 revocet
2369 4570 2473 4610 me.
2507 4554 2581 4610 fta
2631 4555 2988 4628 ingrediantur
3009 4557 3170 4612 simul
3217 4557 3494 4613 charitatis
3515 4559 3676 4623 1111111,

500 4707 527 4736 ι
548 4695 915 4776 Chry_s_osto_mi
937 4703 1007 4762 εἰς
1037 4701 1273 4776 attint“
1305 4703 1542 4776 diversas
1570 4707 1859 4760 sententias
1886 4721 2000 4776 pro-

435 4771 612 4849 ferunt
660 4767 1031 4826 Theodoretus
1071 4767 1209 4849 diali
1242 4789 1306 4836 11,
1347 4773 1680 4849 et_L_eontius
1712 4767 1998 4849 Bysaniius

429 4841 517 4922 l.b.
571 4856 613 4922 1,
635 4850 868 4922 uterque
898 4855 962 4922 ex
1003 4842 1244 4922 oratione
1275 4883 1288 4906 ,
1330 4847 1416 4898 11αὲ
1435 4844 1531 4922 iis:
1561 4841 1788 4922 σταυροῖ)
1830 4850 1997 4916 μνείαν

429 4911 788 4991 ἐπιτελοῦμεν..
812 4909 1020 4991 1ξ1ρ1⁵011
1063 4922 1118 4991 et
1161 4911 1404 4991 Joannes
1429 4909 1788 4991 Cyparisst'ota
1818 4909 1883 4970 ex
1919 4919 1997 4970 111-

433 4991 558 5048 lt-t'a,
595 4980 743 5049 cujus
775 4980 982 5035 initium
1008 4989 1092 5036 est
1131 4980 1319 5057 Φαιδρὰ
1346 4986 1436 5052 μέν
1476 4980 1624 5038 11ῖᾶοα
1669 4987 1836 5062 ἑορτή.
1868 4991 1996 5053 Qua:

501 5137 517 5167 ¹
546 5136 918 5203 Cod.Veron.,
944 5153 1100 5208 prava
1131 5138 1430 5192 intentione.

500 5296 530 5327 "
558 5284 979 5368 Montium-cuius
1003 5296 1053 5348 in
1081 5294 1286 5365 praefat.
1315 5295 1380 5368 ad
1405 5304 1534 5351 tom.
1561 5295 1653 5350 XII
1672 5311 1794 5365 opp.
1827 5295 1998 5368 Chry-

432 5373 586 5436 sost.,
621 5361 708 5431 58
742 5379 756 5415 :
786 5382 814 5436 _¢
853 5361 1194 5436 Exploratum
1241 5367 1470 5431 videtur,
1504 5361 1828 5434 inquit,'alia
1877 5361 1996 5436 post

427 5433 797 5504 Chrysustomi
817 5433 1022 5504 obitum
1051 5437 1245 5489 emissa
1270 5433 1589 5504 exemplaria
1625 5438 1786 5491 fuisse
1817 5433 2006 5491 natm-

435 5501 621 5555 liart’tm
652 5502 702 5574 in
735 5501 899 5568 Epist.
923 5505 997 5574 ad
1027 5505 1280 5559 Hebraeos
1301 5547 1315 5568 ,
1340 5501 1461 5574 qua:
1493 5509 1541 5559 in
1574 5508 1757 5561 utultis
1786 5507 1992 5562 diversa

431 5582 583 5627 erant
611 5587 639 5623 a
666 5571 992 5647 Constantini
1028 5574 1316 5647 pre~byteri
1347 5571 1662 5647 esetnplari.
1699 5578 1862 5647 Hujus
1914 5579 1992 5633 rei

433 5651 621 5713 testem
648 5641 884 5708 proferre
914 5641 1198 5713 possumus
1213 5645 1514 5699 Facundum
1539 5641 1994 5713 Hermianensem,

431 5712 519 5789 qui
551 5711 644 5764 lib.
676 5725 750 5770 xl,
779 5710 978 5789 capas",
1003 5710 1176 5789 locum
1209 5714 1359 5789 uﬂ‘ert
1383 5730 1449 5768 ex
1479 5716 1695 5789 homilia
1725 5719 1810 5783 1⁸5,
1837 5710 1994 5789 quam

433 5779 544 5839 i'usc
595 5793 869 5834 sermonem
904 5779 966 5831 H
1019 5788 1201 5846 vocat;
1242 5786 1361 5848 quia
1407 5800 1595 5850 nempe
1622 5787 1674 5839 in
1705 5779 1992 5853 exemplari

2104 4717 2328 4780 utraque
2356 4725 2551 4782 excusa
2573 4720 2656 4766 est
2682 4721 2823 4766 temo
2846 4711 2889 4766 V
2918 4712 3166 4768 editionis
3198 4715 3522 4782 Anglicauze.
3554 4713 3678 4768 111110

2103 4786 2304 4903 estiam.
2335 4781 2490 4850 cujus
2535 4783 2839 4837 testimonio
2891 4785 3057 4838 utitur
3088 4781 3388 4849 Facundus,
3425 4785 3677 4840 hactenus

2103 4865 2132 4903 e
2176 4870 2186 4901 l
2219 4867 2244 4902 a
2277 4862 2509 4903 nonest.

2102 4862 2244 4904 emta
2277 4866 2380 4906 non
2404 4862 2509 4906 est.

2173 4918 2200 4957 ι)
2227 4921 2382 4976 Deest
2407 4923 2492 4976 hic
2525 4924 2608 4976 ubi
2637 4925 2826 4989 pariter
2849 4925 3066 4992 haesitat,
3095 4934 3291 4996 quaret
3320 4940 3532 4980 anetum.

2174 5141 2194 5173 ’
2221 5141 2366 5198 Idem
2390 5142 2535 5210 cod.,
2564 5157 2758 5214 martyr
2780 5144 3091 5215 Cyprianus.

2104 5315 2201 5375 suo
2223 5301 2375 5375 longa
2399 5303 2487 5357 illa
2516 5302 2826 5371 hypothesis
2848 5319 2942 5360 seu
2970 5316 3336 5375 argumentum
3359 5313 3484 5361 ante
3509 5306 3672 5364 homi-

2105 5369 2204 5425 lias
2236 5369 2462 5438 positum
2511 5369 2606 5439 pro
2630 5389 2880 5428 sermone
2908 5369 3079 5442 prim'o
3109 5379 3487 5431 numerabatur
3517 5388 3574 5433 et
3599 5379 3671 5433 in-

2101 5442 2437 5496 scribebatur
2456 5459 2470 5496 :
2491 5443 2538 5495 id
2563 5445 2700 5510 quod
2733 5461 2835 5497 non
2863 5445 3028 5499 semel
3055 5446 3110 5500 in
3137 5447 3253 5499 aliis
3277 5450 3671 5504 commentariis

2102 5512 2348 5566 vidimus.
2395 5513 2490 5567 Hic
2533 5529 2691 5579 porro
2724 5515 3004 5569 Facundus
3051 5531 3171 5570 cum
3199 5515 3433 5570 Mutiano
3461 5516 3671 5572 Schola-

2104 5588 2238 5636 sticu
2269 5583 2558 5644 interprete
2589 5600 2694 5638 non
2723 5587 2940 5639 omnino
2963 5587 3249 5640 Consentit.
3282 5586 3556 5642 s—Loeus
3587 5604 3669 5641 au-

2106 5661 2211 5774 ten;
2225 5652 2322 5774 gi'ic
2345 5669 2370 5707 a
2402 5653 2652 5708 Facundo
2678 5657 2868 5710 citatus
2893 5666 3070 5710 exstat
3099 5659 3147 5712 in
3179 5657 3367 5711 eodem
3394 5667 3543 5712 temo
3571 5659 3666 5722 111,

2106 5741 2154 5774 Π.
2270 5740 2309 5774 1.

2104 5740 2309 5792 p.101.
