  <div class='ocr_page' id='page_1' title='image "/cluster/home/n/w/nwhite01/storage/ocr_20150623/67/hvd.32044073505273/414.png"; bbox 0 0 3998 6202; ppageno 0'>
   <div class='ocr_carea' id='block_1_1' title="bbox 345 349 448 405">
    <p class='ocr_par' dir='ltr' id='par_1_1' title="bbox 345 349 448 405">
     <span class='ocr_line' id='line_1_1' title="bbox 345 349 448 405; baseline -0.039 0"><span class='ocrx_word' id='word_1_1' title='bbox 345 349 448 405; x_wconf 79' lang='grc'><strong>815</strong></span> 
     </span>
    </p>
   </div>
   <div class='ocr_carea' id='block_1_2' title="bbox 1213 334 2715 402">
    <p class='ocr_par' dir='ltr' id='par_1_2' title="bbox 1213 334 2715 402">
     <span class='ocr_line' id='line_1_2' title="bbox 1213 334 2715 402; baseline -0.009 0"><span class='ocrx_word' id='word_1_2' title='bbox 1213 345 1344 402; x_wconf 74' lang='lat' dir='ltr'><strong>PRO</strong></span> <span class='ocrx_word' id='word_1_3' title='bbox 1380 340 1808 401; x_wconf 71' lang='lat' dir='ltr'><strong>DEFENSIONE</strong></span> <span class='ocrx_word' id='word_1_4' title='bbox 1847 342 2062 398; x_wconf 73' lang='lat' dir='ltr'><strong>TRIUM</strong></span> <span class='ocrx_word' id='word_1_5' title='bbox 2101 337 2413 394; x_wconf 76' lang='lat' dir='ltr'><strong>CAPITUL.</strong></span> <span class='ocrx_word' id='word_1_6' title='bbox 2455 336 2581 393; x_wconf 81' lang='lat' dir='ltr'><strong>LIB.</strong></span> <span class='ocrx_word' id='word_1_7' title='bbox 2624 334 2715 390; x_wconf 76' lang='lat' dir='ltr'><strong>XI.</strong></span> 
     </span>
    </p>
   </div>
   <div class='ocr_carea' id='block_1_3' title="bbox 3486 328 3591 385">
    <p class='ocr_par' dir='ltr' id='par_1_3' title="bbox 3486 328 3591 385">
     <span class='ocr_line' id='line_1_3' title="bbox 3486 328 3591 385; baseline -0.038 0"><span class='ocrx_word' id='word_1_8' title='bbox 3486 328 3591 385; x_wconf 66' lang='lat' dir='ltr'><strong>8H.</strong></span> 
     </span>
    </p>
   </div>
   <div class='ocr_carea' id='block_1_4' title="bbox 348 447 3590 530">
    <p class='ocr_par' dir='ltr' id='par_1_4' title="bbox 348 447 3590 530">
     <span class='ocr_line' id='line_1_4' title="bbox 348 447 3590 530; baseline -0.004 -15"><span class='ocrx_word' id='word_1_9' title='bbox 348 463 628 518; x_wconf 74' lang='lat' dir='ltr'><strong>tendentes</strong></span> <span class='ocrx_word' id='word_1_10' title='bbox 655 462 721 517; x_wconf 84' lang='lat' dir='ltr'><strong>ad</strong></span> <span class='ocrx_word' id='word_1_11' title='bbox 752 473 872 517; x_wconf 82' lang='lat' dir='ltr'><strong>eum</strong></span> <span class='ocrx_word' id='word_1_12' title='bbox 905 460 973 517; x_wconf 90' lang='lat' dir='ltr'><strong>de</strong></span> <span class='ocrx_word' id='word_1_13' title='bbox 1020 473 1127 530; x_wconf 88' lang='lat' dir='ltr'><strong>quo</strong></span> <span class='ocrx_word' id='word_1_14' title='bbox 1177 458 1375 517; x_wconf 89' lang='lat' dir='ltr'><strong>dictum</strong></span> <span class='ocrx_word' id='word_1_15' title='bbox 1420 465 1499 514; x_wconf 85' lang='lat' dir='ltr'><strong>est</strong></span> <span class='ocrx_word' id='word_1_16' title='bbox 1532 475 1544 509; x_wconf 89' lang='lat'><strong>:</strong></span> <span class='ocrx_word' id='word_1_17' title='bbox 1581 455 1802 522; x_wconf 72' lang='lat' dir='ltr'><strong>Quazrite</strong></span> <span class='ocrx_word' id='word_1_18' title='bbox 1831 458 1912 524; x_wconf 78' lang='lat' dir='ltr'><strong>fa-</strong></span> <span class='ocrx_word' id='word_1_19' title='bbox 1945 468 1990 523; x_wconf 80' lang='grc' dir='ltr'>Λ</span> <span class='ocrx_word' id='word_1_20' title='bbox 2023 454 2257 507; x_wconf 89' lang='lat' dir='ltr'><strong>lectores</strong></span> <span class='ocrx_word' id='word_1_21' title='bbox 2270 451 2530 507; x_wconf 75' lang='lat' dir='ltr'><strong>exhortati</strong></span> <span class='ocrx_word' id='word_1_22' title='bbox 2550 450 2748 505; x_wconf 76' lang='lat' dir='ltr'><strong>fuerint</strong></span> <span class='ocrx_word' id='word_1_23' title='bbox 2768 458 2824 503; x_wconf 87' lang='lat' dir='ltr'><strong>ut</strong></span> <span class='ocrx_word' id='word_1_24' title='bbox 2842 461 2935 504; x_wconf 90' lang='lat' dir='ltr'><strong>eos</strong></span> <span class='ocrx_word' id='word_1_25' title='bbox 2955 449 3021 503; x_wconf 91' lang='lat' dir='ltr'><strong>de</strong></span> <span class='ocrx_word' id='word_1_26' title='bbox 3037 463 3219 503; x_wconf 89' lang='lat' dir='ltr'><strong>errore</strong></span> <span class='ocrx_word' id='word_1_27' title='bbox 3238 447 3590 517; x_wconf 69' lang='lat' dir='ltr'><strong>corripiant’,</strong></span> 
     </span>
    </p>
   </div>
   <div class='ocr_carea' id='block_1_5' title="bbox 343 546 1917 626">
    <p class='ocr_par' dir='ltr' id='par_1_5' title="bbox 343 546 1917 626">
     <span class='ocr_line' id='line_1_5' title="bbox 343 546 1917 626; baseline -0.006 -19"><span class='ocrx_word' id='word_1_28' title='bbox 343 557 469 608; x_wconf 82' lang='lat' dir='ltr'><strong>ciem</strong></span> <span class='ocrx_word' id='word_1_29' title='bbox 496 556 605 626; x_wconf 79' lang='lat' dir='ltr'><strong>ejus</strong></span> <span class='ocrx_word' id='word_1_30' title='bbox 624 571 821 624; x_wconf 70' lang='lat' dir='ltr'><strong>aeniper</strong></span> <span class='ocrx_word' id='word_1_31' title='bbox 844 551 1016 625; x_wconf 82' lang='lat' dir='ltr'><strong>(Psal.</strong></span> <span class='ocrx_word' id='word_1_32' title='bbox 1049 568 1154 618; x_wconf 78' lang='lat' dir='ltr'><strong>CIV,</strong></span> <span class='ocrx_word' id='word_1_33' title='bbox 1182 550 1262 620; x_wconf 70' lang='grc'><strong>4).</strong></span> <span class='ocrx_word' id='word_1_34' title='bbox 1289 552 1352 605; x_wconf 88' lang='lat' dir='ltr'><strong>Et</strong></span> <span class='ocrx_word' id='word_1_35' title='bbox 1375 551 1475 604; x_wconf 91' lang='lat' dir='ltr'><strong>hoc</strong></span> <span class='ocrx_word' id='word_1_36' title='bbox 1496 548 1746 619; x_wconf 89' lang='lat' dir='ltr'><strong>placitum</strong></span> <span class='ocrx_word' id='word_1_37' title='bbox 1775 546 1917 615; x_wconf 90' lang='lat' dir='ltr'><strong>pium</strong></span> 
     </span>
    </p>
   </div>
   <div class='ocr_carea' id='block_1_6' title="bbox 342 637 1917 715">
    <p class='ocr_par' dir='ltr' id='par_1_6' title="bbox 342 637 1917 715">
     <span class='ocr_line' id='line_1_6' title="bbox 342 637 1917 715; baseline -0.006 -15"><span class='ocrx_word' id='word_1_38' title='bbox 342 654 504 715; x_wconf 90' lang='lat' dir='ltr'><strong>atque</strong></span> <span class='ocrx_word' id='word_1_39' title='bbox 534 655 702 700; x_wconf 89' lang='lat' dir='ltr'><strong>tutum</strong></span> <span class='ocrx_word' id='word_1_40' title='bbox 733 660 913 699; x_wconf 91' lang='lat' dir='ltr'><strong>coram</strong></span> <span class='ocrx_word' id='word_1_41' title='bbox 945 645 1170 699; x_wconf 87' lang='lat' dir='ltr'><strong>Domino</strong></span> <span class='ocrx_word' id='word_1_42' title='bbox 1223 644 1330 697; x_wconf 90' lang='lat' dir='ltr'><strong>Deo</strong></span> <span class='ocrx_word' id='word_1_43' title='bbox 1374 651 1555 696; x_wconf 69' lang='lat' dir='ltr'><strong>nostro</strong></span> <span class='ocrx_word' id='word_1_44' title='bbox 1582 654 1702 694; x_wconf 90' lang='lat' dir='ltr'><strong>eum</strong></span> <span class='ocrx_word' id='word_1_45' title='bbox 1742 637 1917 691; x_wconf 88' lang='lat' dir='ltr'><strong>omni-</strong></span> 
     </span>
    </p>
   </div>
   <div class='ocr_carea' id='block_1_7' title="bbox 341 727 1919 805">
    <p class='ocr_par' dir='ltr' id='par_1_7' title="bbox 341 727 1919 805">
     <span class='ocr_line' id='line_1_7' title="bbox 341 727 1919 805; baseline -0.006 -14"><span class='ocrx_word' id='word_1_46' title='bbox 341 733 443 792; x_wconf 88' lang='lat' dir='ltr'><strong>bus</strong></span> <span class='ocrx_word' id='word_1_47' title='bbox 472 736 708 801; x_wconf 90' lang='lat' dir='ltr'><strong>inierim,</strong></span> <span class='ocrx_word' id='word_1_48' title='bbox 740 737 829 805; x_wconf 92' lang='lat' dir='ltr'><strong>qui</strong></span> <span class='ocrx_word' id='word_1_49' title='bbox 853 750 917 790; x_wconf 89' lang='lat' dir='ltr'><strong>ea</strong></span> <span class='ocrx_word' id='word_1_50' title='bbox 950 750 1067 803; x_wconf 69' lang='lat' dir='ltr'><strong>qua:</strong></span> <span class='ocrx_word' id='word_1_51' title='bbox 1092 734 1270 789; x_wconf 84' lang='lat' dir='ltr'><strong>scribo</strong></span> <span class='ocrx_word' id='word_1_52' title='bbox 1298 733 1499 803; x_wconf 89' lang='lat' dir='ltr'><strong>legunt,</strong></span> <span class='ocrx_word' id='word_1_53' title='bbox 1525 741 1577 786; x_wconf 91' lang='lat' dir='ltr'><strong>et</strong></span> <span class='ocrx_word' id='word_1_54' title='bbox 1599 732 1653 784; x_wconf 92' lang='lat' dir='ltr'><strong>in</strong></span> <span class='ocrx_word' id='word_1_55' title='bbox 1674 727 1919 783; x_wconf 81' lang='lat' dir='ltr'><strong>omnibus</strong></span> 
     </span>
    </p>
   </div>
   <div class='ocr_carea' id='block_1_8' title="bbox 342 820 1920 897">
    <p class='ocr_par' dir='ltr' id='par_1_8' title="bbox 342 820 1920 897">
     <span class='ocr_line' id='line_1_8' title="bbox 342 820 1920 897; baseline -0.004 -16"><span class='ocrx_word' id='word_1_56' title='bbox 342 828 556 897; x_wconf 77' lang='lat' dir='ltr'><strong>scriptis</strong></span> <span class='ocrx_word' id='word_1_57' title='bbox 584 828 741 893; x_wconf 87' lang='lat' dir='ltr'><strong>meis,</strong></span> <span class='ocrx_word' id='word_1_58' title='bbox 766 827 1101 894; x_wconf 76' lang='lat' dir='ltr'><strong>maximeque</strong></span> <span class='ocrx_word' id='word_1_59' title='bbox 1129 827 1184 880; x_wconf 87' lang='lat' dir='ltr'><strong>in</strong></span> <span class='ocrx_word' id='word_1_60' title='bbox 1214 825 1296 879; x_wconf 93' lang='lat' dir='ltr'><strong>his</strong></span> <span class='ocrx_word' id='word_1_61' title='bbox 1329 826 1421 880; x_wconf 91' lang='lat' dir='ltr'><strong>ubi</strong></span> <span class='ocrx_word' id='word_1_62' title='bbox 1450 823 1706 893; x_wconf 68' lang='lat' dir='ltr'><strong>quaeritur</strong></span> <span class='ocrx_word' id='word_1_63' title='bbox 1743 820 1920 875; x_wconf 87' lang='lat' dir='ltr'><strong>unitas</strong></span> 
     </span>
    </p>
   </div>
   <div class='ocr_carea' id='block_1_9' title="bbox 345 914 1921 987">
    <p class='ocr_par' dir='ltr' id='par_1_9' title="bbox 345 914 1921 987">
     <span class='ocr_line' id='line_1_9' title="bbox 345 914 1921 987; baseline -0.006 -13"><span class='ocrx_word' id='word_1_64' title='bbox 345 919 645 984; x_wconf 83' lang='lat' dir='ltr'><strong>Trinitatis,</strong></span> <span class='ocrx_word' id='word_1_65' title='bbox 672 920 844 974; x_wconf 85' lang='lat' dir='ltr'><strong>Patris</strong></span> <span class='ocrx_word' id='word_1_66' title='bbox 862 930 929 977; x_wconf 75' lang='lat' dir='ltr'><strong>.et</strong></span> <span class='ocrx_word' id='word_1_67' title='bbox 958 918 1075 973; x_wconf 91' lang='lat' dir='ltr'><strong>Filii</strong></span> <span class='ocrx_word' id='word_1_68' title='bbox 1103 928 1157 973; x_wconf 90' lang='lat' dir='ltr'><strong>et</strong></span> <span class='ocrx_word' id='word_1_69' title='bbox 1186 918 1417 987; x_wconf 85' lang='lat' dir='ltr'><strong>Spiritus</strong></span> <span class='ocrx_word' id='word_1_70' title='bbox 1448 917 1648 981; x_wconf 82' lang='lat' dir='ltr'><strong>sancti;</strong></span> <span class='ocrx_word' id='word_1_71' title='bbox 1677 914 1799 981; x_wconf 91' lang='lat' dir='ltr'><strong>quia</strong></span> <span class='ocrx_word' id='word_1_72' title='bbox 1824 927 1921 966; x_wconf 85' lang='lat' dir='ltr'><strong>nec</strong></span> 
     </span>
    </p>
   </div>
   <div class='ocr_carea' id='block_1_10' title="bbox 343 1002 1920 1081">
    <p class='ocr_par' dir='ltr' id='par_1_10' title="bbox 343 1002 1920 1081">
     <span class='ocr_line' id='line_1_10' title="bbox 343 1002 1920 1081; baseline -0.006 -15"><span class='ocrx_word' id='word_1_73' title='bbox 343 1012 694 1081; x_wconf 79' lang='lat' dir='ltr'><strong>periculosius</strong></span> <span class='ocrx_word' id='word_1_74' title='bbox 722 1008 914 1066; x_wconf 84' lang='lat' dir='ltr'><strong>alicubi</strong></span> <span class='ocrx_word' id='word_1_75' title='bbox 957 1020 1169 1066; x_wconf 86' lang='lat' dir='ltr'><strong>erratur</strong></span> <span class='ocrx_word' id='word_1_76' title='bbox 1194 1050 1209 1076; x_wconf 94' lang='lat'><strong>,</strong></span> <span class='ocrx_word' id='word_1_77' title='bbox 1238 1024 1338 1063; x_wconf 88' lang='lat' dir='ltr'><strong>nec</strong></span> <span class='ocrx_word' id='word_1_78' title='bbox 1364 1006 1677 1063; x_wconf 80' lang='lat' dir='ltr'><strong>laboriosius</strong></span> <span class='ocrx_word' id='word_1_79' title='bbox 1723 1002 1920 1073; x_wconf 87' lang='lat' dir='ltr'><strong>aliquid</strong></span> 
     </span>
    </p>
   </div>
   <div class='ocr_carea' id='block_1_11' title="bbox 337 1095 1922 1171">
    <p class='ocr_par' dir='ltr' id='par_1_11' title="bbox 337 1095 1922 1171">
     <span class='ocr_line' id='line_1_11' title="bbox 337 1095 1922 1171; baseline -0.004 -16"><span class='ocrx_word' id='word_1_80' title='bbox 337 1102 636 1171; x_wconf 66' lang='lat' dir='ltr'><strong>quaeritur,</strong></span> <span class='ocrx_word' id='word_1_81' title='bbox 660 1116 760 1156; x_wconf 88' lang='lat' dir='ltr'><strong>nec</strong></span> <span class='ocrx_word' id='word_1_82' title='bbox 791 1102 1110 1156; x_wconf 83' lang='lat' dir='ltr'><strong>fructuosius</strong></span> <span class='ocrx_word' id='word_1_83' title='bbox 1157 1099 1355 1168; x_wconf 88' lang='lat' dir='ltr'><strong>aliquid</strong></span> <span class='ocrx_word' id='word_1_84' title='bbox 1411 1098 1699 1153; x_wconf 82' lang='lat' dir='ltr'><strong>invenitur.</strong></span> <span class='ocrx_word' id='word_1_85' title='bbox 1738 1114 1757 1148; x_wconf 74' lang='grc' dir='ltr'><strong>ι</strong></span> <span class='ocrx_word' id='word_1_86' title='bbox 1787 1095 1922 1161; x_wconf 80' lang='lat' dir='ltr'><strong>Quis</strong></span> 
     </span>
    </p>
   </div>
   <div class='ocr_carea' id='block_1_12' title="bbox 343 1187 1922 1264">
    <p class='ocr_par' dir='ltr' id='par_1_12' title="bbox 343 1187 1922 1264">
     <span class='ocr_line' id='line_1_12' title="bbox 343 1187 1922 1264; baseline -0.004 -16"><span class='ocrx_word' id='word_1_87' title='bbox 343 1196 527 1264; x_wconf 80' lang='lat' dir='ltr'><strong>itaque</strong></span> <span class='ocrx_word' id='word_1_88' title='bbox 550 1196 902 1264; x_wconf 78' lang='lat' dir='ltr'><strong>Augusti-num</strong></span> <span class='ocrx_word' id='word_1_89' title='bbox 952 1194 1028 1248; x_wconf 88' lang='lat' dir='ltr'><strong>sic</strong></span> <span class='ocrx_word' id='word_1_90' title='bbox 1058 1193 1439 1263; x_wconf 79' lang='lat' dir='ltr'><strong>ingredientem</strong></span> <span class='ocrx_word' id='word_1_91' title='bbox 1468 1192 1607 1244; x_wconf 79' lang='lat' dir='ltr'><strong>viam</strong></span> <span class='ocrx_word' id='word_1_92' title='bbox 1648 1187 1922 1243; x_wconf 84' lang='lat' dir='ltr'><strong>charitatis</strong></span> 
     </span>
    </p>
   </div>
   <div class='ocr_carea' id='block_1_13' title="bbox 334 1278 1923 1353">
    <p class='ocr_par' dir='ltr' id='par_1_13' title="bbox 334 1278 1923 1353">
     <span class='ocr_line' id='line_1_13' title="bbox 334 1278 1923 1353; baseline -0.006 -13"><span class='ocrx_word' id='word_1_93' title='bbox 334 1294 401 1340; x_wconf 85' lang='lat' dir='ltr'><strong>et</strong></span> <span class='ocrx_word' id='word_1_94' title='bbox 446 1284 514 1340; x_wconf 89' lang='lat' dir='ltr'><strong>ad</strong></span> <span class='ocrx_word' id='word_1_95' title='bbox 544 1285 711 1340; x_wconf 87' lang='lat' dir='ltr'><strong>Deum</strong></span> <span class='ocrx_word' id='word_1_96' title='bbox 760 1286 1063 1341; x_wconf 87' lang='lat' dir='ltr'><strong>tendentem</strong></span> <span class='ocrx_word' id='word_1_97' title='bbox 1087 1326 1101 1351; x_wconf 95' lang='lat'><strong>,</strong></span> <span class='ocrx_word' id='word_1_98' title='bbox 1128 1292 1187 1339; x_wconf 89' lang='lat' dir='ltr'><strong>ut</strong></span> <span class='ocrx_word' id='word_1_99' title='bbox 1217 1284 1557 1353; x_wconf 79' lang='lat' dir='ltr'><strong>profiteretur</strong></span> <span class='ocrx_word' id='word_1_100' title='bbox 1584 1279 1723 1350; x_wconf 86' lang='lat' dir='ltr'><strong>quod</strong></span> <span class='ocrx_word' id='word_1_101' title='bbox 1754 1278 1923 1334; x_wconf 85' lang='lat' dir='ltr'><strong>sicubi</strong></span> 
     </span>
    </p>
   </div>
   <div class='ocr_carea' id='block_1_14' title="bbox 346 1372 1924 1445">
    <p class='ocr_par' dir='ltr' id='par_1_14' title="bbox 346 1372 1924 1445">
     <span class='ocr_line' id='line_1_14' title="bbox 346 1372 1924 1445; baseline -0.006 -12"><span class='ocrx_word' id='word_1_102' title='bbox 346 1386 575 1443; x_wconf 89' lang='lat' dir='ltr'><strong>erraret,</strong></span> <span class='ocrx_word' id='word_1_103' title='bbox 606 1391 726 1432; x_wconf 87' lang='lat' dir='ltr'><strong>eum</strong></span> <span class='ocrx_word' id='word_1_104' title='bbox 756 1377 962 1432; x_wconf 81' lang='lat' dir='ltr'><strong>discere</strong></span> <span class='ocrx_word' id='word_1_105' title='bbox 1004 1390 1111 1430; x_wconf 87' lang='lat' dir='ltr'><strong>non</strong></span> <span class='ocrx_word' id='word_1_106' title='bbox 1162 1375 1405 1445; x_wconf 81' lang='lat' dir='ltr'><strong>puderet,</strong></span> <span class='ocrx_word' id='word_1_107' title='bbox 1438 1381 1492 1427; x_wconf 90' lang='lat' dir='ltr'><strong>et</strong></span> <span class='ocrx_word' id='word_1_108' title='bbox 1539 1372 1838 1424; x_wconf 83' lang='lat' dir='ltr'><strong>hortantem</strong></span> <span class='ocrx_word' id='word_1_109' title='bbox 1868 1377 1924 1423; x_wconf 88' lang='lat' dir='ltr'><strong>ut</strong></span> 
     </span>
    </p>
   </div>
   <div class='ocr_carea' id='block_1_15' title="bbox 350 1458 1923 1535">
    <p class='ocr_par' dir='ltr' id='par_1_15' title="bbox 350 1458 1923 1535">
     <span class='ocr_line' id='line_1_15' title="bbox 350 1458 1923 1535; baseline -0.005 -17"><span class='ocrx_word' id='word_1_110' title='bbox 350 1467 418 1519; x_wconf 85' lang='lat' dir='ltr'><strong>ab</strong></span> <span class='ocrx_word' id='word_1_111' title='bbox 441 1467 555 1535; x_wconf 84' lang='lat' dir='ltr'><strong>ipso</strong></span> <span class='ocrx_word' id='word_1_112' title='bbox 578 1476 925 1520; x_wconf 84' lang='lat' dir='ltr'><strong>revocaretur</strong></span> <span class='ocrx_word' id='word_1_113' title='bbox 949 1479 1153 1532; x_wconf 86' lang='lat' dir='ltr'><strong>errore,</strong></span> <span class='ocrx_word' id='word_1_114' title='bbox 1191 1463 1497 1518; x_wconf 85' lang='lat' dir='ltr'><strong>haereticum</strong></span> <span class='ocrx_word' id='word_1_115' title='bbox 1528 1460 1749 1525; x_wconf 88' lang='lat' dir='ltr'><strong>diceret,</strong></span> <span class='ocrx_word' id='word_1_116' title='bbox 1774 1458 1857 1511; x_wconf 82' lang='lat' dir='ltr'><strong>vel</strong></span> <span class='ocrx_word' id='word_1_117' title='bbox 1878 1458 1923 1511; x_wconf 88' lang='lat' dir='ltr'><strong>si</strong></span> 
     </span>
    </p>
   </div>
   <div class='ocr_carea' id='block_1_16' title="bbox 350 1553 1921 1625">
    <p class='ocr_par' dir='ltr' id='par_1_16' title="bbox 350 1553 1921 1625">
     <span class='ocr_line' id='line_1_16' title="bbox 350 1553 1921 1625; baseline -0.004 -16"><span class='ocrx_word' id='word_1_118' title='bbox 350 1556 405 1609; x_wconf 91' lang='lat' dir='ltr'><strong>in</strong></span> <span class='ocrx_word' id='word_1_119' title='bbox 455 1558 556 1622; x_wconf 88' lang='lat' dir='ltr'><strong>his,</strong></span> <span class='ocrx_word' id='word_1_120' title='bbox 590 1556 729 1610; x_wconf 89' lang='lat' dir='ltr'><strong>sicut</strong></span> <span class='ocrx_word' id='word_1_121' title='bbox 752 1556 861 1625; x_wconf 88' lang='lat' dir='ltr'><strong>jam</strong></span> <span class='ocrx_word' id='word_1_122' title='bbox 909 1555 1159 1618; x_wconf 77' lang='lat' dir='ltr'><strong>diximus,</strong></span> <span class='ocrx_word' id='word_1_123' title='bbox 1203 1553 1454 1623; x_wconf 82' lang='lat' dir='ltr'><strong>probaret</strong></span> <span class='ocrx_word' id='word_1_124' title='bbox 1477 1564 1709 1617; x_wconf 88' lang='lat' dir='ltr'><strong>errasse,</strong></span> <span class='ocrx_word' id='word_1_125' title='bbox 1738 1558 1793 1603; x_wconf 83' lang='lat' dir='ltr'><strong>et</strong></span> <span class='ocrx_word' id='word_1_126' title='bbox 1824 1563 1921 1603; x_wconf 81' lang='lat' dir='ltr'><strong>ne-</strong></span> 
     </span>
    </p>
   </div>
   <div class='ocr_carea' id='block_1_17' title="bbox 348 1642 1922 1711">
    <p class='ocr_par' dir='ltr' id='par_1_17' title="bbox 348 1642 1922 1711">
     <span class='ocr_line' id='line_1_17' title="bbox 348 1642 1922 1711; baseline -0.003 -11"><span class='ocrx_word' id='word_1_127' title='bbox 348 1647 495 1700; x_wconf 88' lang='lat' dir='ltr'><strong>mine</strong></span> <span class='ocrx_word' id='word_1_128' title='bbox 523 1647 841 1701; x_wconf 83' lang='lat' dir='ltr'><strong>admonente</strong></span> <span class='ocrx_word' id='word_1_129' title='bbox 869 1648 1028 1700; x_wconf 87' lang='lat' dir='ltr'><strong>etiam</strong></span> <span class='ocrx_word' id='word_1_130' title='bbox 1062 1645 1114 1698; x_wconf 90' lang='lat' dir='ltr'><strong>in</strong></span> <span class='ocrx_word' id='word_1_131' title='bbox 1142 1658 1328 1698; x_wconf 85' lang='lat' dir='ltr'><strong>errore</strong></span> <span class='ocrx_word' id='word_1_132' title='bbox 1350 1642 1629 1709; x_wconf 85' lang='lat' dir='ltr'><strong>mansisse,</strong></span> <span class='ocrx_word' id='word_1_133' title='bbox 1660 1656 1780 1695; x_wconf 90' lang='lat' dir='ltr'><strong>cum</strong></span> <span class='ocrx_word' id='word_1_134' title='bbox 1811 1643 1922 1711; x_wconf 86' lang='lat' dir='ltr'><strong>ipsa</strong></span> 
     </span>
    </p>
   </div>
   <div class='ocr_carea' id='block_1_18' title="bbox 344 1734 1924 1806">
    <p class='ocr_par' dir='ltr' id='par_1_18' title="bbox 344 1734 1924 1806">
     <span class='ocr_line' id='line_1_18' title="bbox 344 1734 1924 1806; baseline -0.001 -15"><span class='ocrx_word' id='word_1_135' title='bbox 344 1738 671 1806; x_wconf 29' lang='lat' dir='ltr'><strong>praeparatio</strong></span> <span class='ocrx_word' id='word_1_136' title='bbox 712 1739 903 1791; x_wconf 89' lang='lat' dir='ltr'><strong>mentis</strong></span> <span class='ocrx_word' id='word_1_137' title='bbox 949 1737 1017 1790; x_wconf 88' lang='lat' dir='ltr'><strong>ad</strong></span> <span class='ocrx_word' id='word_1_138' title='bbox 1065 1735 1474 1805; x_wconf 77' lang='lat' dir='ltr'><strong>corrigendum,</strong></span> <span class='ocrx_word' id='word_1_139' title='bbox 1518 1743 1571 1788; x_wconf 90' lang='lat' dir='ltr'><strong>et</strong></span> <span class='ocrx_word' id='word_1_140' title='bbox 1616 1734 1924 1789; x_wconf 83' lang='lat' dir='ltr'><strong>exhortatio</strong></span> 
     </span>
    </p>
   </div>
   <div class='ocr_carea' id='block_1_19' title="bbox 350 1826 1926 1897">
    <p class='ocr_par' dir='ltr' id='par_1_19' title="bbox 350 1826 1926 1897">
     <span class='ocr_line' id='line_1_19' title="bbox 350 1826 1926 1897; baseline -0.002 -15"><span class='ocrx_word' id='word_1_141' title='bbox 350 1828 467 1897; x_wconf 88' lang='lat' dir='ltr'><strong>ejus</strong></span> <span class='ocrx_word' id='word_1_142' title='bbox 496 1838 550 1881; x_wconf 93' lang='lat' dir='ltr'><strong>ut</strong></span> <span class='ocrx_word' id='word_1_143' title='bbox 576 1844 603 1882; x_wconf 92' lang='lat' dir='ltr'><strong>a</strong></span> <span class='ocrx_word' id='word_1_144' title='bbox 628 1845 728 1883; x_wconf 89' lang='lat' dir='ltr'><strong>suo</strong></span> <span class='ocrx_word' id='word_1_145' title='bbox 755 1836 1095 1883; x_wconf 83' lang='lat' dir='ltr'><strong>revocaretur</strong></span> <span class='ocrx_word' id='word_1_146' title='bbox 1125 1841 1328 1891; x_wconf 81' lang='lat' dir='ltr'><strong>errore,</strong></span> <span class='ocrx_word' id='word_1_147' title='bbox 1363 1826 1481 1895; x_wconf 87' lang='lat' dir='ltr'><strong>plus</strong></span> <span class='ocrx_word' id='word_1_148' title='bbox 1511 1839 1670 1895; x_wconf 83' lang='lat' dir='ltr'><strong>quam</strong></span> <span class='ocrx_word' id='word_1_149' title='bbox 1714 1840 1926 1880; x_wconf 90' lang='lat' dir='ltr'><strong>correc-</strong></span> 
     </span>
    </p>
   </div>
   <div class='ocr_carea' id='block_1_20' title="bbox 350 1916 1925 1987">
    <p class='ocr_par' dir='ltr' id='par_1_20' title="bbox 350 1916 1925 1987">
     <span class='ocr_line' id='line_1_20' title="bbox 350 1916 1925 1987; baseline -0.001 -15"><span class='ocrx_word' id='word_1_150' title='bbox 350 1920 425 1973; x_wconf 85' lang='lat' dir='ltr'><strong>tio</strong></span> <span class='ocrx_word' id='word_1_151' title='bbox 462 1918 652 1975; x_wconf 84' lang='lat' dir='ltr'><strong>debeat</strong></span> <span class='ocrx_word' id='word_1_152' title='bbox 681 1918 967 1974; x_wconf 71' lang='lat' dir='ltr'><strong>teszimari?</strong></span> <span class='ocrx_word' id='word_1_153' title='bbox 995 1917 1126 1972; x_wconf 86' lang='lat' dir='ltr'><strong>Nam</strong></span> <span class='ocrx_word' id='word_1_154' title='bbox 1179 1932 1323 1987; x_wconf 51' lang='lat' dir='ltr'><strong>stripe</strong></span> <span class='ocrx_word' id='word_1_155' title='bbox 1376 1916 1693 1972; x_wconf 80' lang='lat' dir='ltr'><strong>verecundia</strong></span> <span class='ocrx_word' id='word_1_156' title='bbox 1723 1919 1925 1986; x_wconf 90' lang='lat' dir='ltr'><strong>pressi,</strong></span> 
     </span>
    </p>
   </div>
   <div class='ocr_carea' id='block_1_21' title="bbox 340 2011 1929 2081">
    <p class='ocr_par' dir='ltr' id='par_1_21' title="bbox 340 2011 1929 2081">
     <span class='ocr_line' id='line_1_21' title="bbox 340 2011 1929 2081; baseline -0.003 -13"><span class='ocrx_word' id='word_1_157' title='bbox 340 2022 440 2069; x_wconf 72' lang='lat' dir='ltr'><strong>aut</strong></span> <span class='ocrx_word' id='word_1_158' title='bbox 464 2016 625 2069; x_wconf 87' lang='lat' dir='ltr'><strong>etiam</strong></span> <span class='ocrx_word' id='word_1_159' title='bbox 656 2015 979 2068; x_wconf 81' lang='lat' dir='ltr'><strong>necessitate</strong></span> <span class='ocrx_word' id='word_1_160' title='bbox 1008 2013 1305 2077; x_wconf 89' lang='lat' dir='ltr'><strong>constricti,</strong></span> <span class='ocrx_word' id='word_1_161' title='bbox 1332 2011 1667 2081; x_wconf 72' lang='lat' dir='ltr'><strong>corriguntur</strong></span> <span class='ocrx_word' id='word_1_162' title='bbox 1691 2017 1718 2047; x_wconf 75' lang='grc' dir='ltr'>ι</span> <span class='ocrx_word' id='word_1_163' title='bbox 1744 2011 1757 2041; x_wconf 86' lang='grc'>¹</span> <span class='ocrx_word' id='word_1_164' title='bbox 1787 2027 1799 2062; x_wconf 89' lang='lat'><strong>:</strong></span> <span class='ocrx_word' id='word_1_165' title='bbox 1830 2011 1929 2065; x_wconf 89' lang='lat' dir='ltr'><strong>iste</strong></span> 
     </span>
    </p>
   </div>
   <div class='ocr_carea' id='block_1_22' title="bbox 350 2104 1928 2161">
    <p class='ocr_par' dir='ltr' id='par_1_22' title="bbox 350 2104 1928 2161">
     <span class='ocr_line' id='line_1_22' title="bbox 350 2104 1928 2161; baseline -0.003 -2"><span class='ocrx_word' id='word_1_166' title='bbox 350 2116 527 2160; x_wconf 86' lang='lat' dir='ltr'><strong>autem</strong></span> <span class='ocrx_word' id='word_1_167' title='bbox 559 2106 674 2161; x_wconf 83' lang='lat' dir='ltr'><strong>sine</strong></span> <span class='ocrx_word' id='word_1_168' title='bbox 722 2106 830 2159; x_wconf 87' lang='lat' dir='ltr'><strong>ulla</strong></span> <span class='ocrx_word' id='word_1_169' title='bbox 876 2104 1193 2160; x_wconf 82' lang='lat' dir='ltr'><strong>verecundia</strong></span> <span class='ocrx_word' id='word_1_170' title='bbox 1245 2112 1303 2157; x_wconf 92' lang='lat' dir='ltr'><strong>ut</strong></span> <span class='ocrx_word' id='word_1_171' title='bbox 1352 2110 1697 2158; x_wconf 79' lang='lat' dir='ltr'><strong>revocaretur</strong></span> <span class='ocrx_word' id='word_1_172' title='bbox 1742 2116 1928 2156; x_wconf 89' lang='lat' dir='ltr'><strong>omnes</strong></span> 
     </span>
    </p>
   </div>
   <div class='ocr_carea' id='block_1_23' title="bbox 352 2194 1925 2267">
    <p class='ocr_par' dir='ltr' id='par_1_23' title="bbox 352 2194 1925 2267">
     <span class='ocr_line' id='line_1_23' title="bbox 352 2194 1925 2267; baseline -0.003 -18"><span class='ocrx_word' id='word_1_173' title='bbox 352 2197 445 2267; x_wconf 91' lang='lat' dir='ltr'><strong>qui</strong></span> <span class='ocrx_word' id='word_1_174' title='bbox 496 2211 593 2251; x_wconf 91' lang='lat' dir='ltr'><strong>sua</strong></span> <span class='ocrx_word' id='word_1_175' title='bbox 638 2196 875 2265; x_wconf 85' lang='lat' dir='ltr'><strong>legerent</strong></span> <span class='ocrx_word' id='word_1_176' title='bbox 920 2196 1100 2250; x_wconf 79' lang='lat' dir='ltr'><strong>divina</strong></span> <span class='ocrx_word' id='word_1_177' title='bbox 1146 2195 1516 2250; x_wconf 76' lang='lat' dir='ltr'><strong>testiﬁcatione</strong></span> <span class='ocrx_word' id='word_1_178' title='bbox 1560 2194 1925 2265; x_wconf 78' lang='lat' dir='ltr'><strong>constringit:</strong></span> 
     </span>
    </p>
   </div>
   <div class='ocr_carea' id='block_1_24' title="bbox 356 2286 1929 2356">
    <p class='ocr_par' dir='ltr' id='par_1_24' title="bbox 356 2286 1929 2356">
     <span class='ocr_line' id='line_1_24' title="bbox 356 2286 1929 2356; baseline -0.001 -17"><span class='ocrx_word' id='word_1_179' title='bbox 356 2305 375 2339; x_wconf 88' lang='grc'><strong><em>‹</em></strong></span> <span class='ocrx_word' id='word_1_180' title='bbox 409 2288 478 2341; x_wconf 85' lang='lat' dir='ltr'><strong>Et</strong></span> <span class='ocrx_word' id='word_1_181' title='bbox 505 2287 626 2351; x_wconf 88' lang='lat' dir='ltr'><strong>hoc,</strong></span> <span class='ocrx_word' id='word_1_182' title='bbox 656 2287 847 2355; x_wconf 86' lang='lat' dir='ltr'><strong>inquit,</strong></span> <span class='ocrx_word' id='word_1_183' title='bbox 883 2286 1159 2356; x_wconf 88' lang='lat' dir='ltr'><strong>placitum,</strong></span> <span class='ocrx_word' id='word_1_184' title='bbox 1191 2287 1336 2355; x_wconf 91' lang='lat' dir='ltr'><strong>pium</strong></span> <span class='ocrx_word' id='word_1_185' title='bbox 1368 2293 1527 2354; x_wconf 90' lang='lat' dir='ltr'><strong>atque</strong></span> <span class='ocrx_word' id='word_1_186' title='bbox 1552 2293 1721 2339; x_wconf 91' lang='lat' dir='ltr'><strong>tutum</strong></span> <span class='ocrx_word' id='word_1_187' title='bbox 1750 2298 1929 2339; x_wconf 90' lang='lat' dir='ltr'><strong>coram</strong></span> 
     </span>
    </p>
   </div>
   <div class='ocr_carea' id='block_1_25' title="bbox 350 2377 1930 2446">
    <p class='ocr_par' dir='ltr' id='par_1_25' title="bbox 350 2377 1930 2446">
     <span class='ocr_line' id='line_1_25' title="bbox 350 2377 1930 2446; baseline -0.003 -12"><span class='ocrx_word' id='word_1_188' title='bbox 350 2378 578 2434; x_wconf 86' lang='lat' dir='ltr'><strong>Domino</strong></span> <span class='ocrx_word' id='word_1_189' title='bbox 607 2378 718 2433; x_wconf 80' lang='lat' dir='ltr'><strong>Deo</strong></span> <span class='ocrx_word' id='word_1_190' title='bbox 743 2388 925 2433; x_wconf 85' lang='lat' dir='ltr'><strong>nostro</strong></span> <span class='ocrx_word' id='word_1_191' title='bbox 946 2394 1065 2432; x_wconf 88' lang='lat' dir='ltr'><strong>cum</strong></span> <span class='ocrx_word' id='word_1_192' title='bbox 1100 2379 1343 2432; x_wconf 87' lang='lat' dir='ltr'><strong>omnibus</strong></span> <span class='ocrx_word' id='word_1_193' title='bbox 1368 2377 1578 2432; x_wconf 91' lang='lat' dir='ltr'><strong>inierim</strong></span> <span class='ocrx_word' id='word_1_194' title='bbox 1607 2378 1695 2446; x_wconf 85' lang='lat' dir='ltr'><strong>qui</strong></span> <span class='ocrx_word' id='word_1_195' title='bbox 1722 2392 1785 2430; x_wconf 88' lang='lat' dir='ltr'><strong>ea</strong></span> <span class='ocrx_word' id='word_1_196' title='bbox 1814 2390 1930 2446; x_wconf 63' lang='lat' dir='ltr'><strong>quae</strong></span> 
     </span>
    </p>
   </div>
   <div class='ocr_carea' id='block_1_26' title="bbox 348 2469 1927 2542">
    <p class='ocr_par' dir='ltr' id='par_1_26' title="bbox 348 2469 1927 2542">
     <span class='ocr_line' id='line_1_26' title="bbox 348 2469 1927 2542; baseline -0.003 -16"><span class='ocrx_word' id='word_1_197' title='bbox 348 2473 526 2527; x_wconf 89' lang='lat' dir='ltr'><strong>scribo</strong></span> <span class='ocrx_word' id='word_1_198' title='bbox 557 2472 757 2542; x_wconf 79' lang='lat' dir='ltr'><strong>legunt.</strong></span> <span class='ocrx_word' id='word_1_199' title='bbox 799 2491 817 2523; x_wconf 77' lang='grc' dir='ltr'><strong><em>ι</em></strong></span> <span class='ocrx_word' id='word_1_200' title='bbox 855 2472 1065 2541; x_wconf 79' lang='lat' dir='ltr'><strong>Ergone</strong></span> <span class='ocrx_word' id='word_1_201' title='bbox 1122 2471 1244 2526; x_wconf 85' lang='lat' dir='ltr'><strong>huic</strong></span> <span class='ocrx_word' id='word_1_202' title='bbox 1278 2480 1465 2535; x_wconf 89' lang='lat' dir='ltr'><strong>tutum,</strong></span> <span class='ocrx_word' id='word_1_203' title='bbox 1495 2471 1631 2526; x_wconf 85' lang='lat' dir='ltr'><strong>sicut</strong></span> <span class='ocrx_word' id='word_1_204' title='bbox 1676 2469 1927 2535; x_wconf 87' lang='lat' dir='ltr'><strong>credidit,</strong></span> 
     </span>
    </p>
   </div>
   <div class='ocr_carea' id='block_1_27' title="bbox 348 2561 1932 2633">
    <p class='ocr_par' dir='ltr' id='par_1_27' title="bbox 348 2561 1932 2633">
     <span class='ocr_line' id='line_1_27' title="bbox 348 2561 1932 2633; baseline -0.002 -15"><span class='ocrx_word' id='word_1_205' title='bbox 348 2580 453 2618; x_wconf 91' lang='lat' dir='ltr'><strong>non</strong></span> <span class='ocrx_word' id='word_1_206' title='bbox 502 2574 644 2619; x_wconf 88' lang='lat' dir='ltr'><strong>esset</strong></span> <span class='ocrx_word' id='word_1_207' title='bbox 699 2564 797 2619; x_wconf 92' lang='lat' dir='ltr'><strong>hoc</strong></span> <span class='ocrx_word' id='word_1_208' title='bbox 844 2565 1097 2633; x_wconf 89' lang='lat' dir='ltr'><strong>placitum</strong></span> <span class='ocrx_word' id='word_1_209' title='bbox 1144 2564 1289 2633; x_wconf 89' lang='lat' dir='ltr'><strong>pium</strong></span> <span class='ocrx_word' id='word_1_210' title='bbox 1337 2577 1517 2617; x_wconf 86' lang='lat' dir='ltr'><strong>coram</strong></span> <span class='ocrx_word' id='word_1_211' title='bbox 1565 2561 1791 2615; x_wconf 87' lang='lat' dir='ltr'><strong>Domino</strong></span> <span class='ocrx_word' id='word_1_212' title='bbox 1821 2561 1932 2616; x_wconf 88' lang='lat' dir='ltr'><strong>Deo</strong></span> 
     </span>
    </p>
   </div>
   <div class='ocr_carea' id='block_1_28' title="bbox 344 2653 1933 2725">
    <p class='ocr_par' dir='ltr' id='par_1_28' title="bbox 344 2653 1933 2725">
     <span class='ocr_line' id='line_1_28' title="bbox 344 2653 1933 2725; baseline -0.001 -18"><span class='ocrx_word' id='word_1_213' title='bbox 344 2665 536 2708; x_wconf 85' lang='lat' dir='ltr'><strong>nostro</strong></span> <span class='ocrx_word' id='word_1_214' title='bbox 561 2670 685 2709; x_wconf 88' lang='lat' dir='ltr'><strong>cum</strong></span> <span class='ocrx_word' id='word_1_215' title='bbox 719 2656 962 2709; x_wconf 86' lang='lat' dir='ltr'><strong>omnibus</strong></span> <span class='ocrx_word' id='word_1_216' title='bbox 987 2656 1073 2725; x_wconf 91' lang='lat' dir='ltr'><strong>qui</strong></span> <span class='ocrx_word' id='word_1_217' title='bbox 1100 2670 1193 2709; x_wconf 90' lang='lat' dir='ltr'><strong>sua</strong></span> <span class='ocrx_word' id='word_1_218' title='bbox 1226 2654 1464 2724; x_wconf 91' lang='lat' dir='ltr'><strong>legerent</strong></span> <span class='ocrx_word' id='word_1_219' title='bbox 1495 2654 1704 2721; x_wconf 89' lang='lat' dir='ltr'><strong>initum,</strong></span> <span class='ocrx_word' id='word_1_220' title='bbox 1738 2653 1933 2707; x_wconf 88' lang='lat' dir='ltr'><strong>etiam-</strong></span> 
     </span>
    </p>
   </div>
   <div class='ocr_carea' id='block_1_29' title="bbox 349 2744 1933 2814">
    <p class='ocr_par' dir='ltr' id='par_1_29' title="bbox 349 2744 1933 2814">
     <span class='ocr_line' id='line_1_29' title="bbox 349 2744 1933 2814; baseline -0.003 -15"><span class='ocrx_word' id='word_1_221' title='bbox 349 2745 394 2799; x_wconf 88' lang='lat' dir='ltr'><strong>si</strong></span> <span class='ocrx_word' id='word_1_222' title='bbox 426 2760 535 2799; x_wconf 89' lang='lat' dir='ltr'><strong>non</strong></span> <span class='ocrx_word' id='word_1_223' title='bbox 586 2746 893 2800; x_wconf 81' lang='lat' dir='ltr'><strong>admonitus</strong></span> <span class='ocrx_word' id='word_1_224' title='bbox 940 2746 993 2799; x_wconf 90' lang='lat' dir='ltr'><strong>in</strong></span> <span class='ocrx_word' id='word_1_225' title='bbox 1037 2745 1215 2814; x_wconf 80' lang='lat' dir='ltr'><strong>aliquo</strong></span> <span class='ocrx_word' id='word_1_226' title='bbox 1268 2744 1656 2813; x_wconf 86' lang='lat' dir='ltr'><strong>permansisset</strong></span> <span class='ocrx_word' id='word_1_227' title='bbox 1710 2744 1933 2798; x_wconf 85' lang='lat' dir='ltr'><strong>errore?</strong></span> 
     </span>
    </p>
   </div>
   <div class='ocr_carea' id='block_1_30' title="bbox 348 2833 1935 2909">
    <p class='ocr_par' dir='ltr' id='par_1_30' title="bbox 348 2833 1935 2909">
     <span class='ocr_line' id='line_1_30' title="bbox 348 2833 1935 2909; baseline -0.002 -20"><span class='ocrx_word' id='word_1_228' title='bbox 348 2834 471 2905; x_wconf 82' lang='lat' dir='ltr'><strong>quis</strong></span> <span class='ocrx_word' id='word_1_229' title='bbox 502 2836 598 2888; x_wconf 88' lang='lat' dir='ltr'><strong>nisi</strong></span> <span class='ocrx_word' id='word_1_230' title='bbox 628 2836 863 2890; x_wconf 88' lang='lat' dir='ltr'><strong>crudelis</strong></span> <span class='ocrx_word' id='word_1_231' title='bbox 892 2846 981 2889; x_wconf 87' lang='lat' dir='ltr'><strong>aut</strong></span> <span class='ocrx_word' id='word_1_232' title='bbox 1010 2835 1154 2889; x_wconf 82' lang='lat' dir='ltr'><strong>dicat</strong></span> <span class='ocrx_word' id='word_1_233' title='bbox 1207 2844 1295 2889; x_wconf 90' lang='lat' dir='ltr'><strong>aut</strong></span> <span class='ocrx_word' id='word_1_234' title='bbox 1335 2834 1555 2889; x_wconf 83' lang='lat' dir='ltr'><strong>credat?</strong></span> <span class='ocrx_word' id='word_1_235' title='bbox 1586 2833 1746 2909; x_wconf 75' lang='lat' dir='ltr'><strong>Tales</strong></span> <span class='ocrx_word' id='word_1_236' title='bbox 1778 2833 1935 2902; x_wconf 85' lang='lat' dir='ltr'><strong>igitur</strong></span> 
     </span>
    </p>
   </div>
   <div class='ocr_carea' id='block_1_31' title="bbox 350 2924 1936 2995">
    <p class='ocr_par' dir='ltr' id='par_1_31' title="bbox 350 2924 1936 2995">
     <span class='ocr_line' id='line_1_31' title="bbox 350 2924 1936 2995; baseline -0.001 -15"><span class='ocrx_word' id='word_1_237' title='bbox 350 2926 683 2981; x_wconf 75' lang='lat' dir='ltr'><strong>aesdmemus</strong></span> <span class='ocrx_word' id='word_1_238' title='bbox 704 2936 759 2981; x_wconf 91' lang='lat' dir='ltr'><strong>et</strong></span> <span class='ocrx_word' id='word_1_239' title='bbox 779 2928 914 2981; x_wconf 90' lang='lat' dir='ltr'><strong>alios</strong></span> <span class='ocrx_word' id='word_1_240' title='bbox 940 2927 1187 2981; x_wconf 83' lang='lat' dir='ltr'><strong>doctores</strong></span> <span class='ocrx_word' id='word_1_241' title='bbox 1215 2926 1493 2995; x_wconf 61' lang='lat' dir='ltr'><strong>Ecclesiae,</strong></span> <span class='ocrx_word' id='word_1_242' title='bbox 1527 2924 1739 2995; x_wconf 91' lang='lat' dir='ltr'><strong>qualem</strong></span> <span class='ocrx_word' id='word_1_243' title='bbox 1771 2938 1828 2977; x_wconf 89' lang='lat' dir='ltr'><strong>se</strong></span> <span class='ocrx_word' id='word_1_244' title='bbox 1850 2937 1936 2978; x_wconf 90' lang='lat' dir='ltr'><strong>no-</strong></span> 
     </span>
    </p>
   </div>
   <div class='ocr_carea' id='block_1_32' title="bbox 351 3015 1932 3089">
    <p class='ocr_par' dir='ltr' id='par_1_32' title="bbox 351 3015 1932 3089">
     <span class='ocr_line' id='line_1_32' title="bbox 351 3015 1932 3089; baseline -0.001 -17"><span class='ocrx_word' id='word_1_245' title='bbox 351 3017 432 3072; x_wconf 86' lang='lat' dir='ltr'><strong>bis</strong></span> <span class='ocrx_word' id='word_1_246' title='bbox 460 3019 785 3089; x_wconf 76' lang='lat' dir='ltr'><strong>Augustinus</strong></span> <span class='ocrx_word' id='word_1_247' title='bbox 831 3017 1103 3072; x_wconf 83' lang='lat' dir='ltr'><strong>ostendit?</strong></span> <span class='ocrx_word' id='word_1_248' title='bbox 1132 3025 1187 3071; x_wconf 89' lang='lat' dir='ltr'><strong>et</strong></span> <span class='ocrx_word' id='word_1_249' title='bbox 1219 3016 1417 3070; x_wconf 88' lang='lat' dir='ltr'><strong>nullum</strong></span> <span class='ocrx_word' id='word_1_250' title='bbox 1439 3016 1682 3071; x_wconf 85' lang='lat' dir='ltr'><strong>dicemus</strong></span> <span class='ocrx_word' id='word_1_251' title='bbox 1710 3015 1932 3071; x_wconf 79' lang='lat' dir='ltr'><strong>lucreti-</strong></span> 
     </span>
    </p>
   </div>
   <div class='ocr_carea' id='block_1_33' title="bbox 350 3096 1929 3179">
    <p class='ocr_par' dir='ltr' id='par_1_33' title="bbox 350 3096 1929 3179">
     <span class='ocr_line' id='line_1_33' title="bbox 350 3096 1929 3179; baseline -0.003 -14"><span class='ocrx_word' id='word_1_252' title='bbox 350 3125 471 3165; x_wconf 89' lang='lat' dir='ltr'><strong>cum</strong></span> <span class='ocrx_word' id='word_1_253' title='bbox 505 3111 555 3163; x_wconf 94' lang='lat' dir='ltr'><strong>in</strong></span> <span class='ocrx_word' id='word_1_254' title='bbox 590 3110 845 3165; x_wconf 66' lang='lat' dir='ltr'><strong>Ecclesiae</strong></span> <span class='ocrx_word' id='word_1_255' title='bbox 876 3123 1005 3179; x_wconf 85' lang='lat' dir='ltr'><strong>pace</strong></span> <span class='ocrx_word' id='word_1_256' title='bbox 1028 3117 1186 3179; x_wconf 86' lang='lat' dir='ltr'><strong>atque</strong></span> <span class='ocrx_word' id='word_1_257' title='bbox 1216 3096 1416 3165; x_wconf 84' lang='lat' dir='ltr'><strong>honore</strong></span> <span class='ocrx_word' id='word_1_258' title='bbox 1435 3108 1764 3164; x_wconf 86' lang='lat' dir='ltr'><strong>defunctum.</strong></span> <span class='ocrx_word' id='word_1_259' title='bbox 1792 3108 1929 3175; x_wconf 87' lang='lat' dir='ltr'><strong>Quid</strong></span> 
     </span>
    </p>
   </div>
   <div class='ocr_carea' id='block_1_34' title="bbox 348 3200 2005 3293">
    <p class='ocr_par' dir='ltr' id='par_1_34' title="bbox 348 3200 2005 3293">
     <span class='ocr_line' id='line_1_34' title="bbox 348 3200 2005 3293; baseline 0.001 -37"><span class='ocrx_word' id='word_1_260' title='bbox 348 3200 497 3256; x_wconf 86' lang='lat' dir='ltr'><strong>enim</strong></span> <span class='ocrx_word' id='word_1_261' title='bbox 531 3217 617 3255; x_wconf 90' lang='lat' dir='ltr'><strong>me</strong></span> <span class='ocrx_word' id='word_1_262' title='bbox 644 3201 810 3269; x_wconf 78' lang='lat' dir='ltr'><strong>laedit,</strong></span> <span class='ocrx_word' id='word_1_263' title='bbox 838 3202 883 3256; x_wconf 88' lang='lat' dir='ltr'><strong>si</strong></span> <span class='ocrx_word' id='word_1_264' title='bbox 916 3202 984 3255; x_wconf 91' lang='lat' dir='ltr'><strong>de</strong></span> <span class='ocrx_word' id='word_1_265' title='bbox 1011 3202 1261 3256; x_wconf 87' lang='lat' dir='ltr'><strong>omnibus</strong></span> <span class='ocrx_word' id='word_1_266' title='bbox 1296 3201 1472 3255; x_wconf 81' lang='lat' dir='ltr'><strong>taliter</strong></span> <span class='ocrx_word' id='word_1_267' title='bbox 1493 3201 1740 3269; x_wconf 87' lang='lat' dir='ltr'><strong>sentiam,</strong></span> <span class='ocrx_word' id='word_1_268' title='bbox 1774 3201 1857 3256; x_wconf 87' lang='lat' dir='ltr'><strong>vel</strong></span> <span class='ocrx_word' id='word_1_269' title='bbox 1883 3204 1930 3258; x_wconf 87' lang='lat' dir='ltr'><strong>ei</strong></span> <span class='ocrx_word' id='word_1_270' title='bbox 1958 3230 2005 3293; x_wconf 63' lang='grc' dir='ltr'><strong>ρ</strong></span> 
     </span>
    </p>
   </div>
   <div class='ocr_carea' id='block_1_35' title="bbox 352 3292 1931 3363">
    <p class='ocr_par' dir='ltr' id='par_1_35' title="bbox 352 3292 1931 3363">
     <span class='ocr_line' id='line_1_35' title="bbox 352 3292 1931 3363; baseline 0.003 -18"><span class='ocrx_word' id='word_1_271' title='bbox 352 3307 459 3345; x_wconf 87' lang='lat' dir='ltr'><strong>non</strong></span> <span class='ocrx_word' id='word_1_272' title='bbox 487 3307 674 3347; x_wconf 88' lang='lat' dir='ltr'><strong>omnes</strong></span> <span class='ocrx_word' id='word_1_273' title='bbox 705 3292 899 3347; x_wconf 80' lang='lat' dir='ltr'><strong>iuerint</strong></span> <span class='ocrx_word' id='word_1_274' title='bbox 936 3293 1118 3348; x_wconf 80' lang='lat' dir='ltr'><strong>tales?</strong></span> <span class='ocrx_word' id='word_1_275' title='bbox 1150 3293 1245 3347; x_wconf 89' lang='lat' dir='ltr'><strong>llic</strong></span> <span class='ocrx_word' id='word_1_276' title='bbox 1277 3292 1497 3348; x_wconf 82' lang='lat' dir='ltr'><strong>forsitan</strong></span> <span class='ocrx_word' id='word_1_277' title='bbox 1529 3294 1718 3363; x_wconf 86' lang='lat' dir='ltr'><strong>aliquis</strong></span> <span class='ocrx_word' id='word_1_278' title='bbox 1748 3294 1889 3348; x_wconf 88' lang='lat' dir='ltr'><strong>dicat</strong></span> <span class='ocrx_word' id='word_1_279' title='bbox 1919 3314 1931 3350; x_wconf 91' lang='lat'>:</span> 
     </span>
    </p>
   </div>
   <div class='ocr_carea' id='block_1_36' title="bbox 350 3382 1936 3455">
    <p class='ocr_par' dir='ltr' id='par_1_36' title="bbox 350 3382 1936 3455">
     <span class='ocr_line' id='line_1_36' title="bbox 350 3382 1936 3455; baseline 0.001 -16"><span class='ocrx_word' id='word_1_280' title='bbox 350 3382 459 3439; x_wconf 82' lang='lat' dir='ltr'><strong>Sed</strong></span> <span class='ocrx_word' id='word_1_281' title='bbox 501 3385 569 3440; x_wconf 88' lang='lat' dir='ltr'><strong>de</strong></span> <span class='ocrx_word' id='word_1_282' title='bbox 597 3387 895 3455; x_wconf 78' lang='lat' dir='ltr'><strong>AugttSlino</strong></span> <span class='ocrx_word' id='word_1_283' title='bbox 938 3395 1084 3440; x_wconf 90' lang='lat' dir='ltr'><strong>recte</strong></span> <span class='ocrx_word' id='word_1_284' title='bbox 1132 3387 1209 3440; x_wconf 90' lang='lat' dir='ltr'><strong>sic</strong></span> <span class='ocrx_word' id='word_1_285' title='bbox 1256 3385 1410 3440; x_wconf 86' lang='lat' dir='ltr'><strong>audis</strong></span> <span class='ocrx_word' id='word_1_286' title='bbox 1440 3388 1461 3417; x_wconf 75' lang='lat'><strong>’</strong></span> <span class='ocrx_word' id='word_1_287' title='bbox 1484 3427 1498 3452; x_wconf 93' lang='lat'><strong>,</strong></span> <span class='ocrx_word' id='word_1_288' title='bbox 1523 3387 1673 3455; x_wconf 82' lang='lat' dir='ltr'><strong>cujus</strong></span> <span class='ocrx_word' id='word_1_289' title='bbox 1700 3385 1936 3440; x_wconf 89' lang='lat' dir='ltr'><strong>animum</strong></span> 
     </span>
    </p>
   </div>
   <div class='ocr_carea' id='block_1_37' title="bbox 353 3476 1939 3546">
    <p class='ocr_par' dir='ltr' id='par_1_37' title="bbox 353 3476 1939 3546">
     <span class='ocr_line' id='line_1_37' title="bbox 353 3476 1939 3546; baseline 0.001 -17"><span class='ocrx_word' id='word_1_290' title='bbox 353 3476 619 3544; x_wconf 74' lang='lat' dir='ltr'><strong>professio</strong></span> <span class='ocrx_word' id='word_1_291' title='bbox 649 3492 741 3531; x_wconf 87' lang='lat' dir='ltr'><strong>sua</strong></span> <span class='ocrx_word' id='word_1_292' title='bbox 768 3476 998 3532; x_wconf 89' lang='lat' dir='ltr'><strong>declarat</strong></span> <span class='ocrx_word' id='word_1_293' title='bbox 1028 3493 1041 3529; x_wconf 90' lang='lat'><strong>:</strong></span> <span class='ocrx_word' id='word_1_294' title='bbox 1075 3477 1141 3531; x_wconf 88' lang='lat' dir='ltr'><strong>de</strong></span> <span class='ocrx_word' id='word_1_295' title='bbox 1161 3476 1279 3531; x_wconf 85' lang='lat' dir='ltr'><strong>aliis</strong></span> <span class='ocrx_word' id='word_1_296' title='bbox 1302 3487 1479 3532; x_wconf 90' lang='lat' dir='ltr'><strong>autem</strong></span> <span class='ocrx_word' id='word_1_297' title='bbox 1505 3492 1606 3546; x_wconf 91' lang='lat' dir='ltr'><strong>qua</strong></span> <span class='ocrx_word' id='word_1_298' title='bbox 1634 3477 1837 3532; x_wconf 89' lang='lat' dir='ltr'><strong>ratione</strong></span> <span class='ocrx_word' id='word_1_299' title='bbox 1862 3478 1939 3531; x_wconf 87' lang='lat' dir='ltr'><strong>sic</strong></span> 
     </span>
    </p>
   </div>
   <div class='ocr_carea' id='block_1_38' title="bbox 349 3563 1941 3635">
    <p class='ocr_par' dir='ltr' id='par_1_38' title="bbox 349 3563 1941 3635">
     <span class='ocr_line' id='line_1_38' title="bbox 349 3563 1941 3635; baseline -0.002 -13"><span class='ocrx_word' id='word_1_300' title='bbox 349 3563 581 3622; x_wconf 83' lang='lat' dir='ltr'><strong>credas?</strong></span> <span class='ocrx_word' id='word_1_301' title='bbox 607 3567 767 3632; x_wconf 85' lang='lat' dir='ltr'><strong>Quasi</strong></span> <span class='ocrx_word' id='word_1_302' title='bbox 797 3566 879 3619; x_wconf 76' lang='lat' dir='ltr'><strong>vel</strong></span> <span class='ocrx_word' id='word_1_303' title='bbox 908 3565 1021 3635; x_wconf 86' lang='lat' dir='ltr'><strong>ipse</strong></span> <span class='ocrx_word' id='word_1_304' title='bbox 1052 3567 1138 3635; x_wconf 90' lang='lat' dir='ltr'><strong>qui</strong></span> <span class='ocrx_word' id='word_1_305' title='bbox 1169 3566 1485 3621; x_wconf 85' lang='lat' dir='ltr'><strong>contradicit</strong></span> <span class='ocrx_word' id='word_1_306' title='bbox 1520 3578 1723 3621; x_wconf 87' lang='lat' dir='ltr'><strong>certum</strong></span> <span class='ocrx_word' id='word_1_307' title='bbox 1750 3567 1941 3620; x_wconf 87' lang='lat' dir='ltr'><strong>habeat</strong></span> 
     </span>
    </p>
   </div>
   <div class='ocr_carea' id='block_1_39' title="bbox 352 3656 1940 3728">
    <p class='ocr_par' dir='ltr' id='par_1_39' title="bbox 352 3656 1940 3728">
     <span class='ocr_line' id='line_1_39' title="bbox 352 3656 1940 3728; baseline -0.003 -14"><span class='ocrx_word' id='word_1_308' title='bbox 352 3659 497 3728; x_wconf 86' lang='lat' dir='ltr'><strong>quod</strong></span> <span class='ocrx_word' id='word_1_309' title='bbox 527 3658 627 3713; x_wconf 91' lang='lat' dir='ltr'><strong>hoc</strong></span> <span class='ocrx_word' id='word_1_310' title='bbox 672 3657 762 3711; x_wconf 86' lang='lat' dir='ltr'><strong>alii</strong></span> <span class='ocrx_word' id='word_1_311' title='bbox 804 3671 1017 3726; x_wconf 89' lang='lat' dir='ltr'><strong>quoque</strong></span> <span class='ocrx_word' id='word_1_312' title='bbox 1046 3671 1153 3710; x_wconf 90' lang='lat' dir='ltr'><strong>non</strong></span> <span class='ocrx_word' id='word_1_313' title='bbox 1185 3656 1450 3722; x_wconf 80' lang='lat' dir='ltr'><strong>dixerint;</strong></span> <span class='ocrx_word' id='word_1_314' title='bbox 1484 3666 1729 3726; x_wconf 87' lang='lat' dir='ltr'><strong>tanquam</strong></span> <span class='ocrx_word' id='word_1_315' title='bbox 1762 3660 1940 3711; x_wconf 87' lang='lat' dir='ltr'><strong>omnia</strong></span> 
     </span>
    </p>
   </div>
   <div class='ocr_carea' id='block_1_40' title="bbox 350 3748 1941 3820">
    <p class='ocr_par' dir='ltr' id='par_1_40' title="bbox 350 3748 1941 3820">
     <span class='ocr_line' id='line_1_40' title="bbox 350 3748 1941 3820; baseline -0.003 -13"><span class='ocrx_word' id='word_1_316' title='bbox 350 3751 593 3808; x_wconf 87' lang='lat' dir='ltr'><strong>omnium</strong></span> <span class='ocrx_word' id='word_1_317' title='bbox 644 3749 831 3820; x_wconf 87' lang='lat' dir='ltr'><strong>legerit</strong></span> <span class='ocrx_word' id='word_1_318' title='bbox 859 3752 1206 3817; x_wconf 71' lang='lat' dir='ltr'><strong>omniumque</strong></span> <span class='ocrx_word' id='word_1_319' title='bbox 1236 3749 1566 3805; x_wconf 83' lang='lat' dir='ltr'><strong>meminerit:</strong></span> <span class='ocrx_word' id='word_1_320' title='bbox 1595 3758 1686 3803; x_wconf 90' lang='lat' dir='ltr'><strong>aut</strong></span> <span class='ocrx_word' id='word_1_321' title='bbox 1713 3748 1797 3802; x_wconf 86' lang='lat' dir='ltr'><strong>vel</strong></span> <span class='ocrx_word' id='word_1_322' title='bbox 1829 3749 1941 3815; x_wconf 89' lang='lat' dir='ltr'><strong>ipse</strong></span> 
     </span>
    </p>
   </div>
   <div class='ocr_carea' id='block_1_41' title="bbox 355 3840 1944 3914">
    <p class='ocr_par' dir='ltr' id='par_1_41' title="bbox 355 3840 1944 3914">
     <span class='ocr_line' id='line_1_41' title="bbox 355 3840 1944 3914; baseline -0.004 -15"><span class='ocrx_word' id='word_1_323' title='bbox 355 3846 573 3900; x_wconf 80' lang='lat' dir='ltr'><strong>animus</strong></span> <span class='ocrx_word' id='word_1_324' title='bbox 600 3843 882 3914; x_wconf 77' lang='lat' dir='ltr'><strong>Augustini</strong></span> <span class='ocrx_word' id='word_1_325' title='bbox 908 3842 1026 3897; x_wconf 83' lang='lat' dir='ltr'><strong>ideo</strong></span> <span class='ocrx_word' id='word_1_326' title='bbox 1059 3841 1182 3896; x_wconf 89' lang='lat' dir='ltr'><strong>talis</strong></span> <span class='ocrx_word' id='word_1_327' title='bbox 1212 3840 1328 3907; x_wconf 82' lang='lat' dir='ltr'><strong>fuit,</strong></span> <span class='ocrx_word' id='word_1_328' title='bbox 1360 3842 1611 3911; x_wconf 90' lang='lat' dir='ltr'><strong>quoniam</strong></span> <span class='ocrx_word' id='word_1_329' title='bbox 1644 3840 1822 3894; x_wconf 88' lang='lat' dir='ltr'><strong>taliter</strong></span> <span class='ocrx_word' id='word_1_330' title='bbox 1861 3847 1944 3893; x_wconf 84' lang='lat' dir='ltr'><strong>est</strong></span> 
     </span>
    </p>
   </div>
   <div class='ocr_carea' id='block_1_42' title="bbox 355 3932 1944 4003">
    <p class='ocr_par' dir='ltr' id='par_1_42' title="bbox 355 3932 1944 4003">
     <span class='ocr_line' id='line_1_42' title="bbox 355 3932 1944 4003; baseline -0.003 -12"><span class='ocrx_word' id='word_1_331' title='bbox 355 3936 592 4001; x_wconf 86' lang='lat' dir='ltr'><strong>locutus,</strong></span> <span class='ocrx_word' id='word_1_332' title='bbox 622 3943 675 3990; x_wconf 89' lang='lat' dir='ltr'><strong>et</strong></span> <span class='ocrx_word' id='word_1_333' title='bbox 704 3949 808 3988; x_wconf 89' lang='lat' dir='ltr'><strong>non</strong></span> <span class='ocrx_word' id='word_1_334' title='bbox 836 3934 1012 4003; x_wconf 85' lang='lat' dir='ltr'><strong>potius</strong></span> <span class='ocrx_word' id='word_1_335' title='bbox 1042 3934 1293 4002; x_wconf 86' lang='lat' dir='ltr'><strong>quoniam</strong></span> <span class='ocrx_word' id='word_1_336' title='bbox 1324 3936 1443 3987; x_wconf 87' lang='lat' dir='ltr'><strong>talis</strong></span> <span class='ocrx_word' id='word_1_337' title='bbox 1470 3932 1588 3997; x_wconf 78' lang='lat' dir='ltr'><strong>fuit,</strong></span> <span class='ocrx_word' id='word_1_338' title='bbox 1614 3933 1735 3988; x_wconf 91' lang='lat' dir='ltr'><strong>ideo</strong></span> <span class='ocrx_word' id='word_1_339' title='bbox 1765 3932 1944 3986; x_wconf 85' lang='lat' dir='ltr'><strong>taliter</strong></span> 
     </span>
    </p>
   </div>
   <div class='ocr_carea' id='block_1_43' title="bbox 354 4025 1943 4095">
    <p class='ocr_par' dir='ltr' id='par_1_43' title="bbox 354 4025 1943 4095">
     <span class='ocr_line' id='line_1_43' title="bbox 354 4025 1943 4095; baseline -0.003 -13"><span class='ocrx_word' id='word_1_340' title='bbox 354 4036 443 4082; x_wconf 84' lang='lat' dir='ltr'><strong>est</strong></span> <span class='ocrx_word' id='word_1_341' title='bbox 472 4027 680 4083; x_wconf 91' lang='lat' dir='ltr'><strong>locutus</strong></span> <span class='ocrx_word' id='word_1_342' title='bbox 710 4043 726 4083; x_wconf 89' lang='lat'><strong>:</strong></span> <span class='ocrx_word' id='word_1_343' title='bbox 760 4041 822 4080; x_wconf 90' lang='lat' dir='ltr'><strong>ac</strong></span> <span class='ocrx_word' id='word_1_344' title='bbox 864 4040 958 4095; x_wconf 88' lang='lat' dir='ltr'><strong>per</strong></span> <span class='ocrx_word' id='word_1_345' title='bbox 988 4026 1108 4091; x_wconf 91' lang='lat' dir='ltr'><strong>hoc,</strong></span> <span class='ocrx_word' id='word_1_346' title='bbox 1156 4026 1366 4081; x_wconf 78' lang='lat' dir='ltr'><strong>etiamsi</strong></span> <span class='ocrx_word' id='word_1_347' title='bbox 1398 4027 1526 4081; x_wconf 89' lang='lat' dir='ltr'><strong>nihil</strong></span> <span class='ocrx_word' id='word_1_348' title='bbox 1558 4027 1670 4081; x_wconf 86' lang='lat' dir='ltr'><strong>tale</strong></span> <span class='ocrx_word' id='word_1_349' title='bbox 1698 4025 1943 4091; x_wconf 81' lang='lat' dir='ltr'><strong>dixisset,</strong></span> 
     </span>
    </p>
   </div>
   <div class='ocr_carea' id='block_1_44' title="bbox 358 4116 1945 4187">
    <p class='ocr_par' dir='ltr' id='par_1_44' title="bbox 358 4116 1945 4187">
     <span class='ocr_line' id='line_1_44' title="bbox 358 4116 1945 4187; baseline -0.001 -15"><span class='ocrx_word' id='word_1_350' title='bbox 358 4117 501 4173; x_wconf 90' lang='lat' dir='ltr'><strong>idem</strong></span> <span class='ocrx_word' id='word_1_351' title='bbox 550 4127 725 4172; x_wconf 86' lang='lat' dir='ltr'><strong>tamen</strong></span> <span class='ocrx_word' id='word_1_352' title='bbox 774 4126 916 4172; x_wconf 84' lang='lat' dir='ltr'><strong>esset</strong></span> <span class='ocrx_word' id='word_1_353' title='bbox 970 4117 1181 4172; x_wconf 86' lang='lat' dir='ltr'><strong>habitus</strong></span> <span class='ocrx_word' id='word_1_354' title='bbox 1234 4117 1396 4172; x_wconf 89' lang='lat' dir='ltr'><strong>animi</strong></span> <span class='ocrx_word' id='word_1_355' title='bbox 1453 4117 1520 4171; x_wconf 87' lang='lat' dir='ltr'><strong>ad</strong></span> <span class='ocrx_word' id='word_1_356' title='bbox 1572 4116 1945 4187; x_wconf 88' lang='lat' dir='ltr'><strong>corrigendum</strong></span> 
     </span>
    </p>
   </div>
   <div class='ocr_carea' id='block_1_45' title="bbox 359 4207 1948 4279">
    <p class='ocr_par' dir='ltr' id='par_1_45' title="bbox 359 4207 1948 4279">
     <span class='ocr_line' id='line_1_45' title="bbox 359 4207 1948 4279; baseline 0 -18"><span class='ocrx_word' id='word_1_357' title='bbox 359 4209 501 4278; x_wconf 92' lang='lat' dir='ltr'><strong>quod</strong></span> <span class='ocrx_word' id='word_1_358' title='bbox 529 4207 671 4277; x_wconf 78' lang='lat' dir='ltr'><strong>iuste</strong></span> <span class='ocrx_word' id='word_1_359' title='bbox 716 4207 1013 4263; x_wconf 72' lang='lat' dir='ltr'><strong>oﬂ‘enderet</strong></span> <span class='ocrx_word' id='word_1_360' title='bbox 1044 4209 1347 4279; x_wconf 58' lang='lat' dir='ltr'><strong>praeparati.</strong></span> <span class='ocrx_word' id='word_1_361' title='bbox 1378 4208 1454 4263; x_wconf 91' lang='lat' dir='ltr'><strong>De</strong></span> <span class='ocrx_word' id='word_1_362' title='bbox 1483 4223 1588 4279; x_wconf 92' lang='lat' dir='ltr'><strong>quo</strong></span> <span class='ocrx_word' id='word_1_363' title='bbox 1615 4210 1659 4262; x_wconf 91' lang='lat' dir='ltr'><strong>si</strong></span> <span class='ocrx_word' id='word_1_364' title='bbox 1685 4208 1843 4262; x_wconf 89' lang='lat' dir='ltr'><strong>etiam</strong></span> <span class='ocrx_word' id='word_1_365' title='bbox 1871 4208 1948 4261; x_wconf 91' lang='lat' dir='ltr'><strong>sic</strong></span> 
     </span>
    </p>
   </div>
   <div class='ocr_carea' id='block_1_46' title="bbox 361 4298 1950 4369">
    <p class='ocr_par' dir='ltr' id='par_1_46' title="bbox 361 4298 1950 4369">
     <span class='ocr_line' id='line_1_46' title="bbox 361 4298 1950 4369; baseline 0 -14"><span class='ocrx_word' id='word_1_366' title='bbox 361 4298 503 4355; x_wconf 80' lang='lat' dir='ltr'><strong>bene</strong></span> <span class='ocrx_word' id='word_1_367' title='bbox 534 4299 877 4364; x_wconf 85' lang='lat' dir='ltr'><strong>sentiremus,</strong></span> <span class='ocrx_word' id='word_1_368' title='bbox 903 4308 958 4354; x_wconf 90' lang='lat' dir='ltr'><strong>et</strong></span> <span class='ocrx_word' id='word_1_369' title='bbox 1002 4301 1147 4368; x_wconf 88' lang='lat' dir='ltr'><strong>pium</strong></span> <span class='ocrx_word' id='word_1_370' title='bbox 1192 4301 1374 4369; x_wconf 87' lang='lat' dir='ltr'><strong>procul</strong></span> <span class='ocrx_word' id='word_1_371' title='bbox 1412 4299 1574 4354; x_wconf 91' lang='lat' dir='ltr'><strong>dubio</strong></span> <span class='ocrx_word' id='word_1_372' title='bbox 1604 4311 1747 4356; x_wconf 87' lang='lat' dir='ltr'><strong>esset</strong></span> <span class='ocrx_word' id='word_1_373' title='bbox 1771 4309 1823 4355; x_wconf 91' lang='lat' dir='ltr'><strong>et</strong></span> <span class='ocrx_word' id='word_1_374' title='bbox 1852 4315 1950 4355; x_wconf 86' lang='lat' dir='ltr'><strong>ve-</strong></span> 
     </span>
    </p>
   </div>
   <div class='ocr_carea' id='block_1_47' title="bbox 366 4391 1951 4464">
    <p class='ocr_par' dir='ltr' id='par_1_47' title="bbox 366 4391 1951 4464">
     <span class='ocr_line' id='line_1_47' title="bbox 366 4391 1951 4464; baseline 0.002 -19"><span class='ocrx_word' id='word_1_375' title='bbox 366 4406 511 4456; x_wconf 89' lang='lat' dir='ltr'><strong>rum,</strong></span> <span class='ocrx_word' id='word_1_376' title='bbox 543 4405 849 4461; x_wconf 86' lang='lat' dir='ltr'><strong>quanquam</strong></span> <span class='ocrx_word' id='word_1_377' title='bbox 884 4391 1153 4446; x_wconf 87' lang='lat' dir='ltr'><strong>videretur</strong></span> <span class='ocrx_word' id='word_1_378' title='bbox 1182 4393 1463 4446; x_wconf 89' lang='lat' dir='ltr'><strong>incertum.</strong></span> <span class='ocrx_word' id='word_1_379' title='bbox 1492 4392 1601 4446; x_wconf 86' lang='lat' dir='ltr'><strong>Hoc</strong></span> <span class='ocrx_word' id='word_1_380' title='bbox 1630 4393 1788 4464; x_wconf 79' lang='lat' dir='ltr'><strong>igitur</strong></span> <span class='ocrx_word' id='word_1_381' title='bbox 1813 4393 1951 4448; x_wconf 88' lang='lat' dir='ltr'><strong>etde</strong></span> 
     </span>
    </p>
   </div>
   <div class='ocr_carea' id='block_1_48' title="bbox 365 4482 1949 4552">
    <p class='ocr_par' dir='ltr' id='par_1_48' title="bbox 365 4482 1949 4552">
     <span class='ocr_line' id='line_1_48' title="bbox 365 4482 1949 4552; baseline 0.001 -17"><span class='ocrx_word' id='word_1_382' title='bbox 365 4483 593 4536; x_wconf 90' lang='lat' dir='ltr'><strong>aliorum</strong></span> <span class='ocrx_word' id='word_1_383' title='bbox 615 4483 808 4537; x_wconf 87' lang='lat' dir='ltr'><strong>animis</strong></span> <span class='ocrx_word' id='word_1_384' title='bbox 831 4482 1148 4548; x_wconf 88' lang='lat' dir='ltr'><strong>sentiamus,</strong></span> <span class='ocrx_word' id='word_1_385' title='bbox 1172 4483 1294 4551; x_wconf 80' lang='lat' dir='ltr'><strong>quia</strong></span> <span class='ocrx_word' id='word_1_386' title='bbox 1322 4484 1529 4537; x_wconf 85' lang='lat' dir='ltr'><strong>interim</strong></span> <span class='ocrx_word' id='word_1_387' title='bbox 1560 4487 1702 4552; x_wconf 88' lang='lat' dir='ltr'><strong>pium</strong></span> <span class='ocrx_word' id='word_1_388' title='bbox 1729 4491 1833 4551; x_wconf 89' lang='lat' dir='ltr'><strong>est,</strong></span> <span class='ocrx_word' id='word_1_389' title='bbox 1866 4485 1949 4538; x_wconf 86' lang='lat' dir='ltr'><strong>vel</strong></span> 
     </span>
    </p>
   </div>
   <div class='ocr_carea' id='block_1_49' title="bbox 2021 540 3595 614">
    <p class='ocr_par' dir='ltr' id='par_1_49' title="bbox 2021 540 3595 614">
     <span class='ocr_line' id='line_1_49' title="bbox 2021 540 3595 614; baseline -0.002 -16"><span class='ocrx_word' id='word_1_390' title='bbox 2021 544 2241 614; x_wconf 89' lang='lat' dir='ltr'><strong>impium</strong></span> <span class='ocrx_word' id='word_1_391' title='bbox 2260 543 2501 613; x_wconf 84' lang='lat' dir='ltr'><strong>judicent</strong></span> <span class='ocrx_word' id='word_1_392' title='bbox 2526 542 2745 597; x_wconf 91' lang='lat' dir='ltr'><strong>credere</strong></span> <span class='ocrx_word' id='word_1_393' title='bbox 2770 542 2910 610; x_wconf 90' lang='lat' dir='ltr'><strong>quod</strong></span> <span class='ocrx_word' id='word_1_394' title='bbox 2939 555 3093 595; x_wconf 88' lang='lat' dir='ltr'><strong>nemo</strong></span> <span class='ocrx_word' id='word_1_395' title='bbox 3122 549 3437 595; x_wconf 69' lang='lat' dir='ltr'><strong>caeterorum</strong></span> <span class='ocrx_word' id='word_1_396' title='bbox 3480 540 3595 595; x_wconf 71' lang='lat' dir='ltr'><strong>iue~</strong></span> 
     </span>
    </p>
   </div>
   <div class='ocr_carea' id='block_1_50' title="bbox 2022 632 3590 706">
    <p class='ocr_par' dir='ltr' id='par_1_50' title="bbox 2022 632 3590 706">
     <span class='ocr_line' id='line_1_50' title="bbox 2022 632 3590 706; baseline -0.004 -16"><span class='ocrx_word' id='word_1_397' title='bbox 2022 636 2092 690; x_wconf 89' lang='lat' dir='ltr'><strong>rit</strong></span> <span class='ocrx_word' id='word_1_398' title='bbox 2120 637 2186 691; x_wconf 85' lang='lat' dir='ltr'><strong>ad</strong></span> <span class='ocrx_word' id='word_1_399' title='bbox 2213 637 2585 706; x_wconf 83' lang='lat' dir='ltr'><strong>corrigendum</strong></span> <span class='ocrx_word' id='word_1_400' title='bbox 2619 643 2852 704; x_wconf 88' lang='lat' dir='ltr'><strong>paratus,</strong></span> <span class='ocrx_word' id='word_1_401' title='bbox 2882 635 2926 687; x_wconf 89' lang='lat' dir='ltr'><strong>si</strong></span> <span class='ocrx_word' id='word_1_402' title='bbox 2956 634 3081 703; x_wconf 89' lang='lat' dir='ltr'><strong>quid</strong></span> <span class='ocrx_word' id='word_1_403' title='bbox 3104 634 3296 687; x_wconf 89' lang='lat' dir='ltr'><strong>merito</strong></span> <span class='ocrx_word' id='word_1_404' title='bbox 3324 632 3590 700; x_wconf 82' lang='lat' dir='ltr'><strong>legentem</strong></span> 
     </span>
    </p>
   </div>
   <div class='ocr_carea' id='block_1_51' title="bbox 2021 725 3594 801">
    <p class='ocr_par' dir='ltr' id='par_1_51' title="bbox 2021 725 3594 801">
     <span class='ocr_line' id='line_1_51' title="bbox 2021 725 3594 801; baseline -0.004 -15"><span class='ocrx_word' id='word_1_405' title='bbox 2021 733 2073 787; x_wconf 91' lang='lat' dir='ltr'><strong>in</strong></span> <span class='ocrx_word' id='word_1_406' title='bbox 2101 731 2216 801; x_wconf 88' lang='lat' dir='ltr'><strong>ejus</strong></span> <span class='ocrx_word' id='word_1_407' title='bbox 2243 731 2399 785; x_wconf 90' lang='lat' dir='ltr'><strong>dictis</strong></span> <span class='ocrx_word' id='word_1_408' title='bbox 2426 728 2737 783; x_wconf 71' lang='lat' dir='ltr'><strong>oﬂ’enderet.</strong></span> <span class='ocrx_word' id='word_1_409' title='bbox 2768 727 2823 780; x_wconf 89' lang='lat' dir='ltr'><strong>Si</strong></span> <span class='ocrx_word' id='word_1_410' title='bbox 2847 741 2975 796; x_wconf 90' lang='lat' dir='ltr'><strong>ergo</strong></span> <span class='ocrx_word' id='word_1_411' title='bbox 3003 725 3221 794; x_wconf 89' lang='lat' dir='ltr'><strong>impium</strong></span> <span class='ocrx_word' id='word_1_412' title='bbox 3264 734 3344 780; x_wconf 91' lang='lat' dir='ltr'><strong>est</strong></span> <span class='ocrx_word' id='word_1_413' title='bbox 3373 726 3594 781; x_wconf 87' lang='lat' dir='ltr'><strong>credere</strong></span> 
     </span>
    </p>
   </div>
   <div class='ocr_carea' id='block_1_52' title="bbox 2024 816 3598 892">
    <p class='ocr_par' dir='ltr' id='par_1_52' title="bbox 2024 816 3598 892">
     <span class='ocr_line' id='line_1_52' title="bbox 2024 816 3598 892; baseline -0.001 -19"><span class='ocrx_word' id='word_1_414' title='bbox 2024 822 2165 892; x_wconf 90' lang='lat' dir='ltr'><strong>quod</strong></span> <span class='ocrx_word' id='word_1_415' title='bbox 2197 820 2371 875; x_wconf 89' lang='lat' dir='ltr'><strong>nullus</strong></span> <span class='ocrx_word' id='word_1_416' title='bbox 2402 819 2541 874; x_wconf 87' lang='lat' dir='ltr'><strong>alius</strong></span> <span class='ocrx_word' id='word_1_417' title='bbox 2571 818 2727 873; x_wconf 79' lang='lat' dir='ltr'><strong>fuerit</strong></span> <span class='ocrx_word' id='word_1_418' title='bbox 2756 817 2995 888; x_wconf 89' lang='lat' dir='ltr'><strong>ejusdem</strong></span> <span class='ocrx_word' id='word_1_419' title='bbox 3029 818 3304 886; x_wconf 74' lang='lat' dir='ltr'><strong>propositi,</strong></span> <span class='ocrx_word' id='word_1_420' title='bbox 3331 817 3474 873; x_wconf 88' lang='lat' dir='ltr'><strong>unde</strong></span> <span class='ocrx_word' id='word_1_421' title='bbox 3495 816 3598 872; x_wconf 87' lang='lat' dir='ltr'><strong>scit</strong></span> 
     </span>
    </p>
   </div>
   <div class='ocr_carea' id='block_1_53' title="bbox 2022 906 3598 978">
    <p class='ocr_par' dir='ltr' id='par_1_53' title="bbox 2022 906 3598 978">
     <span class='ocr_line' id='line_1_53' title="bbox 2022 906 3598 978; baseline -0.004 -11"><span class='ocrx_word' id='word_1_422' title='bbox 2022 929 2091 967; x_wconf 89' lang='lat' dir='ltr'><strong>ne</strong></span> <span class='ocrx_word' id='word_1_423' title='bbox 2120 912 2209 967; x_wconf 91' lang='lat' dir='ltr'><strong>ille</strong></span> <span class='ocrx_word' id='word_1_424' title='bbox 2231 910 2390 966; x_wconf 81' lang='lat' dir='ltr'><strong>fuerit</strong></span> <span class='ocrx_word' id='word_1_425' title='bbox 2414 909 2536 964; x_wconf 91' lang='lat' dir='ltr'><strong>talis</strong></span> <span class='ocrx_word' id='word_1_426' title='bbox 2559 923 2715 978; x_wconf 90' lang='lat' dir='ltr'><strong>quem</strong></span> <span class='ocrx_word' id='word_1_427' title='bbox 2744 908 2975 961; x_wconf 68' lang='lat' dir='ltr'><strong>aeSIimat</strong></span> <span class='ocrx_word' id='word_1_428' title='bbox 3002 906 3024 938; x_wconf 72' lang='grc'><strong>⁸</strong></span> <span class='ocrx_word' id='word_1_429' title='bbox 3048 907 3447 963; x_wconf 85' lang='lat' dir='ltr'><strong>damnandum?</strong></span> <span class='ocrx_word' id='word_1_430' title='bbox 3470 906 3598 962; x_wconf 90' lang='lat' dir='ltr'><strong>Om-</strong></span> 
     </span>
    </p>
   </div>
   <div class='ocr_carea' id='block_1_54' title="bbox 2024 998 3598 1071">
    <p class='ocr_par' dir='ltr' id='par_1_54' title="bbox 2024 998 3598 1071">
     <span class='ocr_line' id='line_1_54' title="bbox 2024 998 3598 1071; baseline -0.003 -14"><span class='ocrx_word' id='word_1_431' title='bbox 2024 1004 2214 1057; x_wconf 78' lang='lat' dir='ltr'><strong>niinrie</strong></span> <span class='ocrx_word' id='word_1_432' title='bbox 2240 1017 2367 1071; x_wconf 81' lang='lat' dir='ltr'><strong>ergo</strong></span> <span class='ocrx_word' id='word_1_433' title='bbox 2414 1000 2699 1069; x_wconf 82' lang='lat' dir='ltr'><strong>colligitur,</strong></span> <span class='ocrx_word' id='word_1_434' title='bbox 2732 998 2871 1068; x_wconf 84' lang='lat' dir='ltr'><strong>quod</strong></span> <span class='ocrx_word' id='word_1_435' title='bbox 2911 1013 3069 1053; x_wconf 90' lang='lat' dir='ltr'><strong>nemo</strong></span> <span class='ocrx_word' id='word_1_436' title='bbox 3096 1013 3193 1067; x_wconf 89' lang='lat' dir='ltr'><strong>pro</strong></span> <span class='ocrx_word' id='word_1_437' title='bbox 3217 998 3318 1053; x_wconf 80' lang='lat' dir='ltr'><strong>tali</strong></span> <span class='ocrx_word' id='word_1_438' title='bbox 3348 1000 3598 1068; x_wconf 76' lang='lat' dir='ltr'><strong>ignoran~</strong></span> 
     </span>
    </p>
   </div>
   <div class='ocr_carea' id='block_1_55' title="bbox 2026 1091 3604 1161">
    <p class='ocr_par' dir='ltr' id='par_1_55' title="bbox 2026 1091 3604 1161">
     <span class='ocr_line' id='line_1_55' title="bbox 2026 1091 3604 1161; baseline 0.001 -13"><span class='ocrx_word' id='word_1_439' title='bbox 2026 1096 2115 1161; x_wconf 86' lang='lat' dir='ltr'><strong>tia,</strong></span> <span class='ocrx_word' id='word_1_440' title='bbox 2151 1094 2202 1148; x_wconf 93' lang='lat' dir='ltr'><strong>in</strong></span> <span class='ocrx_word' id='word_1_441' title='bbox 2254 1092 2506 1147; x_wconf 66' lang='lat' dir='ltr'><strong>Ecclesiae</strong></span> <span class='ocrx_word' id='word_1_442' title='bbox 2553 1091 2813 1147; x_wconf 77' lang='lat' dir='ltr'><strong>duntaxat</strong></span> <span class='ocrx_word' id='word_1_443' title='bbox 2858 1104 2990 1159; x_wconf 90' lang='lat' dir='ltr'><strong>pace</strong></span> <span class='ocrx_word' id='word_1_444' title='bbox 3038 1092 3351 1158; x_wconf 74' lang='lat' dir='ltr'><strong>defunctus,</strong></span> <span class='ocrx_word' id='word_1_445' title='bbox 3383 1092 3484 1146; x_wconf 91' lang='lat' dir='ltr'><strong>nisi</strong></span> <span class='ocrx_word' id='word_1_446' title='bbox 3536 1105 3604 1149; x_wconf 78' lang='lat' dir='ltr'><strong>cx</strong></span> 
     </span>
    </p>
   </div>
   <div class='ocr_carea' id='block_1_56' title="bbox 2027 1182 3604 1256">
    <p class='ocr_par' dir='ltr' id='par_1_56' title="bbox 2027 1182 3604 1256">
     <span class='ocr_line' id='line_1_56' title="bbox 2027 1182 3604 1256; baseline -0.002 -15"><span class='ocrx_word' id='word_1_447' title='bbox 2027 1202 2218 1256; x_wconf 84' lang='lat' dir='ltr'><strong>magna</strong></span> <span class='ocrx_word' id='word_1_448' title='bbox 2271 1186 2544 1253; x_wconf 87' lang='lat' dir='ltr'><strong>impietate</strong></span> <span class='ocrx_word' id='word_1_449' title='bbox 2597 1199 2659 1239; x_wconf 87' lang='lat' dir='ltr'><strong>ac</strong></span> <span class='ocrx_word' id='word_1_450' title='bbox 2709 1185 3006 1238; x_wconf 84' lang='lat' dir='ltr'><strong>temeritate</strong></span> <span class='ocrx_word' id='word_1_451' title='bbox 3042 1184 3340 1238; x_wconf 87' lang='lat' dir='ltr'><strong>damnetur.</strong></span> <span class='ocrx_word' id='word_1_452' title='bbox 3370 1182 3528 1241; x_wconf 85' lang='lat' dir='ltr'><strong>Unde</strong></span> <span class='ocrx_word' id='word_1_453' title='bbox 3556 1185 3604 1238; x_wconf 81' lang='lat' dir='ltr'><strong>si</strong></span> 
     </span>
    </p>
   </div>
   <div class='ocr_carea' id='block_1_57' title="bbox 2026 1274 3604 1348">
    <p class='ocr_par' dir='ltr' id='par_1_57' title="bbox 2026 1274 3604 1348">
     <span class='ocr_line' id='line_1_57' title="bbox 2026 1274 3604 1348; baseline -0.002 -15"><span class='ocrx_word' id='word_1_454' title='bbox 2026 1278 2217 1348; x_wconf 87' lang='lat' dir='ltr'><strong>aliquis</strong></span> <span class='ocrx_word' id='word_1_455' title='bbox 2266 1277 2404 1346; x_wconf 90' lang='lat' dir='ltr'><strong>apud</strong></span> <span class='ocrx_word' id='word_1_456' title='bbox 2480 1286 2717 1331; x_wconf 88' lang='lat' dir='ltr'><strong>sanctam</strong></span> <span class='ocrx_word' id='word_1_457' title='bbox 2785 1275 3049 1345; x_wconf 86' lang='lat' dir='ltr'><strong>synodum</strong></span> <span class='ocrx_word' id='word_1_458' title='bbox 3110 1274 3604 1330; x_wconf 81' lang='lat' dir='ltr'><strong>Chalcedoneusem</strong></span> 
     </span>
    </p>
   </div>
   <div class='ocr_carea' id='block_1_58' title="bbox 2026 1367 3606 1435">
    <p class='ocr_par' dir='ltr' id='par_1_58' title="bbox 2026 1367 3606 1435">
     <span class='ocr_line' id='line_1_58' title="bbox 2026 1367 3606 1435; baseline -0.002 -11"><span class='ocrx_word' id='word_1_459' title='bbox 2026 1369 2367 1424; x_wconf 87' lang='lat' dir='ltr'><strong>Theodorum</strong></span> <span class='ocrx_word' id='word_1_460' title='bbox 2416 1376 2712 1435; x_wconf 85' lang='lat' dir='ltr'><strong>accusaret,</strong></span> <span class='ocrx_word' id='word_1_461' title='bbox 2746 1375 2798 1421; x_wconf 86' lang='lat' dir='ltr'><strong>et</strong></span> <span class='ocrx_word' id='word_1_462' title='bbox 2846 1367 3052 1435; x_wconf 85' lang='lat' dir='ltr'><strong>aliquos</strong></span> <span class='ocrx_word' id='word_1_463' title='bbox 3092 1367 3378 1421; x_wconf 90' lang='lat' dir='ltr'><strong>ostendere</strong></span> <span class='ocrx_word' id='word_1_464' title='bbox 3425 1378 3606 1435; x_wconf 86' lang='lat' dir='ltr'><strong>posset</strong></span> 
     </span>
    </p>
   </div>
   <div class='ocr_carea' id='block_1_59' title="bbox 2026 1455 3603 1528">
    <p class='ocr_par' dir='ltr' id='par_1_59' title="bbox 2026 1455 3603 1528">
     <span class='ocr_line' id='line_1_59' title="bbox 2026 1455 3603 1528; baseline 0.001 -18"><span class='ocrx_word' id='word_1_465' title='bbox 2026 1465 2185 1528; x_wconf 89' lang='lat' dir='ltr'><strong>atque</strong></span> <span class='ocrx_word' id='word_1_466' title='bbox 2211 1457 2519 1513; x_wconf 89' lang='lat' dir='ltr'><strong>ostenderet</strong></span> <span class='ocrx_word' id='word_1_467' title='bbox 2548 1458 2662 1523; x_wconf 78' lang='lat' dir='ltr'><strong>ejus</strong></span> <span class='ocrx_word' id='word_1_468' title='bbox 2685 1470 2916 1521; x_wconf 85' lang='lat' dir='ltr'><strong>errores,</strong></span> <span class='ocrx_word' id='word_1_469' title='bbox 2944 1455 3187 1510; x_wconf 79' lang='lat' dir='ltr'><strong>modeste</strong></span> <span class='ocrx_word' id='word_1_470' title='bbox 3208 1469 3271 1510; x_wconf 90' lang='lat' dir='ltr'><strong>ac</strong></span> <span class='ocrx_word' id='word_1_471' title='bbox 3298 1456 3383 1523; x_wconf 86' lang='lat' dir='ltr'><strong>pie</strong></span> <span class='ocrx_word' id='word_1_472' title='bbox 3418 1458 3603 1526; x_wconf 85' lang='lat' dir='ltr'><strong>procul</strong></span> 
     </span>
    </p>
   </div>
   <div class='ocr_carea' id='block_1_60' title="bbox 2027 1545 3604 1618">
    <p class='ocr_par' dir='ltr' id='par_1_60' title="bbox 2027 1545 3604 1618">
     <span class='ocr_line' id='line_1_60' title="bbox 2027 1545 3604 1618; baseline 0 -17"><span class='ocrx_word' id='word_1_473' title='bbox 2027 1548 2186 1602; x_wconf 89' lang='lat' dir='ltr'><strong>dubio</strong></span> <span class='ocrx_word' id='word_1_474' title='bbox 2210 1546 2461 1616; x_wconf 71' lang='lat' dir='ltr'><strong>prmdicta</strong></span> <span class='ocrx_word' id='word_1_475' title='bbox 2492 1547 2730 1618; x_wconf 83' lang='lat' dir='ltr'><strong>synodus</strong></span> <span class='ocrx_word' id='word_1_476' title='bbox 2774 1545 2995 1612; x_wconf 80' lang='lat' dir='ltr'><strong>faceret,</strong></span> <span class='ocrx_word' id='word_1_477' title='bbox 3027 1545 3073 1599; x_wconf 87' lang='lat' dir='ltr'><strong>si</strong></span> <span class='ocrx_word' id='word_1_478' title='bbox 3116 1546 3276 1601; x_wconf 88' lang='lat' dir='ltr'><strong>etiam</strong></span> <span class='ocrx_word' id='word_1_479' title='bbox 3302 1547 3370 1601; x_wconf 91' lang='lat' dir='ltr'><strong>de</strong></span> <span class='ocrx_word' id='word_1_480' title='bbox 3399 1548 3604 1602; x_wconf 85' lang='lat' dir='ltr'><strong>incerto</strong></span> 
     </span>
    </p>
   </div>
   <div class='ocr_carea' id='block_1_61' title="bbox 2028 1636 3606 1709">
    <p class='ocr_par' dir='ltr' id='par_1_61' title="bbox 2028 1636 3606 1709">
     <span class='ocr_line' id='line_1_61' title="bbox 2028 1636 3606 1709; baseline -0.001 -14"><span class='ocrx_word' id='word_1_481' title='bbox 2028 1639 2142 1709; x_wconf 85' lang='lat' dir='ltr'><strong>ejus</strong></span> <span class='ocrx_word' id='word_1_482' title='bbox 2167 1639 2345 1693; x_wconf 83' lang='lat' dir='ltr'><strong>animo</strong></span> <span class='ocrx_word' id='word_1_483' title='bbox 2377 1636 2513 1693; x_wconf 90' lang='lat' dir='ltr'><strong>bene</strong></span> <span class='ocrx_word' id='word_1_484' title='bbox 2535 1638 2776 1693; x_wconf 83' lang='lat' dir='ltr'><strong>sentiret.</strong></span> <span class='ocrx_word' id='word_1_485' title='bbox 2804 1638 2952 1691; x_wconf 77' lang='lat' dir='ltr'><strong>Nunc</strong></span> <span class='ocrx_word' id='word_1_486' title='bbox 2981 1647 3158 1693; x_wconf 88' lang='lat' dir='ltr'><strong>autem</strong></span> <span class='ocrx_word' id='word_1_487' title='bbox 3201 1648 3480 1694; x_wconf 87' lang='lat' dir='ltr'><strong>accusatus</strong></span> <span class='ocrx_word' id='word_1_488' title='bbox 3522 1650 3606 1693; x_wconf 87' lang='lat' dir='ltr'><strong>est</strong></span> 
     </span>
    </p>
   </div>
   <div class='ocr_carea' id='block_1_62' title="bbox 2028 1730 3604 1800">
    <p class='ocr_par' dir='ltr' id='par_1_62' title="bbox 2028 1730 3604 1800">
     <span class='ocr_line' id='line_1_62' title="bbox 2028 1730 3604 1800; baseline -0.002 -14"><span class='ocrx_word' id='word_1_489' title='bbox 2028 1731 2167 1800; x_wconf 87' lang='lat' dir='ltr'><strong>apud</strong></span> <span class='ocrx_word' id='word_1_490' title='bbox 2194 1731 2340 1785; x_wconf 89' lang='lat' dir='ltr'><strong>illam</strong></span> <span class='ocrx_word' id='word_1_491' title='bbox 2368 1730 2389 1760; x_wconf 83' lang='grc'><strong><em>⁵</em></strong></span> <span class='ocrx_word' id='word_1_492' title='bbox 2409 1768 2426 1797; x_wconf 85' lang='grc'><strong><em>,</em></strong></span> <span class='ocrx_word' id='word_1_493' title='bbox 2452 1743 2551 1784; x_wconf 85' lang='lat' dir='ltr'><strong>nec</strong></span> <span class='ocrx_word' id='word_1_494' title='bbox 2580 1730 2789 1784; x_wconf 88' lang='lat' dir='ltr'><strong>animus</strong></span> <span class='ocrx_word' id='word_1_495' title='bbox 2836 1732 2951 1798; x_wconf 85' lang='lat' dir='ltr'><strong>ejus</strong></span> <span class='ocrx_word' id='word_1_496' title='bbox 2994 1740 3110 1784; x_wconf 89' lang='lat' dir='ltr'><strong>erat</strong></span> <span class='ocrx_word' id='word_1_497' title='bbox 3159 1730 3418 1797; x_wconf 87' lang='lat' dir='ltr'><strong>incertus,</strong></span> <span class='ocrx_word' id='word_1_498' title='bbox 3445 1746 3604 1800; x_wconf 86' lang='lat' dir='ltr'><strong>quem</strong></span> 
     </span>
    </p>
   </div>
   <div class='ocr_carea' id='block_1_63' title="bbox 1956 1822 3603 1903">
    <p class='ocr_par' dir='ltr' id='par_1_63' title="bbox 1956 1822 3603 1903">
     <span class='ocr_line' id='line_1_63' title="bbox 1956 1822 3603 1903; baseline -0.001 -26"><span class='ocrx_word' id='word_1_499' title='bbox 1956 1845 2003 1903; x_wconf 78' lang='grc' dir='ltr'><strong>Β</strong></span> <span class='ocrx_word' id='word_1_500' title='bbox 2034 1823 2169 1878; x_wconf 88' lang='lat' dir='ltr'><strong>libro</strong></span> <span class='ocrx_word' id='word_1_501' title='bbox 2209 1824 2483 1893; x_wconf 88' lang='lat' dir='ltr'><strong>superiore</strong></span> <span class='ocrx_word' id='word_1_502' title='bbox 2534 1822 2813 1877; x_wconf 84' lang='lat' dir='ltr'><strong>docuimus</strong></span> <span class='ocrx_word' id='word_1_503' title='bbox 2842 1822 3214 1892; x_wconf 84' lang='lat' dir='ltr'><strong>negligentiam</strong></span> <span class='ocrx_word' id='word_1_504' title='bbox 3245 1837 3393 1877; x_wconf 87' lang='lat' dir='ltr'><strong>suam</strong></span> <span class='ocrx_word' id='word_1_505' title='bbox 3443 1828 3603 1877; x_wconf 88' lang='lat' dir='ltr'><strong>etiam</strong></span> 
     </span>
    </p>
   </div>
   <div class='ocr_carea' id='block_1_64' title="bbox 2031 1915 3604 1986">
    <p class='ocr_par' dir='ltr' id='par_1_64' title="bbox 2031 1915 3604 1986">
     <span class='ocr_line' id='line_1_64' title="bbox 2031 1915 3604 1986; baseline 0.001 -17"><span class='ocrx_word' id='word_1_506' title='bbox 2031 1916 2084 1970; x_wconf 90' lang='lat' dir='ltr'><strong>in</strong></span> <span class='ocrx_word' id='word_1_507' title='bbox 2132 1931 2295 1985; x_wconf 88' lang='lat' dir='ltr'><strong>opere</strong></span> <span class='ocrx_word' id='word_1_508' title='bbox 2341 1916 2393 1970; x_wconf 92' lang='lat' dir='ltr'><strong>in</strong></span> <span class='ocrx_word' id='word_1_509' title='bbox 2441 1928 2549 1986; x_wconf 90' lang='lat' dir='ltr'><strong>quo</strong></span> <span class='ocrx_word' id='word_1_510' title='bbox 2593 1915 2661 1970; x_wconf 91' lang='lat' dir='ltr'><strong>ab</strong></span> <span class='ocrx_word' id='word_1_511' title='bbox 2704 1918 2878 1971; x_wconf 88' lang='lat' dir='ltr'><strong>amico</strong></span> <span class='ocrx_word' id='word_1_512' title='bbox 2919 1916 3165 1972; x_wconf 81' lang='lat' dir='ltr'><strong>Cerdone</strong></span> <span class='ocrx_word' id='word_1_513' title='bbox 3192 1917 3434 1973; x_wconf 87' lang='lat' dir='ltr'><strong>laudatus</strong></span> <span class='ocrx_word' id='word_1_514' title='bbox 3481 1926 3604 1983; x_wconf 85' lang='lat' dir='ltr'><strong>est,</strong></span> 
     </span>
    </p>
   </div>
   <div class='ocr_carea' id='block_1_65' title="bbox 2030 2006 3609 2077">
    <p class='ocr_par' dir='ltr' id='par_1_65' title="bbox 2030 2006 3609 2077">
     <span class='ocr_line' id='line_1_65' title="bbox 2030 2006 3609 2077; baseline 0.003 -18"><span class='ocrx_word' id='word_1_515' title='bbox 2030 2014 2221 2076; x_wconf 84' lang='lat' dir='ltr'><strong>sponte</strong></span> <span class='ocrx_word' id='word_1_516' title='bbox 2247 2006 2575 2077; x_wconf 87' lang='lat' dir='ltr'><strong>provideque</strong></span> <span class='ocrx_word' id='word_1_517' title='bbox 2597 2008 2921 2075; x_wconf 80' lang='lat' dir='ltr'><strong>confessum,</strong></span> <span class='ocrx_word' id='word_1_518' title='bbox 2951 2023 3019 2063; x_wconf 90' lang='lat' dir='ltr'><strong>ne</strong></span> <span class='ocrx_word' id='word_1_519' title='bbox 3040 2010 3162 2077; x_wconf 84' lang='lat' dir='ltr'><strong>quis</strong></span> <span class='ocrx_word' id='word_1_520' title='bbox 3181 2008 3495 2064; x_wconf 83' lang='lat' dir='ltr'><strong>auctoritate</strong></span> <span class='ocrx_word' id='word_1_521' title='bbox 3518 2026 3609 2063; x_wconf 86' lang='lat' dir='ltr'><strong>no-</strong></span> 
     </span>
    </p>
   </div>
   <div class='ocr_carea' id='block_1_66' title="bbox 2032 2097 3607 2167">
    <p class='ocr_par' dir='ltr' id='par_1_66' title="bbox 2032 2097 3607 2167">
     <span class='ocr_line' id='line_1_66' title="bbox 2032 2097 3607 2167; baseline 0.003 -16"><span class='ocrx_word' id='word_1_522' title='bbox 2032 2097 2187 2151; x_wconf 89' lang='lat' dir='ltr'><strong>minis</strong></span> <span class='ocrx_word' id='word_1_523' title='bbox 2210 2097 2229 2127; x_wconf 85' lang='grc'><strong>⁶</strong></span> <span class='ocrx_word' id='word_1_524' title='bbox 2247 2097 2497 2152; x_wconf 89' lang='lat' dir='ltr'><strong>inductus</strong></span> <span class='ocrx_word' id='word_1_525' title='bbox 2517 2106 2837 2167; x_wconf 86' lang='lat' dir='ltr'><strong>sequeretur</strong></span> <span class='ocrx_word' id='word_1_526' title='bbox 2858 2108 3149 2165; x_wconf 84' lang='lat' dir='ltr'><strong>errantem,</strong></span> <span class='ocrx_word' id='word_1_527' title='bbox 3180 2110 3234 2153; x_wconf 88' lang='lat' dir='ltr'><strong>ct</strong></span> <span class='ocrx_word' id='word_1_528' title='bbox 3258 2102 3607 2156; x_wconf 76' lang='lat' dir='ltr'><strong>oilensioucm</strong></span> 
     </span>
    </p>
   </div>
   <div class='ocr_carea' id='block_1_67' title="bbox 2031 2187 3609 2261">
    <p class='ocr_par' dir='ltr' id='par_1_67' title="bbox 2031 2187 3609 2261">
     <span class='ocr_line' id='line_1_67' title="bbox 2031 2187 3609 2261; baseline 0.003 -20"><span class='ocrx_word' id='word_1_529' title='bbox 2031 2187 2329 2243; x_wconf 87' lang='lat' dir='ltr'><strong>auditorum</strong></span> <span class='ocrx_word' id='word_1_530' title='bbox 2377 2203 2487 2244; x_wconf 91' lang='lat' dir='ltr'><strong>non</strong></span> <span class='ocrx_word' id='word_1_531' title='bbox 2539 2189 2961 2258; x_wconf 90' lang='lat' dir='ltr'><strong>contempsisse,</strong></span> <span class='ocrx_word' id='word_1_532' title='bbox 2993 2204 3114 2245; x_wconf 89' lang='lat' dir='ltr'><strong>cum</strong></span> <span class='ocrx_word' id='word_1_533' title='bbox 3165 2190 3367 2245; x_wconf 91' lang='lat' dir='ltr'><strong>diceret</strong></span> <span class='ocrx_word' id='word_1_534' title='bbox 3410 2191 3609 2261; x_wconf 87' lang='lat' dir='ltr'><strong>aliquid</strong></span> 
     </span>
    </p>
   </div>
   <div class='ocr_carea' id='block_1_68' title="bbox 2032 2283 3611 2358">
    <p class='ocr_par' dir='ltr' id='par_1_68' title="bbox 2032 2283 3611 2358">
     <span class='ocr_line' id='line_1_68' title="bbox 2032 2283 3611 2358; baseline 0.004 -22"><span class='ocrx_word' id='word_1_535' title='bbox 2032 2283 2170 2352; x_wconf 91' lang='lat' dir='ltr'><strong>quod</strong></span> <span class='ocrx_word' id='word_1_536' title='bbox 2196 2294 2339 2339; x_wconf 88' lang='lat' dir='ltr'><strong>recte</strong></span> <span class='ocrx_word' id='word_1_537' title='bbox 2367 2283 2567 2339; x_wconf 90' lang='lat' dir='ltr'><strong>dictum</strong></span> <span class='ocrx_word' id='word_1_538' title='bbox 2601 2300 2706 2339; x_wconf 91' lang='lat' dir='ltr'><strong>non</strong></span> <span class='ocrx_word' id='word_1_539' title='bbox 2738 2294 3047 2355; x_wconf 90' lang='lat' dir='ltr'><strong>putaretur;</strong></span> <span class='ocrx_word' id='word_1_540' title='bbox 3080 2288 3174 2343; x_wconf 89' lang='lat' dir='ltr'><strong>sed</strong></span> <span class='ocrx_word' id='word_1_541' title='bbox 3201 2288 3484 2356; x_wconf 82' lang='lat' dir='ltr'><strong>perniciosi</strong></span> <span class='ocrx_word' id='word_1_542' title='bbox 3515 2303 3611 2358; x_wconf 87' lang='lat' dir='ltr'><strong>pu-</strong></span> 
     </span>
    </p>
   </div>
   <div class='ocr_carea' id='block_1_69' title="bbox 2033 2373 3612 2448">
    <p class='ocr_par' dir='ltr' id='par_1_69' title="bbox 2033 2373 3612 2448">
     <span class='ocr_line' id='line_1_69' title="bbox 2033 2373 3612 2448; baseline 0.003 -20"><span class='ocrx_word' id='word_1_543' title='bbox 2033 2373 2177 2430; x_wconf 90' lang='lat' dir='ltr'><strong>doris</strong></span> <span class='ocrx_word' id='word_1_544' title='bbox 2209 2378 2464 2430; x_wconf 79' lang='lat' dir='ltr'><strong>victorem</strong></span> <span class='ocrx_word' id='word_1_545' title='bbox 2488 2376 2731 2431; x_wconf 86' lang='lat' dir='ltr'><strong>eamdem</strong></span> <span class='ocrx_word' id='word_1_546' title='bbox 2761 2377 3109 2432; x_wconf 77' lang='lat' dir='ltr'><strong>olfensionem</strong></span> <span class='ocrx_word' id='word_1_547' title='bbox 3150 2394 3308 2448; x_wconf 89' lang='lat' dir='ltr'><strong>quam</strong></span> <span class='ocrx_word' id='word_1_548' title='bbox 3341 2394 3435 2448; x_wconf 89' lang='lat' dir='ltr'><strong>per</strong></span> <span class='ocrx_word' id='word_1_549' title='bbox 3464 2380 3612 2433; x_wconf 89' lang='lat' dir='ltr'><strong>incu-</strong></span> 
     </span>
    </p>
   </div>
   <div class='ocr_carea' id='block_1_70' title="bbox 2036 2463 3614 2538">
    <p class='ocr_par' dir='ltr' id='par_1_70' title="bbox 2036 2463 3614 2538">
     <span class='ocr_line' id='line_1_70' title="bbox 2036 2463 3614 2538; baseline 0.004 -20"><span class='ocrx_word' id='word_1_550' title='bbox 2036 2463 2165 2519; x_wconf 78' lang='lat' dir='ltr'><strong>riam</strong></span> <span class='ocrx_word' id='word_1_551' title='bbox 2202 2464 2351 2520; x_wconf 87' lang='lat' dir='ltr'><strong>verbi</strong></span> <span class='ocrx_word' id='word_1_552' title='bbox 2397 2475 2736 2522; x_wconf 76' lang='lat' dir='ltr'><strong>contraxerat</strong></span> <span class='ocrx_word' id='word_1_553' title='bbox 2764 2467 3070 2524; x_wconf 84' lang='lat' dir='ltr'><strong>abstulisse.</strong></span> <span class='ocrx_word' id='word_1_554' title='bbox 3103 2471 3233 2538; x_wconf 82' lang='lat' dir='ltr'><strong>Quae</strong></span> <span class='ocrx_word' id='word_1_555' title='bbox 3260 2472 3525 2527; x_wconf 89' lang='lat' dir='ltr'><strong>correctio</strong></span> <span class='ocrx_word' id='word_1_556' title='bbox 3551 2472 3614 2525; x_wconf 81' lang='lat' dir='ltr'><strong>il-</strong></span> 
     </span>
    </p>
   </div>
   <div class='ocr_carea' id='block_1_71' title="bbox 2036 2555 3611 2632">
    <p class='ocr_par' dir='ltr' id='par_1_71' title="bbox 2036 2555 3611 2632">
     <span class='ocr_line' id='line_1_71' title="bbox 2036 2555 3611 2632; baseline 0.005 -23"><span class='ocrx_word' id='word_1_557' title='bbox 2036 2555 2145 2611; x_wconf 92' lang='lat' dir='ltr'><strong>lum</strong></span> <span class='ocrx_word' id='word_1_558' title='bbox 2172 2571 2277 2611; x_wconf 92' lang='lat' dir='ltr'><strong>non</strong></span> <span class='ocrx_word' id='word_1_559' title='bbox 2306 2557 2372 2611; x_wconf 88' lang='lat' dir='ltr'><strong>ab</strong></span> <span class='ocrx_word' id='word_1_560' title='bbox 2400 2557 2483 2612; x_wconf 90' lang='lat' dir='ltr'><strong>his</strong></span> <span class='ocrx_word' id='word_1_561' title='bbox 2514 2568 2715 2612; x_wconf 86' lang='lat' dir='ltr'><strong>tantum</strong></span> <span class='ocrx_word' id='word_1_562' title='bbox 2747 2561 2798 2613; x_wconf 91' lang='lat' dir='ltr'><strong>in</strong></span> <span class='ocrx_word' id='word_1_563' title='bbox 2828 2560 3020 2629; x_wconf 89' lang='lat' dir='ltr'><strong>quibus</strong></span> <span class='ocrx_word' id='word_1_564' title='bbox 3049 2561 3324 2616; x_wconf 79' lang='lat' dir='ltr'><strong>evidenter</strong></span> <span class='ocrx_word' id='word_1_565' title='bbox 3348 2561 3611 2632; x_wconf 84' lang='lat' dir='ltr'><strong>apparuit,</strong></span> 
     </span>
    </p>
   </div>
   <div class='ocr_carea' id='block_1_72' title="bbox 2034 2649 3615 2721">
    <p class='ocr_par' dir='ltr' id='par_1_72' title="bbox 2034 2649 3615 2721">
     <span class='ocr_line' id='line_1_72' title="bbox 2034 2649 3615 2721; baseline 0.004 -18"><span class='ocrx_word' id='word_1_566' title='bbox 2034 2649 2127 2703; x_wconf 90' lang='lat' dir='ltr'><strong>sed</strong></span> <span class='ocrx_word' id='word_1_567' title='bbox 2160 2662 2190 2702; x_wconf 88' lang='lat' dir='ltr'><strong>a</strong></span> <span class='ocrx_word' id='word_1_568' title='bbox 2234 2649 2497 2704; x_wconf 85' lang='lat' dir='ltr'><strong>similibus</strong></span> <span class='ocrx_word' id='word_1_569' title='bbox 2543 2651 2838 2720; x_wconf 84' lang='lat' dir='ltr'><strong>quibusque</strong></span> <span class='ocrx_word' id='word_1_570' title='bbox 2891 2653 3151 2721; x_wconf 76' lang='lat' dir='ltr'><strong>purgavit.</strong></span> <span class='ocrx_word' id='word_1_571' title='bbox 3198 2654 3304 2708; x_wconf 90' lang='lat' dir='ltr'><strong>Cur</strong></span> <span class='ocrx_word' id='word_1_572' title='bbox 3350 2655 3423 2708; x_wconf 87' lang='lat' dir='ltr'><strong>ita</strong></span> <span class='ocrx_word' id='word_1_573' title='bbox 3454 2655 3473 2685; x_wconf 89' lang='lat'><strong>&quot;</strong></span> <span class='ocrx_word' id='word_1_574' title='bbox 3506 2670 3615 2709; x_wconf 87' lang='lat' dir='ltr'><strong>non</strong></span> 
     </span>
    </p>
   </div>
   <div class='ocr_carea' id='block_1_73' title="bbox 2038 2735 3615 2813">
    <p class='ocr_par' dir='ltr' id='par_1_73' title="bbox 2038 2735 3615 2813">
     <span class='ocr_line' id='line_1_73' title="bbox 2038 2735 3615 2813; baseline 0.005 -23"><span class='ocrx_word' id='word_1_575' title='bbox 2038 2735 2282 2792; x_wconf 88' lang='lat' dir='ltr'><strong>laudetur</strong></span> <span class='ocrx_word' id='word_1_576' title='bbox 2333 2741 2383 2791; x_wconf 90' lang='lat' dir='ltr'><strong>in</strong></span> <span class='ocrx_word' id='word_1_577' title='bbox 2444 2740 2655 2794; x_wconf 75' lang='lat' dir='ltr'><strong>caeteris</strong></span> <span class='ocrx_word' id='word_1_578' title='bbox 2699 2740 2817 2812; x_wconf 87' lang='lat' dir='ltr'><strong>ejus</strong></span> <span class='ocrx_word' id='word_1_579' title='bbox 2860 2756 2989 2796; x_wconf 89' lang='lat' dir='ltr'><strong>sana</strong></span> <span class='ocrx_word' id='word_1_580' title='bbox 3029 2743 3300 2813; x_wconf 83' lang='lat' dir='ltr'><strong>doetrina,</strong></span> <span class='ocrx_word' id='word_1_581' title='bbox 3329 2759 3450 2799; x_wconf 91' lang='lat' dir='ltr'><strong>cum</strong></span> <span class='ocrx_word' id='word_1_582' title='bbox 3479 2752 3534 2800; x_wconf 90' lang='lat' dir='ltr'><strong>et</strong></span> <span class='ocrx_word' id='word_1_583' title='bbox 3560 2747 3615 2799; x_wconf 85' lang='lat' dir='ltr'><strong>in</strong></span> 
     </span>
    </p>
   </div>
   <div class='ocr_carea' id='block_1_74' title="bbox 2038 2828 3618 2906">
    <p class='ocr_par' dir='ltr' id='par_1_74' title="bbox 2038 2828 3618 2906">
     <span class='ocr_line' id='line_1_74' title="bbox 2038 2828 3618 2906; baseline 0.008 -25"><span class='ocrx_word' id='word_1_584' title='bbox 2038 2828 2153 2897; x_wconf 89' lang='lat' dir='ltr'><strong>ipso</strong></span> <span class='ocrx_word' id='word_1_585' title='bbox 2183 2843 2371 2883; x_wconf 79' lang='lat' dir='ltr'><strong>ermre</strong></span> <span class='ocrx_word' id='word_1_586' title='bbox 2400 2829 2662 2886; x_wconf 84' lang='lat' dir='ltr'><strong>laudanda</strong></span> <span class='ocrx_word' id='word_1_587' title='bbox 2694 2833 2782 2901; x_wconf 62' lang='lat' dir='ltr'><strong>sit,</strong></span> <span class='ocrx_word' id='word_1_588' title='bbox 2828 2848 2920 2902; x_wconf 91' lang='lat' dir='ltr'><strong>per</strong></span> <span class='ocrx_word' id='word_1_589' title='bbox 2946 2850 3103 2904; x_wconf 87' lang='lat' dir='ltr'><strong>quam</strong></span> <span class='ocrx_word' id='word_1_590' title='bbox 3129 2850 3226 2890; x_wconf 82' lang='lat' dir='ltr'><strong>nos</strong></span> <span class='ocrx_word' id='word_1_591' title='bbox 3252 2837 3494 2905; x_wconf 73' lang='lat' dir='ltr'><strong>exetnplo</strong></span> <span class='ocrx_word' id='word_1_592' title='bbox 3522 2852 3618 2906; x_wconf 87' lang='lat' dir='ltr'><strong>po-</strong></span> 
     </span>
    </p>
   </div>
   <div class='ocr_carea' id='block_1_75' title="bbox 2040 2922 3620 2997">
    <p class='ocr_par' dir='ltr' id='par_1_75' title="bbox 2040 2922 3620 2997">
     <span class='ocr_line' id='line_1_75' title="bbox 2040 2922 3620 2997; baseline 0.008 -25"><span class='ocrx_word' id='word_1_593' title='bbox 2040 2922 2141 2976; x_wconf 89' lang='lat' dir='ltr'><strong>tius</strong></span> <span class='ocrx_word' id='word_1_594' title='bbox 2173 2936 2329 2991; x_wconf 88' lang='lat' dir='ltr'><strong>quam</strong></span> <span class='ocrx_word' id='word_1_595' title='bbox 2374 2922 2552 2976; x_wconf 85' lang='lat' dir='ltr'><strong>verbis</strong></span> <span class='ocrx_word' id='word_1_596' title='bbox 2600 2924 2781 2978; x_wconf 87' lang='lat' dir='ltr'><strong>docuit</strong></span> <span class='ocrx_word' id='word_1_597' title='bbox 2810 2937 2863 2979; x_wconf 85' lang='lat' dir='ltr'><strong>et</strong></span> <span class='ocrx_word' id='word_1_598' title='bbox 2902 2936 3085 2988; x_wconf 76' lang='lat' dir='ltr'><strong>errata</strong></span> <span class='ocrx_word' id='word_1_599' title='bbox 3113 2937 3305 2997; x_wconf 86' lang='lat' dir='ltr'><strong>sponte</strong></span> <span class='ocrx_word' id='word_1_600' title='bbox 3354 2930 3530 2996; x_wconf 80' lang='lat' dir='ltr'><strong>fateri,</strong></span> <span class='ocrx_word' id='word_1_601' title='bbox 3564 2941 3620 2985; x_wconf 90' lang='lat' dir='ltr'><strong>ct</strong></span> 
     </span>
    </p>
   </div>
   <div class='ocr_carea' id='block_1_76' title="bbox 2038 3012 3619 3091">
    <p class='ocr_par' dir='ltr' id='par_1_76' title="bbox 2038 3012 3619 3091">
     <span class='ocr_line' id='line_1_76' title="bbox 2038 3012 3619 3091; baseline 0.006 -25"><span class='ocrx_word' id='word_1_602' title='bbox 2038 3012 2419 3081; x_wconf 84' lang='lat' dir='ltr'><strong>reprehensam</strong></span> <span class='ocrx_word' id='word_1_603' title='bbox 2443 3013 2793 3071; x_wconf 69' lang='lat' dir='ltr'><strong>oﬂ‘ensiouem</strong></span> <span class='ocrx_word' id='word_1_604' title='bbox 2818 3017 2934 3071; x_wconf 86' lang='lat' dir='ltr'><strong>sine</strong></span> <span class='ocrx_word' id='word_1_605' title='bbox 2964 3019 3168 3087; x_wconf 83' lang='lat' dir='ltr'><strong>pudore</strong></span> <span class='ocrx_word' id='word_1_606' title='bbox 3195 3021 3506 3091; x_wconf 84' lang='lat' dir='ltr'><strong>corrigere?</strong></span> <span class='ocrx_word' id='word_1_607' title='bbox 3529 3022 3619 3075; x_wconf 81' lang='lat' dir='ltr'><strong>Ni-</strong></span> 
     </span>
    </p>
   </div>
   <div class='ocr_carea' id='block_1_77' title="bbox 2040 3106 3621 3185">
    <p class='ocr_par' dir='ltr' id='par_1_77' title="bbox 2040 3106 3621 3185">
     <span class='ocr_line' id='line_1_77' title="bbox 2040 3106 3621 3185; baseline 0.008 -26"><span class='ocrx_word' id='word_1_608' title='bbox 2040 3106 2115 3160; x_wconf 88' lang='lat' dir='ltr'><strong>hil</strong></span> <span class='ocrx_word' id='word_1_609' title='bbox 2146 3107 2305 3177; x_wconf 90' lang='lat' dir='ltr'><strong>igitur</strong></span> <span class='ocrx_word' id='word_1_610' title='bbox 2329 3118 2410 3163; x_wconf 90' lang='lat' dir='ltr'><strong>est</strong></span> <span class='ocrx_word' id='word_1_611' title='bbox 2440 3109 2580 3179; x_wconf 91' lang='lat' dir='ltr'><strong>quod</strong></span> <span class='ocrx_word' id='word_1_612' title='bbox 2610 3110 2675 3165; x_wconf 87' lang='lat' dir='ltr'><strong>de</strong></span> <span class='ocrx_word' id='word_1_613' title='bbox 2697 3125 2855 3165; x_wconf 69' lang='lat' dir='ltr'><strong>eau~a</strong></span> <span class='ocrx_word' id='word_1_614' title='bbox 2882 3112 3149 3168; x_wconf 80' lang='lat' dir='ltr'><strong>Theodori</strong></span> <span class='ocrx_word' id='word_1_615' title='bbox 3171 3117 3405 3185; x_wconf 82' lang='lat' dir='ltr'><strong>synodus</strong></span> <span class='ocrx_word' id='word_1_616' title='bbox 3435 3126 3621 3173; x_wconf 79' lang='lat' dir='ltr'><strong>sancta</strong></span> 
     </span>
    </p>
   </div>
   <div class='ocr_carea' id='block_1_78' title="bbox 2040 3200 3621 3273">
    <p class='ocr_par' dir='ltr' id='par_1_78' title="bbox 2040 3200 3621 3273">
     <span class='ocr_line' id='line_1_78' title="bbox 2040 3200 3621 3273; baseline 0.007 -20"><span class='ocrx_word' id='word_1_617' title='bbox 2040 3200 2302 3271; x_wconf 87' lang='lat' dir='ltr'><strong>culpetur.</strong></span> <span class='ocrx_word' id='word_1_618' title='bbox 2340 3201 2522 3271; x_wconf 85' lang='lat' dir='ltr'><strong>Neque</strong></span> <span class='ocrx_word' id='word_1_619' title='bbox 2550 3203 2691 3257; x_wconf 85' lang='lat' dir='ltr'><strong>enim</strong></span> <span class='ocrx_word' id='word_1_620' title='bbox 2735 3204 2983 3273; x_wconf 83' lang='lat' dir='ltr'><strong>cuiquam</strong></span> <span class='ocrx_word' id='word_1_621' title='bbox 3010 3209 3327 3263; x_wconf 85' lang='lat' dir='ltr'><strong>auctoritate</strong></span> <span class='ocrx_word' id='word_1_622' title='bbox 3354 3210 3621 3265; x_wconf 89' lang='lat' dir='ltr'><strong>dictorum</strong></span> 
     </span>
    </p>
   </div>
   <div class='ocr_carea' id='block_1_79' title="bbox 2041 3295 3623 3373">
    <p class='ocr_par' dir='ltr' id='par_1_79' title="bbox 2041 3295 3623 3373">
     <span class='ocr_line' id='line_1_79' title="bbox 2041 3295 3623 3373; baseline 0.006 -22"><span class='ocrx_word' id='word_1_623' title='bbox 2041 3295 2157 3365; x_wconf 83' lang='lat' dir='ltr'><strong>ejus</strong></span> <span class='ocrx_word' id='word_1_624' title='bbox 2189 3298 2477 3367; x_wconf 88' lang='lat' dir='ltr'><strong>imposuit,</strong></span> <span class='ocrx_word' id='word_1_625' title='bbox 2506 3310 2562 3353; x_wconf 91' lang='lat' dir='ltr'><strong>ut</strong></span> <span class='ocrx_word' id='word_1_626' title='bbox 2592 3300 2707 3354; x_wconf 89' lang='lat' dir='ltr'><strong>sine</strong></span> <span class='ocrx_word' id='word_1_627' title='bbox 2758 3300 2866 3355; x_wconf 91' lang='lat' dir='ltr'><strong>ullo</strong></span> <span class='ocrx_word' id='word_1_628' title='bbox 2910 3302 3157 3357; x_wconf 83' lang='lat' dir='ltr'><strong>examine</strong></span> <span class='ocrx_word' id='word_1_629' title='bbox 3200 3303 3536 3373; x_wconf 83' lang='lat' dir='ltr'><strong>legerentur,</strong></span> <span class='ocrx_word' id='word_1_630' title='bbox 3568 3313 3623 3360; x_wconf 78' lang='lat' dir='ltr'><strong>et</strong></span> 
     </span>
    </p>
   </div>
   <div class='ocr_carea' id='block_1_80' title="bbox 2041 3390 3624 3466">
    <p class='ocr_par' dir='ltr' id='par_1_80' title="bbox 2041 3390 3624 3466">
     <span class='ocr_line' id='line_1_80' title="bbox 2041 3390 3624 3466; baseline 0.008 -23"><span class='ocrx_word' id='word_1_631' title='bbox 2041 3390 2295 3461; x_wconf 87' lang='lat' dir='ltr'><strong>quidquid</strong></span> <span class='ocrx_word' id='word_1_632' title='bbox 2317 3393 2535 3462; x_wconf 71' lang='lat' dir='ltr'><strong>scripsit</strong></span> <span class='ocrx_word' id='word_1_633' title='bbox 2559 3395 2932 3449; x_wconf 86' lang='lat' dir='ltr'><strong>inconcussum</strong></span> <span class='ocrx_word' id='word_1_634' title='bbox 2960 3407 3119 3466; x_wconf 90' lang='lat' dir='ltr'><strong>atque</strong></span> <span class='ocrx_word' id='word_1_635' title='bbox 3148 3396 3446 3453; x_wconf 88' lang='lat' dir='ltr'><strong>discussum</strong></span> <span class='ocrx_word' id='word_1_636' title='bbox 3476 3410 3624 3455; x_wconf 88' lang='lat' dir='ltr'><strong>tene-</strong></span> 
     </span>
    </p>
   </div>
   <div class='ocr_carea' id='block_1_81' title="bbox 2044 3480 3626 3558">
    <p class='ocr_par' dir='ltr' id='par_1_81' title="bbox 2044 3480 3626 3558">
     <span class='ocr_line' id='line_1_81' title="bbox 2044 3480 3626 3558; baseline 0.008 -27"><span class='ocrx_word' id='word_1_637' title='bbox 2044 3488 2191 3533; x_wconf 90' lang='lat' dir='ltr'><strong>retur</strong></span> <span class='ocrx_word' id='word_1_638' title='bbox 2234 3480 2301 3533; x_wconf 90' lang='lat' dir='ltr'><strong>ab</strong></span> <span class='ocrx_word' id='word_1_639' title='bbox 2330 3482 2599 3536; x_wconf 84' lang='lat' dir='ltr'><strong>omnibus.</strong></span> <span class='ocrx_word' id='word_1_640' title='bbox 2626 3482 2685 3537; x_wconf 86' lang='lat' dir='ltr'><strong>lu</strong></span> <span class='ocrx_word' id='word_1_641' title='bbox 2717 3482 2799 3537; x_wconf 90' lang='lat' dir='ltr'><strong>his</strong></span> <span class='ocrx_word' id='word_1_642' title='bbox 2846 3485 3003 3554; x_wconf 86' lang='lat' dir='ltr'><strong>igitur</strong></span> <span class='ocrx_word' id='word_1_643' title='bbox 3033 3486 3295 3542; x_wconf 78' lang='lat' dir='ltr'><strong>habeatur</strong></span> <span class='ocrx_word' id='word_1_644' title='bbox 3338 3488 3405 3543; x_wconf 90' lang='lat' dir='ltr'><strong>de</strong></span> <span class='ocrx_word' id='word_1_645' title='bbox 3434 3490 3626 3558; x_wconf 89' lang='lat' dir='ltr'><strong>quibus</strong></span> 
     </span>
    </p>
   </div>
   <div class='ocr_carea' id='block_1_82' title="bbox 2044 3569 3629 3646">
    <p class='ocr_par' dir='ltr' id='par_1_82' title="bbox 2044 3569 3629 3646">
     <span class='ocr_line' id='line_1_82' title="bbox 2044 3569 3629 3646; baseline 0.008 -25"><span class='ocrx_word' id='word_1_646' title='bbox 2044 3569 2331 3636; x_wconf 83' lang='lat' dir='ltr'><strong>Apostolus</strong></span> <span class='ocrx_word' id='word_1_647' title='bbox 2362 3572 2434 3625; x_wconf 85' lang='lat' dir='ltr'><strong>ait</strong></span> <span class='ocrx_word' id='word_1_648' title='bbox 2466 3589 2478 3623; x_wconf 85' lang='lat'><strong>:</strong></span> <span class='ocrx_word' id='word_1_649' title='bbox 2524 3571 2709 3626; x_wconf 84' lang='lat' dir='ltr'><strong>Omnia</strong></span> <span class='ocrx_word' id='word_1_650' title='bbox 2761 3575 3007 3644; x_wconf 82' lang='lat' dir='ltr'><strong>probate;</strong></span> <span class='ocrx_word' id='word_1_651' title='bbox 3038 3578 3173 3646; x_wconf 81' lang='lat' dir='ltr'><strong>quod</strong></span> <span class='ocrx_word' id='word_1_652' title='bbox 3226 3578 3411 3632; x_wconf 84' lang='lat' dir='ltr'><strong>bonum</strong></span> <span class='ocrx_word' id='word_1_653' title='bbox 3454 3588 3525 3634; x_wconf 83' lang='lat' dir='ltr'><strong>est</strong></span> <span class='ocrx_word' id='word_1_654' title='bbox 3554 3590 3629 3634; x_wconf 85' lang='lat' dir='ltr'><strong>te-</strong></span> 
     </span>
    </p>
   </div>
   <div class='ocr_carea' id='block_1_83' title="bbox 2044 3660 3628 3740">
    <p class='ocr_par' dir='ltr' id='par_1_83' title="bbox 2044 3660 3628 3740">
     <span class='ocr_line' id='line_1_83' title="bbox 2044 3660 3628 3740; baseline 0.009 -29"><span class='ocrx_word' id='word_1_655' title='bbox 2044 3670 2175 3715; x_wconf 85' lang='lat' dir='ltr'><strong>nete.</strong></span> <span class='ocrx_word' id='word_1_656' title='bbox 2215 3660 2384 3717; x_wconf 84' lang='lat' dir='ltr'><strong>Aliter</strong></span> <span class='ocrx_word' id='word_1_657' title='bbox 2429 3664 2606 3733; x_wconf 87' lang='lat' dir='ltr'><strong>itaque</strong></span> <span class='ocrx_word' id='word_1_658' title='bbox 2651 3664 2950 3734; x_wconf 85' lang='lat' dir='ltr'><strong>Scripturas</strong></span> <span class='ocrx_word' id='word_1_659' title='bbox 2980 3666 3186 3722; x_wconf 85' lang='lat' dir='ltr'><strong>divinas</strong></span> <span class='ocrx_word' id='word_1_660' title='bbox 3235 3669 3459 3739; x_wconf 85' lang='lat' dir='ltr'><strong>legimus</strong></span> <span class='ocrx_word' id='word_1_661' title='bbox 3508 3686 3628 3740; x_wconf 64' lang='lat' dir='ltr'><strong>qua</strong></span> 
     </span>
    </p>
   </div>
   <div class='ocr_carea' id='block_1_84' title="bbox 2044 3752 3628 3831">
    <p class='ocr_par' dir='ltr' id='par_1_84' title="bbox 2044 3752 3628 3831">
     <span class='ocr_line' id='line_1_84' title="bbox 2044 3752 3628 3831; baseline 0.009 -28"><span class='ocrx_word' id='word_1_662' title='bbox 2044 3752 2317 3807; x_wconf 70' lang='lat' dir='ltr'><strong>canonica:</strong></span> <span class='ocrx_word' id='word_1_663' title='bbox 2351 3762 2629 3823; x_wconf 87' lang='lat' dir='ltr'><strong>vocantur,</strong></span> <span class='ocrx_word' id='word_1_664' title='bbox 2656 3756 2813 3810; x_wconf 88' lang='lat' dir='ltr'><strong>aliter</strong></span> <span class='ocrx_word' id='word_1_665' title='bbox 2854 3766 3031 3812; x_wconf 87' lang='lat' dir='ltr'><strong>autem</strong></span> <span class='ocrx_word' id='word_1_666' title='bbox 3073 3774 3259 3814; x_wconf 88' lang='lat' dir='ltr'><strong>eorum</strong></span> <span class='ocrx_word' id='word_1_667' title='bbox 3291 3764 3380 3830; x_wconf 92' lang='lat' dir='ltr'><strong>qui</strong></span> <span class='ocrx_word' id='word_1_668' title='bbox 3413 3762 3628 3831; x_wconf 80' lang='lat' dir='ltr'><strong>legendi</strong></span> 
     </span>
    </p>
   </div>
   <div class='ocr_carea' id='block_1_85' title="bbox 2046 3847 3626 3924">
    <p class='ocr_par' dir='ltr' id='par_1_85' title="bbox 2046 3847 3626 3924">
     <span class='ocr_line' id='line_1_85' title="bbox 2046 3847 3626 3924; baseline 0.009 -28"><span class='ocrx_word' id='word_1_669' title='bbox 2046 3853 2205 3914; x_wconf 89' lang='lat' dir='ltr'><strong>atque</strong></span> <span class='ocrx_word' id='word_1_670' title='bbox 2250 3847 2518 3902; x_wconf 90' lang='lat' dir='ltr'><strong>scribendi</strong></span> <span class='ocrx_word' id='word_1_671' title='bbox 2565 3848 2743 3903; x_wconf 90' lang='lat' dir='ltr'><strong>studio</strong></span> <span class='ocrx_word' id='word_1_672' title='bbox 2790 3850 3149 3917; x_wconf 80' lang='lat' dir='ltr'><strong>proﬁcientes,</strong></span> <span class='ocrx_word' id='word_1_673' title='bbox 3188 3868 3281 3922; x_wconf 88' lang='lat' dir='ltr'><strong>per</strong></span> <span class='ocrx_word' id='word_1_674' title='bbox 3309 3856 3626 3924; x_wconf 87' lang='lat' dir='ltr'><strong>acquisitam</strong></span> 
     </span>
    </p>
   </div>
   <div class='ocr_carea' id='block_1_86' title="bbox 2046 3935 3629 4011">
    <p class='ocr_par' dir='ltr' id='par_1_86' title="bbox 2046 3935 3629 4011">
     <span class='ocr_line' id='line_1_86' title="bbox 2046 3935 3629 4011; baseline 0.009 -23"><span class='ocrx_word' id='word_1_675' title='bbox 2046 3935 2357 3999; x_wconf 87' lang='lat' dir='ltr'><strong>quotidiano</strong></span> <span class='ocrx_word' id='word_1_676' title='bbox 2385 3936 2569 3993; x_wconf 89' lang='lat' dir='ltr'><strong>labore</strong></span> <span class='ocrx_word' id='word_1_677' title='bbox 2598 3940 2925 4007; x_wconf 81' lang='lat' dir='ltr'><strong>facultatem,</strong></span> <span class='ocrx_word' id='word_1_678' title='bbox 2955 3940 3093 3997; x_wconf 87' lang='lat' dir='ltr'><strong>sicut</strong></span> <span class='ocrx_word' id='word_1_679' title='bbox 3122 3954 3427 4011; x_wconf 89' lang='lat' dir='ltr'><strong>potuerunt,</strong></span> <span class='ocrx_word' id='word_1_680' title='bbox 3454 3950 3521 4003; x_wconf 90' lang='lat' dir='ltr'><strong>de</strong></span> <span class='ocrx_word' id='word_1_681' title='bbox 3546 3950 3629 4002; x_wconf 89' lang='lat' dir='ltr'><strong>his</strong></span> 
     </span>
    </p>
   </div>
   <div class='ocr_carea' id='block_1_87' title="bbox 2048 4025 3630 4105">
    <p class='ocr_par' dir='ltr' id='par_1_87' title="bbox 2048 4025 3630 4105">
     <span class='ocr_line' id='line_1_87' title="bbox 2048 4025 3630 4105; baseline 0.011 -28"><span class='ocrx_word' id='word_1_682' title='bbox 2048 4025 2208 4079; x_wconf 89' lang='lat' dir='ltr'><strong>locuti</strong></span> <span class='ocrx_word' id='word_1_683' title='bbox 2241 4036 2365 4081; x_wconf 85' lang='lat' dir='ltr'><strong>sunt</strong></span> <span class='ocrx_word' id='word_1_684' title='bbox 2396 4044 2409 4079; x_wconf 87' lang='lat'><strong>:</strong></span> <span class='ocrx_word' id='word_1_685' title='bbox 2440 4044 2506 4082; x_wconf 86' lang='lat' dir='ltr'><strong>ex</strong></span> <span class='ocrx_word' id='word_1_686' title='bbox 2533 4030 2725 4098; x_wconf 89' lang='lat' dir='ltr'><strong>quibus</strong></span> <span class='ocrx_word' id='word_1_687' title='bbox 2754 4040 2871 4085; x_wconf 84' lang='lat' dir='ltr'><strong>erat</strong></span> <span class='ocrx_word' id='word_1_688' title='bbox 2892 4040 2944 4084; x_wconf 87' lang='lat' dir='ltr'><strong>et</strong></span> <span class='ocrx_word' id='word_1_689' title='bbox 2974 4032 3065 4087; x_wconf 85' lang='lat' dir='ltr'><strong>ille</strong></span> <span class='ocrx_word' id='word_1_690' title='bbox 3096 4034 3175 4087; x_wconf 86' lang='lat' dir='ltr'><strong>vir</strong></span> <span class='ocrx_word' id='word_1_691' title='bbox 3202 4035 3630 4105; x_wconf 83' lang='lat' dir='ltr'><strong>sapientissimus</strong></span> 
     </span>
    </p>
   </div>
   <div class='ocr_carea' id='block_1_88' title="bbox 2048 4118 3631 4202">
    <p class='ocr_par' dir='ltr' id='par_1_88' title="bbox 2048 4118 3631 4202">
     <span class='ocr_line' id='line_1_88' title="bbox 2048 4118 3631 4202; baseline 0.012 -32"><span class='ocrx_word' id='word_1_692' title='bbox 2048 4131 2111 4171; x_wconf 88' lang='lat' dir='ltr'><strong>ac</strong></span> <span class='ocrx_word' id='word_1_693' title='bbox 2142 4118 2569 4176; x_wconf 67' lang='lat' dir='ltr'><strong>modestissimus</strong></span> <span class='ocrx_word' id='word_1_694' title='bbox 2616 4125 2967 4194; x_wconf 82' lang='lat' dir='ltr'><strong>Augustinus,</strong></span> <span class='ocrx_word' id='word_1_695' title='bbox 2998 4128 3088 4197; x_wconf 91' lang='lat' dir='ltr'><strong>qui</strong></span> <span class='ocrx_word' id='word_1_696' title='bbox 3132 4130 3291 4184; x_wconf 87' lang='lat' dir='ltr'><strong>tertio</strong></span> <span class='ocrx_word' id='word_1_697' title='bbox 3323 4147 3534 4202; x_wconf 89' lang='lat' dir='ltr'><strong>quoque</strong></span> <span class='ocrx_word' id='word_1_698' title='bbox 3561 4133 3631 4189; x_wconf 88' lang='lat' dir='ltr'><strong>de</strong></span> 
     </span>
    </p>
   </div>
   <div class='ocr_carea' id='block_1_89' title="bbox 2051 4210 3634 4282">
    <p class='ocr_par' dir='ltr' id='par_1_89' title="bbox 2051 4210 3634 4282">
     <span class='ocr_line' id='line_1_89' title="bbox 2051 4210 3634 4282; baseline 0.012 -20"><span class='ocrx_word' id='word_1_699' title='bbox 2051 4210 2308 4267; x_wconf 76' lang='lat' dir='ltr'><strong>Trinitate</strong></span> <span class='ocrx_word' id='word_1_700' title='bbox 2339 4213 2475 4268; x_wconf 90' lang='lat' dir='ltr'><strong>libro</strong></span> <span class='ocrx_word' id='word_1_701' title='bbox 2500 4215 2579 4270; x_wconf 90' lang='lat' dir='ltr'><strong>sic</strong></span> <span class='ocrx_word' id='word_1_702' title='bbox 2608 4217 2680 4270; x_wconf 89' lang='lat' dir='ltr'><strong>ait</strong></span> <span class='ocrx_word' id='word_1_703' title='bbox 2710 4234 2721 4269; x_wconf 91' lang='lat'><strong>:</strong></span> <span class='ocrx_word' id='word_1_704' title='bbox 2760 4235 2780 4269; x_wconf 71' lang='grc' dir='ltr'>ι</span> <span class='ocrx_word' id='word_1_705' title='bbox 2816 4218 2957 4273; x_wconf 89' lang='lat' dir='ltr'><strong>Sane</strong></span> <span class='ocrx_word' id='word_1_706' title='bbox 2986 4235 3107 4274; x_wconf 90' lang='lat' dir='ltr'><strong>cum</strong></span> <span class='ocrx_word' id='word_1_707' title='bbox 3139 4224 3193 4276; x_wconf 90' lang='lat' dir='ltr'><strong>in</strong></span> <span class='ocrx_word' id='word_1_708' title='bbox 3215 4225 3463 4279; x_wconf 89' lang='lat' dir='ltr'><strong>omnibus</strong></span> <span class='ocrx_word' id='word_1_709' title='bbox 3489 4225 3634 4282; x_wconf 65' lang='lat' dir='ltr'><strong>litteo</strong></span> 
     </span>
    </p>
   </div>
   <div class='ocr_carea' id='block_1_90' title="bbox 2052 4302 3637 4379">
    <p class='ocr_par' dir='ltr' id='par_1_90' title="bbox 2052 4302 3637 4379">
     <span class='ocr_line' id='line_1_90' title="bbox 2052 4302 3637 4379; baseline 0.011 -24"><span class='ocrx_word' id='word_1_710' title='bbox 2052 4302 2125 4356; x_wconf 89' lang='lat' dir='ltr'><strong>ris</strong></span> <span class='ocrx_word' id='word_1_711' title='bbox 2157 4304 2310 4373; x_wconf 89' lang='lat' dir='ltr'><strong>meis,</strong></span> <span class='ocrx_word' id='word_1_712' title='bbox 2345 4321 2451 4359; x_wconf 87' lang='lat' dir='ltr'><strong>non</strong></span> <span class='ocrx_word' id='word_1_713' title='bbox 2481 4306 2653 4361; x_wconf 87' lang='lat' dir='ltr'><strong>solum</strong></span> <span class='ocrx_word' id='word_1_714' title='bbox 2692 4309 2835 4378; x_wconf 92' lang='lat' dir='ltr'><strong>pium</strong></span> <span class='ocrx_word' id='word_1_715' title='bbox 2869 4310 3144 4379; x_wconf 89' lang='lat' dir='ltr'><strong>lectorem,</strong></span> <span class='ocrx_word' id='word_1_716' title='bbox 3177 4310 3281 4369; x_wconf 58' lang='lat' dir='ltr'><strong>sed&#39;</strong></span> <span class='ocrx_word' id='word_1_717' title='bbox 3299 4317 3459 4371; x_wconf 88' lang='lat' dir='ltr'><strong>etiam</strong></span> <span class='ocrx_word' id='word_1_718' title='bbox 3500 4318 3637 4373; x_wconf 86' lang='lat' dir='ltr'><strong>libe-</strong></span> 
     </span>
    </p>
   </div>
   <div class='ocr_carea' id='block_1_91' title="bbox 2052 4399 3635 4464">
    <p class='ocr_par' dir='ltr' id='par_1_91' title="bbox 2052 4399 3635 4464">
     <span class='ocr_line' id='line_1_91' title="bbox 2052 4399 3635 4464; baseline 0.011 -17"><span class='ocrx_word' id='word_1_719' title='bbox 2052 4410 2169 4448; x_wconf 88' lang='lat' dir='ltr'><strong>rmn</strong></span> <span class='ocrx_word' id='word_1_720' title='bbox 2192 4405 2551 4452; x_wconf 89' lang='lat' dir='ltr'><strong>correctorem</strong></span> <span class='ocrx_word' id='word_1_721' title='bbox 2575 4399 2898 4464; x_wconf 88' lang='lat' dir='ltr'><strong>desiderem,</strong></span> <span class='ocrx_word' id='word_1_722' title='bbox 2926 4402 3093 4457; x_wconf 85' lang='lat' dir='ltr'><strong>multo</strong></span> <span class='ocrx_word' id='word_1_723' title='bbox 3117 4407 3347 4461; x_wconf 84' lang='lat' dir='ltr'><strong>maxime</strong></span> <span class='ocrx_word' id='word_1_724' title='bbox 3366 4407 3420 4461; x_wconf 92' lang='lat' dir='ltr'><strong>in</strong></span> <span class='ocrx_word' id='word_1_725' title='bbox 3445 4407 3526 4464; x_wconf 84' lang='lat' dir='ltr'><strong>his</strong></span> <span class='ocrx_word' id='word_1_726' title='bbox 3545 4409 3635 4464; x_wconf 88' lang='lat' dir='ltr'><strong>ubi</strong></span> 
     </span>
    </p>
   </div>
   <div class='ocr_carea' id='block_1_92' title="bbox 2054 4484 3637 4558">
    <p class='ocr_par' dir='ltr' id='par_1_92' title="bbox 2054 4484 3637 4558">
     <span class='ocr_line' id='line_1_92' title="bbox 2054 4484 3637 4558; baseline 0.015 -23"><span class='ocrx_word' id='word_1_727' title='bbox 2054 4484 2165 4552; x_wconf 85' lang='lat' dir='ltr'><strong>ipsa</strong></span> <span class='ocrx_word' id='word_1_728' title='bbox 2197 4486 2507 4554; x_wconf 78' lang='lat' dir='ltr'><strong>magnitudo</strong></span> <span class='ocrx_word' id='word_1_729' title='bbox 2530 4491 2843 4557; x_wconf 73' lang='lat' dir='ltr'><strong>qumstionis</strong></span> <span class='ocrx_word' id='word_1_730' title='bbox 2870 4494 3071 4549; x_wconf 82' lang='lat' dir='ltr'><strong>utinam</strong></span> <span class='ocrx_word' id='word_1_731' title='bbox 3096 4504 3200 4550; x_wconf 89' lang='lat' dir='ltr'><strong>tam</strong></span> <span class='ocrx_word' id='word_1_732' title='bbox 3232 4501 3428 4553; x_wconf 90' lang='lat' dir='ltr'><strong>multos</strong></span> <span class='ocrx_word' id='word_1_733' title='bbox 3452 4501 3637 4558; x_wconf 80' lang='lat' dir='ltr'><strong>inven-</strong></span> 
     </span>
    </p>
   </div>
   <div class='ocr_carea' id='block_1_93' title="bbox 366 4573 3637 4661">
    <p class='ocr_par' dir='ltr' id='par_1_93' title="bbox 366 4573 3637 4661">
     <span class='ocr_line' id='line_1_93' title="bbox 366 4573 3637 4661; baseline 0.007 -34"><span class='ocrx_word' id='word_1_734' title='bbox 366 4576 411 4628; x_wconf 81' lang='lat' dir='ltr'><strong>si</strong></span> <span class='ocrx_word' id='word_1_735' title='bbox 438 4574 679 4629; x_wconf 78' lang='lat' dir='ltr'><strong>videatur</strong></span> <span class='ocrx_word' id='word_1_736' title='bbox 709 4574 969 4629; x_wconf 89' lang='lat' dir='ltr'><strong>incertum</strong></span> <span class='ocrx_word' id='word_1_737' title='bbox 1000 4590 1015 4627; x_wconf 89' lang='lat'><strong>:</strong></span> <span class='ocrx_word' id='word_1_738' title='bbox 1049 4573 1191 4642; x_wconf 91' lang='lat' dir='ltr'><strong>quod</strong></span> <span class='ocrx_word' id='word_1_739' title='bbox 1213 4576 1257 4626; x_wconf 90' lang='lat' dir='ltr'><strong>si</strong></span> <span class='ocrx_word' id='word_1_740' title='bbox 1287 4584 1341 4627; x_wconf 89' lang='lat' dir='ltr'><strong>et</strong></span> <span class='ocrx_word' id='word_1_741' title='bbox 1370 4575 1507 4628; x_wconf 88' lang='lat' dir='ltr'><strong>male</strong></span> <span class='ocrx_word' id='word_1_742' title='bbox 1534 4574 1600 4629; x_wconf 90' lang='lat' dir='ltr'><strong>de</strong></span> <span class='ocrx_word' id='word_1_743' title='bbox 1628 4574 1730 4628; x_wconf 89' lang='lat' dir='ltr'><strong>illis</strong></span> <span class='ocrx_word' id='word_1_744' title='bbox 1753 4573 1951 4629; x_wconf 88' lang='lat' dir='ltr'><strong>sentia-</strong></span> <span class='ocrx_word' id='word_1_745' title='bbox 1976 4601 2027 4661; x_wconf 71' lang='grc' dir='ltr'><strong>ι)</strong></span> <span class='ocrx_word' id='word_1_746' title='bbox 2056 4583 2198 4629; x_wconf 89' lang='lat' dir='ltr'><strong>tores</strong></span> <span class='ocrx_word' id='word_1_747' title='bbox 2228 4576 2426 4633; x_wconf 89' lang='lat' dir='ltr'><strong>habere</strong></span> <span class='ocrx_word' id='word_1_748' title='bbox 2457 4588 2638 4647; x_wconf 91' lang='lat' dir='ltr'><strong>posset</strong></span> <span class='ocrx_word' id='word_1_749' title='bbox 2664 4596 2820 4650; x_wconf 90' lang='lat' dir='ltr'><strong>quam</strong></span> <span class='ocrx_word' id='word_1_750' title='bbox 2853 4586 3048 4639; x_wconf 89' lang='lat' dir='ltr'><strong>multos</strong></span> <span class='ocrx_word' id='word_1_751' title='bbox 3077 4590 3499 4647; x_wconf 85' lang='lat' dir='ltr'><strong>contradictores</strong></span> <span class='ocrx_word' id='word_1_752' title='bbox 3544 4592 3637 4646; x_wconf 81' lang='lat' dir='ltr'><strong>ha-</strong></span> 
     </span>
    </p>
   </div>
   <div class='ocr_carea' id='block_1_94' title="bbox 368 4667 1949 4738">
    <p class='ocr_par' dir='ltr' id='par_1_94' title="bbox 368 4667 1949 4738">
     <span class='ocr_line' id='line_1_94' title="bbox 368 4667 1949 4738; baseline -0.001 -14"><span class='ocrx_word' id='word_1_753' title='bbox 368 4685 507 4734; x_wconf 88' lang='lat' dir='ltr'><strong>mus,</strong></span> <span class='ocrx_word' id='word_1_754' title='bbox 543 4668 645 4723; x_wconf 91' lang='lat' dir='ltr'><strong>hoe</strong></span> <span class='ocrx_word' id='word_1_755' title='bbox 672 4684 885 4738; x_wconf 91' lang='lat' dir='ltr'><strong>quoque</strong></span> <span class='ocrx_word' id='word_1_756' title='bbox 920 4677 1126 4721; x_wconf 92' lang='lat' dir='ltr'><strong>certum</strong></span> <span class='ocrx_word' id='word_1_757' title='bbox 1158 4683 1264 4721; x_wconf 90' lang='lat' dir='ltr'><strong>non</strong></span> <span class='ocrx_word' id='word_1_758' title='bbox 1296 4668 1420 4733; x_wconf 92' lang='lat' dir='ltr'><strong>erit,</strong></span> <span class='ocrx_word' id='word_1_759' title='bbox 1449 4667 1541 4722; x_wconf 90' lang='lat' dir='ltr'><strong>sed</strong></span> <span class='ocrx_word' id='word_1_760' title='bbox 1573 4677 1718 4722; x_wconf 89' lang='lat' dir='ltr'><strong>certa</strong></span> <span class='ocrx_word' id='word_1_761' title='bbox 1761 4667 1949 4736; x_wconf 86' lang='lat' dir='ltr'><strong>impie—</strong></span> 
     </span>
    </p>
   </div>
   <div class='ocr_carea' id='block_1_95' title="bbox 370 4759 1952 4828">
    <p class='ocr_par' dir='ltr' id='par_1_95' title="bbox 370 4759 1952 4828">
     <span class='ocr_line' id='line_1_95' title="bbox 370 4759 1952 4828; baseline 0 -13"><span class='ocrx_word' id='word_1_762' title='bbox 370 4773 451 4815; x_wconf 89' lang='lat' dir='ltr'><strong>tas</strong></span> <span class='ocrx_word' id='word_1_763' title='bbox 473 4761 575 4814; x_wconf 87' lang='lat' dir='ltr'><strong>erit</strong></span> <span class='ocrx_word' id='word_1_764' title='bbox 606 4777 619 4813; x_wconf 89' lang='lat'><strong>:</strong></span> <span class='ocrx_word' id='word_1_765' title='bbox 654 4760 844 4813; x_wconf 89' lang='lat' dir='ltr'><strong>melius</strong></span> <span class='ocrx_word' id='word_1_766' title='bbox 868 4774 995 4828; x_wconf 87' lang='lat' dir='ltr'><strong>ergo</strong></span> <span class='ocrx_word' id='word_1_767' title='bbox 1017 4767 1097 4814; x_wconf 90' lang='lat' dir='ltr'><strong>est</strong></span> <span class='ocrx_word' id='word_1_768' title='bbox 1125 4768 1182 4813; x_wconf 87' lang='lat' dir='ltr'><strong>ut</strong></span> <span class='ocrx_word' id='word_1_769' title='bbox 1210 4760 1275 4813; x_wconf 92' lang='lat' dir='ltr'><strong>de</strong></span> <span class='ocrx_word' id='word_1_770' title='bbox 1302 4759 1508 4814; x_wconf 86' lang='lat' dir='ltr'><strong>duobus</strong></span> <span class='ocrx_word' id='word_1_771' title='bbox 1537 4760 1665 4815; x_wconf 92' lang='lat' dir='ltr'><strong>illud</strong></span> <span class='ocrx_word' id='word_1_772' title='bbox 1696 4761 1952 4828; x_wconf 89' lang='lat' dir='ltr'><strong>eligamus</strong></span> 
     </span>
    </p>
   </div>
   <div class='ocr_carea' id='block_1_96' title="bbox 369 4850 1953 4921">
    <p class='ocr_par' dir='ltr' id='par_1_96' title="bbox 369 4850 1953 4921">
     <span class='ocr_line' id='line_1_96' title="bbox 369 4850 1953 4921; baseline 0.001 -16"><span class='ocrx_word' id='word_1_773' title='bbox 369 4850 659 4917; x_wconf 90' lang='lat' dir='ltr'><strong>incertum,</strong></span> <span class='ocrx_word' id='word_1_774' title='bbox 692 4851 744 4903; x_wconf 89' lang='lat' dir='ltr'><strong>in</strong></span> <span class='ocrx_word' id='word_1_775' title='bbox 790 4865 898 4920; x_wconf 89' lang='lat' dir='ltr'><strong>quo</strong></span> <span class='ocrx_word' id='word_1_776' title='bbox 928 4860 1070 4904; x_wconf 90' lang='lat' dir='ltr'><strong>certa</strong></span> <span class='ocrx_word' id='word_1_777' title='bbox 1105 4854 1270 4919; x_wconf 77' lang='lat' dir='ltr'><strong>pietas</strong></span> <span class='ocrx_word' id='word_1_778' title='bbox 1296 4852 1639 4920; x_wconf 88' lang='lat' dir='ltr'><strong>approbctur,</strong></span> <span class='ocrx_word' id='word_1_779' title='bbox 1669 4869 1825 4921; x_wconf 87' lang='lat' dir='ltr'><strong>quam</strong></span> <span class='ocrx_word' id='word_1_780' title='bbox 1851 4853 1953 4907; x_wconf 92' lang='lat' dir='ltr'><strong>hoc</strong></span> 
     </span>
    </p>
   </div>
   <div class='ocr_carea' id='block_1_97' title="bbox 373 4941 1955 5013">
    <p class='ocr_par' dir='ltr' id='par_1_97' title="bbox 373 4941 1955 5013">
     <span class='ocr_line' id='line_1_97' title="bbox 373 4941 1955 5013; baseline 0.002 -17"><span class='ocrx_word' id='word_1_781' title='bbox 373 4943 658 5004; x_wconf 89' lang='lat' dir='ltr'><strong>incertum,</strong></span> <span class='ocrx_word' id='word_1_782' title='bbox 686 4941 740 4995; x_wconf 93' lang='lat' dir='ltr'><strong>in</strong></span> <span class='ocrx_word' id='word_1_783' title='bbox 772 4956 877 5013; x_wconf 91' lang='lat' dir='ltr'><strong>quo</strong></span> <span class='ocrx_word' id='word_1_784' title='bbox 921 4941 1167 5010; x_wconf 77' lang='lat' dir='ltr'><strong>impietas</strong></span> <span class='ocrx_word' id='word_1_785' title='bbox 1194 4953 1337 4996; x_wconf 90' lang='lat' dir='ltr'><strong>certa</strong></span> <span class='ocrx_word' id='word_1_786' title='bbox 1368 4944 1676 4998; x_wconf 88' lang='lat' dir='ltr'><strong>damnetur.</strong></span> <span class='ocrx_word' id='word_1_787' title='bbox 1710 4946 1955 4999; x_wconf 79' lang='lat' dir='ltr'><strong>Arbitror</strong></span> 
     </span>
    </p>
   </div>
   <div class='ocr_carea' id='block_1_98' title="bbox 373 5032 1957 5102">
    <p class='ocr_par' dir='ltr' id='par_1_98' title="bbox 373 5032 1957 5102">
     <span class='ocr_line' id='line_1_98' title="bbox 373 5032 1957 5102; baseline 0.003 -17"><span class='ocrx_word' id='word_1_788' title='bbox 373 5040 557 5085; x_wconf 84' lang='lat' dir='ltr'><strong>autem</strong></span> <span class='ocrx_word' id='word_1_789' title='bbox 586 5034 835 5099; x_wconf 85' lang='lat' dir='ltr'><strong>quoniam</strong></span> <span class='ocrx_word' id='word_1_790' title='bbox 860 5040 915 5086; x_wconf 86' lang='lat' dir='ltr'><strong>et</strong></span> <span class='ocrx_word' id='word_1_791' title='bbox 947 5034 1045 5100; x_wconf 79' lang='lat' dir='ltr'><strong>ipsi</strong></span> <span class='ocrx_word' id='word_1_792' title='bbox 1073 5032 1162 5102; x_wconf 93' lang='lat' dir='ltr'><strong>qui</strong></span> <span class='ocrx_word' id='word_1_793' title='bbox 1188 5032 1372 5086; x_wconf 89' lang='lat' dir='ltr'><strong>uolunt</strong></span> <span class='ocrx_word' id='word_1_794' title='bbox 1400 5033 1468 5089; x_wconf 86' lang='lat' dir='ltr'><strong>de</strong></span> <span class='ocrx_word' id='word_1_795' title='bbox 1494 5037 1704 5090; x_wconf 63' lang='lat' dir='ltr'><strong>caeteris</strong></span> <span class='ocrx_word' id='word_1_796' title='bbox 1727 5036 1957 5091; x_wconf 92' lang='lat' dir='ltr'><strong>doctori-</strong></span> 
     </span>
    </p>
   </div>
   <div class='ocr_carea' id='block_1_99' title="bbox 373 5126 1952 5199">
    <p class='ocr_par' dir='ltr' id='par_1_99' title="bbox 373 5126 1952 5199">
     <span class='ocr_line' id='line_1_99' title="bbox 373 5126 1952 5199; baseline 0.003 -20"><span class='ocrx_word' id='word_1_797' title='bbox 373 5127 471 5180; x_wconf 77' lang='lat' dir='ltr'><strong>l;us</strong></span> <span class='ocrx_word' id='word_1_798' title='bbox 500 5126 751 5181; x_wconf 65' lang='lat' dir='ltr'><strong>Ecclesiae</strong></span> <span class='ocrx_word' id='word_1_799' title='bbox 780 5126 1026 5180; x_wconf 87' lang='lat' dir='ltr'><strong>similiter</strong></span> <span class='ocrx_word' id='word_1_800' title='bbox 1068 5134 1124 5179; x_wconf 92' lang='lat' dir='ltr'><strong>ut</strong></span> <span class='ocrx_word' id='word_1_801' title='bbox 1167 5126 1234 5181; x_wconf 91' lang='lat' dir='ltr'><strong>de</strong></span> <span class='ocrx_word' id='word_1_802' title='bbox 1262 5126 1556 5195; x_wconf 86' lang='lat' dir='ltr'><strong>Augustino</strong></span> <span class='ocrx_word' id='word_1_803' title='bbox 1585 5129 1803 5194; x_wconf 89' lang='lat' dir='ltr'><strong>sentire,</strong></span> <span class='ocrx_word' id='word_1_804' title='bbox 1832 5131 1952 5199; x_wconf 88' lang='lat' dir='ltr'><strong>quia</strong></span> 
     </span>
    </p>
   </div>
   <div class='ocr_carea' id='block_1_100' title="bbox 372 5216 1949 5275">
    <p class='ocr_par' dir='ltr' id='par_1_100' title="bbox 372 5216 1949 5275">
     <span class='ocr_line' id='line_1_100' title="bbox 372 5216 1949 5275; baseline 0.003 -4"><span class='ocrx_word' id='word_1_805' title='bbox 372 5233 477 5271; x_wconf 90' lang='lat' dir='ltr'><strong>non</strong></span> <span class='ocrx_word' id='word_1_806' title='bbox 508 5217 786 5272; x_wconf 79' lang='lat' dir='ltr'><strong>inveniunt</strong></span> <span class='ocrx_word' id='word_1_807' title='bbox 815 5216 903 5271; x_wconf 92' lang='lat' dir='ltr'><strong>ubi</strong></span> <span class='ocrx_word' id='word_1_808' title='bbox 955 5216 1199 5271; x_wconf 81' lang='lat' dir='ltr'><strong>similiter</strong></span> <span class='ocrx_word' id='word_1_809' title='bbox 1240 5226 1293 5272; x_wconf 93' lang='lat' dir='ltr'><strong>et</strong></span> <span class='ocrx_word' id='word_1_810' title='bbox 1337 5219 1409 5272; x_wconf 86' lang='lat' dir='ltr'><strong>illi</strong></span> <span class='ocrx_word' id='word_1_811' title='bbox 1441 5218 1702 5273; x_wconf 88' lang='lat' dir='ltr'><strong>dictorum</strong></span> <span class='ocrx_word' id='word_1_812' title='bbox 1727 5236 1949 5275; x_wconf 90' lang='lat' dir='ltr'><strong>suorum</strong></span> 
     </span>
    </p>
   </div>
   <div class='ocr_carea' id='block_1_101' title="bbox 444 5389 1041 5460">
    <p class='ocr_par' dir='ltr' id='par_1_101' title="bbox 444 5389 1041 5460">
     <span class='ocr_line' id='line_1_101' title="bbox 444 5389 1041 5460; baseline 0.005 -19"><span class='ocrx_word' id='word_1_813' title='bbox 444 5400 469 5460; x_wconf 67' lang='lat' dir='ltr'>fl</span> <span class='ocrx_word' id='word_1_814' title='bbox 504 5389 558 5443; x_wconf 91' lang='lat' dir='ltr'><strong>ln</strong></span> <span class='ocrx_word' id='word_1_815' title='bbox 587 5404 684 5443; x_wconf 86' lang='lat' dir='ltr'><strong>ms.</strong></span> <span class='ocrx_word' id='word_1_816' title='bbox 719 5390 1041 5460; x_wconf 82' lang='lat' dir='ltr'><strong>corrigimur.</strong></span> 
     </span>
    </p>
   </div>
   <div class='ocr_carea' id='block_1_102' title="bbox 2058 4668 3639 4740">
    <p class='ocr_par' dir='ltr' id='par_1_102' title="bbox 2058 4668 3639 4740">
     <span class='ocr_line' id='line_1_102' title="bbox 2058 4668 3639 4740; baseline 0.012 -20"><span class='ocrx_word' id='word_1_817' title='bbox 2058 4668 2167 4721; x_wconf 85' lang='lat' dir='ltr'><strong>bet.</strong></span> <span class='ocrx_word' id='word_1_818' title='bbox 2210 4668 2587 4726; x_wconf 83' lang='lat' dir='ltr'><strong>Verumtamen</strong></span> <span class='ocrx_word' id='word_1_819' title='bbox 2631 4674 2769 4728; x_wconf 88' lang='lat' dir='ltr'><strong>sicut</strong></span> <span class='ocrx_word' id='word_1_820' title='bbox 2817 4676 3071 4733; x_wconf 85' lang='lat' dir='ltr'><strong>lectorem</strong></span> <span class='ocrx_word' id='word_1_821' title='bbox 3120 4697 3297 4736; x_wconf 81' lang='lat' dir='ltr'><strong>meum</strong></span> <span class='ocrx_word' id='word_1_822' title='bbox 3346 4685 3471 4738; x_wconf 89' lang='lat' dir='ltr'><strong>nolo</strong></span> <span class='ocrx_word' id='word_1_823' title='bbox 3518 4699 3639 4740; x_wconf 89' lang='lat' dir='ltr'><strong>esse</strong></span> 
     </span>
    </p>
   </div>
   <div class='ocr_carea' id='block_1_103' title="bbox 2058 4757 3638 4830">
    <p class='ocr_par' dir='ltr' id='par_1_103' title="bbox 2058 4757 3638 4830">
     <span class='ocr_line' id='line_1_103' title="bbox 2058 4757 3638 4830; baseline 0.013 -20"><span class='ocrx_word' id='word_1_824' title='bbox 2058 4757 2187 4812; x_wconf 90' lang='lat' dir='ltr'><strong>mihi</strong></span> <span class='ocrx_word' id='word_1_825' title='bbox 2217 4759 2477 4827; x_wconf 87' lang='lat' dir='ltr'><strong>deditum,</strong></span> <span class='ocrx_word' id='word_1_826' title='bbox 2506 4763 2574 4816; x_wconf 93' lang='lat' dir='ltr'><strong>ita</strong></span> <span class='ocrx_word' id='word_1_827' title='bbox 2598 4778 2958 4823; x_wconf 88' lang='lat' dir='ltr'><strong>correctorem</strong></span> <span class='ocrx_word' id='word_1_828' title='bbox 2990 4770 3114 4826; x_wconf 91' lang='lat' dir='ltr'><strong>nolo</strong></span> <span class='ocrx_word' id='word_1_829' title='bbox 3141 4772 3263 4828; x_wconf 87' lang='lat' dir='ltr'><strong>sibi.</strong></span> <span class='ocrx_word' id='word_1_830' title='bbox 3293 4773 3387 4828; x_wconf 83' lang='lat' dir='ltr'><strong>ille</strong></span> <span class='ocrx_word' id='word_1_831' title='bbox 3414 4790 3501 4830; x_wconf 86' lang='lat' dir='ltr'><strong>me</strong></span> <span class='ocrx_word' id='word_1_832' title='bbox 3529 4790 3638 4830; x_wconf 89' lang='lat' dir='ltr'><strong>non</strong></span> 
     </span>
    </p>
   </div>
   <div class='ocr_carea' id='block_1_104' title="bbox 2058 4852 3638 4929">
    <p class='ocr_par' dir='ltr' id='par_1_104' title="bbox 2058 4852 3638 4929">
     <span class='ocr_line' id='line_1_104' title="bbox 2058 4852 3638 4929; baseline 0.011 -27"><span class='ocrx_word' id='word_1_833' title='bbox 2058 4857 2202 4904; x_wconf 90' lang='lat' dir='ltr'><strong>amet</strong></span> <span class='ocrx_word' id='word_1_834' title='bbox 2252 4852 2480 4919; x_wconf 86' lang='lat' dir='ltr'><strong>amplius</strong></span> <span class='ocrx_word' id='word_1_835' title='bbox 2509 4870 2665 4924; x_wconf 88' lang='lat' dir='ltr'><strong>quam</strong></span> <span class='ocrx_word' id='word_1_836' title='bbox 2719 4860 3034 4915; x_wconf 86' lang='lat' dir='ltr'><strong>catholicam</strong></span> <span class='ocrx_word' id='word_1_837' title='bbox 3090 4861 3638 4929; x_wconf 71' lang='lat' dir='ltr'><strong>veritatemb;sicut</strong></span> 
     </span>
    </p>
   </div>
   <div class='ocr_carea' id='block_1_105' title="bbox 2059 4942 3644 5023">
    <p class='ocr_par' dir='ltr' id='par_1_105' title="bbox 2059 4942 3644 5023">
     <span class='ocr_line' id='line_1_105' title="bbox 2059 4942 3644 5023; baseline 0.011 -29"><span class='ocrx_word' id='word_1_838' title='bbox 2059 4942 2132 5001; x_wconf 88' lang='lat' dir='ltr'><strong>illi</strong></span> <span class='ocrx_word' id='word_1_839' title='bbox 2157 4942 2299 5012; x_wconf 89' lang='lat' dir='ltr'><strong>dico,</strong></span> <span class='ocrx_word' id='word_1_840' title='bbox 2326 4942 2443 4999; x_wconf 87' lang='lat' dir='ltr'><strong>Noli</strong></span> <span class='ocrx_word' id='word_1_841' title='bbox 2475 4948 2607 5002; x_wconf 91' lang='lat' dir='ltr'><strong>meis</strong></span> <span class='ocrx_word' id='word_1_842' title='bbox 2637 4947 2849 5016; x_wconf 88' lang='lat' dir='ltr'><strong>litteris,</strong></span> <span class='ocrx_word' id='word_1_843' title='bbox 2883 4954 3035 5022; x_wconf 86' lang='lat' dir='ltr'><strong>quasi</strong></span> <span class='ocrx_word' id='word_1_844' title='bbox 3081 4944 3372 5023; x_wconf 83' lang='lat' dir='ltr'><strong>Scripturis</strong></span> <span class='ocrx_word' id='word_1_845' title='bbox 3420 4958 3644 5011; x_wconf 89' lang='lat' dir='ltr'><strong>canoni-</strong></span> 
     </span>
    </p>
   </div>
   <div class='ocr_carea' id='block_1_106' title="bbox 2060 5036 3641 5115">
    <p class='ocr_par' dir='ltr' id='par_1_106' title="bbox 2060 5036 3641 5115">
     <span class='ocr_line' id='line_1_106' title="bbox 2060 5036 3641 5115; baseline 0.011 -25"><span class='ocrx_word' id='word_1_846' title='bbox 2060 5036 2137 5090; x_wconf 88' lang='lat' dir='ltr'><strong>cis</strong></span> <span class='ocrx_word' id='word_1_847' title='bbox 2164 5036 2441 5104; x_wconf 79' lang='lat' dir='ltr'><strong>iuservire,</strong></span> <span class='ocrx_word' id='word_1_848' title='bbox 2475 5040 2566 5095; x_wconf 86' lang='lat' dir='ltr'><strong>sed</strong></span> <span class='ocrx_word' id='word_1_849' title='bbox 2600 5043 2650 5094; x_wconf 90' lang='lat' dir='ltr'><strong>in</strong></span> <span class='ocrx_word' id='word_1_850' title='bbox 2684 5044 2787 5098; x_wconf 90' lang='lat' dir='ltr'><strong>illis</strong></span> <span class='ocrx_word' id='word_1_851' title='bbox 2817 5055 2870 5099; x_wconf 90' lang='lat' dir='ltr'><strong>et</strong></span> <span class='ocrx_word' id='word_1_852' title='bbox 2916 5047 3056 5115; x_wconf 83' lang='lat' dir='ltr'><strong>quod</strong></span> <span class='ocrx_word' id='word_1_853' title='bbox 3086 5062 3192 5100; x_wconf 92' lang='lat' dir='ltr'><strong>non</strong></span> <span class='ocrx_word' id='word_1_854' title='bbox 3231 5048 3488 5105; x_wconf 88' lang='lat' dir='ltr'><strong>credebas</strong></span> <span class='ocrx_word' id='word_1_855' title='bbox 3517 5067 3641 5107; x_wconf 87' lang='lat' dir='ltr'><strong>cum</strong></span> 
     </span>
    </p>
   </div>
   <div class='ocr_carea' id='block_1_107' title="bbox 2062 5130 3641 5214">
    <p class='ocr_par' dir='ltr' id='par_1_107' title="bbox 2062 5130 3641 5214">
     <span class='ocr_line' id='line_1_107' title="bbox 2062 5130 3641 5214; baseline 0.012 -32"><span class='ocrx_word' id='word_1_856' title='bbox 2062 5130 2353 5197; x_wconf 82' lang='lat' dir='ltr'><strong>inveneris,</strong></span> <span class='ocrx_word' id='word_1_857' title='bbox 2394 5133 2759 5190; x_wconf 89' lang='lat' dir='ltr'><strong>incunctanter</strong></span> <span class='ocrx_word' id='word_1_858' title='bbox 2792 5138 2983 5203; x_wconf 85' lang='lat' dir='ltr'><strong>crede;</strong></span> <span class='ocrx_word' id='word_1_859' title='bbox 3016 5139 3069 5191; x_wconf 89' lang='lat' dir='ltr'><strong>in</strong></span> <span class='ocrx_word' id='word_1_860' title='bbox 3120 5139 3236 5194; x_wconf 90' lang='lat' dir='ltr'><strong>istis</strong></span> <span class='ocrx_word' id='word_1_861' title='bbox 3283 5150 3461 5197; x_wconf 88' lang='lat' dir='ltr'><strong>autem</strong></span> <span class='ocrx_word' id='word_1_862' title='bbox 3497 5147 3641 5214; x_wconf 89' lang='lat' dir='ltr'><strong>quod</strong></span> 
     </span>
    </p>
   </div>
   <div class='ocr_carea' id='block_1_108' title="bbox 2060 5227 3643 5307">
    <p class='ocr_par' dir='ltr' id='par_1_108' title="bbox 2060 5227 3643 5307">
     <span class='ocr_line' id='line_1_108' title="bbox 2060 5227 3643 5307; baseline 0.009 -26"><span class='ocrx_word' id='word_1_863' title='bbox 2060 5232 2267 5281; x_wconf 86' lang='lat' dir='ltr'><strong>certum</strong></span> <span class='ocrx_word' id='word_1_864' title='bbox 2299 5242 2404 5281; x_wconf 89' lang='lat' dir='ltr'><strong>non</strong></span> <span class='ocrx_word' id='word_1_865' title='bbox 2463 5227 2721 5293; x_wconf 84' lang='lat' dir='ltr'><strong>habebas,</strong></span> <span class='ocrx_word' id='word_1_866' title='bbox 2751 5229 2852 5284; x_wconf 90' lang='lat' dir='ltr'><strong>nisi</strong></span> <span class='ocrx_word' id='word_1_867' title='bbox 2900 5241 3105 5287; x_wconf 89' lang='lat' dir='ltr'><strong>certum</strong></span> <span class='ocrx_word' id='word_1_868' title='bbox 3150 5233 3499 5307; x_wconf 76' lang='lat' dir='ltr'><strong>intellexeris,</strong></span> <span class='ocrx_word' id='word_1_869' title='bbox 3533 5242 3643 5296; x_wconf 82' lang='lat' dir='ltr'><strong>noli</strong></span> 
     </span>
    </p>
   </div>
   <div class='ocr_carea' id='block_1_109' title="bbox 446 5458 2785 5542">
    <p class='ocr_par' dir='ltr' id='par_1_109' title="bbox 446 5458 2785 5542">
     <span class='ocr_line' id='line_1_109' title="bbox 446 5458 2785 5542; baseline 0.008 -29"><span class='ocrx_word' id='word_1_870' title='bbox 446 5458 472 5496; x_wconf 65' lang='grc' dir='ltr'>δ</span> <span class='ocrx_word' id='word_1_871' title='bbox 501 5461 654 5529; x_wconf 85' lang='lat' dir='ltr'><strong>Apud</strong></span> <span class='ocrx_word' id='word_1_872' title='bbox 694 5458 939 5531; x_wconf 58' lang='lat' dir='ltr'><strong>August,</strong></span> <span class='ocrx_word' id='word_1_873' title='bbox 976 5461 1165 5531; x_wconf 72' lang='lat' dir='ltr'><strong>ﬁdem,</strong></span> <span class='ocrx_word' id='word_1_874' title='bbox 1203 5465 1297 5517; x_wconf 81' lang='lat' dir='ltr'><strong>iste</strong></span> <span class='ocrx_word' id='word_1_875' title='bbox 1324 5479 1378 5518; x_wconf 79' lang='lat' dir='ltr'><strong>se</strong></span> <span class='ocrx_word' id='word_1_876' title='bbox 1405 5480 1505 5519; x_wconf 80' lang='lat' dir='ltr'><strong>non</strong></span> <span class='ocrx_word' id='word_1_877' title='bbox 1554 5475 1685 5520; x_wconf 85' lang='lat' dir='ltr'><strong>amet</strong></span> <span class='ocrx_word' id='word_1_878' title='bbox 1732 5468 1954 5535; x_wconf 78' lang='lat' dir='ltr'><strong>amplius</strong></span> <span class='ocrx_word' id='word_1_879' title='bbox 1986 5488 2139 5542; x_wconf 83' lang='lat' dir='ltr'><strong>quam</strong></span> <span class='ocrx_word' id='word_1_880' title='bbox 2169 5471 2471 5524; x_wconf 65' lang='lat' dir='ltr'><strong>cat/tomum</strong></span> <span class='ocrx_word' id='word_1_881' title='bbox 2509 5472 2785 5531; x_wconf 73' lang='lat' dir='ltr'><strong>veritatem.</strong></span> 
     </span>
    </p>
   </div>
   <div class='ocr_carea' id='block_1_110' title="bbox 446 5614 1224 5690">
    <p class='ocr_par' dir='ltr' id='par_1_110' title="bbox 446 5614 1224 5690">
     <span class='ocr_line' id='line_1_110' title="bbox 446 5614 1224 5690; baseline 0.008 -21"><span class='ocrx_word' id='word_1_882' title='bbox 446 5617 465 5690; x_wconf 52' lang='grc' dir='ltr'>ξ</span> <span class='ocrx_word' id='word_1_883' title='bbox 495 5616 623 5690; x_wconf 78' lang='lat' dir='ltr'><strong>Cod.</strong></span> <span class='ocrx_word' id='word_1_884' title='bbox 652 5614 872 5690; x_wconf 79' lang='lat' dir='ltr'><strong>Veron.,</strong></span> <span class='ocrx_word' id='word_1_885' title='bbox 899 5620 1224 5690; x_wconf 81' lang='lat' dir='ltr'><strong>corrigimur.</strong></span> 
     </span>
    </p>
   </div>
   <div class='ocr_carea' id='block_1_111' title="bbox 446 5687 1021 5751">
    <p class='ocr_par' dir='ltr' id='par_1_111' title="bbox 446 5687 1021 5751">
     <span class='ocr_line' id='line_1_111' title="bbox 446 5687 1021 5751; baseline 0.005 -12"><span class='ocrx_word' id='word_1_886' title='bbox 446 5689 465 5719; x_wconf 83' lang='grc'>²</span> <span class='ocrx_word' id='word_1_887' title='bbox 501 5687 640 5740; x_wconf 84' lang='lat' dir='ltr'><strong>Idem</strong></span> <span class='ocrx_word' id='word_1_888' title='bbox 663 5689 805 5751; x_wconf 88' lang='lat' dir='ltr'><strong>cod.,</strong></span> <span class='ocrx_word' id='word_1_889' title='bbox 839 5691 1021 5743; x_wconf 74' lang='lat' dir='ltr'><strong>credis.</strong></span> 
     </span>
    </p>
   </div>
   <div class='ocr_carea' id='block_1_112' title="bbox 443 5751 1189 5830">
    <p class='ocr_par' dir='ltr' id='par_1_112' title="bbox 443 5751 1189 5830">
     <span class='ocr_line' id='line_1_112' title="bbox 443 5751 1189 5830; baseline 0.011 -24"><span class='ocrx_word' id='word_1_890' title='bbox 443 5751 464 5830; x_wconf 47' lang='grc' dir='ltr'>ἦ</span> <span class='ocrx_word' id='word_1_891' title='bbox 500 5757 661 5830; x_wconf 77' lang='lat' dir='ltr'><strong>idem.</strong></span> <span class='ocrx_word' id='word_1_892' title='bbox 688 5758 787 5830; x_wconf 89' lang='lat' dir='ltr'><strong>cod</strong></span> <span class='ocrx_word' id='word_1_893' title='bbox 815 5799 830 5823; x_wconf 95' lang='lat'><strong>,</strong></span> <span class='ocrx_word' id='word_1_894' title='bbox 861 5763 1189 5830; x_wconf 82' lang='lat' dir='ltr'><strong>corriperent.</strong></span> 
     </span>
    </p>
   </div>
   <div class='ocr_carea' id='block_1_113' title="bbox 446 5826 1621 5896">
    <p class='ocr_par' dir='ltr' id='par_1_113' title="bbox 446 5826 1621 5896">
     <span class='ocr_line' id='line_1_113' title="bbox 446 5826 1621 5896; baseline 0.007 -16"><span class='ocrx_word' id='word_1_895' title='bbox 446 5827 469 5860; x_wconf 75' lang='lat'><strong>&quot;</strong></span> <span class='ocrx_word' id='word_1_896' title='bbox 499 5826 648 5882; x_wconf 71' lang='lat' dir='ltr'><strong>idem</strong></span> <span class='ocrx_word' id='word_1_897' title='bbox 675 5828 794 5883; x_wconf 86' lang='lat' dir='ltr'><strong>cod.</strong></span> <span class='ocrx_word' id='word_1_898' title='bbox 804 5869 819 5896; x_wconf 93' lang='lat'><strong>,</strong></span> <span class='ocrx_word' id='word_1_899' title='bbox 847 5826 1103 5884; x_wconf 65' lang='lat' dir='ltr'><strong>exisninat</strong></span> <span class='ocrx_word' id='word_1_900' title='bbox 1126 5847 1231 5886; x_wconf 71' lang='lat' dir='ltr'><strong>esse</strong></span> <span class='ocrx_word' id='word_1_901' title='bbox 1254 5832 1621 5888; x_wconf 80' lang='lat' dir='ltr'><strong>damnandum.</strong></span> 
     </span>
    </p>
   </div>
   <div class='ocr_carea' id='block_1_114' title="bbox 2061 5626 3633 5750">
    <p class='ocr_par' dir='ltr' id='par_1_114' title="bbox 2061 5626 3633 5750">
     <span class='ocr_line' id='line_1_114' title="bbox 2061 5626 3633 5750; baseline 0.011 -70"><span class='ocrx_word' id='word_1_902' title='bbox 2061 5626 2159 5750; x_wconf 64' lang='lat' dir='ltr'><strong>ne:</strong></span> <span class='ocrx_word' id='word_1_903' title='bbox 2187 5626 2332 5681; x_wconf 87' lang='lat' dir='ltr'><strong>Idem</strong></span> <span class='ocrx_word' id='word_1_904' title='bbox 2372 5628 2518 5697; x_wconf 89' lang='lat' dir='ltr'><strong>cod.,</strong></span> <span class='ocrx_word' id='word_1_905' title='bbox 2549 5646 2636 5683; x_wconf 87' lang='lat' dir='ltr'><strong>nec</strong></span> <span class='ocrx_word' id='word_1_906' title='bbox 2665 5642 2931 5690; x_wconf 78' lang='lat' dir='ltr'><strong>accusatus</strong></span> <span class='ocrx_word' id='word_1_907' title='bbox 2967 5637 3107 5709; x_wconf 82' lang='lat' dir='ltr'><strong>apud</strong></span> <span class='ocrx_word' id='word_1_908' title='bbox 3138 5639 3284 5696; x_wconf 81' lang='lat' dir='ltr'><strong>illam</strong></span> <span class='ocrx_word' id='word_1_909' title='bbox 3316 5640 3633 5714; x_wconf 73' lang='lat' dir='ltr'><strong>Theodorus,</strong></span> 
     </span>
    </p>
   </div>
   <div class='ocr_carea' id='block_1_115' title="bbox 2136 5767 2905 5847">
    <p class='ocr_par' dir='ltr' id='par_1_115' title="bbox 2136 5767 2905 5847">
     <span class='ocr_line' id='line_1_115' title="bbox 2136 5767 2905 5847; baseline 0.02 -28"><span class='ocrx_word' id='word_1_910' title='bbox 2136 5767 2156 5847; x_wconf 65' lang='grc' dir='ltr'><strong>ξ</strong></span> <span class='ocrx_word' id='word_1_911' title='bbox 2182 5767 2323 5847; x_wconf 66' lang='lat' dir='ltr'><strong>idem</strong></span> <span class='ocrx_word' id='word_1_912' title='bbox 2356 5768 2501 5847; x_wconf 82' lang='lat' dir='ltr'><strong>eotl_.,</strong></span> <span class='ocrx_word' id='word_1_913' title='bbox 2531 5774 2748 5847; x_wconf 76' lang='lat' dir='ltr'><strong>nominis</strong></span> <span class='ocrx_word' id='word_1_914' title='bbox 2775 5777 2905 5847; x_wconf 69' lang='lat' dir='ltr'><strong>ejus.</strong></span> 
     </span>
    </p>
   </div>
   <div class='ocr_carea' id='block_1_116' title="bbox 2136 5838 2734 5916">
    <p class='ocr_par' dir='ltr' id='par_1_116' title="bbox 2136 5838 2734 5916">
     <span class='ocr_line' id='line_1_116' title="bbox 2136 5838 2734 5916; baseline 0.015 -25"><span class='ocrx_word' id='word_1_915' title='bbox 2136 5839 2155 5870; x_wconf 84' lang='grc'><strong>⁷</strong></span> <span class='ocrx_word' id='word_1_916' title='bbox 2190 5838 2331 5894; x_wconf 82' lang='lat' dir='ltr'><strong>Idem</strong></span> <span class='ocrx_word' id='word_1_917' title='bbox 2363 5840 2510 5906; x_wconf 87' lang='lat' dir='ltr'><strong>cod.,</strong></span> <span class='ocrx_word' id='word_1_918' title='bbox 2544 5845 2734 5916; x_wconf 80' lang='lat' dir='ltr'><strong>itaque.</strong></span> 
     </span>
    </p>
   </div>
  </div>
