3998 6194
397 281 501 336 815

1505 277 1797 334 FACUNDI
1838 275 2053 333 EPISC.
2098 273 2602 332 HERMIANENSIS

3571 276 3671 332 8H5

392 394 617 449 firmiter
638 392 873 449 retinere
905 410 915 445 :
952 389 1024 444 ita
1064 389 1135 443 illi
1163 389 1305 456 dico,
1337 387 1456 443 Noli
1484 391 1535 443 in
1572 390 1703 444 meis
1734 388 1930 442 litteris
1954 395 1977 422 ἰ
2012 390 2059 447 Α
2090 400 2145 440 se
2190 386 2329 441 ultro
2373 400 2435 440 ac
2466 393 2673 439 temere
2720 382 2909 442 alienis
2939 382 3159 452 ingessit
3188 384 3454 453 pericu'is.
3500 387 3694 441 Ductu-

390 505 455 545 εκ
491 499 577 545 tua
606 488 856 558 opinione
887 488 966 541 vel
997 484 1359 547 contentione,
1391 482 1483 536 sed
1532 498 1596 535 ex
1642 482 1819 534 divina
1874 482 1976 533 Iec-

393 584 558 646 tione,
590 578 673 634 vel
724 580 1032 630 inconcussa
1064 577 1274 629 ratiOne
1301 574 1591 644 corrigere.
1642 574 1697 629 Si
1745 573 1871 644 quid
1923 573 1974 626 in

388 672 470 725 eis
499 670 609 724 veri
638 666 1111 735 comprehenderis
1160 666 1465 743 existendo,
1500 680 1603 719 non
1652 676 1734 720 est
1771 680 1974 730 meum,

391 772 445 815 at
476 758 821 826 intelligendo
850 767 904 811 et
936 756 1165 811 amando
1209 768 1262 811 et
1311 766 1458 811 tuum
1501 757 1571 810 sit
1598 766 1651 811 et
1682 772 1856 811 meum
1886 773 1897 820 ;
1934 759 1976 809 si

348 872 361 882 -
391 851 516 921 quid
547 859 724 904 autem
754 847 871 903 falsi
904 849 1205 902 conviceris
1231 889 1245 913 ,
1288 849 1521 903 errando
1566 848 1729 903 fuerit
1774 862 1972 912 meum,

340 973 347 985 ι
393 943 485 997 sed
507 942 615 1011 jam
647 940 907 1005 cavendo,
941 955 1038 993 nec
1088 950 1233 993 tuum
1280 941 1348 994 sit
1380 955 1476 995 nec
1508 956 1705 995 meum.
1740 959 1757 991 ι
1810 940 1977 995 Aliter

394 1034 592 1103 itaque,
624 1032 764 1086 sicut
786 1032 886 1086 iste
910 1031 989 1085 vir
1017 1031 1459 1100 prudentissimus
1489 1032 1668 1098 docet,
1692 1032 1978 1086 canonicas

396 1127 606 1180 litteras
636 1123 885 1192 legimus,
920 1125 971 1176 in
1019 1124 1211 1191 quibus
1260 1137 1483 1177 necesse
1513 1133 1596 1177 est
1626 1123 1790 1177 etiam
1834 1122 1976 1193 quod

396 1231 500 1271 non
523 1216 811 1279 credimus,
841 1230 961 1269 cum
1010 1215 1407 1278 invenerimus,
1443 1216 1816 1269 incunctanter
1859 1229 1981 1269 ere-

391 1310 557 1371 dere;
590 1306 744 1359 aliter
786 1315 986 1370 autent,
1018 1305 1096 1358 vel
1128 1305 1294 1373 ipsius
1342 1304 1651 1373 Augustini,
1683 1306 1764 1359 vel
1796 1305 1977 1359 talium

395 1408 747 1461 cteterorum;
784 1398 837 1451 in
867 1398 1060 1467 quibus
1089 1397 1227 1467 quod
1263 1398 1523 1453 habemus
1551 1398 1837 1463 incertum,
1875 1399 1975 1452 nisi

396 1501 603 1545 certum
636 1489 1087 1552 intellexerimus,
1122 1505 1226 1543 non
1259 1491 1410 1543 lirme
1440 1493 1676 1543 retinere
1697 1488 1977 1544 debemus.

397 1584 495 1649 Qui
542 1582 702 1636 etiam
755 1580 1086 1650 Hiemnymo
1139 1580 1382 1634 scribens
1434 1579 1564 1634 dicit
1617 1578 1811 1649 (Epist.
1844 1579 1977 1648 i9):

404 1694 423 1727 ‹
462 1674 573 1746 Ego
599 1672 742 1728 enim
781 1672 951 1727 fateor
977 1671 1226 1726 charitati
1258 1684 1380 1736 tute,
1411 1672 1543 1725 solis
1570 1672 1649 1725 eis
1677 1670 1982 1742 Scriptura-

396 1783 513 1821 rum
538 1766 688 1822 libris
715 1781 833 1835 qua:
857 1764 967 1834 jam
994 1763 1267 1819 canonica;
1291 1764 1631 1833 appellantur
1656 1762 1817 1817 didici
1844 1764 1982 1816 hunc
2017 1765 2063 1823 B

398 1862 646 1914 timorem
680 1859 1044 1928 honoremque
1075 1857 1309 1924 deferre,
1335 1866 1391 1913 ut
1421 1859 1626 1913 nullum
1655 1874 1837 1916 eorum
1860 1874 1984 1913 auc-

401 1965 572 2007 torem
596 1950 883 2007 scribendo
918 1964 1128 2005 errasse
1158 1949 1358 2020 aliquid
1395 1950 1700 2005 firmissime
1726 1950 1940 2005 credam
1967 1968 1981 2015 ;

398 2060 465 2100 ac
493 2046 541 2099 si
568 2043 767 2114 aliquid
795 2043 847 2098 in
878 2043 956 2097 eis
985 2041 1263 2098 offendero
1306 2041 1500 2097 litteris
1550 2042 1689 2111 quod
1742 2043 1987 2097 videatur

400 2136 727 2191 contrarium
757 2136 993 2200 veritati,
1016 2134 1148 2188 nihil
1191 2134 1335 2188 aliud
1368 2149 1526 2203 quam
1558 2135 1643 2189 vel
1670 2133 1983 2189 mendosum

399 2246 521 2286 esse
551 2231 790 2286 codicem
816 2270 831 2297 ,
863 2228 949 2284 vel
995 2229 1340 2298 interpretem
1387 2242 1492 2282 non
1536 2238 1838 2282 assecutum
1867 2241 1987 2281 esse

400 2329 540 2398 quod
572 2327 775 2383 dictum
806 2335 922 2391 est,
967 2325 1051 2379 vel
1103 2339 1188 2379 me
1236 2323 1455 2378 minime
1503 2323 1829 2377 intellexisse
1880 2336 1984 2376 non

400 2420 689 2488 ambigam.
720 2418 869 2472 Alios
899 2426 1078 2471 autem
1111 2416 1181 2469 ita
1215 2416 1334 2485 lego
1356 2457 1370 2481 ,
1397 2425 1454 2469 ut
1483 2413 1819 2485 quantalibet
1864 2428 1989 2491 san—

400 2513 583 2566 etitate
605 2510 955 2579 doctrinaque
982 2508 1356 2580 pratpolleant,
1384 2523 1490 2563 non
1527 2506 1647 2562 ideo
1676 2523 1861 2562 verum
1895 2523 1991 2575 pu-

402 2613 532 2667 tem,
555 2602 679 2672 quia
705 2601 804 2670 ipsi
840 2601 907 2653 ita
939 2607 1245 2664 senserunt,
1279 2599 1373 2653 sed
1423 2599 1544 2667 quia
1586 2599 1716 2653 mihi
1765 2599 1843 2654 vel
1896 2613 1991 2667 per

402 2694 520 2749 illos
549 2702 796 2748 auctores
818 2693 1131 2757 canonicos,
1158 2692 1240 2745 vel
1269 2692 1529 2762 probabili
1558 2692 1766 2746 ratione
1793 2691 1933 2762 quod
1958 2706 1987 2745 a

402 2802 531 2843 vero
559 2802 664 2841 non
697 2784 1005 2851 abhorreat,
1041 2773 1365 2853 persuadere
1414 2794 1724 2855 potuerunt.
1757 2784 1865 2839 Nec
1914 2795 1989 2850 te,

402 2879 475 2934 tni
507 2878 693 2945 frater,
726 2879 928 2933 sentire
957 2876 1099 2932 aliud
1146 2878 1432 2933 existimo:
1464 2891 1705 2948 prorsus,
1750 2877 1987 2947 inquam,

396 2989 512 3028 non
555 2980 610 3027 te
639 2970 871 3026 arbitror
900 2970 978 3026 sic
1010 2970 1115 3040 legi
1169 2980 1287 3025 tuos
1338 2970 1503 3026 libros
1549 2970 1708 3038 velle,
1742 2979 1989 3041 tanquam

401 3063 782 3135 prophetarum
822 3061 907 3117 vel
954 3062 1340 3132 apostolorum,
1371 3062 1438 3117 de
1488 3077 1716 3131 quorum
1773 3062 1991 3132 scriptis

402 3156 545 3226 quod
599 3155 743 3211 omni
777 3170 959 3210 errore
1015 3164 1232 3209 careant
1269 3153 1514 3208 dubitare
1559 3154 1817 3209 nefarium
1880 3161 1982 3209 est.
2018 3147 2064 3209 C

406 3252 555 3306 Absit
586 3249 685 3304 hoc
731 3264 761 3303 a
812 3248 896 3317 pia
938 3246 1238 3302 humilitate
1278 3256 1333 3301 et
1377 3248 1557 3301 veraci
1587 3246 1655 3302 de
1708 3248 1988 3318 temetipso

404 3342 723 3413 cogitatione
752 3359 764 3394 :
798 3355 901 3411 qua
929 3340 1030 3394 nisi
1060 3353 1207 3394 esses
1238 3338 1491 3408 praeditus
1511 3380 1526 3406 ,
1560 3354 1663 3394 non
1695 3339 1876 3411 utique
1903 3340 1987 3396 di-

404 3449 579 3501 ceres,
605 3435 806 3487 utinam
837 3446 1167 3486 mereremur
1213 3430 1527 3499 complexus
1578 3442 1716 3497 tuos,
1740 3442 1792 3487 et
1821 3434 1990 3487 col‘a-

399 3528 554 3579 tione
582 3533 764 3579 mutua
795 3523 874 3577 vel
905 3522 1223 3577 doceremus
1250 3522 1446 3591 aliqua,
1477 3523 1559 3578 vel
1590 3524 1936 3579 disceremus.
1965 3544 1983 3577 ι

406 3616 673 3669 'f‘enentes
696 3628 824 3683 ergo
855 3612 1012 3682 hujus
1040 3613 1419 3681 sapientissimi
1449 3614 1549 3669 viri
1578 3616 1916 3682 sententiam,
1938 3629 1991 3672 et

407 3707 640 3761 divinam
668 3706 1038 3761 auctoritatem
1071 3706 1222 3761 libris
1254 3722 1361 3760 non
1390 3708 1660 3762 canonicis
1689 3723 1793 3763 non
1822 3712 1988 3765 ascri-

412 3805 623 3865 bamus,
672 3813 771 3854 nec
812 3798 1098 3852 httmanant
1136 3799 1582 3867 compassiouem,
1608 3799 1776 3854 sicubi
1823 3803 1990 3871 scrip-

408 3903 555 3947 tores
591 3906 775 3946 eorum
820 3891 969 3960 quasi
1016 3890 1257 3945 homines
1297 3890 1427 3961 lapsi
1468 3902 1613 3961 sunt,
1644 3893 1988 3964 denegemtts.

402 3983 541 4051 Quid
569 3983 712 4037 enim
754 3982 933 4050 faciat,
966 3984 1117 4052 cujus
1146 3983 1374 4037 animam
1405 3998 1525 4039 cum
1572 4000 1698 4041 caro
1725 3990 1985 4058 corrupti-

400 4079 531 4134 bilis
544 4086 818 4149 aggravet,
841 4084 896 4131 et
918 4077 1180 4145 deprimat
1208 4086 1421 4132 terrena
1450 4077 1761 4134 inhabitatio
1775 4096 1991 4136 sensum

410 4173 575 4228 multa
620 4173 962 4241 cogitantem,
996 4171 1230 4239 suscepti
1271 4170 1430 4224 oflicii
1455 4172 1772 4228 necessitate
1801 4174 1992 4229 docere

408 4263 786 4333 compellitur;
820 4263 920 4317 nisi
954 4272 1009 4317 ttt
1037 4278 1156 4332 qum
1185 4262 1369 4316 scribit
1393 4271 1483 4317 aut
1511 4262 1661 4327 dicit,
1696 4265 1859 4333 ipsius
1892 4248 1989 4321 ἐρα

409 4356 504 4409 site
530 4368 628 4423 pro
653 4369 755 4424 qua
784 4363 837 4407 et
862 4369 888 4406 a
912 4368 1014 4423 qua
1042 4352 1277 4420 suscepit
1306 4352 1529 4406 docendi
1552 4354 1993 4421 periculum,dis-

406 4445 645 4502 ctissioni
673 4445 1058 4511 sententimiue
1085 4443 1388 4513 permittat?
1412 4443 1517 4498 Sed
1546 4444 1590 4499 si
1619 4445 1797 4501 officio
1819 4449 1995 4506 alieno

409 4538 674 4606 incubuit,
698 4537 743 4591 si
767 4537 905 4607 quod
938 4538 986 4591 ei
1020 4552 1125 4590 non
1153 4545 1233 4591 est
1264 4535 1526 4591 creditum
1558 4541 1851 4608 usurpavit,
1886 4558 1997 4598 me-

403 4630 515 4685 rito
541 4627 694 4683 venia
721 4635 887 4696 caret,
909 4641 1009 4682 nec
1032 4637 1212 4696 posset
1240 4627 1571 4696 aliquatenus
1604 4631 1870 4697 excusari,
1904 4636 1991 4703 qui

487 4771 513 4799 ⁸
547 4760 686 4815 Edit.
716 4757 945 4825 Bened,
970 4774 1114 4812 meas
1146 4756 1362 4811 litteras.

476 4831 515 4869 1³
545 4832 599 4887 Id
633 4832 850 4893 rectius,
884 4844 1043 4901 quam
1086 4828 1351 4901 singulari
1369 4845 1590 4901 numero
1611 4832 1910 4901 Scholium,
1945 4849 2001 4893 nt

419 4905 471 4958 itt
495 4903 724 4975 vu’gatis
746 4899 1140 4975 exemplaribus
1170 4900 1356 4975 Uyrilli
1382 4900 1754 4975 Theodoretus
1777 4899 1905 4961 dial.
1940 4910 1996 4975 9.,

416 4972 653 5053 supinae
694 4974 794 5027 ἀπὸ
819 4979 920 5053 τῷν
972 4972 1236 5053 exaliva
1272 4972 1912 5053 Anastasiusnpresbytcr
1946 4972 1997 5036 in

425 5043 620 5118 Egloge
648 5050 749 5101 τῶν
769 5046 1022 5118 lpidam
1055 5057 1174 5110 cap.
1208 5043 1263 5105 ὅ,
1321 5044 1406 5118 ubi
1460 5043 1811 5100 Scholiurttnt'
1843 5066 2000 5105 exor-

419 5114 588 5180 dittm',
641 5114 1020 5185 quod’Latine
1065 5122 1267 5166 tantum
1317 5114 1516 5185 editum
1562 5123 1663 5180 est,
1697 5119 1888 5174 recitat
1917 5123 2000 5178 his

416 5188 600 5272 verbis
625 5182 912 5275 ξ’κυρίὶλωέ
932 5187 994 5273 ’ἐν
1031 5185 1176 5275 ἀρχῇ
1200 5189 1290 5237 τοῦ
1334 5182 1378 5267 ξς
1419 5186 1659 5273 σχολίθψ
1691 5190 1756 5241 Τὸ
1781 5196 2004 5261 Χριστὸς

420 5254 575 5333 itaque
594 5255 707 5313 οὔτε
737 5252 861 5333 ὅρου
885 5252 1267 5333 δύναμᾶἕχρι,
1315 5252 1439 5333 οβτς.
1458 5252 1552 5326 ﬁrm
1574 5262 1666 5333 ’τήνΔ
1682 5280 1810 5333 rivo;
1826 5252 2009 5320 ὀὺτίαίυ

428 5328 457 5407 ῤ’
474 5326 533 5407 λέι
552 5330 674 5384 ποτέ
698 5326 808 5407 ἐμέ-ι
823 5326 1073 5407 σημαίνξι·
1089 5328 1499 5407 καθάτξειίιιάμξὶεει
1518 5333 1597 5381 καὶ
1619 5330 1675 5383 τὸ
1694 5326 2008 5407 Ἄνθρωπος,

428 5352 454 5384 o
482 5352 533 5385 τι
552 5348 674 5384 ποτε
698 5349 808 5384 εστι
823 5346 1073 5398 σημαινει-
1089 5346 1313 5453 animus;
1329 5346 1499 5399 αμελει
1518 5350 1597 5381 και
1619 5351 1675 5383 το
1718 5346 2008 5407 Δνῌρωπος,

420 5399 452 5458 ἦ
474 5396 680 5461 Ἵππος,
710 5400 739 5457 ἦ
761 5406 905 5476 Βοᾌῦς·
928 5394 1248 5476 προίῃ-ξριταῖ
1301 5400 1321 5449 ἐ
1342 5399 1527 5469 μᾶλλον
1545 5402 1877 5476 immodestia
1894 5409 2010 5476 περὶ

424 5492 538 5526 τινα
558 5476 785 5526 ποιεῖται
807 5468 1283 5538 δήλωσὶνέδὶηευιθ
1312 5483 1441 5537 ergo
1461 5468 1631 5538 capita
1659 5468 1811 5525 Suum
1835 5468 2009 5542 quoti-

500 5602 515 5631 ¹
545 5597 921 5672 (Ζοιίενοι-οηη
950 5599 1025 5652 vel
1057 5598 1199 5653 nullo
1232 5599 1381 5653 modo
1411 5601 1664 5672 particeps
1695 5601 1832 5670 fac:a
1878 5621 2002 5659 con-

427 5671 769 5739 cupiscentiw,
798 5668 957 5725 exitu.

489 5813 509 5834 ’
534 5811 590 5864 lit
610 5826 698 5862 ms.
722 5822 882 5873 resto,
900 5820 1111 5870 «primum
1136 5824 1396 5877 ωῃωςιίνθυ.

2084 493 2197 531 rem
2230 493 2357 533 vero
2389 477 2644 532 Ecclesia:
2684 486 2902 532 excusat
2950 476 3051 530 loci
3086 478 3401 546 necessitas,
3434 478 3481 532 si
3527 495 3586 533 ea
3622 480 3675 533 iu

2083 569 2274 638 quibus
2297 566 2582 622 offenderit
2611 568 2882 635 corrigere
2911 567 2978 620 sit
3003 578 3238 635 paratus.

2651 655 2878 713 CAPUT
2914 657 3024 714 Vll.

2086 748 2239 814 Quod
2268 748 2451 818 Cyrilli
2492 764 2689 817 quoque
2718 748 2939 815 plurima
2967 749 3065 801 sint
3108 748 3368 804 Theodori
3391 751 3542 805 dictis
3568 765 3682 817 qua:

2153 821 2593 943 reprehlenduntur
2635 820 2826 872 similia
2884 835 2901 870 :
2956 834 3172 887 quorum
3247 822 3419 874 decent
3485 825 3685 892 profvit

2154 906 2329 960 exemp
2353 906 2407 941 a.
2796 932 2799 935 .

2153 980 2255 1037 Sed
2268 981 2379 1051 jam
2398 996 2462 1038 ex
2483 981 2640 1037 dictis
2657 997 2866 1053 quoque
2878 982 3017 1039 beati
3037 983 3223 1054 Cyrilli
3242 985 3415 1054 aliqua
3440 984 3676 1054 profera-

2084 1089 2226 1141 mus,
2258 1086 2317 1129 ut
2346 1084 2401 1129 et
2431 1075 2556 1129 hinc
2597 1075 2768 1131 lector
2808 1076 3073 1146 intelligat
3103 1086 3278 1132 utrum
3306 1077 3675 1148 recipiendum

2082 1167 2155 1221 sit
2182 1166 2325 1237 quod
2358 1168 2409 1222 in
2439 1166 2807 1237 prajudicium
2839 1169 3029 1239 synodi
3060 1169 3521 1227 Chalcedonensis
3552 1187 3677 1227 eum

2086 1258 2366 1327 perhibent
2396 1258 2641 1328 quaedam
2670 1258 2938 1314 Theodori
2971 1260 3192 1328 scripta,
3242 1270 3363 1329 post
3394 1263 3511 1331 ejus
3535 1278 3681 1317 mor-

2087 1359 2215 1418 tem,
2266 1350 2419 1419 quasi
2451 1349 2767 1405 Nestoriana
2811 1350 3076 1421 culpasse.
3110 1353 3286 1422 Atque
3315 1362 3373 1407 ut
3419 1364 3675 1423 appareat

2084 1441 2209 1509 quia
2262 1440 2509 1509 superius
2564 1451 2985 1496 memoratorum
3021 1443 3233 1497 Patrum
3286 1444 3593 1500 testimonia
3614 1462 3678 1501 ex

2087 1532 2266 1587 multis
2295 1547 2459 1602 pauca
2488 1534 2829 1603 protulimus,
2864 1534 3021 1603 hujus
3062 1537 3151 1606 qui
3195 1546 3247 1591 et
3288 1537 3678 1595 Nestoriicon-

2086 1623 2372 1693 demnator
2412 1623 2528 1692 fuit,
2584 1634 2640 1679 et
2688 1640 2848 1695 quem
2913 1626 3156 1682 fecerunt
3204 1628 3420 1683 Diodori
3476 1631 3681 1698 scripta

2087 1712 2472 1787 Theodorique'
2513 1717 2781 1787 culpasse,
2821 1712 3079 1788 dupla,id
3111 1729 3201 1774 est
3228 1721 3412 1776 decem
3440 1721 3681 1790 profere-

2090 1824 2233 1873 mus,
2288 1818 2343 1862 et
2383 1809 2493 1878 ipsa
2526 1822 2693 1877 pauca
2728 1809 2794 1863 de
2817 1810 3075 1879 pluribus.
3111 1810 3241 1865 Nam
3273 1812 3324 1866 in
3356 1812 3493 1867 libro
3522 1828 3680 1881 quem

2088 1901 2304 1958 Scholia
2328 1903 2656 1972 nuncupavit
2679 1901 2730 1966 ιι,
2762 1903 2915 1958 titulo
2936 1906 3186 1974 septimo,
3219 1906 3384 1971 Quam
3410 1923 3519 1961 esse
3548 1909 3682 1960 dici-

2088 2011 2201 2048 mus
2246 1994 2608 2048 adunationem
2638 2011 2656 2051 :
2695 2014 2713 2047 ι
2751 1995 2949 2063 anima,
2981 1998 3168 2068 inquit,
3193 2000 3369 2053 omnia
3400 2014 3519 2069 quas
3562 2012 3684 2055 sunt

2086 2085 2332 2154 corporis
2379 2100 2501 2141 esse
2545 2094 2759 2155 reputat
2810 2101 2928 2153 sua,
2985 2087 3109 2143 licet
3161 2103 3255 2159 per
3284 2099 3528 2144 naturam
3558 2107 3681 2159 prn-

2090 2178 2260 2245 priam
2288 2191 2480 2247 expers
2507 2176 2576 2232 sit
2606 2178 2912 2247 passionum
2945 2180 3210 2250 corporis,
3245 2189 3296 2235 et
3329 2185 3678 2245 naturalium.

2089 2276 2144 2321 ct
2191 2282 2310 2337 quae
2355 2269 2696 2324 extrinsecus
2740 2270 3011 2326 accidunt.
3047 2272 3290 2327 Movetur
3316 2273 3459 2328 enim
3485 2289 3684 2344 corpus

2092 2360 2144 2413 in
2193 2359 2659 2429 concupiscentias
2689 2360 2982 2429 naturales,
3014 2373 3069 2417 et
3102 2350 3379 2418 consentit
3425 2373 3446 2400 ε
3481 2366 3682 2430 anima,

2093 2450 2244 2505 nullo
2275 2449 2496 2520 quidem
2545 2452 2702 2507 modo
2735 2454 2997 2525 particeps
3029 2456 3162 2510 facta
3210 2457 3683 2526 concupiscentiae.

2094 2552 2271 2597 tamen
2315 2540 2460 2597 exitu
2511 2542 2925 2600 delectationem
2975 2545 3245 2616 propriam
3277 2546 3302 2584 ἀ
3333 2549 3501 2603 ducit.
3538 2548 3613 2603 Et
3646 2550 3689 2602 si

2094 2630 2231 2687 forte
2274 2646 2302 2686 a
2353 2646 2453 2687 suo
2496 2647 2724 2702 corpore
2768 2634 3103 2705 deprimatur
3135 2644 3160 2675 ο
3189 2646 3279 2692 aut
3345 2647 3686 2709 torqueatur,

2091 2723 2346 2777 condolet
2373 2723 2586 2793 quidem
2612 2724 2750 2793 quod
2776 2740 2927 2780 suum
2946 2741 3138 2796 corpus
3154 2730 3386 2798 patitur,
3415 2732 3529 2797 ipsa
3562 2745 3688 2785 vero

2089 2812 2148 2866 in
2201 2826 2297 2867 sua
2339 2821 2528 2869 natura
2577 2815 2779 2869 nullum
2830 2818 3028 2885 patitur
3058 2820 3275 2873 omnino
3315 2829 3685 2886 tormentum,

2099 2915 2278 2960 tamen
2304 2919 2466 2975 super
2494 2905 2609 2962 hate
2638 2924 2853 2979 quoque
2882 2910 3109 2966 dicimus
3140 2927 3259 2969 esse
3280 2914 3689 2979 adunatiouem.

2097 3012 2217 3074 quae
2245 2996 2407 3055 estin
2441 2998 2757 3057 Emmanuel
2781 3001 2937 3058 faeta.
2969 3004 3093 3060 Erat
3114 3008 3253 3060 enim
3295 3022 3517 3063 necesse
3571 3025 3691 3064 cum

2098 3105 2196 3145 suo
2226 3104 2458 3166 corpore
2480 3084 2767 3149 adttn'atam
2797 3096 2845 3149 ei
2870 3096 3103 3151 animam
3126 3097 3335 3163 "dolere,
3368 3110 3425 3154 ut
3449 3101 3693 3158 timendi

2099 3182 2379 3253 passiones
2415 3184 2683 3241 subditam
2706 3188 2968 3244 cervicem
2994 3190 3105 3245 Deo
3126 3192 3485 3248 submitteret.
3520 3215 3539 3248 ο
3576 3197 3697 3251 llaec

2092 3274 2139 3328 si
2169 3273 2510 3330 Theodorum
2556 3275 2864 3332 invenirent
2892 3279 3207 3351 Eutychiani
3238 3280 3459 3350 dixisse,
3496 3300 3697 3352 quem-

2093 3364 2379 3420 admodum
2441 3375 2685 3434 putamus
2759 3368 3064 3439 singillatim
3118 3372 3297 3426 omnia
3347 3374 3697 3438 ventilarent,

2094 3456 2338 3514 dicentes
2368 3460 2652 3530 imprimis,
2686 3466 2955 3535 quomodo
2996 3470 3174 3523 anima
3217 3485 3410 3542 expers
3457 3482 3542 3527 est
3580 3488 3698 3543 pas-

2094 3554 2305 3603 sionum
2356 3554 2618 3621 corporis,
2646 3555 2693 3608 si
2741 3560 3014 3611 consentit
3059 3573 3178 3613 cum
3229 3571 3473 3615 movetur
3498 3577 3701 3632 corpus

2098 3638 2152 3692 in
2204 3642 2666 3709 concupiscentias
2717 3648 3015 3703 naturales?
3062 3661 3154 3704 aut
3192 3651 3462 3720 quomodo
3510 3669 3701 3707 rursus

2095 3735 2436 3788 consentiens
2466 3737 2916 3804 concupiscentiis
2966 3743 3314 3808 naturalibus,
3346 3742 3495 3797 nullo
3526 3747 3698 3798 modo

2098 3820 2156 3877 ﬁt
2202 3824 2465 3894 particeps
2496 3832 2945 3899 concupiscentia:
2983 3834 3022 3898 ',
3057 3834 3206 3889 exitu
3248 3846 3425 3890 tamen
3455 3836 3702 3892 delecta-

2099 3913 2294 3968 tionem
2324 3919 2594 3985 propriam
2626 3920 2809 3975 ducit?
2836 3932 2928 3977 aut
2957 3925 3223 3993 quomodo
3264 3929 3478 3995 corpori
3511 3930 3701 3996 potius

2097 4005 2525 4074 concupiscentia
2557 4012 2833 4079 tribuitur,
2863 4028 2987 4068 cum
3029 4016 3205 4070 anima
3237 4002 3396 4071 etiam
3425 4019 3548 4073 sine
3586 4035 3706 4074 cor-

2097 4111 2229 4165 pore
2271 4103 2654 4171 concupiscere
2688 4108 2877 4173 possit,
2929 4124 3125 4177 enrpus
3171 4124 3299 4163 vero
3330 4125 3436 4164 non
3485 4112 3705 4180 possit?

2096 4187 2338 4260 Namque
2382 4207 2501 4246 cum
2529 4193 2744 4261 dicitur,
2774 4196 2904 4252 Caro
2925 4201 3239 4271 concupiscit
3261 4201 3499 4255 adversus
3528 4205 3703 4272 spiri-

2101 4290 2233 4347 tum,
2286 4285 2499 4350 spiritus
2547 4298 2717 4341 atttcm
2768 4291 3014 4346 adversus
3068 4309 3272 4347 carnem
3303 4291 3441 4362 (Gal.
3475 4311 3525 4357 ν,
3579 4297 3707 4365 Π),

2102 4385 2205 4424 non
2256 4372 2404 4427 aliud
2458 4376 2792 4449 intelligitur,
2852 4383 2953 4436 nisi
3003 4383 3124 4453 quia
3178 4384 3404 4438 carnalis
3432 4394 3656 4440 terrena
3687 4388 3708 4422 ι

2099 4460 2311 4517 affectio
2366 4466 2560 4523 anima:
2628 4474 2887 4527 adversus
2944 4474 3136 4529 bonam
3197 4475 3313 4545 ejus
3356 4475 3709 4531 aliectionem

2104 4566 2263 4619 quam
2319 4555 2481 4613 habet
2528 4560 2597 4615 de
2650 4563 2831 4617 divino
2867 4565 3092 4634 Spiritu,
3141 4569 3514 4634 concupiscat;
3567 4580 3711 4623 scut

2115 4644 2203 4697 illa
2228 4648 2390 4703 etiam
2417 4667 2537 4720 qua:
2564 4652 2706 4708 dono
2739 4655 2969 4725 Spiritus
2991 4657 3170 4721 datur,
3202 4657 3377 4711 aﬂ'ecti
3402 4676 3413 4708 ι
3442 4646 3711 4729 οοηςίιρὶο

2032 4777 2085 4837 D
2110 4795 2217 4849 que
2237 4780 2512 4838 Scholium
2527 4789 2875 4844 continebant
2892 4809 2903 4844 :
2922 4792 3044 4847 inde
3074 4792 3209 4847 libro
3239 4808 3433 4848 nomen
3456 4792 3712 4849 Scholia.

2184 4862 2206 4929 ξ
2240 4851 2294 4929 In
2318 4853 2506 4929 Grzeco
2531 4864 2940 4929 συναισθάνεται,
2969 4863 3123 4917 simu!
3152 4865 3320 4918 sentit.

2178 4920 2203 4958 ἀ
2233 4927 2301 5004 ’Ξό
2330 4934 2421 4985 τῆς
2451 4927 2658 5004 ᾂρέξεως
2688 4920 3035 5004 ἀποτέλεάμα.

2178 5005 2201 5030 υ
2228 4992 2414 5070 _Gr:r;ca
2464 4992 2620 5068 longe
2670 5002 2810 5055 aliud
2838 4992 3076 5057 sonant:
3124 5000 3233 5058 Κᾶν
3276 5008 3319 5059 εἰ
3345 5006 3711 5070 καταξαίνοιτε

2106 5066 2353 5148 auxitis?)
2377 5075 2553 5137 σῶμα,
2584 5075 2669 5124 καὶ
2700 5070 2889 5148 σιδήρῳ
2916 5076 3283 5148 καταξ-ᾳίνοιτρ,
3319 5076 3573 5148 συναλγεῖ
3593 5083 3709 5147 μέν,

2109 5134 2357 5217 ὡςίοὶδίου
2403 5134 2697 5217 nucleum;
2740 5134 2998 5213 σὼῖαᾶτος.
3054 5134 3121 5217 Et
3151 5147 3195 5217 si
3223 5134 3355 5215 forte
3377 5134 3567 5217 corpus
3589 5134 3713 5217 per?

2111 5208 2336 5258 cutiatur
2380 5224 2441 5261 ac
2493 5208 2628 5277 rem
2667 5208 2940 5287 laceretur,
2993 5208 3232 5287 condolci
3258 5208 3481 5284 quidem:
3513 5208 3713 5287 quippe

2112 5293 2620 5356 cum_suuut.corpus
2650 5285 2893 5356 pitiatur.
2934 5286 3129 5341 Vitiosa
3187 5288 3563 5356 interpretatio
3604 5285 3715 5341 Fa-

2114 5347 2347 5472 cunélum
2390 5347 2789 5423 ejus'vestigiis
2837 5356 3127 5412 haerentem
3183 5347 3542 5414 transversum
3576 5374 3711 5412 suos

2117 5432 2213 5472 auc
2243 5456 2259 5472 .

2117 5432 2259 5486 aget.

2187 5616 2207 5646 ί
2235 5615 2376 5673 fdem
2405 5620 2553 5689 cod.,
2579 5622 2632 5675 id
2660 5630 2732 5676 est
2762 5630 2981 5680 terrena.
