3998 6202
341 415 441 469 8l7

1206 420 1336 475 PRO
1373 420 1797 479 DEFENSlONE
1834 421 2043 478 TRIUM
2082 422 2395 477 CAPITUL.
2434 422 2556 475 LIB.
2603 422 2690 475 ΧΙ.

3464 415 3573 467 εἶδ’

333 530 430 581 scit
457 527 710 583 adversus
738 532 1021 586 carnalem.
1060 532 1257 586 Deinde
1285 548 1389 602 qua
1429 534 1632 589 ratione
1662 533 1857 588 dicitur
1879 535 1894 565 ⁸
1925 536 1971 594 Α
2002 536 2265 601 crederet,
2311 534 2451 603 qttod
2489 532 2795 605 aliquando,
2822 544 2919 583 nec
2942 530 3037 599 ipsi
3070 528 3291 597 apostoli
3321 526 3563 581 credide-

334 620 451 687 quia
477 634 597 673 cum
636 634 664 673 a
714 635 936 690 corpore
975 636 1072 677 suo
1119 623 1433 692 deprimitur
1475 632 1565 677 aut
1604 630 1895 692 torquetur,

332 710 581 766 eondolet
632 711 844 780 quidem
891 713 1029 780 quod
1074 729 1227 768 suum
1276 728 1470 783 corpus
1519 714 1734 780 patitur,
1788 712 1900 778 ipsa

334 815 461 855 vero
483 800 535 853 in
569 815 664 855 sua
703 809 889 856 natura
938 802 1140 856 nullum
1171 804 1365 872 patitur
1405 802 1621 855 omnino
1667 810 1901 854 tormen-

333 890 490 943 tum?
519 889 575 945 Si
623 890 763 943 enim
800 892 999 945 nullum
1034 894 1227 960 patitur
1282 893 1500 945 omnino
1556 898 1898 953 tormentum,

333 980 600 1055 quomodo
619 997 648 1034 a
669 995 890 1051 corpore
912 997 1008 1035 suo
1038 982 1344 1050 torquetur?
1371 994 1461 1035 :tut
1489 980 1756 1047 quomodo
1778 979 1895 1033 sine

332 1089 429 1126 suo
464 1083 727 1127 tormento
770 1072 1036 1139 eondulet,
1069 1089 1188 1128 cum
1241 1088 1400 1128 nemo
1449 1074 1749 1134 condoleat,
1798 1071 1900 1126 nisi

334 1164 421 1232 qui
472 1163 685 1218 doleat?
715 1178 781 1216 an
814 1173 1088 1234 torquetur
1128 1165 1340 1233 quidem
1387 1175 1439 1219 et
1468 1165 1635 1227 dolet,
1664 1164 1756 1218 sed
1795 1180 1899 1217 non

330 1270 426 1308 sua
460 1254 680 1308 natura?
728 1254 791 1307 Et
834 1256 957 1322 quid
990 1255 1252 1309 inuenitur
1292 1254 1343 1308 in
1375 1254 1554 1320 rebus,
1584 1254 1722 1322 quod
1751 1263 1901 1307 extra

333 1360 485 1397 suam
517 1354 755 1397 naturam
787 1352 1113 1413 torqueatur,
1147 1354 1202 1399 ut
1226 1346 1443 1400 doleat?
1463 1346 1519 1400 ln
1545 1354 1746 1399 tantum
1773 1360 1903 1399 vero

334 1442 527 1489 anima:
557 1440 746 1487 natura
776 1448 878 1487 non
903 1445 985 1489 est
1022 1436 1356 1501 passiouibus
1383 1439 1400 1459 ·
1430 1435 1624 1501 aliena,
1656 1445 1711 1488 ut
1738 1436 1903 1491 multa

338 1527 495 1579 etiam
551 1541 693 1593 smpe
738 1533 1023 1590 tormenta,
1073 1526 1155 1579 vel
1208 1529 1251 1579 si
1286 1542 1379 1594 pro
1409 1539 1505 1578 suo
1530 1539 1772 1592 corpore,
1796 1541 1901 1578 non

338 1627 513 1670 tamen
562 1632 591 1669 a
639 1630 740 1671 suo
768 1631 989 1685 corpore
1026 1616 1271 1684 patiatur,
1324 1616 1372 1669 id
1403 1624 1487 1670 est
1513 1614 1899 1678 sollicitudinis,

337 1718 528 1773 metus,
565 1709 809 1776 tristitiae,
843 1709 1005 1774 tacdii,
1029 1710 1128 1764 zeli
1156 1718 1210 1765 et
1236 1709 1769 1777 caeterorum.‘Super
1790 1708 1903 1763 btec

334 1808 512 1855 autem
566 1809 621 1855 et
664 1800 751 1855 ille
792 1800 938 1855 dives
988 1802 1076 1869 qui
1109 1815 1210 1854 non
1242 1809 1324 1855 est
1350 1799 1597 1855 misertus
1624 1800 1897 1865 Eleazaro,

2002 639 2142 693 runt,
2160 644 2312 697 quam
2338 628 2544 681 util’um
2561 641 2712 695 quem
2727 625 3106 692 sempiternum
3128 620 3354 677 credidit
3376 620 3561 680 Deum,

2003 718 2192 773 timore
2222 720 2523 787 passionum
2553 716 2793 770 crederet
2823 714 2888 769 ab
2917 714 3148 768 elatione
3172 724 3558 779 compressum.

2002 806 2204 861 Rursus
2225 816 2397 860 autem
2426 807 2609 862 eodem
2633 806 2788 871 libro,
2819 804 2968 859 titulo
2994 803 3223 863 decimo,
3254 797 3382 868 quiti
3409 797 3565 853 dixe-

2004 898 2091 963 rit,
2138 900 2219 953 vel
2277 898 2402 967 quid
2458 897 2624 966 prima
2655 898 2827 951 trante
2868 896 3012 949 solus
3052 895 3165 959 ipse
3216 892 3396 945 titulus
3429 905 3561 958 prmc

2006 990 2160 1055 ferat,
2218 990 2577 1044 advertamtts.
2620 988 2749 1043 Nam
2794 988 2895 1041 hoc
2936 988 2987 1040 in
3017 985 3106 1039 illo
3143 1000 3200 1039 se
3229 993 3564 1038 ostensurum

2004 1096 2123 1135 esse
2168 1082 2409 1150 promisit
2455 1080 2640 1134 dicens
2672 1097 2685 1133 :
2713 1078 2861 1143 Quod
2904 1087 2957 1131 et
3002 1078 3232 1132 adunato
3263 1074 3368 1127 Deo
3396 1073 3569 1127 Verbo

2005 1187 2145 1227 vera:
2170 1173 2502 1237 humanitati,
2534 1167 2824 1224 ineonfusm
2851 1177 3026 1223 tamen
3058 1164 3414 1220 subsistentia:
3437 1177 3561 1231 pur-

2007 1273 2345 1326 manserunt;
2371 1272 2530 1330 utque
2552 1261 2653 1315 hoc
2673 1260 2918 1329 probaret
2943 1252 3169 1327 subjecit
3197 1256 3297 1310 ista
3322 1272 3335 1307 :
3364 1273 3382 1305 ι
3413 1254 3568 1307 Erec-

2006 1364 2114 1408 tum
2143 1363 2224 1408 est
2251 1352 2540 1407 secundum
2589 1351 2682 1405 Dei
2705 1351 3029 1405 voluntatem
3055 1354 3294 1401 sanctum
3324 1344 3569 1399 taberna-

2004 1447 2181 1501 culum
2228 1460 2323 1515 per
2348 1445 2640 1509 desertum,
2686 1454 2739 1500 et
2777 1444 2828 1497 in
2857 1456 2922 1497 eo
2948 1439 3125 1496 multis
3171 1436 3347 1492 modis
3376 1436 3568 1489 forma-

2007 1538 2160 1592 batur
2184 1535 2513 1591 Emmanuel.
2550 1555 2568 1587 ι
2606 1536 2671 1589 Et
2700 1543 2819 1605 post
2847 1534 2991 1587 aiia:
3028 1550 3047 1582 ι
3085 1528 3236 1598 Quod
3263 1536 3438 1582 autem
3479 1541 3571 1578 na—

2005 1637 2137 1683 turae
2167 1628 2278 1683 sive
2314 1626 2667 1682 subsistentia:
2699 1635 2725 1662 ει
2755 1624 3040 1679 inconlusaa
3084 1619 3394 1685 manserint,
3449 1616 3572 1669 hinc

2005 1718 2221 1773 scimus.
2266 1718 2468 1772 Aurum
2518 1715 2658 1771 enim
2703 1712 3093 1782 superpositum
3123 1711 3262 1779 ligno
3300 1705 3493 1761 mansit
3520 1703 3573 1758 id

2005 1810 2147 1878 quod
2177 1819 2322 1874 erat;
2352 1818 2405 1864 et
2431 1808 2723 1863 ornabatur
2750 1808 2960 1877 quidem
2988 1806 3184 1875 lignum
3212 1803 3327 1857 auri
3356 1801 3568 1862 decore,

336 1892 389 1943 in
418 1891 624 1944 interno
654 1891 767 1944 sine
790 1905 1012 1959 corpore
1040 1905 1137 1945 suo
1166 1901 1458 1961 torquetur.
1492 1889 1596 1945 Sed
1625 1890 1704 1944 his
1735 1892 1895 1946 omis-
1932 1895 1978 1955 B
2007 1913 2183 1955 tamen
2240 1902 2439 1969 lignum
2491 1916 2734 1967 essenon
2780 1899 2960 1954 desiit.
3009 1895 3159 1962 Quod
3188 1906 3316 1948 vero
3366 1906 3485 1945 arca
3517 1891 3568 1944 in

334 1981 431 2046 sis,
466 1980 591 2035 illud
632 1982 797 2050 magis
827 1981 1165 2037 considerare
1191 1982 1332 2046 volo,
1361 1992 1611 2050 quantam
1642 1982 1893 2037 invidiam

338 2072 546 2141 synodo
592 2070 1007 2127 Chalcedonensi
1061 2074 1313 2141 Acephali
1369 2082 1809 2139 commoverent,
1856 2076 1901 2128 si

333 2162 644 2217 Theodorus
664 2162 877 2217 αἰξὶ-εει
908 2163 1470 2233 :Superhaacquoque
1510 2164 1731 2218 dicimus
1774 2164 1902 2218 adu-

333 2255 622 2319 nationem,
653 2256 674 2287 ³
695 2269 810 2324 qua:
835 2263 916 2309 est
947 2256 999 2308 in
1030 2255 1337 2309 Emmanuel
1379 2255 1510 2309 facta
1546 2272 1558 2307 :
1602 2262 1720 2310 erat
1762 2257 1902 2311 enim

332 2358 552 2399 necesse
574 2360 692 2398 eum
718 2360 812 2399 suo
834 2360 963 2415 corp
984 2360 1057 2401 ire
1076 2344 1356 2400 adunatam
1373 2346 1422 2401 ei
1444 2347 1672 2401 animam
1690 2346 1896 2411 dolere,

333 2446 392 2490 ut
443 2435 677 2491 timendo
731 2440 1000 2505 pass'ones
1038 2437 1315 2493 subditam
1345 2439 1604 2493 cervicem
1638 2438 1747 2492 Deo
1771 2441 1898 2493 sub-

332 2529 602 2583 mitteret?
633 2528 753 2583 ilice
781 2511 906 2597 ergo
944 2528 985 2581 si
1017 2529 1328 2583 Theodorus
1354 2529 1593 2594 dixisset,
1625 2530 1900 2598 quomodo

332 2623 692 2676 exclamarent
741 2635 857 2674 cum
892 2620 1118 2674 maxima
1142 2619 1335 2675 invidia
1364 2629 1416 2675 et
1435 2621 1792 2676 detestatione
1814 2620 1895 2674 di-

332 2720 514 2766 centes
545 2729 557 2763 :
584 2710 662 2764 En
710 2711 859 2778 cujus
889 2709 1070 2764 laudes
1107 2711 1467 2765 continentem
1497 2712 1775 2779 epistolam
1811 2728 1900 2783 sy-

335 2802 509 2857 nodus
560 2800 1005 2857 Chalcedonensis
1036 2803 1393 2872 pronuntiavit
1416 2803 1789 2872 orthodoxam,
1816 2808 1903 2876 qui

338 2896 391 2946 in
424 2900 623 2945 tantum
654 2908 757 2947 non
790 2893 949 2947 Deum
980 2905 1033 2949 et
1058 2895 1151 2949 Dei
1177 2894 1363 2949 Filium
1386 2896 1613 2951 credidit
1634 2894 1904 2952 Christum

339 2992 397 3036 nt
424 2981 751 3038 existimaret
788 2999 890 3039 non
933 2999 1027 3054 pro
1057 2987 1250 3040 nostris
1294 2986 1566 3041 doloribus
1597 2988 1904 3044 auferendis

336 3077 491 3145 cujus
542 3078 755 3132 vulnere
810 3080 977 3132 sanati
1022 3093 1226 3148 sumus,
1256 3079 1348 3135 sed
1378 3081 1475 3149 ipsi
1516 3081 1689 3149 p0tius
1718 3096 1905 3137 neces-

336 3169 535 3221 sarium
567 3167 729 3223 fuisse
769 3166 906 3236 quod
938 3169 1128 3235 doluit,
1161 3179 1218 3224 ut
1249 3171 1320 3224 tiu
1345 3185 1437 3226 Ot‘c
1470 3173 1768 3240 passionum
1800 3187 1907 3227 non

2001 1991 2198 2046 Christi
2227 1991 2518 2059 accipiatur
2557 1992 2804 2059 imagine,
2850 1989 3084 2057 pluribus
3114 1985 3279 2054 possit
3308 1983 3573 2052 probatio-

2003 2081 2159 2134 nibus
2206 2080 2485 2135 declarari.
2525 2099 2542 2131 ι
2577 2079 2887 2134 Consideret
2928 2092 3054 2144 ergo
3097 2077 3259 2129 lector
3306 2072 3570 2143 quomodo

2002 2179 2271 2224 asseratur
2294 2169 2432 2238 quod
2462 2170 2511 2222 in
2534 2167 2749 2223 ChriSto
2772 2166 2972 2220 naturis
3002 2164 3278 2218 inconfuse
3306 2170 3568 2214 manenti-

2005 2259 2101 2313 bus
2130 2259 2481 2313 subsistentia:
2509 2272 2720 2327 quoque
2775 2262 3212 2326 permanserunt,
3267 2266 3386 2319 quae
3437 2265 3572 2301 nun-

2004 2366 2159 2417 quam
2209 2349 2421 2405 fuerunt
2447 2366 2459 2402 :
2485 2349 2732 2417 quoniam
2756 2361 2966 2413 semper
2998 2344 3063 2398 ad
3096 2344 3186 2397 Dei
3216 2341 3370 2395 Verbi
3399 2340 3572 2393 subsi-

2004 2443 2251 2497 stentiam
2280 2439 2577 2494 humanitas
2632 2438 2717 2491 illa
2771 2434 3042 2505 pertinuit,
3076 2444 3446 2500 nunquamque
3474 2427 3572 2482 sibi

2006 2532 2148 2587 velut
2175 2533 2225 2585 iu
2268 2534 2477 2600 propria
2512 2543 2733 2596 persona
2774 2526 3015 2582 subsistit
3050 2524 3073 2557 ⁸
3095 2524 3412 2578 assumentis
3440 2520 3569 2575 sub-

2006 2624 2301 2678 sistentiam
2334 2631 2502 2685 nacta,
2535 2629 2589 2675 et
2636 2621 2687 2674 in
2718 2619 2860 2673 illam
2892 2616 3155 2672 nascendo
3176 2615 3459 2676 transiens,
3492 2612 3570 2663 vel

2010 2715 2328 2769 transeundo
2368 2728 2611 2777 nascens,
2669 2711 2753 2767 cui
2814 2724 2975 2765 causa
3022 2706 3247 2770 oriendi,
3296 2714 3573 2770 totumque

2008 2805 2269 2872 quodorta
2288 2814 2387 2869 est,
2408 2804 2517 2874 ipsa
2539 2802 2635 2857 fuit
2655 2802 2961 2869 assmnptio.
2983 2799 3217 2864 itemque
3236 2795 3299 2847 ad
3324 2794 3571 2847 Acacium

2009 2894 2391 2949 Melitinensem
2418 2891 2445 2931 ιι
2476 2910 2489 2958 ;
2520 2911 2537 2942 ι
2575 2892 2691 2958 Quo
2715 2899 2889 2944 autem
2922 2888 3099 2952 modo,
3123 2886 3310 2955 inquit,
3336 2884 3574 2937 incarna-

2011 2994 2097 3040 tus
2137 2995 2191 3039 et
2223 2988 2381 3038 homo
2426 2982 2594 3037 factus
2619 2993 2700 3036 est
2722 2982 2767 3034 si
2789 2980 2905 3049 quis
2936 2984 3315 3047 perscrutetur,
3347 2983 3573 3027 contem-

2014 3077 2236 3144 plabitur
2257 3092 2320 3131 ex
2349 3075 2459 3129 Deo
2482 3074 2648 3129 Deum
2672 3072 2921 3135 Verbum,
2945 3080 3001 3126 et
3020 3070 3157 3123 servi
3186 3068 3407 3122 fortnam
3432 3078 3573 3119 sum-

2013 3170 2207 3238 psisse,
2250 3168 2377 3222 etin
2407 3163 2805 3220 similitudinem
2838 3162 3108 3215 hominum
3142 3156 3355 3220 factum,
3384 3168 3575 3209 seeun-

294 3314 297 3315 ν
338 3259 678 3327 superbiret,
732 3260 825 3315 sed
888 3260 1149 3315 subditam
1204 3265 1466 3318 cervicem
1527 3266 1633 3319 Deo
1686 3265 1981 3336 submit-C
2013 3264 2135 3316 dum
2183 3257 2322 3329 quod
2368 3256 2623 3325 scriptum
2667 3263 2779 3319 est;
2825 3261 2877 3307 et
2920 3250 3211 3306 secundum
3266 3248 3364 3302 hoc
3402 3245 3574 3299 solum

339 3362 498 3407 teret.
554 3351 663 3407 lloc
715 3367 923 3422 quoque
978 3354 1249 3418 dicereut,
1323 3356 1445 3426 quia
1511 3372 1609 3413 nec
1661 3358 1912 3429 perfecta

339 3444 530 3495 saltem
580 3442 791 3496 virtutis
837 3443 1103 3499 hominem
1147 3445 1373 3501 credidit
1410 3446 1700 3519 Christum,
1752 3466 1911 3520 quem

341 3530 547 3595 putavit
574 3530 639 3584 ab
680 3531 908 3585 elatione
954 3533 1320 3601 temporalium
1365 3536 1667 3604 passionum
1719 3540 1911 3597 timore

338 3621 632 3690 (ompesci,
671 3622 863 3691 quibus
899 3622 1063 3677 virtus
1098 3627 1335 3681 exerceri
1365 3627 1519 3682 solet.
1554 3628 1684 3683 Nam
1723 3630 1769 3684 si
1801 3632 1900 3685 im.

340 3713 561 3780 perfecti
608 3722 729 3767 sunt
777 3714 866 3784 qui
892 3724 1035 3770 metu
1065 3728 1377 3773 coercentur
1425 3722 1609 3775 aeterni
1640 3724 1908 3792 supplicii,

339 3804 586 3873 ap0>l0l0
635 3804 840 3859 Jomne
888 3806 955 3860 de
994 3806 1185 3861 talibus
1232 3823 1441 3879 quoque
1469 3811 1704 3878 dicente,
1739 3813 1914 3869 Timor

340 3910 441 3947 non
463 3904 535 3947 est
565 3896 617 3948 in
639 3895 899 3962 charitate,
928 3898 1014 3952 sed
1039 3896 1258 3953 charitas
1284 3900 1303 3931 ³
1328 3903 1465 3970 foras
1493 3904 1641 3957 mittit
1661 3906 1908 3973 timorem,

338 3988 579 4053 quaniam
620 3990 770 4041 timor
808 4006 1001 4057 patriam
1024 3991 1208 4055 habet;
1246 3995 1331 4061 qui
1362 4004 1526 4051 autem
1554 3998 1689 4051 timet
1717 4014 1815 4052 non
1842 4010 1915 4054 est

338 4078 591 4148 perfectus
612 4081 661 4131 in
684 4080 930 4135 cltaritule
961 4081 1013 4153 (Ι
1037 4083 1193 4138 Joan.
1224 4101 1297 4151 tv,
1327 4088 1632 4156 l8):nedunt
1661 4092 1756 4158 illi,
1780 4108 1913 4161 quos

339 4166 677 4233 prmsen‘ium
732 4169 1089 4225 molestiarum
1144 4174 1302 4227 timor
1331 4176 1566 4231 rrtrahet
1592 4195 1621 4231 a
1647 4182 1906 4247 peccatis.

342 4258 499 4324 Quod
532 4260 573 4313 si
645 4262 921 4330 quisquam
976 4262 1230 4318 adversus
1284 4265 1418 4320 tales
1456 4267 1912 4337 Eutychianorum

345 4351 615 4418 querelas,
635 4349 738 4404 alia
760 4350 998 4419 ejusdem
1021 4352 1149 4407 ’Περι
1171 4354 1284 4408 dori
1303 4354 1369 4409 de
1385 4357 1573 4425 quibus
1598 4360 1911 4428 paucissima

340 4442 587 4508 superius
618 4444 1050 4509 memoravimus,
1091 4446 1283 4514 scripta
1335 4447 1600 4517 proferret
1637 4451 1688 4504 in
1719 4457 1911 4520 qu.bus

339 4535 608 4589 Christum
643 4534 919 4590 confessus
948 4545 1031 4590 est
1075 4546 1197 4592 ante
1224 4539 1415 4595 saecula
1450 4542 1761 4598 naturaliter
1789 4560 1910 4599 esse

2014 3351 2435 3409 considerabitur
2454 3357 2760 3403 naturarum
2797 3361 2888 3400 seu
2936 3340 3396 3398 subsistentiarum
3426 3336 3573 3391 ddie-

2015 3447 2204 3500 rentia.
2263 3443 2360 3497 ilic
2401 3454 2632 3511 quoque,
2671 3438 2806 3492 sicut
2854 3436 3077 3490 duarum
3130 3442 3456 3493 naturarum,
3502 3429 3575 3481 sic

2016 3538 2173 3592 etiam
2229 3531 2690 3587 sulisistcntiarum
2717 3525 3154 3583 considerandam
3184 3537 3301 3578 esse
3330 3519 3577 3576 dideren-

2018 3630 2141 3683 tiam
2172 3627 2347 3679 docet.
2382 3642 2400 3677 ι
2436 3622 2641 3676 Rursus
2670 3620 3022 3685 interpretans
3053 3614 3340 3684 Epistulam
3374 3612 3439 3665 ad
3473 3611 3576 3664 lle-

2018 3721 2187 3772 hraeos
2212 3715 2340 3770 dicit
2370 3715 2460 3769 lib.
2486 3727 2521 3766 ll
2551 3712 2573 3744 ⁸
2602 3728 2617 3764 :
2655 3729 2673 3761 ε
2712 3709 2842 3763 Cum
2871 3707 3163 3760 dixerimus
3200 3704 3318 3772 quia
3350 3702 3577 3754 Verbum

2017 3823 2141 3863 caro
2164 3807 2360 3861 factum
2386 3814 2488 3870 est,
2506 3801 2652 3857 carni
2669 3797 3080 3855 communicavit
3096 3794 3383 3850 secundum
3408 3789 3575 3844 subsi-

2018 3904 2261 3957 stenliam
2287 3897 2637 3961 inetl'abiliter,
2662 3904 2717 3950 et
2736 3892 3001 3963 quomodo
3024 3905 3122 3945 nec
3143 3887 3359 3955 intelligi
3386 3893 3574 3953 potest.

2019 3994 2168 4049 Tunc
2192 3992 2407 4055 etenim,
2430 4001 2554 4045 tunc
2575 3998 2629 4042 et
2650 3986 3057 4054 uniuscujusque
3078 3980 3577 4046 subsistentia-mer-

2019 4100 2147 4139 sona
2202 4083 2470 4137 intellectu
2514 4086 2758 4147 suscepta
2797 4077 2953 4131 simul
2995 4072 3260 4130 concurrit
3290 4072 3489 4125 naturis
3516 4070 3578 4122 ad

2020 4176 2292 4231 unitatem.
2325 4193 2345 4226 ο
2400 4173 2529 4239 Quis
2560 4172 2734 4226 sciens
2767 4168 3020 4240 Cyrillum
3069 4164 3388 4236 prmdicasse
3439 4160 3579 4230 quod

2019 4270 2089 4321 ita
2120 4267 2257 4321 Deus
2293 4266 2519 4320 Verbum
2559 4264 2704 4318 carui
2732 4258 3153 4323 communicavit,
3184 4266 3243 4311 ut
3283 4255 3337 4310 in
3374 4268 3439 4307 eo
3464 4267 3579 4320 my-

2018 4358 2182 4413 sterio
2210 4372 2316 4412 non
2343 4356 2511 4410 solum
2556 4356 2673 4408 dua:
2700 4361 2900 4406 naturae
2932 4351 2995 4403 ad
3019 4349 3269 4403 unitatem
3299 4356 3579 4400 concurre-

2020 4460 2154 4514 rent,
2185 4449 2275 4503 scd
2298 4451 2453 4504 etiam
2482 4448 2602 4502 duae
2630 4444 2982 4499 subsislctttite
3011 4453 3165 4510 atque
3190 4452 3449 4507 persona‘,
3477 4450 3580 4489 non

2019 4542 2235 4595 miretur
2262 4554 2381 4592 cum
2429 4538 2570 4592 audit
2600 4537 2737 4604 quod
2766 4534 2981 4589 Diodori
3010 4548 3070 4586 ac
3096 4530 3361 4585 Theodori
3388 4529 3579 4596 scripta

347 4625 536 4687 Deum,
584 4635 636 4678 et
663 4626 895 4694 gignenti
926 4627 1068 4681 Patri
1095 4644 1304 4696 semper
1326 4630 1611 4697 mqualem;
1646 4632 1718 4686 illi
1747 4635 1912 4702 protio
1942 4657 1994 4716 D
2020 4633 2168 4704 quasi
2202 4632 2512 4686 Nestoriana
2562 4628 2877 4697 culpaverit,
2926 4635 2977 4681 et
3006 4639 3108 4679 non
3152 4626 3323 4693 potius
3352 4623 3580 4677 imitator

341 4728 442 4767 nus
463 4721 644 4767 contra
664 4714 920 4769 referrent
937 4731 998 4770 ac
1011 4716 1283 4772 dicerent:
1300 4717 1653 4774 Tolerabilius
1669 4721 1836 4776 fuerat
1856 4735 1910 4777 ut

341 4804 614 4857 Christum
639 4814 821 4858 natura
855 4804 1018 4859 Deum
1046 4817 1098 4860 et
1128 4807 1266 4861 Patri
1298 4823 1506 4876 semper
1528 4813 1783 4880 aequalem
1808 4830 1911 4869 non

413 4956 435 4981 ﬂ
466 4945 645 4999 Crzttca
680 4956 803 4999 sunt
833 4947 1275 5023 apt-uhLeontittut
1306 4949 1395 5023 lib.
1429 4966 1443 5002 ι
1479 4968 1491 5002 :
1519 4949 1633 5023 ’ίΟτι
1656 4950 1707 5005 δὲ
1746 4954 1907 5023 ἀσύγ-

336 5037 489 5090 lucet
515 5022 848 5090 μεμενήκασιν
871 5019 922 5071 αἱ
937 5018 1134 5086 φύσεις.
1155 5018 1663 5090 ἤγουνγύτῖοστάσεις,
1691 5018 1906 5075 ἐντεῦθέν

336 5087 594 5161 ιὶσόμεθου
618 5088 671 5161 -r_vi
703 5092 804 5161 γάρ
828 5108 905 5140 τοι
951 5087 1608 5160 χρυσίθν’ἐπαλη).ιμμὲνον
1655 5099 1726 5160 τῷ
1778 5093 1907 5159 ξύλῳ

336 5158 599 5230 μεμένηκε-δ
630 5155 851 5230 (ineptia
879 5155 1312 5230 πᾳὶὶατεπλούτει
1336 5155 1497 5230 μένὝτζὸ
1530 5161 1674 5223 ξύλον
1693 5155 1787 5219 ἕως
1818 5155 1904 5216 τοῦ

335 5228 562 5297 χρυσίου
585 5232 672 5284 τήν
695 5226 857 5289 δόξαν·
882 5229 1007 5297 πλὴν
1029 5229 1113 5279 οὐκ
1139 5229 1337 5285 ἀπέστη
1361 5230 1415 5282 τὸ
1437 5226 1558 5283 εἶναι
1584 5231 1747 5292 ξύλον.
1773 5230 1909 5283 Duas

337 5296 648 5364 hypostases
672 5299 721 5349 in
747 5297 959 5349 Christo
980 5296 1110 5359 duas
1137 5299 1504 5351 suhsiStentias
1533 5299 1717 5352 dicere
1746 5300 1789 5351 si
1816 5314 1912 5353 vo-

332 5364 434 5419 luit
456 5364 708 5434 Cyrillus,
733 5367 922 5419 merito
949 5368 1372 5431 reprehenditur.
1402 5368 1505 5422 Sed
1535 5368 1654 5436 quid
1680 5369 1909 5423 alienius

334 5450 361 5487 a
396 5436 641 5503 dogmate
687 5437 866 5506 (Syrilli
888 5440 909 5486 ’ἰ
939 5436 1260 5506 llypostases
1290 5452 1419 5500 ergo
1451 5438 1624 5501 posuit
1654 5440 1753 5490 huc
1784 5440 1900 5491 luco

335 5520 430 5572 pro
456 5505 787 5571 substantiis,
827 5505 1099 5559 Athanasii
1149 5507 1394 5576 exemplo
1419 5517 1471 5561 et
1504 5508 1894 5561 Alexandrino-

406 5639 419 5668 ¹
449 5637 584 5692 Cod.
618 5638 839 5699 Veron.
864 5640 1032 5690 anima
1059 5639 1262 5692 dirilm'.

403 5710 421 5739 ²
451 5708 592 5762 Idem
624 5710 763 5768 cod.,
800 5724 906 5761 esse
934 5709 1311 5762 adunationem.

403 5779 421 5807 ³
442 5778 587 5833 Ideni
617 5779 758 5842 end.,
778 5778 1000 5845 perfecta
1031 5780 1271 5837 (naritus.
1301 5780 1372 5833 ilvt
1398 5782 1554 5835 etiam
1586 5781 1635 5835 in
1672 5782 1895 5851 vulgata;

399 5868 436 5917 ⁸·
456 5887 634 5953 Ferte,
668 5905 697 5939 a
722 5886 1058 5959 missionibus.

2018 4727 2097 4778 sui
2126 4723 2423 4777 decessoris
2452 4720 2742 4783 Athanasii,
2764 4719 2958 4786 scripta
2983 4716 3217 4769 omnium
3248 4715 3300 4768 in
3325 4726 3450 4778 pace
3482 4711 3581 4764 Ec-

2016 4816 2190 4868 clesiae
2221 4812 2604 4881 quiescentium
2655 4809 2915 4864 studuerit
2944 4805 3240 4860 excusare?
3272 4802 3369 4869 Qui
3400 4808 3578 4869 postea

2012 4970 2125 5005 tum
2153 4967 2297 5004 more
2326 4952 2392 5004 de
2414 4966 2518 5020 quo
2546 4949 2740 5003 dictum
2770 4957 2849 5001 est
2875 4946 3063 5021 lib._v_t.
3086 4944 3258 5021 Quare
3279 4939 3580 5021 ξιεὺδιςιινέαδ

2013 5022 2237 5076 reddere
2265 5008 2445 5075 debuit
2470 5022 2751 5085 interpres,
2777 5033 2879 5070 non
2899 5011 3266 5089 subsistentiqs.
3287 5008 3432 5089 [ricini
3456 5022 3580 5089 vero

2011 5103 2061 5143 et
2093 5095 2204 5144 auri
2236 5090 2559 5160 comparatio
2578 5077 2679 5159 qua
2703 5077 2884 5151 utitur,
2910 5085 3089 5151 dis'par
3110 5094 3171 5133 ac
3186 5077 3461 5132 dissimilis
3484 5077 3579 5129 hac

2014 5162 2064 5213 itt
2096 5172 2263 5213 narte.

2326 5241 2404 5283 est
2431 5230 2615 5284 Graece
2658 5224 2936 5297 aerl.atine
2985 5218 3171 5290 Cyrilli
3216 5216 3578 5297 adnAcaciunt

2014 5300 2233 5362 epistola
2269 5308 2387 5362 post
2417 5298 2673 5368 synodum
2708 5286 3045 5368 Epltcsinant'
3072 5305 3214 5368 nunt.
3251 5289 3340 5352 35,
3370 5286 3461 5341 ubi
3483 5296 3578 5368 τῷν

2010 5358 2238 5441 φῦσεων,
2261 5358 2413 5440 ria/oua
2444 5358 2791 5441 ’ὑποστάσαιῆ
2821 5363 3038 5435 διαφορὰ
3079 5358 3298 5426 rectius,
3329 5358 3580 5441 quetltad-

2011 5428 2581 5499 t'nuduin'dicebamus,
2604 5435 2882 5503 exponitur
2909 5428 3205 5503 naturarum
3236 5444 3321 5482 seu
3347 5428 3582 5480 substan-

2011 5512 2217 5573 tiarum,
2247 5525 2403 5578 quam
2434 5518 2488 5561 ut
2519 5509 2617 5561 hoc
2641 5502 2755 5559 loco
2778 5502 3251 5556 sttbsisteutiurtmn

2082 5640 2100 5669 ⁸
2135 5642 2273 5694 ldum
2302 5643 2444 5708 cod.,
2479 5639 2774 5693 assunwutis
2804 5636 3135 5691 subsistentia’
3166 5640 3307 5687 nata.

2083 5713 2100 5737 "
2130 5711 2141 5762 l
2169 5714 2267 5763 lem
2301 5711 2442 5776 cod.,
2481 5711 2608 5764 libro
2635 5713 2799 5764 tertio.
