3998 6194
371 377 477 435 619

1473 336 1776 444 meum»
1808 363 2023 423 EPlSC.
2068 365 2573 422 llERMiANENSlS

3548 367 3659 424 ﬁt).

371 493 433 545 in
464 489 650 545 eodem
695 501 856 558 opere
901 487 1035 542 libro
1065 493 1287 558 qtarto;
1327 504 1346 538 ι
1383 487 1549 559 Ergo,
1580 487 1769 556 inquit,
1800 483 1957 541 rella-
1984 483 2034 544 Α
2065 484 2437 542 Assuel‘aciens
2503 485 2570 540 ad
2640 485 2801 539 vitam
2855 483 3144 554 spiritalem
3202 483 3478 553 proprium
3539 485 3654 554 jam

369 580 477 635 ruit
525 587 578 633 et
607 578 748 634 velut
793 585 1010 632 renatus
1063 586 1166 640 est,
1201 579 1351 646 qua~i
1385 592 1447 633 ex
1484 577 1666 633 radice
1695 576 1954 641 secunda,

366 671 603 727 omnium
652 678 892 722 nostrum
926 668 1210 722 salvatoris
1236 667 1444 724 Christi
1472 669 1654 735 homo,
1687 667 1753 723 ad
1787 668 1959 723 ξηροτ-

371 762 676 831 ruptiouem
707 770 759 815 et
783 761 1118 830 antiquarum
1142 775 1423 816 caustrum
1451 762 1704 817 virtutem
1739 776 1833 831 per
1859 775 1961 814 sa:-

370 853 489 908 cula
529 866 586 905 se
618 850 764 905 vicit.
803 868 824 903 ›
855 849 910 904 Si
932 851 1246 905 calumniari
1278 851 1426 918 libet,
1450 852 1735 921 obiiciatur
1756 858 1810 906 et
1831 850 1952 905 iSti:

371 953 620 1010 tanquam
640 940 802 994 alium
818 939 1136 995 salvatorem
1160 941 1452 1007 Christum,
1476 942 1702 997 etalium
1721 940 1963 996 credide—

377 1032 443 1085 rit
468 1031 735 1087 hominem
764 1030 936 1101 ipsius
951 1029 1242 1086 Salvatoris
1263 1029 1492 1096 Christi;
1524 1035 1645 1102 quia
1672 1047 1776 1086 non
1797 1032 1890 1095 ait,
1911 1041 1964 1086 et

374 1123 516 1178 velut
551 1134 770 1178 renatus
800 1131 901 1188 est,
952 1123 1100 1193 quasi
1126 1139 1189 1178 ex
1233 1123 1411 1178 radice
1439 1123 1697 1190 secunda,
1724 1123 1962 1176 omnium

373 1225 616 1268 nostrum
643 1214 887 1270 Salvator
914 1215 954 1279 ¹,
1006 1213 1125 1279 sed,
1153 1214 1392 1268 omnium
1416 1227 1656 1270 nuStrum
1685 1214 1963 1268 salvatoris

378 1302 578 1357 Cluiin
625 1304 820 1368 homo;
849 1311 904 1356 et
938 1300 1137 1357 addant
1167 1288 1386 1372 insuper
1409 1302 1650 1358 dicentes
1680 1320 1693 1356 :
1723 1300 1777 1357 Si
1805 1301 1961 1357 Chri-

379 1404 518 1459 stus,
566 1395 617 1450 id
648 1403 730 1449 est
776 1403 992 1461 unctus,
1037 1403 1120 1449 est
1178 1399 1359 1462 homo,
1407 1396 1658 1465 quoniam
1708 1409 1814 1448 non
1861 1394 1964 1448 nisi

381 1497 574 1540 natura
623 1487 853 1542 humana
905 1487 956 1540 iu
1000 1485 1092 1540 illo
1123 1494 1276 1540 uncta
1308 1496 1408 1552 est,
1447 1487 1534 1557 qui
1559 1501 1744 1554 rursus
1773 1494 1858 1540 est
1878 1485 1965 1538 ille

375 1577 540 1633 homo
583 1580 671 1647 qui
715 1579 911 1634 dicitur
936 1578 1170 1634 Christi?
1201 1594 1373 1650 neque
1403 1582 1548 1634 enim
1578 1579 1670 1635 Dei
1702 1579 1856 1635 Verbi
1884 1580 1966 1635 di-

372 1685 514 1728 c:utn
544 1682 628 1728 est
652 1674 828 1739 homo,
859 1674 952 1728 sed
985 1671 1205 1740 Christi,
1235 1674 1322 1744 qui
1354 1673 1430 1729 sic
1462 1674 1598 1728 Deus
1620 1673 1874 1738 creditur,
1909 1683 1964 1727 ut

372 1775 426 1818 et
475 1764 633 1820 homo
655 1779 774 1820 esse
807 1763 1074 1818 tradatur.
1111 1763 1168 1817 In
1202 1763 1542 1834 expositione
1573 1779 1783 1832 quoque
1815 1763 1963 1818 Isaia:

2065 576 2354 646 templum,
2429 574 2483 632 in
2557 578 2664 645 quo
2743 574 2881 629 Deus
2956 572 3232 638 Verbum,
3307 573 3462 645 Quasi
3503 576 3656 644 prius

2062 669 2232 722 eidem
2258 667 2458 738 templo
2478 709 2492 734 ,
2523 666 2854 724 censuetudo
2881 665 3038 721 fuerit
3062 668 3184 721 vitae
3215 667 3468 734 carnalis,
3509 669 3656 739 quod

2063 760 2130 815 de
2182 758 2386 829 Spiritu
2429 768 2618 814 sancto
2657 767 2973 826 conceptum
3021 755 3163 811 aliud
3209 771 3372 826 quam
3397 757 3520 813 viue
3541 759 3652 828 spis

2063 850 2236 906 ritalis
2275 865 2396 906 esse
2443 865 2548 903 non
2594 850 2787 919 potuit.
2837 848 3117 916 Quomodo
3161 848 3323 917 igitur
3370 849 3656 905 assuetieri

2064 945 2260 999 dicitur
2286 941 2353 997 ad
2383 941 2675 1011 spiritalem
2700 941 2891 1018 vitam,
2913 955 3036 995 cum
3063 939 3131 994 ad
3161 954 3284 994 eam
3315 954 3424 995 non
3454 941 3654 1009 stud-io,

2066 1036 2158 1089 sed
2187 1042 2371 1088 natura
2400 1030 2562 1087 fuerit
2593 1030 2934 1086 ordinatum?
2965 1031 3052 1086 cui
3081 1028 3214 1085 nihil
3233 1044 3467 1099 unquam
3489 1030 3656 1087 defuit

2066 1125 2130 1178 ad
2161 1123 2538 1194 perfectionem
2571 1121 2980 1191 largitatemque
3008 1119 3221 1175 virtutis
3253 1136 3266 1172 :
3299 1121 3553 1190 quoniam
3585 1119 3653 1176 de

2001 1270 2003 1272 .
2067 1235 2141 1290 eo
2176 1218 2430 1288 scriptum
2476 1225 2558 1273 est
2591 1233 2605 1271 :
2641 1216 2763 1270 Non
2804 1216 2940 1270 enim
2969 1217 3037 1270 ad
3080 1232 3368 1270 mensuram
3397 1216 3484 1270 dat
3519 1215 3656 1271 Deus

2067 1312 2302 1380 spiritum
2335 1308 2513 1381 (Joan.
2541 1324 2630 1377 ιιι,
2663 1307 2778 1379 34).
2813 1307 2880 1361 Et
2907 1308 3034 1362 item
3063 1325 3075 1360 :
3104 1306 3180 1363 De
3202 1306 3518 1379 plenitudine
3544 1311 3653 1379 ejus

2069 1421 2160 1458 nos
2189 1419 2362 1457 omnes
2389 1403 2698 1470 accepimus,
2747 1410 2794 1455 et
2820 1403 3041 1472 gratiam
3087 1418 3181 1468 pro
3201 1401 3371 1471 gratia
3402 1400 3580 1473 (Iona.
3615 1421 3650 1464 t,

2071 1493 2184 1563 16).
2213 1493 2498 1563 Exponens
2511 1491 2670 1548 etiam
2694 1492 3038 1562 Evangelium
3055 1492 3348 1547 secundum
3366 1492 3652 1560 Joannem,

2070 1586 2208 1641 libro
2230 1587 2404 1655 primo
2432 1586 2510 1641 sic
2536 1586 2610 1640 ait
2634 1604 2648 1639 :
2676 1603 2696 1637 ι
2726 1585 2806 1639 Dii
2833 1593 2885 1640 et
2913 1584 3002 1639 Dei
3034 1583 3126 1638 lilii
3160 1599 3256 1654 per
3282 1584 3441 1640 tidem
3461 1593 3648 1641 osten—

2069 1678 2268 1733 dinntr.
2325 1676 2648 1732 lnbabitavit
2691 1675 2837 1732 enim
2886 1677 2947 1730 in.
2993 1675 3168 1740 nobis,
3224 1676 3314 1746 qui
3358 1676 3653 1730 secundum

2070 1780 2321 1826 naturam
2345 1768 2515 1824 Filius
2555 1777 2640 1838 est
2676 1776 2730 1823 et
2755 1767 2914 1822 Deus.
2959 1764 3252 1834 Propterea
3275 1773 3328 1826 et
3367 1765 3428 1821 in
3461 1765 3662 1835 spiritu

371 1856 646 1924 prepbette
676 1855 812 1912 libro
852 1865 1041 1925 quarto
1072 1855 1148 1910 sic
1184 1857 1254 1909 ait
1288 1873 1300 1907 :
1342 1875 1362 1908 ι
1413 1856 1550 1928 Ergo
1596 1867 1848 1925 quantum
1892 1857 1956 1910 ad
1995 1854 2039 1913 Β
2066 1862 2185 1931 ejus
2208 1861 2537 1916 clamamus:
2571 1857 2743 1928 Abba,
2790 1858 2966 1913 Pater.
3013 1855 3276 1911 lnhabitat
3305 1865 3484 1913 autem
3519 1856 3650 1912 Ver-

378 1948 780 2004 incredulorum
832 1947 1199 2013 acerbitatem,
1234 1957 1288 2002 et
1317 1948 1494 2015 inepte
1522 1949 1623 2003 illis
1655 1949 1962 2003 meditatam

373 2038 874 2102 contradictionem,
922 2039 1154 2093 inaniter
1208 2037 1468 2091 laboravit
1511 2037 1776 2104 Salvator,
1825 2044 1882 2092 et
1910 2039 1973 2091 in.

372 2145 566 2183 vanum
620 2138 675 2184 et
727 2130 778 2184 iu
853 2129 1078 2185 nihilum
1143 2129 1290 2183 (ιιιι1ἰι
1356 2128 1716 2183 [ιρῐιῐιυόίιιθιη
1788 2143 1960 2182 suam.

373 2221 482 2276 Nec
515 2223 655 2277 enim
700 2222 985 2290 sustinuit,
1032 2221 1168 2276 sicut
1213 2220 1326 2274 dixi
1379 2235 1567 2286 nuper,
1619 2235 1800 2275 sacras
1847 2220 1964 2289 ejus

373 2312 782 2381 praedicationes
828 2311 1055 2366 stolidus
1086 2310 1269 2378 Israel,
1303 2326 1406 2366 non
1439 2311 1720 2365 honoravit
1746 2311 1861 2380 ejus
1892 2314 1966 2364 la-

375 2406 580 2462 borem.
622 2408 798 2463 Labor
847 2407 994 2462 enim
1019 2415 1136 2462 erat
1183 2405 1377 2472 Verbo,
1414 2414 1475 2460 ut
1496 2405 1646 2460 ﬁeret
1673 2405 1963 2462 secundum

376 2514 495 2564 nos,
556 2508 612 2555 rt
659 2501 947 2553 humanam
1000 2497 1292 2552 attstineret
1321 2497 1658 2566 parvitatem.
1693 2496 1961 2564 Sedjudi-

375 2591 517 2644 cium
553 2604 752 2656 meum,
801 2590 995 2660 inquit,
1045 2588 1182 2658 apud
1218 2588 1524 2652 Dominum,
1553 2595 1608 2642 et
1635 2586 1786 2641 labor
1817 2603 1965 2642 meus

375 2696 558 2737 coram
607 2682 719 2737 Deo
746 2697 892 2736 meo.
936 2682 1167 2750 Agnovit
1197 2679 1361 2744 enim,
1399 2678 1592 2747 inquit,
1647 2677 1802 2732 Pater
1833 2693 1965 2747 quos

375 2776 680 2844 consumpsi
724 2775 936 2829 labores
991 2787 1086 2843 pro
1137 2786 1322 2828 eorum
1357 2771 1574 2827 salute:
1609 2781 1823 2842 propter
1867 2774 1967 2828 hoc

375 2876 429 2920 et
467 2866 726 2936 judicium
776 2867 842 2920 ab
882 2881 947 2922 eo
975 2865 1237 2936 prolatum
1267 2874 1366 2919 est.
1410 2884 1428 2916 ι
1463 2865 1600 2920 Ecce
1631 2863 1796 2918 Deum
1833 2864 1964 2920 Ver-

381 2960 532 3026 bum,
581 2961 650 3015 de
680 2975 786 3030 quo
839 2960 1152 3030 Gregorius,
1185 2959 1322 3014 sicut
1348 2973 1504 3026 supra
1531 2959 1963 3022 emoravimus,

377 3052 501 3108 dicit
559 3054 680 3123 quia
726 3053 842 3109 sine
881 3052 1064 3108 labore
1109 3066 1322 3108 omnem
1356 3051 1609 3106 mundum
1658 3051 1962 3116 constituit;

379 3143 616 3215 Cyrillus
661 3144 790 3200 dicit
835 3144 1088 3214 quoniam
1120 3143 1378 3197 laboravit
1414 3151 1467 3196 ut
1497 3142 1648 3196 tierct
1667 3141 1964 3198 secundum

381 3252 497 3304 nos,
526 3246 580 3291 et
603 3237 890 3293 bu-uana-m
919 3237 1208 3291 sustineret
1238 3238 1554 3306 parvitatem
1587 3253 1599 3289 :
1631 3236 1782 3305 quasi
1805 3251 1967 3303 angu-

381 3331 534 3384 ssiam
574 3331 628 3384 in
659 3331 893 3386 humano
929 3344 1158 3399 corpore
1179 3338 1452 3398 pateretur
1480 3328 1824 3397 itnpassibilis
1853 3329 1968 3398 ejus

382 3419 654 3486 divinitas,
683 3435 841 3488 quam
866 3434 966 3474 nec
988 3419 1165 3474 anima
1193 3428 1370 3473 nostra
1406 3421 1603 3489 patitur:
1631 3434 1694 3475 ex
1728 3421 1970 3489 corporis

382 3508 674 3577 parvitate;
709 3510 802 3565 sed
835 3511 1007 3578 petius
1037 3525 1103 3564 ex
1134 3509 1247 3580 lege
1292 3509 1514 3579 peccati,
1548 3526 1669 3580 qua:
1693 3510 1744 3564 iu
1777 3511 1970 3566 nostris

382 3601 636 3656 membris
657 3610 745 3656 est
769 3602 964 3658 tuentis
994 3602 1095 3672 legi
1129 3616 1472 3671 repugnans:
1509 3618 1629 3656 nam
1657 3600 1835 3655 futura
1867 3602 1970 3656 vita

384 3693 578 3748 nullam
613 3694 664 3747 in
697 3694 1091 3764 incorruptibili
1121 3709 1348 3764 corpore
1386 3695 1618 3764 patietur
1645 3695 1970 3764 angustiam.

384 3787 492 3841 Nec
517 3803 619 3852 non
646 3787 696 3841 in
719 3798 1022 3843 commento
1041 3788 1310 3859 Evangelii
1329 3788 1624 3844 secundum
1641 3789 1970 3854 Matt—ineunt,

386 3879 519 3935 libro
581 3881 817 3937 secundo
869 3899 882 3936 :
939 3901 956 3933 ι
996 3882 1250 3950 Quando,
1283 3885 1476 3953 inquit,
1534 3883 1834 3952 btptizatus
1894 3893 1979 3939 est

384 3973 650 4036 Christus,
707 3985 832 4029 tunc
863 3989 890 4028 ιι
923 3974 1112 4044 spiritu
1144 3974 1263 4029 duci
1295 3973 1509 4038 dicitur,
1536 3974 1636 4030 hoc
1660 3984 1742 4030 est
1765 3975 1975 4029 habita-

390 4080 451 4121 re
497 4064 882 4134 spiritualiter,
935 4065 1015 4118 vel
1049 4067 1206 4119 vita-tu
1250 4080 1407 4136 agere
1439 4065 1792 4134 Spiritualtem.
1828 4085 1847 4117 ι
1911 4066 1978 4120 Et

387 4163 505 4225 post
566 4171 768 4225 pauca:
819 4175 837 4206 ι
894 4156 1273 4211 Assae-iaciens
1325 4156 1391 4209 ad
1450 4157 1610 4208 vitam
1683 4154 1976 4224 spiritalem

391 4247 663 4315 proprium
696 4247 976 4316 templum,
1009 4247 1064 4302 in
1095 4263 1200 4317 quo
1233 4247 1344 4315 jam
1377 4245 1516 4301 Deus
1552 4245 1804 4311 Verbum,
1837 4256 1890 4302 et
1921 4247 1974 4301 in

388 4338 673 4406 quemdam
702 4339 1074 4394 inconsuetum
1098 4349 1151 4394 et
1178 4339 1584 4408 incompositum
1609 4338 1734 4393 vitae
1757 4339 1971 4394 modum

392 4428 778 4484 transformans
805 4445 872 4484 ea
898 4446 1017 4500 qua:
1039 4440 1219 4485 nostra
1251 4439 1396 4494 sunt,
1428 4441 1480 4486 et
1512 4430 1563 4485 in
1589 4432 1825 4485 novitate
1856 4432 1978 4486 vitae

387 4538 505 4588 qua:
527 4523 762 4576 nondum
785 4523 956 4577 fuerat
982 4524 1128 4593 prius
1149 4523 1344 4593 agnita,
1377 4523 1692 4591 reformatis,
1717 4525 1976 4595 jejunium

1996 3223 2044 3284 Ο

2066 1955 2190 2009 bum
2224 1955 2363 2009 sicut
2392 1955 2444 2008 in
2474 1953 2746 2020 omnibus,
2796 1958 2854 2007 et
2879 1951 2931 2006 in
2964 1965 3090 2019 uno,
3139 1949 3279 2019 quod
3310 1959 3528 2020 propter
3555 1963 3664 2005 nos

2065 2053 2120 2098 et
2144 2060 2208 2098 ex
2232 2045 2387 2098 nobis
2409 2051 2716 2113 susceptum
2740 2050 2822 2097 est
2845 2041 3123 2111 templum,
3155 2048 3214 2096 ut
3241 2054 3429 2098 omnes
3451 2041 3660 2097 habens

2068 2139 2120 2191 in
2151 2136 2464 2205 semetipso,
2512 2134 2826 2192 reconciliet
2870 2143 2925 2190 et
2963 2147 3150 2188 omnes
3192 2133 3245 2188 in
3277 2148 3387 2189 uno
3429 2147 3660 2202 corpore

2066 2230 2203 2299 apud
2245 2229 2479 2286 Patrem.
2535 2247 2554 2280 ι
2594 2227 2648 2284 Si
2679 2242 2742 2284 ex
2778 2227 3059 2283 verborum
3106 2227 3285 2293 sonis,
3338 2235 3394 2281 et
3434 2242 3538 2282 non
3583 2242 3654 2283 ex

2068 2322 2382 2391 intentione,
2407 2323 2658 2378 doctores
2679 2320 2933 2376 Ecclesite
2949 2320 3277 2390 judicentttt,
3303 2319 3431 2388 quid
3457 2320 3527 2374 de
3549 2320 3658 2374 isto

2067 2415 2372 2484 putabimus
2402 2414 2491 2484 qui
2532 2413 2669 2468 dixit
2701 2431 2712 2465 :
2748 2411 3012 2468 inhabitat
3052 2423 3232 2466 autem
3279 2411 3510 2467 Verbum
3563 2412 3662 2466 Dei

2067 2505 2206 2561 sicut.
2233 2504 2285 2560 in
2316 2504 2583 2569 omnibus,
2617 2514 2672 2558 et
2701 2505 2758 2558 in
2789 2521 2916 2572 uno,
2962 2503 3102 2573 quod
3134 2495 3352 2572 pr'opter
3379 2516 3481 2557 nos
3507 2512 3560 2556 et
3590 2519 3662 2557 ex

2037 2622 2042 2627 ι
2070 2597 2228 2651 nobis
2273 2606 2576 2664 susceptum
2608 2605 2693 2650 est
2723 2593 3026 2663 templum?
3071 2591 3208 2658 Quid
3240 2608 3370 2662 ergo
3395 2592 3660 2663 Cyrillum

2069 2687 2299 2742 Nestorii
2350 2685 2723 2740 damnatorem
2765 2686 2864 2740 hoc
2906 2684 3142 2738 sensisse
3179 2683 3483 2752 credimus,
3531 2683 3670 2752 quia

2071 2780 2212 2834 Deus
2260 2778 2496 2834 Verbum
2546 2775 2934 2839 sicinhahitat
2986 2777 3036 2830 in
3089 2790 3196 2830 uno
3242 2774 3464 2845 temple,
3513 2776 3668 2844 quod

2069 2881 2286 2944 propter
2316 2887 2416 2927 nos
2444 2881 2496 2927 et
2520 2887 2587 2928 ex
2620 2870 2778 2926 nobis
2804 2879 3108 2940 susceptum
3143 2876 3254 2936 est,
3305 2868 3664 2938 quemadmo-

2069 2964 2195 3020 dum
2235 2963 2594 3020 communiter
2624 2963 2676 3019 in
2706 2962 2956 3018 omnibus
2999 2961 3221 3026 habitat,
3256 2970 3309 3016 et
3348 2977 3459 3016 non.
3482 2961 3668 3030 putius

2068 3065 2127 3111 ut
2163 3071 2265 3110 una
2310 3063 2454 3110 esset
2494 3055 2662 3124 ipsius
2705 3052 2993 3108 habitantis
3034 3052 3125 3106 Dei
3172 3052 3330 3106 Verbi
3361 3052 3670 3121 templique

2070 3144 2331 3213 persona?
2361 3159 2502 3198 'eum
2550 3142 2884 3212 Theodorus,
2938 3141 3028 3212 qui
3071 3140 3460 3196 condemnatur
3503 3143 3670 3210 quasi

2075 3236 2378 3292 Nestoriani
2399 3245 2587 3290 auctor
2616 3236 2838 3301 erroris,
2867 3235 3009 3290 sicut
3033 3235 3082 3289 in
3111 3233 3268 3288 tertio
3295 3234 3435 3288 libro
3451 3249 3668 3289 memo-

2074 3327 2332 3392 ravimus,
2363 3327 2506 3381 dicat
2532 3345 2542 3379 :
2579 3346 2600 3376 ι
2637 3325 2936 3380 lnbabltatn
2962 3325 3180 3395 quidem
3200 3341 3233 3379 a
3255 3325 3366 3379 Dee
3388 3325 3568 3380 Verbo
3596 3327 3666 3379 ab

2075 3419 2192 3488 ipsa
2235 3419 2284 3472 in
2333 3429 2482 3471 utero
2527 3418 2718 3471 matris
2755 3418 3138 3486 plasmatione;
3192 3415 3485 3471 inhabitato
3531 3432 3674 3474 vero

2076 3528 2182 3568 non
2229 3512 2520 3568 secundum
2563 3526 2901 3567 communem
2955 3511 3432 3576 inhabitationem,
3486 3525 3665 3578 neque

2071 3607 2220 3675 juxta
2262 3621 2386 3661 eant
2422 3621 2540 3675 qua)
2583 3605 2635 3658 in
2678 3604 2862 3658 multis
2905 3602 3221 3672 intelligitur
3261 3601 3518 3672 gratiam.
3568 3603 3670 3656 sui

2073 3698 2220 3766 juxta
2251 3695 2532 3766 quamdam
2567 3694 2920 3750 excellentem
2941 3734 2956 3759 ,
2989 3695 3288 3750 secundum
3313 3708 3476 3763 quam
3503 3693 3664 3748 etiam

2076 3790 2296 3845 adunari
2345 3788 2573 3844 dicimus
2624 3798 2877 3856 utrasque
2923 3797 3160 3853 naturas,
3211 3796 3265 3841 et
3310 3801 3467 3841 unam
3511 3786 3667 3857 juxta

2077 3879 2456 3934 adunationem
2485 3877 2726 3933 effectam
2751 3891 2871 3931 esse
2896 3891 3202 3943 personam.
3239 3895 3258 3928 ο
3293 3876 3514 3929 Discant
3534 3892 3667 3946 ergo

2083 3969 2396 4041 Eutychiani
2427 3983 2719 4038 eorumque
2745 3967 3004 4034 fautores,
3039 3969 3380 4037 antiquorum
3407 3968 3668 4023 Ecclesia:

2081 4064 2494 4133 pratdicatnrum
2537 4064 2733 4128 scripta
2766 4072 2860 4116 aut
2906 4061 3099 4116 melius
3148 4061 3522 4130 interpretari,
3573 4071 3666 4114 aut

2080 4155 2394 4212 melioribus
2422 4153 2816 4223 interpretanda
2861 4153 3185 4222 relinquere,
3247 4167 3311 4206 ne
3355 4149 3669 4217 Theodoro,

2079 4250 2168 4319 qui
2215 4249 2282 4302 ab
2328 4249 2405 4302 eis
2451 4247 2646 4301 dicitur
2692 4247 2864 4301 multo
2901 4245 3138 4300 deterior
3181 4244 3346 4303 fuisse
3394 4245 3668 4309 Nestorio,

2081 4339 2402 4394 deteriorem
2450 4337 2660 4391 beatum
2703 4336 2966 4406 Cyrillum
3001 4335 3187 4390 dicere
3221 4337 3615 4405 compellantur
3652 4356 3666 4389 :

2081 4434 2170 4503 qui
2214 4448 2317 4487 non
2350 4438 2632 4500 propterea
2677 4431 2878 4485 dixisse
2903 4430 3210 4486 crettenthts
3235 4440 3313 4486 est
3340 4471 3352 4494 ,
3399 4431 3669 4486 lnhabitnt

2084 4537 2262 4581 autem
2297 4526 2526 4581 Verbum
2567 4527 2704 4580 sicut
2739 4526 2789 4579 iu
2835 4526 3102 4593 omnibus,
3159 4533 3211 4581 et
3253 4527 3312 4580 iu-
3351 4540 3476 4591 uno,
3524 4529 3674 4594 quod

387 4612 496 4680 agit
543 4612 614 4666 ita
661 4613 896 4682 leugum.
928 4633 946 4664 ι
983 4614 1228 4684 Nunquid
1268 4626 1552 4685 antequam
1613 4594 1972 4685 baptizaretur
2010 4594 2052 4652 ί)
2085 4628 2300 4688 propter
2346 4633 2444 4672 nos
2493 4627 2546 4671 et
2589 4633 2662 4672 ex
2713 4617 2868 4672 nobis
2907 4625 3216 4686 susceptum
3257 4625 3340 4670 est
3384 4618 3671 4685 templum,

387 4705 650 4770 tLitristu~,
705 4720 808 4760 non
850 4705 1142 4775 spiritalem
1197 4706 1356 4760 vitam
1407 4708 1534 4776 egit,
1590 4719 1678 4760 aut
1706 4707 1971 4775 baptismo

389 4796 872 4866 Juanuisiudiguit,
899 4807 956 4850 ut
1003 4797 1095 4851 illo
1125 4809 1366 4852 sacratus
1401 4797 1767 4852 institueretur
1809 4801 1971 4854 etiam

389 4887 696 4955 spiritaliter
732 4892 948 4952 vivere;
999 4903 1118 4942 cum
1170 4905 1341 4958 neque
1390 4891 1468 4944 illi
1501 4891 1590 4957 qui
1623 4891 1689 4944 ab
1719 4894 1974 4961 apostolis

389 4977 792 5043 baptizabantur
833 4978 883 5032 in
934 4979 1146 5034 nomine
1199 4981 1364 5048 ipsius
1397 4981 1605 5035 Domini
1656 4985 1822 5035 nostri
1845 4983 1971 5038 Jesu

387 5069 860 5140 ti..risti,eguerint
887 5073 1108 5127 Joannis
1136 5073 1398 5142 baptismo
1426 5073 1664 5126 sacrari?
1694 5074 1970 5138 Quomodo

389 5176 514 5228 ergo
544 5161 758 5226 dicitur,
794 5165 914 5230 quia
937 5178 1057 5216 cum
1081 5163 1374 5231 baptizatus
1397 5172 1539 5217 esset
1570 5163 1835 5230 Christus,
1861 5166 1969 5234 spi-

388 5253 612 5306 ritaliter
658 5256 812 5316 vixit,
844 5268 898 5308 et
920 5257 1059 5324 quod
1091 5256 1344 5325 scriptum
1373 5264 1451 5309 est
1484 5273 1496 5313 :
1529 5254 1674 5308 Tunc
1696 5257 1843 5310 Iesus
1869 5261 1967 5310 du-

385 5359 497 5401 ctus
520 5358 590 5401 est
611 5365 640 5400 (ι
666 5349 844 5414 spiritu
871 5359 925 5402 ut
955 5359 1231 5403 tentaretur
1257 5367 1286 5402 tt
1313 5350 1516 5402 diahofo
1545 5349 1754 5421 (Matth.
1789 5367 1859 5416 tv,
1897 5352 1965 5417 ἱ),

392 5446 491 5492 tne
546 5442 900 5509 sgnit‘tratum
955 5457 1076 5498 esse
1124 5443 1360 5498 creditur
1391 5455 1444 5497 ut
1473 5443 1738 5499 habitaret
1765 5444 1971 5513 spirita-

388 5535 508 5592 ἑίιιιιι
557 5547 608 5588 et
650 5536 811 5590 vitam
854 5547 1033 5604 ageret
1079 5537 1420 5606 spiritalem?
1472 5538 1707 5614 itemque
1735 5538 1967 5596 dicitur:

468 5811 478 5839 ¹
512 5807 640 5860 Cttti.
677 5807 893 5866 Ver0n.,
923 5804 1160 5859 Sulva'or
1185 5802 1434 5872 Christus,
1469 5805 1588 5858 δραι

438 5887 490 5952 ,ᾗ
524 5883 673 5935 idem
696 5880 839 5945 (λιιι,
871 5878 978 5941 ejus
1010 5875 1178 5928 etiam.

2079 4709 2228 4776 quasi
2261 4722 2361 4761 una
2403 4721 2627 4776 persona
2675 4707 2772 4761 Dei
2804 4706 2972 4761 Verbi
3005 4707 3294 4775 templ'que
3336 4722 3440 4759 non
3469 4705 3670 4768 fuerit;

2079 4797 2178 4852 std
2220 4797 2395 4865 potius
2443 4798 2564 4866 quia
2608 4796 2858 4850 divinitas
2903 4796 3020 4865 ejus
3050 4797 3155 4850 ’iu
3203 4797 3421 4864 proprio
3466 4799 3678 4866 templo

2081 4890 2503 4944 inconvertibilis
2533 4890 2745 4943 mansit.
2796 4889 3034 4959 Namque
3067 4890 3116 4942 iu
3147 4891 3250 4942 isto
3281 4889 3684 4942 incarnatimtis

2081 4981 2335 5052 mysterio
2356 4981 2460 5033 dun
2485 4981 2722 5047 quanlatn
2746 4980 3085 5050 intelligenda
3111 4991 3162 5033 et
3179 4979 3477 5034 conﬁtenda
3501 4990 3628 5034 sunt
3658 4998 3680 5037 :

2080 5073 2286 5127 scilicet
2311 5080 2364 5126 et
2406 5088 2565 5126 unum
2595 5085 2716 5127 esse
2759 5087 3037 5140 personam
3087 5073 3182 5127 Dei
3209 5072 3568 5140 hominisque,
3615 5085 3686 5129 et

2081 5164 2211 5219 duas
2242 5161 2545 5219 inconfusus
2572 5166 2836 5219 mansisse
2868 5174 3104 5219 naturas.
3146 5164 3413 5232 Quantum
3449 5165 3513 5218 a.l
3543 5168 3675 5219 uni-

2083 5268 2241 5312 tatem
2282 5274 2524 5328 personze
2564 5259 2772 5322 attinet,
2821 5259 2959 5311 Dens
3009 5257 3239 5312 Verbum
3288 5260 3564 5313 n-nsicut
3615 5258 3686 5311 in

2081 5353 2345 5419 omnibus,
2396 5352 2466 5406 ita
2512 5351 2564 5405 in
2596 5367 2723 5415 uno,
2778 5351 2918 5418 quod
2953 5358 3168 5418 propter
3212 5366 3308 5403 nos
3337 5361 3392 5404 et
3417 5366 3480 5403 ex
3519 5354 3688 5405 nubiu-

2081 5455 2387 5514 susceptum
2432 5454 2513 5499 est
2563 5445 2818 5511 templum
2852 5442 2874 5472 ⁸
2911 5459 2922 5493 :
2957 5452 3153 5510 quanto
3197 5457 3320 5494 vero
3348 5441 3414 5492 att
3447 5440 3496 5492 id
3530 5449 3696 5509 qumt

2078 5539 2196 5592 dua:
2227 5549 2429 5592 naturte
2458 5537 2575 5591 sine
2605 5534 2921 5589 confusione
2961 5544 3268 5587 mmscruut
3293 5578 3306 5601 ,
3359 5532 3497 5588 Deus
3540 5533 3675 5588 γετ-

2161 5805 2178 5834 ²¹
2224 5803 2361 5858 idem
2398 5803 2538 5867 cod.,
2593 5804 2832 5877 templum
2864 5804 3130 5857 iit/tubitttl.
