3998 6202
333 427 429 484 821

1190 430 1324 486 PRO
1364 425 1785 485 DEFENSIONE
1825 423 2037 479 TRIUM
2079 421 2388 477 CAPITUL.
2434 421 2558 476 LIB.
2599 422 2686 478 XI.

3497 431 3602 485 822

332 546 457 602 bum
472 545 610 598 sicut
631 545 684 597 in
707 544 970 608 omnibus,
989 547 1106 600 etin
1124 562 1248 612 uno,
1267 547 1404 617 quod
1423 553 1636 615 propter
1655 553 1819 598 noset
1845 557 1914 596 ex
1945 542 1990 596 A
2014 541 2318 611 jiulicemini
2337 557 2354 606 ;
2399 543 2449 594 in
2478 560 2577 612 quo
2608 552 2775 596 autem
2796 539 3176 615 fudit-avernis.
3203 546 3599 613 judicahimini;

335 639 488 694 nobis
509 649 816 707 susceptum
841 649 923 694 est
957 640 1212 710 templum
1238 640 1526 703 inhabitat;
1557 639 1678 709 quia
1699 640 1834 692 sicut
1861 638 1912 691 in

331 731 583 787 omnibus
599 731 844 787 habitans
864 733 1287 787 inconvertibilis
1309 733 1423 802 ejus
1447 733 1698 787 divinitas
1712 738 1912 796 manet,

332 825 406 881 ita
425 824 543 879 etin
571 838 698 890 uno,
723 822 864 893 quod
905 837 1122 894 propter
1136 833 1300 880 noset
1329 841 1392 879 ex
1424 825 1578 879 nobis
1607 831 1913 891 susceptum

333 927 416 989 est
445 916 735 985 templum,
778 915 1197 972 inconvertibilis
1242 918 1358 987 ejus
1398 917 1650 971 divinitas
1697 913 1912 970 mansit.

335 1009 446 1064 "ac
483 1010 639 1077 igitur
677 1009 972 1062 intentione
1006 1007 1205 1062 dictum
1241 1009 1538 1072 credamus,
1586 1015 1644 1061 ut
1681 1022 1778 1062 nec
1821 1011 1917 1059 im-

334 1099 623 1170 probemus
638 1099 926 1167 dicentem,
954 1115 1051 1156 nec
1069 1103 1424 1170 approbemus
1444 1111 1702 1156 errorem.
1729 1099 1918 1152 Posse-

333 1208 456 1250 mus
484 1205 533 1249 ct
563 1195 786 1250 aliorum
821 1211 885 1251 ex
920 1194 1000 1250 itis
1030 1209 1148 1266 quae
1176 1203 1464 1250 memorata
1500 1201 1626 1248 sunt
1658 1192 1916 1246 dictorum

335 1285 455 1355 ejus
497 1303 602 1340 non
633 1288 1078 1342 contemnendam
1112 1286 1339 1342 reddere
1369 1287 1626 1340 rationem
1650 1327 1664 1350 ,
1710 1292 1762 1338 et
1806 1285 1921 1337 sine

335 1380 499 1434 dubio
525 1380 791 1435 dz‘ctiores
827 1381 1055 1448 pintium
1089 1385 1328 1448 possent.
1379 1379 1459 1433 0b
1489 1379 1589 1431 hoc
1628 1365 1921 1446 igitur'non

336 1481 421 1524 est
459 1479 659 1524 temere
700 1470 768 1526 de
803 1471 1026 1524 mortuis
1056 1469 1425 1539 judicaudum.
1479 1467 1620 1522 Dicit
1653 1475 1831 1519 autem
1869 1473 1924 1519 et

341 1563 443 1615 hoc
485 1578 547 1614 ex
592 1575 818 1628 persona
867 1561 1072 1616 Domini
1106 1562 1299 1617 eodem
1333 1576 1497 1628 opere
1540 1560 1678 1613 libro
1708 1565 1922 1625 quarto,

340 1651 517 1717 Pater,
548 1654 591 1704 si
617 1654 852 1718 possibile
881 1663 953 1708 est
976 1670 993 1708 :
1026 1674 1044 1706 ι
1077 1653 1189 1707 Non
1222 1668 1438 1722 possum
1469 1660 1642 1705 morte
1674 1651 1923 1704 obtinere

335 1744 501 1796 vitam
527 1743 608 1797 his
634 1744 723 1812 qui
753 1745 801 1798 in
830 1757 946 1797 eam
977 1743 1304 1808 ceciderant,
1337 1743 1381 1796 si
1413 1743 1636 1796 moritur
1662 1755 1806 1793 mors
1838 1754 1922 1792 me

336 1836 624 1890 moriente.
669 1837 883 1890 Certum
912 1846 994 1891 est
1024 1843 1198 1889 autem
1230 1835 1352 1905 quia
1385 1833 1676 1888 secundum
1704 1846 1920 1884 earnctn

2021 634 2072 686 in
2104 651 2202 704 qua
2231 649 2465 687 mensura
2504 636 2666 689 memt'
2697 638 2916 705 fueritis,
2957 634 3190 692 metiatur
3217 637 3349 690 vobis
3387 640 3596 708 (Matth.

2020 742 2126 789 vn,
2169 727 2181 776 l
2208 769 2223 792 ,
2256 727 2329 788 Ξ).
2366 728 2420 782 Si
2453 743 2581 793 ergo
2614 731 2692 783 vel
2722 731 2821 798 ipsi
2853 731 3010 786 beato
3039 732 3238 804 Cyrillo
3268 742 3515 804 parcunt,
3554 738 3602 792 si

2019 832 2139 870 eunt
2173 817 2358 870 volunt
2390 820 2440 871 in
2475 819 2665 872 talibus
2697 821 2974 890 excusari,
3025 839 3130 878 non
3163 826 3388 882 ulterius
3414 840 3601 884 contra

2020 910 2464 989 Chalcedonense
2494 912 2777 966 concilium
2811 913 3017 981 dicant,
3067 919 3206 986 quod
3242 936 3346 974 non
3379 938 3604 991 parcens

2024 1005 2244 1056 mortuis
2278 1005 2610 1058 accusaverit
2643 1005 2863 1077 insignis
2895 1010 3183 1065 testimonii
3225 1012 3369 1067 viros
3410 1027 3464 1070 et
3493 1017 3605 1086 pith-

2025 1111 2120 1150 nos
2147 1097 2352 1150 diermn
2390 1097 2441 1150 in
2469 1099 2701 1152 maxima
2734 1099 2989 1155 Ecclesiae
3020 1101 3280 1172 dignitate
3299 1103 3602 1166 defunctos.

2025 1189 2314 1244 Attendere
2363 1205 2492 1246 sane
2541 1192 2740 1247 debent
2782 1195 2834 1248 in
2882 1195 2980 1248 hac
3017 1200 3308 1266 sententia,
3353 1199 3447 1271 qui
3484 1217 3606 1258 cum

2024 1278 2154 1331 dicit
2183 1281 2471 1334 humanam
2505 1290 2744 1336 naturam
2777 1297 2870 1352 per
2896 1285 3102 1339 unitum
3131 1287 3198 1341 ad
3219 1303 3336 1343 eam
3366 1289 3600 1347 Verbum

2025 1372 2328 1437 sublevari,
2382 1383 2439 1427 ut
2488 1389 2592 1427 non
2625 1374 2855 1443 prepriis
2884 1376 3246 1432 voluntatibus
3288 1382 3429 1448 quod
3462 1383 3609 1436 vide-

2027 1463 2180 1517 batur
2206 1463 2428 1528 faceret,
2463 1466 2557 1518 sed
2586 1467 2936 1520 intentionem
2960 1467 3192 1522 divinam
3223 1471 3398 1538 potius
3420 1486 3612 1542 seque-

2027 1567 2192 1623 retur,
2223 1557 2355 1612 duas
2375 1557 2902 1626 doceatvoluntatcs,
2929 1561 2973 1614 si
3002 1570 3178 1617 tamen
3215 1562 3350 1618 duas
3380 1572 3609 1630 tantum,

2027 1666 2145 1703 cum
2177 1651 2343 1704 solius
2374 1651 2619 1708 humanae
2648 1661 2850 1707 natum
2908 1668 3012 1708 non
3036 1655 3330 1724 propriam,
3361 1657 3452 1711 sed
3487 1673 3610 1726 pro-

2029 1745 2170 1812 prias
2212 1758 2332 1798 che
2375 1742 2568 1796 dixerit
2611 1745 2929 1808 voluntates,
2964 1761 3118 1816 quas,
3163 1757 3221 1801 ut
3262 1747 3374 1817 ipse
3407 1749 3612 1805 locutus

2028 1844 2134 1898 est,
2168 1833 2460 1890 docebatur
2489 1834 2734 1890 Christus
2763 1851 2867 1890 non
2898 1835 3098 1902 facere,
3147 1846 3201 1893 et
3228 1839 3386 1894 aliam
3416 1840 3614 1897 divinae

336 1929 498 1985 dicit.
531 1927 788 1982 Transeat
820 1927 979 1993 calix.
1020 1928 1396 1981 Verumtamen
1429 1925 1548 1994 quia
1586 1940 1688 1978 non
1722 1931 1916 1992 potest,
1953 1917 1998 1976 B
2027 1925 2356 1988 intentionis,
2395 1941 2551 1994 quam
2584 1928 2730 1995 sequi
2761 1926 3073 1982 docebatur.
3118 1929 3254 1996 Quid
3283 1941 3459 1986 autem
3500 1949 3617 1987 νιπ-

333 2017 544 2087 inquit,
581 2017 736 2073 aliter
764 2019 874 2072 fieri
897 2059 910 2082 ,
944 2035 1047 2072 non
1078 2019 1215 2072 sicut
1241 2034 1341 2087 ego
1366 2019 1510 2083 volo,
1543 2017 1637 2072 sed
1673 2017 1811 2071 sicut
1837 2026 1916 2070 tu.

339 2111 568 2180 Respne
609 2112 876 2182 quomodo
917 2111 1170 2166 deﬁciens
1212 2113 1424 2179 quidem
1462 2125 1646 2166 rursus
1691 2111 1923 2165 hominis

335 2216 553 2267 natura.
599 2215 854 2275 quantum
886 2205 951 2260 ad
983 2221 1099 2259 eam
1132 2205 1318 2259 attinet
1341 2249 1354 2268 ,
1407 2205 1716 2259 sublevatur
1744 2211 1922 2257 autem

337 2315 435 2366 per
466 2299 671 2352 unitum
703 2298 765 2353 ad
795 2313 912 2352 eam
945 2297 1176 2353 Verbum
1205 2299 1269 2352 ad
1300 2298 1530 2352 divinam
1560 2296 1835 2350 audaciam
1868 2303 1921 2349 et

339 2389 406 2441 ad
447 2390 761 2458 sapientiam
810 2389 1097 2459 iuvenilem
1131 2389 1408 2453 edocetur,
1461 2397 1516 2443 ut
1549 2403 1652 2442 non
1687 2387 1924 2456 pr0priis

339 2479 708 2533 voluntatibus
733 2480 871 2549 quod
893 2480 1169 2534 vizlebatur
1199 2479 1418 2544 faceret,
1452 2479 1545 2532 sed
1576 2477 1925 2532 intentionem

340 2575 576 2627 divinam
608 2575 785 2643 potius
816 2583 1150 2644 seipteretur.
1207 2593 1224 2625 ι
1261 2572 1552 2639 Propterea
1582 2570 1926 2626 Theodorum

344 2666 499 2733 [eius
527 2667 856 2721 «Immonibus
888 2665 1288 2734 blasphemasse
1317 2664 1593 2730 dixerunt,
1642 2663 1765 2732 quia
1796 2661 1929 2715 dixit

343 2757 486 2824 quod
529 2757 785 2812 Dominus
831 2757 1069 2810 timuerit
1098 2755 1424 2824 passionem.
1474 2751 1626 2820 Quod
1657 2751 1702 2806 si
1733 2751 1928 2821 recipi-

344 2864 489 2909 mus,
520 2847 779 2919 Cyrillum
811 2863 1023 2917 quoque
1053 2861 1306 2915 cogemur
1336 2845 1515 2899 dicere
1547 2843 1696 2912 pejus
1725 2841 1929 2896 dmmoa

346 2941 504 2996 nibus
530 2933 955 3010 blasphemnsse,
984 2940 1071 3008 qui
1102 2953 1197 3010 nos
1228 2938 1474 2991 admonet
1499 2944 1556 2990 ut
1583 2935 1931 3004 respiciamus

347 3014 618 3105 quomodo
677 3033 932 3088 deficiens
989 3031 1224 3085 hominis
1281 3037 1492 3096 natura,
1551 3036 1810 3097 quantum
1863 3026 1931 3082 ad

346 3145 469 3184 eam
502 3128 727 3194 attinet,
778 3126 1085 3182 sublevatur
1139 3140 1234 3194 per
1280 3124 1484 3177 unitum
1535 3122 1599 3175 ad
1633 3135 1749 3176 eam
1797 3119 1930 3173 Ver-

348 3222 476 3273 hum
513 3218 580 3271 ad
611 3218 844 3272 divinam
897 3216 1196 3270 audaciam.
1257 3215 1366 3269 lloc
1413 3224 1596 3268 autem
1648 3211 1792 3280 quod
1830 3211 1929 3266 ad—

348 3316 510 3385 jecit,
552 3325 601 3370 et
633 3313 696 3368 ad
725 3315 1039 3381 sapientiam
1082 3310 1370 3381 juvenilem
1414 3309 1689 3374 edocetur,
1733 3316 1790 3361 ut
1827 3323 1930 3361 non
1958 3291 2004 3354 (ἶ

353 3408 583 3477 propriis
614 3406 974 3462 voluntatibus
1012 3405 1153 3476 quod
1198 3403 1476 3458 videbatur
1516 3404 1752 3468 faceret,
1799 3400 1932 3455 doc-

351 3502 518 3556 tiores
547 3516 666 3555 cum
703 3499 1018 3568 quibusdam
1049 3515 1166 3565 qua:
1206 3481 1454 3567 superius
1484 3505 1779 3550 memorata
1811 3504 1934 3549 sunt

352 3596 795 3662 interpretentur,
828 3593 870 3647 si
906 3601 1080 3654 tamen
1115 3591 1429 3662 Eutychiani
1463 3605 1759 3656 eorumque
1791 3602 1938 3643 com-

353 3686 519 3754 plices
569 3685 732 3739 velint
780 3683 1083 3738 admittere.
1135 3682 1265 3737 Nam
1296 3697 1415 3737 cum
1459 3682 1802 3747 Athanasius,
1847 3682 1937 3750 qui

355 3776 659 3831 decessoris
689 3777 767 3830 sui
805 3776 1041 3847 Dionysii
1083 3775 1281 3844 scripta
1317 3775 1578 3844 purgavit,
1624 3775 1825 3844 aliquid
1859 3776 1940 3829 in-

361 3867 577 3922 venitur
605 3867 706 3920 tale
734 3865 934 3922 dixisse
955 3866 1097 3934 quod
1123 3867 1386 3934 legentem
1419 3877 1600 3936 posset
1628 3867 1937 3930 oﬁ‘endere;

360 3961 441 4012 vel
488 3974 606 4011 cuzn
659 3959 904 4022 Basilius,
954 3958 1041 4027 qui
1092 3960 1264 4026 magni
1316 3959 1561 4030 Gregorii
1603 3960 1776 4023 dicta;
1827 3961 1941 4015 sive

365 4050 612 4114 llilarius,
664 4050 751 4118 qui
798 4049 1011 4103 concilii
1058 4061 1242 4102 contra
1275 4049 1494 4103 Paulum
1525 4051 1939 4104 Samosatennm

367 4143 702 4211 congregati,
734 4151 893 4213 atque
923 4142 1232 4196 Sitmiensis
1255 4146 1538 4196 coiistitnta
1565 4143 1833 4209 defendit;
1868 4144 1946 4198 fas

368 4252 470 4290 nou
503 4247 582 4288 est
613 4237 833 4288 omnino
880 4236 946 4290 de
973 4244 1131 4290 tanta:
1165 4236 1375 4304 pietatis
1404 4236 1530 4291 viris
1557 4237 1695 4290 tnale
1725 4238 1944 4302 sentire,

367 4329 455 4396 qui
479 4346 540 4383 ex
575 4329 876 4395 semetipsis
908 4329 1042 4382 alios
1067 4330 1415 4393 aestimantes,
1446 4344 1705 4383 excusare
1732 4329 1948 4384 studue-

367 4432 492 4472 runt
540 4421 680 4474 dicta
732 4421 990 4490 majorum
1013 4462 1028 4484 ,
1079 4431 1130 4475 ct
1159 4421 1387 4490 qualiter
1419 4436 1448 4474 a
1480 4438 1539 4475 sc
1570 4422 1672 4476 diei
1709 4433 1944 4491 possent,

368 4515 438 4566 tai
468 4523 547 4566 ιλιι
589 4513 656 4566 ab
687 4513 790 4567 illis
821 4511 1024 4581 prolata
1057 4522 1111 4566 et
1137 4511 1204 4564 ab
1235 4512 1471 4566 Ecclesia
1503 4524 1748 4581 suscepta
1778 4516 1951 4568 credi-

368 4603 559 4656 derunt
581 4648 594 4672 ,
629 4612 685 4657 ut
711 4605 761 4656 in
794 4619 854 4658 ea
889 4612 1267 4672 permanerent
1297 4603 1557 4670 episcopi.
1609 4604 1712 4658 Sed
1747 4615 1800 4659 et
1830 4607 1950 4672 qui-

2028 2034 2121 2074 sus
2151 2020 2202 2072 in
2243 2018 2431 2072 eodem
2463 2033 2626 2086 opere
2652 2029 2814 2088 atque
2859 2020 2911 2073 in
2942 2021 3132 2075 eodem
3183 2023 3316 2077 libro
3360 2024 3502 2078 dicat
3545 2026 3618 2081 de

2027 2109 2231 2164 duabus
2259 2109 2455 2162 Christi
2486 2109 2870 2173 voluntatibus,
2905 2109 2971 2164 de
3000 2111 3191 2180 quibus
3212 2114 3372 2167 etiam
3401 2113 3612 2169 beatum

2031 2203 2382 2258 Athanasium
2430 2210 2660 2256 tractare
2707 2201 2864 2256 tertio
2908 2212 3089 2256 nostro
3133 2203 3272 2258 libro
3316 2204 3616 2269 docuimus,

2033 2296 2198 2350 lector
2227 2295 2488 2349 advertat.
2530 2312 2548 2343 ε
2584 2293 2719 2360 Quid
2750 2303 2898 2359 erat,
2934 2294 3136 2364 inquit,
3171 2296 3526 2351 voluntarium
3566 2309 3619 2355 et

2033 2403 2136 2441 non
2197 2387 2551 2440 voluntarium
2608 2384 2866 2438 Christo?
2915 2400 2942 2438 a
2990 2386 3126 2441 Joda
3148 2387 3192 2440 is
3245 2387 3618 2464 exlmno'a-tio,

2032 2483 2409 2546 detractiones,
2465 2478 2693 2550 injuriae,
2740 2479 2906 2549 plaga
2953 2483 2995 2544 ’,
3046 2496 3208 2548 super
3250 2483 3362 2537 haec
3409 2498 3620 2554 quoque

2032 2573 2336 2636 calumniaz,
2386 2582 2439 2624 et
2480 2571 2620 2639 quod
2653 2581 2736 2623 est
2776 2571 2828 2623 in
2859 2573 3106 2626 omnibus
3137 2572 3384 2626 ultimum
3409 2617 3422 2641 ,
3478 2589 3620 2630 mors

2033 2666 2293 2736 corporis.
2325 2664 2431 2718 Sed
2462 2665 2504 2718 si
2537 2663 2718 2718 fuisset
2750 2665 3003 2732 possibile
3036 2675 3088 2719 ut
3122 2680 3228 2721 non
3261 2681 3449 2736 passus
3476 2670 3616 2723 obti-

2033 2769 2185 2814 neret
2227 2759 2278 2811 in
2321 2757 2474 2811 nobis
2519 2755 2660 2826 quod
2707 2765 2789 2810 stu
2817 2758 2994 2818 Tebat,
3047 2772 3150 2811 non
3191 2758 3447 2814 voluisset
3489 2761 3615 2829 pati.

2033 2851 2296 2918 QuOuiam
2317 2857 2492 2902 autem
2514 2847 2733 2901 omnino
2753 2858 2802 2902 et
2827 2848 3258 2903 inexcusabiliter
3281 2849 3441 2903 futuri
3468 2863 3622 2905 erant

2034 2942 2202 2997 Judzei
2237 2955 2563 3010 pratsntncre
2589 2955 2706 3008 qua:
2739 2939 2791 2993 in
2825 2956 2890 2994 eo
2923 2940 3058 2993 facta
3099 2951 3217 2994 sunt
3237 2927 3263 3006 ,i
3305 2942 3536 3012 suscepit
3567 2953 3623 2996 ut

2036 3040 2329 3101 pateretur,
2353 3041 2406 3085 et
2429 3030 2554 3085 fecit
2576 3031 2962 3096 voluntarium,
2995 3031 3134 3100 quod
3161 3046 3263 3086 non
3289 3041 3406 3086 erat
3433 3033 3624 3088 volun-

2037 3124 2228 3178 tarium
2253 3164 2269 3189 ,
2309 3131 2529 3193 propter
2559 3121 2838 3176 utilitatem
2866 3137 2934 3176 ex
2966 3123 3235 3190 passione.
3274 3142 3293 3174 ι
3327 3124 3624 3180 Attendaut

2037 3229 2162 3283 ergo
2190 3211 2636 3282 quemadmodum
2665 3212 2852 3266 beatus
2877 3211 3130 3282 Cyrillus,
3163 3211 3264 3268 etsi
3295 3229 3402 3268 non
3428 3213 3616 3268 iisdem

2039 3309 2215 3366 verbis
2240 3307 2433 3377 quibus
2455 3314 2670 3360 sanctus
2692 3304 3035 3371 Athanasius,
3067 3304 3198 3360 duas
3222 3317 3396 3363 tamen
3427 3311 3619 3365 Volun-

2040 3410 2174 3456 tates
2205 3399 2396 3454 doceat
2426 3399 2480 3452 in
2508 3396 2723 3453 Christo
2750 3395 2934 3463 fuisse,
2978 3413 3099 3453 cum
3130 3399 3258 3454 dicit
3289 3410 3341 3455 ct
3372 3401 3618 3457 volunta-

2041 3496 2177 3549 riqu
2222 3503 2275 3548 et
2319 3509 2424 3547 non
2465 3493 2818 3546 voluntarium
2871 3492 3034 3546 fuisse
3070 3493 3089 3522 ³
3118 3494 3258 3562 quod
3287 3509 3473 3564 passus
3509 3506 3616 3562 e-t,

2041 3584 2222 3650 υιιιιιὶςι
2241 3595 2355 3650 qua:
2374 3591 2593 3650 propter
2610 3595 2708 3634 nos
2730 3583 2912 3635 volens
2931 3597 3118 3650 passus
3140 3591 3347 3638 estnon
3370 3584 3626 3640 voluisset

2046 3677 2183 3746 pati,
2208 3685 2261 3729 et
2291 3674 2412 3743 quia
2445 3672 2571 3727 fecit
2594 3672 2949 3726 voluntarium
2983 3673 3124 3741 quod
3157 3689 3261 3726 non
3295 3684 3411 3728 erat
3441 3675 3628 3729 volun-

2047 3773 2234 3827 tariqu
2263 3789 2276 3824 :
2303 3784 2400 3825 nec
2428 3769 2448 3800 ⁸
2475 3784 2568 3837 per
2593 3770 2692 3822 hoc
2720 3769 2856 3822 duos
2881 3767 3124 3823 Christus
3153 3780 3241 3823 aut
3271 3770 3404 3826 filios
3435 3775 3630 3841 praedi-

2045 3879 2198 3919 casse
2235 3863 2506 3933 credatur.
2556 3861 2714 3927 Quod
2749 3861 2795 3916 si
2833 3861 3027 3916 dicitur
3069 3864 3206 3918 istud
3251 3866 3628 3930 voluntarium,

2051 3957 2165 4010 inec
2204 3955 2414 4023 quidem
2459 3964 2674 4022 prepter
2703 3969 2800 4006 nos
2829 3955 3015 4008 volens
3046 3971 3230 4022 passus
3259 3964 3339 4009 cst.
3367 3943 3632 4024 Christus,

2049 4058 2102 4102 ct
2129 4063 2232 4100 non
2265 4031 2621 4100 voluntarium
2653 4045 2886 4111 Christo,
2940 4046 3023 4100 vel
3056 4050 3195 4117 quod
3228 4050 3415 4104 volens
3447 4067 3635 4117 pa~sus

2049 4151 2128 4195 est
2161 4138 2304 4207 quod
2334 4154 2438 4192 non
2468 4137 2719 4192 voluisset
2751 4138 2889 4206 pati,
2934 4154 3038 4192 non
3064 4137 3194 4201 duas
3218 4141 3415 4196 divinae
3449 4143 3634 4196 huma-

2053 4249 2242 4304 naeque
2291 4241 2496 4286 natura:
2542 4231 2840 4286 voluntates
2889 4233 3199 4299 ostendere,
3253 4234 3345 4289 sed
3393 4235 3637 4290 humanm

2055 4325 2292 4395 mutum,
2337 4336 2555 4398 promer
2595 4327 2738 4381 aliud
2783 4335 2838 4381 et
2874 4326 3038 4392 aliud,
3087 4327 3245 4382 aliam
3286 4338 3444 4398 atque
3484 4329 3638 4383 aliam

2057 4421 2412 4483 voluntatem;
2466 4417 2605 4487 quod
2651 4417 2704 4470 in
2743 4425 2930 4470 natura
2960 4409 3138 4472 divina
3171 4415 3197 4451 ⁸
3227 4433 3333 4473 non
3374 4422 3639 4488 congruit,

2056 4524 2114 4566 ut
2159 4511 2403 4566 eamdem
2456 4524 2568 4563 rent
2618 4509 2744 4562 velit
2793 4509 2960 4562 simul
2993 4517 3048 4562 et
3092 4509 3264 4564 nolit:
3295 4519 3541 4578 superest
3591 4524 3641 4565 nl

2057 4607 2292 4674 exceptis
2321 4603 2407 4658 his
2436 4603 2818 4665 voluntatibus,
2868 4601 2968 4655 alia
3003 4601 3161 4656 fuerit
3193 4602 3245 4656 in
3298 4604 3514 4658 Christo
3557 4622 3642 4656 ea-

369 4711 580 4764 eunque
604 4695 689 4749 alii
716 4695 1050 4750 venerabiles
1076 4695 1284 4760 Patres,
1314 4711 1448 4763 quos
1477 4696 1615 4748 dicta
1651 4697 1952 4762 prteeeden-
1989 4677 2032 4732 θ
2059 4698 2288 4764 demque
2340 4697 2390 4750 in
2443 4695 2600 4749 Patre
2631 4703 2683 4747 ct
2711 4694 2912 4761 Spiritu
2956 4702 3164 4757 sancto,
3218 4703 3421 4749 naturm
3453 4695 3644 4748 divinat

370 4798 503 4839 tum
545 4803 651 4840 non
687 4787 908 4856 legimus
941 4801 1247 4849 excusasse,
1303 4787 1498 4855 aliquid
1545 4787 1648 4839 tale
1677 4788 1952 4854 dixcrUut,

373 4877 660 4931 denotautli
704 4878 886 4946 proco!
932 4876 1094 4931 dubio
1137 4893 1240 4931 non
1286 4886 1442 4937 sunt.
1495 4879 1707 4946 quando
1753 4888 1805 4933 et
1857 4879 1958 4946 ipsi

374 4969 614 5032 eiusdem
647 4969 859 5036 pietatis
883 4968 1044 5022 fuisse
1067 4969 1376 5023 credantur.
1410 4968 1540 5023 Cum
1567 4985 1691 5024 vero
1712 4971 1779 5024 de
1805 4973 1960 5026 beato

376 5062 580 5130 Cyrillo
607 5063 657 5114 in
683 5062 1097 5116 destructionem
1116 5061 1302 5132 synodi
1327 5061 1775 5117 Chalcedonensis
1795 5063 1958 5133 Euty-

375 5154 554 5206 chiani
595 5168 714 5207 cum
759 5153 872 5207 suis
922 5151 1244 5207 satellitibus
1284 5152 1495 5220 dicunt,
1543 5153 1632 5222 qui
1676 5168 1778 5208 non
1826 5153 1961 5209 forte

377 5244 766 5299 interveniente
791 5244 971 5312 aliqua
996 5244 1296 5309 occasione,
1331 5243 1422 5297 sed
1455 5244 1644 5297 sedulo
1674 5253 1728 5297 et
1758 5244 1820 5296 ad
1856 5245 1959 5300 hoc

380 5338 624 5389 instituto
649 5351 833 5404 opere,
862 5335 1132 5389 Theodori
1164 5350 1192 5388 a
1222 5335 1379 5390 tantis
1409 5335 1654 5388 Patribus
1682 5337 1956 5403 praedieati

379 5431 519 5484 dicta
552 5431 816 5484 notaverit
850 5447 862 5482 :
895 5431 1018 5498 quid
1051 5429 1193 5484 aliud
1228 5431 1241 5460 '
1276 5430 1375 5482 nisi
1407 5438 1463 5482 ιιι
1498 5430 1612 5496 ipsc
1645 5429 1694 5482 in
1730 5429 1810 5482 his
1842 5447 1959 5498 qua:

386 5525 801 5578 mcumraviums
827 5525 1146 5592 uolet-isque
1177 5524 1440 5576 similibus
1472 5523 1848 5577 inexcusabilis
1873 5523 1960 5592 jtl-

385 5615 633 5671 dicetur?
661 5617 869 5671 Veritas
897 5619 1038 5671 enitn
1076 5615 1206 5670 dicit
1249 5635 1261 5669 :
1295 5614 1468 5668 Nolite
1489 5615 1747 5686 judicare,
1782 5628 1834 5668 ut
1865 5636 1963 5670 nrn

460 5769 472 5798 ’
515 5766 626 5822 Cod
664 5767 882 5832 Veron.,
916 5767 1038 5833 quid
1069 5767 1213 5820 aliud
1244 5767 1461 5832 faciunt,
1489 5764 1603 5817 nisi.

394 5877 409 5887 .
451 5840 468 5907 ἦ
514 5840 654 5892 Idem
684 5839 827 5898 cod,
857 5841 1042 5906 plagita,
1077 5839 1285 5907 ﬂagella
1314 5848 1360 5890 et
1386 5847 1556 5905 sputa.

451 5906 469 5935 ³
514 5909 656 5966 Idem
681 5910 823 5970 cod,
854 5912 895 5963 ei
918 5909 1100 5978 fuisse.

2069 4790 2334 4854 voluntas,
2383 4789 2465 4842 cui
2507 4787 2650 4840 aliud
2695 4798 2747 4840 ct
2789 4787 2930 4840 aliud
2971 4786 3261 4839 convenire
3305 4801 3408 4837 non
3458 4785 3643 4853 possit.

2067 4881 2293 4934 Proinde
2327 4879 2514 4932 hocab
2544 4879 2996 4948 Eutychianomm
3029 4879 3108 4930 vel
3140 4875 3641 4946 Sentieutyehiano-

2066 4989 2180 5026 rutn
2215 4971 2507 5024 fautoribus
2546 4979 2950 5036 exspectamus,
3003 4986 3067 5019 ne
3113 4968 3162 5020 in
3202 4965 3647 5020 Comletnnatione

2067 5065 2323 5118 doctrina:
2355 5061 2623 5118 Theodori
2673 5061 2970 5114 doctrinam
3018 5072 3227 5126 quoque
3278 5056 3422 5111 beati
3462 5059 3646 5126 Cyrilli

2070 5175 2163 5228 pro
2193 5157 2277 5211 his
2302 5166 2459 5226 atque
2489 5155 2858 5231 hujuscemodi
2883 5154 3093 5206 caeteris
3121 5153 3392 5206 damnent.
3426 5154 3576 5221 Quod
3606 5157 3648 5211 si

2070 5252 2281 5304 beatum
2313 5248 2568 5318 Cyrillum
2601 5247 2962 5301 condemnare
2993 5244 3146 5296 nefas
3175 5243 3512 5311 existimant,
3550 5262 3646 5302 nec

2068 5345 2408 5399 Theodorum
2451 5342 2504 5395 in
2548 5339 2912 5410 praeiudicium
2955 5339 3124 5392 sancti
3161 5338 3370 5407 concilii
3411 5341 3650 5409 culpent,

2069 5438 2222 5503 (μίξικί
2265 5433 2567 5488 Nestoriaui
2611 5430 2811 5487 erroris
2850 5441 3144 5484 auctorem.
3191 5429 3307 5485 iam
3349 5446 3476 5484 vero
3509 5434 3553 5484 si
3595 5442 3652 5487 et

2073 5537 2194 5594 [10st
2245 5535 2486 5578 exortam
2539 5540 2601 5577 ac
2648 5522 2974 5577 diti'amatam
3027 5522 3255 5577 Nestorii
3302 5525 3650 5592 qua-stionem

2077 5621 2262 5672 beatus
2300 5617 2532 5688 (Iyrillns
2581 5615 2705 5669 talia
2757 5615 2836 5670 vel
2887 5617 3060 5670 taliter
3112 5624 3194 5671 est
3243 5616 3470 5680 locutus,
3522 5619 3647 5684 quid

2137 5768 2154 5794 "
2203 5768 2339 5821 Ideni
2369 5767 2511 5833 rnd.,
2542 5785 2632 5822 nec
2661 5778 2850 5824 tamen.

2144 5842 2159 5867 °
2202 5839 2343 5894 ldt'm
2376 5841 2521 5906 cod.,
2563 5844 2699 5911 quod
2733 5854 2929 5897 natura:
2959 5843 3140 5897 divina:
3170 5860 3269 5896 non
3301 5842 3550 5911 congruit.
