3998 6202
465 345 569 402 8‘25

1524 356 1822 414 FACU-NDJ
1860 358 2077 420 E‘PISC.,
2115 361 2618 427 il'iiliMIANENSIS

3607 389 3701 447 826

462 460 659 515 mirum
676 461 722 516 si
740 461 1072 530 Theodorus,
1099 467 1324 524 necdum
1347 473 1748 532 contradicente
1767 477 2034 545 Nestorio,
2067 479 2109 533 Λ
2142 481 2300 550 igitur
2353 485 2669 556 Eutychiani
2717 506 3008 563 eorumque
3054 495 3366 566 complices,
3424 500 3614 557 doctos
3655 517 3703 561 et

460 549 779 605 calumniam
811 553 923 609 sive
949 556 1308 625 suspicionem
1341 561 1596 632 inopinati
1625 570 1823 623 erroris
1855 571 2032 626 incur-

461 638 569 693 rit?
617 641 904 710 Coguoscis
953 655 1133 702 autem-
1187 665 1250 704 ex
1303 651 1384 706 his
1426 670 1544 723 quae
1594 664 2024 730 memoravimus,

459 731 872 790 clementissime
900 737 1208 806 imperator,
1238 745 1378 812 quod
1409 748 1670 804 veraciter
1699 753 2029 820 sapientissio

456 836 575 875 mus
623 823 856 882 Joannes
912 831 1280 890 Antiochenus
1328 853 1448 893 cum
1504 842 1750 911 orientali
1799 847 2027 904 concilio

456 915 694 972 srribens
723 919 879 975 beato
905 921 1122 993 Cyrillo,
1147 942 1216 982 ne
1239 930 1479 994 quaedam
1503 945 1753 1006 excerpta
1779 953 1842 992 ex
1865 939 2024 996 dictis

455 1003 727 1061 Theodori”
754 1009 852 1065 sub
877 1012 1212 1071 anathemate
1238 1017 1637 1092 damnarentur,
1668 1003 1818 1082 addit
1866 1039 2024 1101 atque

452 1097 562 1150 ait:
592 1115 612 1148 s
651 1097 934 1170 Excerptis
962 1105 1107 1159 enim
1139 1106 1253 1162 istis
1298 1111 1490 1166 similia
1536 1118 1776 1184 quaedam
1814 1120 2022 1177 inveni—

454 1203 571 1241 mus
597 1190 734 1258 apud
767 1192 976 1249 beatum
1001 1195 1020 1229 ί
1043 1206 1097 1252 et
1117 1199 1350 1256 nobilem
1381 1203 1751 1278 Athanasium,
1778 1215 2018 1282 quaedam

451 1276 609 1332 etiam
641 1281 780 1348 apud
812 1281 1026 1340 beatum
1058 1287 1309 1346 Basillum
1329 1335 1343 1359 ,
1378 1297 1619 1363 quaedam
1649 1276 2040 1375 apud-Gregom

453 1369 585 1423 rium
615 1378 918 1444 utrumque,
970 1379 1140 1434 multa
1170 1399 1299 1446 vero
1328 1395 1384 1441 et
1412 1390 1548 1456 apud
1590 1369 2022 1462 Amphilochium

449 1459 645 1528 saepius
684 1462 859 1532 dicta;
896 1482 1000 1523 non
1041 1485 1200 1540 parva
1231 1490 1357 1532 vero
1406 1489 1459 1534 et
1503 1481 1641 1550 apud
1683 1499 2018 1545 communem

447 1546 658 1604 Patrem
707 1551 924 1610 beatum
965 1559 1338 1632 TheOphilum.
1385 1546 1696 1629 Suntveuim
1733 1592 1852 1646 quas
1879 1581 1899 1611 ²
1933 1592 2020 1636 tua

447 1632 702 1696 sanctitas
740 1643 811 1698 ita
853 1648 1158 1719 confitetur,
1210 1663 1265 1709 nt
1293 1661 1537 1716 eumdem
1582 1664 1648 1720 de
1682 1632 1784 1722 illis
1824 1670 2018 1728 habeas

448 1725 797 1789 intellectum.
828 1735 921 1792 His
951 1753 1081 1806 ergo
1111 1748 1419 1802 commoniti
1441 1791 1456 1811 .
1509 1767 1614 1807 non
1645 1769 1708 1808 ex
1742 1755 2020 1815 haeretico-

445 1832 561 1870 rum
607 1820 696 1875 vel
735 1823 1068 1898 quorumque
1117 1832 1291 1889 minus

442 1906 582 1962 dicta
611 1913 846 1969 omnium
879 1917 929 1971 in
961 1935 1090 1989 pace
1116 1922 1372 1982 Ecclesia;
1399 1931 1790 1999 quiescentium
1811 1939 2016 2006 judice-

442 2013 591 2067 mus;
641 2006 743 2058 sed
775 2007 950 2076 potius
979 2026 1040 2066 ex
1075 2013 1370 2072 intentione
1397 2019 1685 2078 dicentium
1718 2042 1732 2080 :
1765 2032 2012 2097 quoniam

446 2088 561 2144 lucc
589 2107 709 2162 quas
736 2111 1052 2171 quocunque
1081 2105 1240 2160 modo
1280 2110 1523 2166 videntur
1554 2114 1806 2183 lectorem
1841 2120 2012 2177 oil‘en-

439 2179 586 2248 dere,
610 2198 714 2239 non
729 2200 1074 2260 segregantes
1089 2200 1404 2270 semetipsos
1422 2203 1677 2262 adversus
1699 2208 2006 2281 Ecclesiam,

436 2271 531 2325 sed
583 2287 690 2342 pro.
728 2276 970 2335 Ecclesia
1019 2286 1350 2354 scripserunt
1397 2294 1653 2350 adversus
1707 2299 2005 2359 haereticos.

433 2358 683 2431 Nunquid
711 2368 855 2423 enim
883 2372 1110 2441 probare
1141 2380 1422 2451 quisquam
1453 2396 1628 2456 potest
1655 2393 1796 2461 quod
1823 2358 2008 2452 contra

417 2464 526 2524 .cos
555 2453 679 2508 talia
701 2455 951 2516 dixerunt
972 2467 1062 2533 qui
1090 2481 1424 2529 sacramento
1450 2453 1734 2558 dominicae
1765 2482 2009 2542 incarna-

433 2541 593 2598 tionis
622 2560 778 2602 unam
825 2549 918 2606 Dei
953 2553 1108 2612 Verbi
1139 2567 1296 2630 atque
1327 2562 1556 2622 hominis
1587 2549 1780 2627 factam
1817 2541 2006 2634 crede-

429 2631 559 2687 bant
610 2650 727 2692 esse
772 2655 1088 2716 personam,
1141 2661 1195 2705 et
1239 2667 1344 2710 non
1375 2658 1550 2726 potius
1599 2661 1857 2726 adversus
1886 2668 2034 2725 illos»

429 2725 520 2788 (μή
549 2726 683 2785 duas
707 2731 758 2786 in
791 2749 893 2789 una
923 2735 1118 2796 Christi
1146 2749 1722 2824 personadenegabant
1744 2765 2004 2823 mansisse

428 2825 706 2876 naturas?"
745 2844 764 2877 ι
809 2827 863 2883 Si
907 2832 1025 2900 quis
1055 2832 1216 2905 igitur
1259 2839 1406 2912 dicat
1445 2844 1535 2900 illo
1574 2854 1835 2920 tempore,
1880 2853 2002 2912 cum

427 2925 531 2966 non
573 2913 778 2971 hisdem
821 2922 1012 2990 quibus
1055 2942 1151 2983 nos
1200 2921 1575 2993 haereticorum
1622 2945 2004 3010 quaestionibus

425 3002 664 3062 Ecclesia
693 3009 1011 3082 pulsaretur,
1041 3029 1098 3074 et
1120 3027 1415 3080 necessaria
1442 3024 1557 3085 haec
1585 3021 1840 3091 adversus
1863 3037 1999 3095 alios

427 3093 725 3168 hereticos,
758 3115 810 3158 et
839 3106 1116 3166 catholicis
1147 3115 1356 3171 innoxia
1385 3117 1548 3176 fuisse
1581 3142 1591 3175 ε
1625 3139 1767 3181 nunc
1787 3136 1993 3198 autem,

424 3189 752 3249 Nestorianis
794 3201 1130 3260 occa-sionem
1173 3207 1464 3284 simplicem
1508 3213 1805 3284 decipiendi
1853 3236 1997 3291 qua--

421 3283 681 3349 rentibus,
725 3288 1071 3350 abstinendos
1101 3313 1221 3352 esse
1250 3301 1456 3369 fideles,
1508 3309 1844 3379 maximeque
1872 3329 1994 3382 par-

422 3371 593 3437 vulos,
637 3374 704 3429 ab
749 3380 1064 3449 scriptorum
1101 3387 1280 3443 talium
1329 3393 1554 3451 lectione
1583 3413 1598 3452 :
1631 3393 1714 3453 eui
1759 3417 1893 3456 sano
1933 3419 1995 3460 ac

422 3459 668 3528 prudenti
695 3465 1086 3537 displiceathoc
1100 3491 1286 3532 sanum
1316 3484 1654 3556 prudensque
1680 3491 1995 3548 consilium?
2035 3542 2037 3544 .

418 3557 474 3602 ut
515 3554 762 3620 quoniam
806 3558 988 3618 hostes
1029 3580 1162 3631 quos
1201 3573 1358 3628 modo
1405 3591 1502 3631 nos
1545 3554 1792 3649 patimur,
1836 3586 1993 3641 aliter

416 3650 695 3698 armantur
735 3647 993 3708 adversus
1025 3655 1346 3728 Ecclesiam,
1397 3665 1513 3735 ejus
1549 3683 1758 3740 quoque
1811 3674 1992 3732 fideles

414 3744 478 3781 ac
497 3743 925 3803 propugnatores.
941 3735 991 3797 in
1017 3745 1131 3800 aliis
1154 3763 1272 3803 sese
1297 3756 1459 3808 armis
1487 3770 1771 3814 exerceant
1789 3780 1814 3826 ;⁸
1835 3772 1990 3834 atque

412 3820 487 3876 ita
519 3823 634 3879 sine
663 3829 1002 3900 antiquorum
1031 3836 1283 3897 Ecclesiae
1310 3846 1716 3913 praedicatorum
1752 3852 1986 3922 infamia,

410 3912 480 3966 ab
509 3914 880 3979 hmreticomm
911 3925 1114 3985 insidiis
1143 3934 1497 3993 calumnietur
1530 3941 1569 3996 ⁸.
1594 3942 1703 3999 Nec
1726 3945 1986 4004 videbitur

409 4005 671 4066 insultare
695 4011 979 4084 defunctis,
1012 4033 1102 4076 aut
1133 4025 1495 4095 religiosiores
1526 4048 1623 4087 nos
1653 4046 1744 4090 aut
1772 4039 1999 4108 sapicn-'

409 4095 574 4151 tiores
599 4099 649 4156 in
678 4102 902 4160 aliorum
931 4111 1441 4179 reprehensionibus
1467 4132 1758 4190 ostentare,
1792 4138 1842 4181 et
1869 4131 1982 4199 glo-

411 4187 543 4242 riam
573 4191 640 4246 de
685 4195 969 4265 ignominia
1011 4203 1379 4262 defunctorum
1425 4223 1677 4281 appetere
1703 4187 1983 4286 :quodvita

407 4277 903 4357 beatusb‘regorius
925 4293 973 4346 in
994 4294 1344 4366 Apologetico
1367 4277 1635 4359 suo—notat
1659 4323 1672 4360 :
1709 4327 1726 4358 ‹
1757 4308 1973 4381 Omnes,

408 4368 620 4440 inquit,
651 4391 717 4430 ex
773 4377 873 4434 hoc
916 4381 1055 4438 docti
1104 4396 1157 4441 et
1195 4389 1442 4471 catholici
1493 4397 1739 4452 volumus
1786 4402 1976 4471 videri,

406 4465 450 4515 si
480 4461 612 4518 alios
637 4469 1111 4546 reprehendamus,
1145 4489 1196 4533 et
1224 4459 1412 4552 impios
1436 4485 1754 4555 jndicemus.
1796 4510 1813 4543 ι
1841 4491 1972 4548 Cum

480 4615 494 4689 ξ
537 4613 669 4689 ped.
701 4618 919 4688 Verum,
950 4636 1023 4678 1d”
1053 4631 1273 4689 beatum.

475 4684 495 4714 ¹
535 4683 674 4740 Idem
699 4693 844 4758 ood.,
875 4683 989 4764 qum

409 4851 668 4864 -—___.—

687 4857 1458 4881 Μ

1543 4877 1726 4887 ——.__.

909 5158 1141 5216 CAPUT
1176 5164 1457 5222 PRIMUM.

401 5264 559 5349 Quod
593 5268 885 5349 lrrrreticuitt
919 5274 1075 5339 faciat
1111 5270 1561 5349 Mnignorantia,
1598 5287 1684 5336 sed
1715 5285 1968 5341 obstinata

467 5335 692 5426 defensio
723 5335 997 5423 falsitatis;
1029 5335 1506 5426 etquodvhmretici
1532 5335 1846 5408 'nouﬁstatim
1873 5359 1956 5426 ju-

468 5403 673 5455 iticnndi
697 5403 798 5458 sint
824 5413 908 5476 qui
937 5403 988 5464 in
1019 5403 1270 5484 aliq'uibus
1303 5426 1601 5475 erraverint.

467 5512 715 5569 Defensio
760 5533 966 5587 magna:
1021 5529 1206 5594 synodi
1268 5531 1738 5599 Chalcedonensis,
1803 5552 1959 5606 quam

393 5603 743 5660 criminantur
769 5608 1022 5678 Arepbali
1047 5617 1184 5683 quod
1200 5619 1477 5686 episto‘am
1510 5629 1830 5683 venerabilis
1855 5631 1959 5686 Iba:

391 5695 687 5749 doctrinam
701 5695 966 5754 Theodori
989 5701 1287 5760 laudantem
1307 5709 1560 5777 judicavit
1577 5716 1952 5787 orthodoxam,

393 5785 642 5856 compulit
674 5799 769 5844 nos
794 5788 1188 5852 ι()ι’ἰριιι;ι[ἰ,υιιι
1223 5797 1454 5856 maxime
1480 5802 1953 5864 adntoneutecon-

1337 1836 1740 1910 intell'genlium
1771 1847 2014 1916 arbitrio,
2054 1846 2093 1902 Β
2124 1862 2291 1925 facere
2318 1858 2558 1926 sabbatis,

1389 4971 1728 5058 LIBER
1805 4977 2223 5100 DUODE

2132 579 2422 635 catholicos
2449 596 2532 648 se,
2558 597 2664 638 non
2686 584 2757 640 de
2784 586 2939 640 unius
2961 588 3253 657 Theodori,
3288 591 3383 647 sed
3415 593 3482 649 de
3506 612 3704 669 magna:

2132 671 2318 740 synodi
2349 671 2800 733 Chalcedonensis
2835 680 3258 748 reprehensione
3281 685 3568 761 jactarent,
3591 688 3702 747 iilo-

2132 777 2246 816 rum
2279 762 2491 819 Patrum
2533 767 2794 823 similibus
2824 769 2981 824 dictis
3007 786 3102 826 eos
3131 772 3257 828 duxi
3302 781 3702 839 convenientia:

2131 853 2482 921 coercendos,
2525 871 2661 925 quos
2693 873 2796 913 non
2827 859 3039 926 audent
3082 863 3467 936 culpat-evehit
3495 868 3704 928 haereti-

2127 955 2220 997 cos
2251 961 2262 996 :
2289 961 2396 1000 non
2425 947 2566 1013 quod
2591 947 2803 1003 eosdem
2828 950 3016 1006 Patres
3045 953 3213 1008 videri
3241 957 3499 1015 notabiles
3522 963 3699 1029 velim,

2127 1037 2269 1090 sicut
2307 1037 2383 1092 illi
2432 1039 2774 1095 Theodorum
2821 1042 2885 1096 ad
2928 1045 3700 1110 evacuandamauctoritatcm

2129 1144 2332 1198 magnae
2375 1131 2565 1201 synodi
2605 1133 2790 1191 volunt
2833 1135 2999 1189 videri
3051 1138 3366 1206 notabilem;
3415 1143 3510 1197 sed
3543 1154 3597 1198 ut
3627 1150 3698 1202 eis

2125 1214 2463 1277 ostenderem
2489 1225 2629 1293 quod
2661 1225 2778 1281 sine
2804 1225 2887 1281 bis
2920 1227 3163 1284 Patribus
3191 1246 3326 1300 quos
3355 1234 3576 1304 culpare
3597 1255 3696 1295 nou

2124 1311 2317 1366 audent
2339 1352 2354 1377 ,
2405 1313 2747 1369 Theodorum
2779 1330 2876 1385 pro
2905 1316 3188 1384 similibus,
3239 1321 3321 1375 vel
3351 1325 3594 1381 eamdem
3616 1342 3696 1398 sy-

2101 1390 2352 1467 nodum,
2402 1403 2543 1472 quod
2587 1419 2861 1475 eum-non
2907 1406 3270 1476 damnaverit,
3321 1414 3540 1483 culpare
3591 1435 3693 1476 non

2127 1493 2346 1558 possint.
2372 1491 2460 1547 Sic
2482 1493 2759 1559 Dominus,
2785 1510 2904 1549 cum
2929 1497 3152 1552 sabbato
3169 1515 3269 1568 per
3289 1512 3402 1557 sata
3427 1509 3692 1577 transiret,

2124 1591 2178 1636 et
2204 1582 2446 1651 discipuli
2477 1583 2591 1654 ejus
2625 1585 2938 1642 esurientes.
2971 1589 3258 1658 coepissent
3283 1595 3483 1653 vellere
3523 1601 3692 1668 spicas

2124 1685 2177 1728 et
2206 1675 2546 1742 manducare,
2587 1679 2926 1746 culpantibus
2955 1695 3050 1736 eos
3078 1683 3382 1754 Pltarismis,
3430 1702 3482 1746 et
3507 1691 3690 1750 dicen-

2125 1765 2264 1819 tibus
2292 1785 2305 1819 :
2333 1765 2466 1822 Ecce
2505 1770 2747 1836 discipuli
2785 1772 2857 1824 tui
2903 1771 3103 1838 faciunt.
3136 1779 3272 1845 quod
3311 1797 3413 1834 non
3458 1785 3570 1838 licet
3619 1789 3689 1842 eis

2606 1861 2880 1929 respondit
2912 1879 2928 1916 :
2963 1863 3084 1918 Non
3124 1868 3314 1938 legistis
3353 1875 3477 1941 quid
3521 1877 3688 1945 fecerit

2123 1947 2288 2001 David
2313 1950 2520 2018 quando
2545 1953 2742 2020 esui-iit,
2783 1963 2831 2010 el
2861 1960 2949 2022 qui
2987 1972 3104 2011 cum
3141 1977 3200 2014 eo
3227 1975 3372 2017 erant
3397 1982 3414 2020 :
3441 1973 3687 2035 quomoda

2116 2041 2318 2093 intravit
2346 2042 2399 2094 in
2430 2042 2635 2098 domum
2664 2044 2780 2114 Dei,
2810 2060 2858 2104 et
2886 2069 3042 2122 panes
3071 2059 3431 2126 propositionis
3450 2065 3683 2133 comedit,

2113 2149 2240 2202 quos
2269 2149 2369 2188 non
2394 2135 2571 2190 licebat
2599 2139 2644 2190 ei
2670 2140 2820 2195 cdere
2856 2161 3015 2214 neque
3043 2148 3122 2201 his
3148 2151 3237 2217 qui
3265 2166 3377 2204 cum
3405 2153 3496 2206 illo
3523 2166 3680 2222 erant,

2113 2225 2212 2276 nisi
2253 2224 2375 2278 solis
2414 2228 2804 2286 sacerdotibus?
2829 2237 2930 2288 Aut
2973 2253 3072 2291 non
3105 2239 3290 2310 legistis
3337 2242 3391 2294 in
3431 2243 3540 2314 lege
3570 2249 3682 2316 quia

2111 2314 2334 2368 sabbatis
2363 2317 2648 2372 sacerdotes
2677 2321 2730 2374 in
2763 2327 2949 2394 templo
2971 2328 3235 2382 sabbatum
3266 2333 3476 2399 violant,
3504 2346 3555 2388 et
3579 2314 3622 2390 si
3657 2356 3682 2392 ι

2110 2405 2318 2458 crimine
2359 2418 2476 2461 sunt
2509 2408 2717 2478 (Matth.
2752 2429 2847 2480 xtl,
2874 2416 3061 2487 2-5)?
3099 2419 3250 2475 Sicut
3274 2437 3400 2490 ergo
3425 2424 3682 2484 Dominus

2111 2493 2390 2550 Pharisteis
2417 2499 2688 2564 apostolos
2704 2504 3042 2573 culpantibus
3059 2509 3172 2564 haec
3199 2515 3548 2583 respondens,
3578 2535 3678 2576 non

2111 2584 2420 2661 prophetam
2447 2587 2612 2643 David
2640 2600 2692 2646 ct
2721 2595 2810 2662 qui
2837 2610 2956 2652 cum
2987 2598 3279 2672 iiloerant,
3312 2620 3485 2674 neque
3507 2623 3679 2666 sacer-

2106 2673 2258 2729 dotes
2288 2677 2453 2732 voluit
2485 2680 2652 2735 videri
2675 2685 2954 2752 notabiles,
2988 2690 3080 2744 sed
3106 2693 3282 2760 potius
3317 2706 3374 2750 ut
3401 2673 3506 2765 ipsi
3541 2700 3680 2755 Pha-

2106 2766 2247 2821 risaii
2287 2782 2590 2827 sanctarum
2621 2775 2672 2829 et
2716 2776 3026 2835 indubitatae
3067 2786 3400 2842 auctoritatis
3430 2805 3680 2856 persona-

2107 2841 2221 2914 rum
2277 2864 2522 2934 exemplo
2567 2869 2817 2936 coerciti,
2873 2872 3188 2931 innocentes
3237 2877 3527 2949 discipulos
3575 2900 3676 2940 non

2104 2951 2377 3020 culpareut
2407 2971 2422 3010 :
2463 2956 2532 3009 ita
2560 2970 2656 3013 nos
2687 2973 2791 3014 non
2822 2964 3156 3022 venerabiles
3188 2967 3373 3025 Patres
3399 2971 3671 3032 offendere

2103 3040 2418 3108 delectavit,
2454 3045 2548 3099 sed
2579 3045 3033 3119 Eutychiauorum
3061 3055 3458 3129 satellitumque
3484 3077 3669 3120 eorum

2105 3137 2571 3205 praesumptionem
2600 3139 2786 3196 talium
2812 3144 3175 3212 exemplorum
3205 3147 3506 3217 objectidne
3533 3169 3673 3209 com-

2025 3206 2071 3297 (ξ
2103 3237 2321 3290 pascere
2351 3243 2362 3280 :
2393 3227 2582 3294 quibus
2624 3228 2724 3283 hoc
2759 3206 3008 3300 dicimus,
3052 3245 3108 3288 ut
3148 3238 3192 3292 si
3233 3206 3349 3297 hinc
3392 3241 3669 3309 Eustathii,

2099 3313 2408 3381 Athanasii,
2443 3318 2830 3388 Amphilocbii,
2877 3322 3152 3394 Gregorii,
3201 3327 3427 3384 Joannis
3486 3344 3542 3390 et
3567 3332 3669 3403 Cy-

2099 3404 2232 3470 rilii,
2278 3406 2417 3461 dicta
2457 3425 2574 3479 qua:
2615 3416 3050 3483 memoravimus,
3099 3421 3288 3476 melius
3332 3425 3670 3496 interpretati

2098 3507 2345 3564 possunt,
2379 3501 2536 3554 etiam
2561 3501 2828 3560 Theodori
2858 3508 3046 3570 melius
3076 3512 3421 3583 interpretari
3451 3519 3640 3592 dignen

2098 3592 2180 3637 tur
2212 3603 2223 3636 :
2258 3587 2300 3640 si
2347 3603 2448 3641 non
2471 3629 2484 3654 ,
2516 3600 2568 3644 et
2607 3591 2628 3621 ’⁸
2654 3592 2986 3650 doctioribus
3020 3613 3082 3653 ea
3119 3601 3459 3672 relinquunt,
3509 3607 3666 3664 etiam

2094 3672 2362 3730 'l‘beod.,-ri
2388 3678 2464 3733 sic
2494 3681 2815 3751 relinquant.
2839 3685 2989 3752 Quod
3013 3688 3058 3742 si
3084 3699 3326 3757 putantes
3350 3710 3666 3754 memorato~

2093 3778 2210 3816 rum
2265 3765 2475 3821 Patrum
2514 3769 2653 3823 dicta
2706 3773 2896 3828 melius
2947 3776 3286 3846 interpretari
3336 3797 3441 3839 non
3490 3801 3662 3856 posse,

2092 3870 2195 3908 non
2228 3864 2402 3911 tanten
2435 3875 2496 3913 es
2534 3860 2614 3915 bis
2645 3878 2765 3931 quae
2812 3866 3037 3920 necdum
3069 3869 3394 3927 sollicitante
3438 3875 3660 3936 Nestorii

2089 3948 2384 4013 quaestione
2409 3950 2589 4004 minus
2609 3954 2914 4010 examinate
2939 3960 3140 4026 prolata
3163 3962 3315 4029 sunt,
3351 3964 3658 4025 laudabilem

2089 4029 2269 4096 eorum
2303 4043 2596 4099 doctrinam
2629 4049 2937 4104 existimant
2959 4051 3300 4125 judicandam
3336 4077 3348 4113 :
3376 4059 3481 4116 hoc
3505 4065 3654 4118 etiam

2086 4135 2152 4189 de
2197 4134 2473 4190 Theodori.
2516 4137 2753 4193 doctrina
2801 4153 3037 4198 sanctam
3080 4147 3343 4216 synodum
3385 4151 3651 4220 judicasse

2087 4242 2191 4280 non
2215 4238 2457 4296 arguant.
2487 4230 2618 4289 Nam
2637 4234 2763 4302 quia
2787 4249 2890 4290 non
2911 4237 3222 4306 ignorantia,
3249 4242 3341 4297 sed
3366 4246 3648 4304 obstinatio

2083 4316 2205 4371 facit
2231 4317 2565 4386 haereticum,
2612 4331 2665 4376 et
2693 4324 2744 4377 in
2775 4327 3138 4395 superioribus
3172 4333 3337 4387 multa
3362 4334 3477 4405 jam
3509 4339 3646 4395 dixi-

2083 4424 2220 4477 mus,
2253 4423 2304 4466 et
2335 4395 2574 4483 Sequenti
2601 4415 2738 4472 libro
2765 4419 3031 4490 aliquanta
3061 4423 3324 4482 dicemus.

2007 4659 2058 4716 Β
2215 4652 2355 4705 Idem
2387 4655 2530 4731 cod.,
2576 4654 2807 4731 Ecclesia
2839 4663 3107 4715 nuntietur.
3153 4664 3280 4731 Nec,
3313 4677 3418 4724 etc.

2155 4719 2176 4749 ’⁵
2216 4722 2354 4778 Idem
2382 4726 2527 4789 cod..,
2561 4729 2602 4777 si
2632 4743 2742 4779 vero
2773 4727 3102 4788 doctioribus.

2311 4985 2645 5073 IMUS..

2074 5179 2224 5246 cilio,
2284 5184 2524 5252 quaedam
2581 5204 2659 5247 ex.
2688 5190 2844 5246 dictis
2893 5195 3228 5263 antiquorum
3262 5199 3479 5257 Patrum
3533 5221 3647 5273 pm-

2076 5271 2212 5326 ferre
2236 5287 2354 5342 qua:
2381 5275 2615 5344 legentes
2645 5295 2750 5334 non
2785 5283 2960 5337 minus
2999 5300 3156 5354 quam
3186 5288 3275 5341 illa
3299 5305 3417 5360 quae
3451 5295 3504 5349 in
3537 5298 3648 5365 ipso

2074 5359 2354 5417 Theodoro
2394 5368 2629 5437 Culpam,
2658 5371 2929 5448 offendere
2961 5376 3259 5433 videantur.
3297 5359 3360 5435 Et
3388 5359 3647 5453 quoniam

2072 5456 2460 5508 contemnenda
2493 5472 2595 5509 non
2641 5468 2725 5511 est
2755 5444 2874 5514 talis
2903 5462 3126 5517 offensio
3146 5507 3160 5529 ,
3197 5483 3293 5522 nec
3321 5473 3502 5526 omnia
3531 5491 3648 5544 qua:

2071 5559 2130 5594 ex
2161 5545 2317 5612 dictis
2345 5561 2530 5604 eorum
2574 5551 2891 5617 protulimus
2922 5570 3202 5622 possumus
3242 5576 3520 5624 excusare.
3557 5584 3652 5621 ne-.

2069 5648 2173 5700 que
2192 5635 2236 5687 si
2261 5650 2537 5702 possemus
2559 5648 2766 5708 tempus
2785 5643 3053 5701 sufficeret
3075 5649 3139 5701 ad
3158 5656 3461 5708 excusanda
3483 5660 3640 5711 etiam

2069 5735 2257 5778 cmtera
2286 5742 2401 5796 qtue
2434 5731 2483 5783 in
2514 5730 2747 5798 ipsorum
2779 5745 2940 5803 atque
2983 5740 3211 5795 aliorum
3263 5744 3480 5800 Patrum
3514 5753 3639 5803 srri-

2068 5813 2171 5883 ptis
2212 5820 2725 5885 possuutofiendere
2764 5841 2773 5874 :
2817 5827 2913 5881 hac
2947 5835 3320 5902 compendiosa
3354 5847 3407 5890 et
3450 5855 3648 5900 ScCUJ‘J.

2325 4891 3646 4930 Ἦ
