3998 6202
197 364 298 422 823

1016 362 1148 418 ῐίιυ
1193 360 1622 417 ΒΞΞΕῈΝΒΙΟΝΕ
1666 357 1873 416 ῐιιιυιι
1911 356 2228 417 (ΣᾹΡΙΤΠΙι.
2272 360 2397 418 Lill.
2437 360 2546 419 Xll.

3373 361 3478 416 8‘26

199 494 389 538 omnes
434 481 486 534 in
536 477 794 534 Ecclesiae
828 495 954 550 pace
991 483 1273 538 defunctos
1319 485 1524 538 ratione
1552 481 1795 538 dt‘iendi-
1827 482 1868 538 Α
1899 493 1973 536 sto
2004 485 2084 538 lac
2126 486 2262 539 robis
2309 498 2484 555 potum
2511 486 2660 550 dedi,
2689 501 2788 540 non
2837 500 3022 550 escam,
3072 485 3297 540 nondum
3346 486 3479 539 enim

201 590 343 638 mus,
388 582 444 628 ut
475 573 759 628 domamus
799 574 940 645 quod
986 577 1187 630 nullum
1236 593 1424 632 eorum
1469 577 1782 632 ltaeretientn

205 666 638 740 digneqjudicare
680 666 967 734 possimus,
1000 667 1083 722 vel
1128 669 1171 722 si
1205 669 1420 739 quidam
1453 668 1794 723 inveniuntur

213 758 411 829 aliquid
467 758 536 812 de
579 757 885 826 huiusmodi
919 762 1302 830 quaestionibus
1349 762 1645 832 ignorasse.
1681 760 1793 816 Non

209 861 382 909 autem
440 865 524 905 me
569 850 852 920 quisquam
902 853 1028 906 illud
1071 854 1126 907 in
1176 854 1428 924 praesenti
1473 853 1609 908 libro
1651 864 1798 924 putet

207 957 542 1013 aggressum,
575 950 630 996 ut
661 941 912 998 deﬁniam
944 945 1070 1015 quid
1101 946 1171 1000 sit
1201 947 1342 1017 quod
1374 947 1685 1001 haereticum
1717 947 1796 1000 fa-

206 1034 309 1088 ciat
343 1049 358 1086 :
391 1034 516 1100 quia
565 1033 666 1088 hoc
719 1044 920 1089 tantum
972 1046 1273 1093 monstrare
1322 1033 1602 1107 preposui,
1655 1038 1797 1108 quod

209 1125 418 1196 quidem
437 1126 543 1194 jam
568 1127 618 1180 in
643 1126 1008 1196 Superioribus
1032 1132 1375 1201 acceptabili,
1405 1133 1543 1188 sicut
1565 1133 1796 1198 aestimo,

211 1217 414 1272 ratione
443 1219 760 1287 monstravi,
793 1219 1061 1276 neminem
1091 1239 1188 1292 pro
1222 1225 1404 1279 talium
1437 1227 1796 1296 quaestionum

208 1307 529 1379 ignorantia,
579 1308 632 1363 in
682 1311 918 1367 Ecclesia
964 1314 1257 1382 viventem,
1287 1317 1403 1372 sive
1451 1317 1794 1385 defunctum,

209 1399 299 1468 qui
325 1415 385 1454 se
411 1399 639 1454 docilem
667 1400 985 1458 Christianae
1008 1405 1268 1460 doctrinae
1297 1406 1501 1476 praebet
1531 1415 1623 1462 aut
1664 1425 1800 1477 pra:-

209 1491 348 1557 buit,
380 1492 688 1548 hiereticttm
713 1481 912 1550 debere
931 1496 1178 1564 iudicari.
1205 1497 1336 1552 Nam
1369 1501 1412 1555 si
1445 1515 1585 1556 nunc
1610 1482 1800 1556 Eccle-

210 1583 292 1638 sia
342 1583 582 1651 quardam
631 1583 833 1641 Christi
880 1587 1062 1642 schola
1113 1598 1218 1654 est,
1268 1605 1565 1661 omnesque
1617 1592 1798 1648 fideles

207 1673 326 1742 ejus
359 1673 555 1727 Christi
601 1674 848 1730 d'cuntur
877 1693 998 1733 esse
1045 1679 1313 1750 discipuli,
1363 1697 1461 1737 nec
1515 1684 1797 1754 quisquam

209 1772 387 1832 potest
430 1764 691 1837 veraciter
719 1765 824 1820 dici
871 1767 1184 1837 discipulus,
1220 1772 1307 1840 qui
1341 1786 1446 1826 non
1489 1773 1687 1841 aliquid
1721 1773 1798 1826 di-

1899 577 2182 644 poteratis;
2219 578 2307 631 sed
2341 593 2432 631 nec
2465 594 2600 631 nunc
2638 578 2838 646 quidem
2870 577 3076 646 potestis
3103 594 3122 631 .·
3151 579 3320 631 adhuc
3349 581 3480 632 enim

1897 671 2014 721 estis
2041 668 2270 722 carnales
2299 669 2346 738 (Ι
2373 667 2492 722 Cor.
2511 684 2588 734 ιιι,
2612 667 2682 738 l).
2705 667 2759 724 Si
2789 668 2943 739 igitur
2966 666 3250 730 Corinthii,
3274 667 3360 736 qui
3390 666 3480 720 ade

1899 760 2001 816 huc
2029 763 2318 827 perfectam
2347 761 2626 815 scientiam
2657 761 2707 815 in
2737 761 3035 818 ministerio
3063 758 3084 790 ‘
3107 759 3482 815 absconditam

1899 853 2231 914 nesciebant.
2259 853 2497 908 haeretici
2531 869 2636 906 non
2681 862 2860 916 erant,
2891 853 3034 921 quia,
3059 852 3200 906 sicut
3233 851 3308 905 ait
3336 854 3478 919 Apo-

1898 945 2090 1009 stolus,
2119 945 2170 998 in
2193 943 2410 999 Christo
2440 945 2646 1012 parvuli
2670 953 2822 998 e-aut
2845 961 2856 996 :
2881 942 3149 1012 quomodo
3179 942 3482 1012 quisquam,

1897 1036 2012 1090 sive
2038 1037 2210 1092 adhuc
2239 1039 2442 1105 rit-ens,
2471 1038 2590 1092 sive
2618 1035 2902 1091 defunctus
2930 1037 2979 1090 in
3016 1034 3250 1090 Ecclesia
3283 1033 3481 1088 Christi

1899 1135 2118 1196 pmptcr
2140 1126 2314 1186 solum
2347 1141 2410 1181 ex
2447 1136 2597 1195 parte
2631 1126 2984 1194 ignorantiam
3008 1125 3275 1195 jutlieetm-
3310 1139 3486 1178 narre-

1901 1219 2061 1284 ticus,
2089 1218 2155 1272 de
2200 1233 2302 1286 qua
2336 1233 2494 1272 nemo
2525 1217 2790 1288 redarguit
2818 1229 2876 1272 ut
2918 1217 3308 1272 correctionem
3349 1216 3486 1272 reci-

1900 1325 2028 1380 pere
2049 1309 2282 1366 noleisse
2304 1311 2544 1366 dicatur?
2568 1311 2999 1382 Philippeusibus
3023 1312 3184 1366 etiam
3209 1312 3482 1367 scribens:

1904 1399 2013 1471 Ego
2054 1417 2132 1453 me
2159 1403 2346 1471 ipsum,
2377 1401 2566 1472 inquit,
2599 1419 2698 1456 non
2738 1403 2961 1456 arbitror
3009 1403 3488 1469 comprehendisse;

1901 1508 2060 1545 unum
2080 1503 2273 1558 autem,
2295 1510 2410 1562 qua:
2452 1495 2654 1563 quidem
2677 1504 2810 1549 retro
2841 1501 2958 1549 sunt
2990 1495 3307 1560 obliviscens,
3332 1495 3400 1548 ad
3428 1511 3489 1549 ea

1902 1601 2018 1638 vero
2041 1601 2153 1654 qute
2180 1596 2296 1639 ante
2335 1595 2453 1640 sunt
2493 1588 2764 1640 extendens
2793 1602 2892 1652 me,
2946 1590 3012 1640 ad
3060 1587 3369 1640 destinatum
3411 1603 3490 1641 se-

1902 1693 2052 1747 quor,
2096 1679 2163 1730 ad
2215 1678 2436 1740 palmam
2487 1695 2720 1746 superna:
2748 1681 3024 1735 vocationis
3055 1679 3150 1734 Dei
3191 1681 3246 1733 in
3286 1679 3491 1734 Christo

1903 1766 2052 1823 Jesu.
2083 1769 2379 1839 Quicunque
2403 1786 2522 1843 ergo
2543 1772 2752 1842 perfecti
2775 1755 3200 1826 hoc-sentiamus:
3221 1781 3266 1824 et
3294 1773 3340 1825 si
3363 1772 3487 1843 quid

208 1856 334 1919 scit,
355 1872 526 1925 neque
547 1857 770 1912 discitur
791 1859 892 1913 nisi
923 1861 1065 1928 quod
1090 1862 1391 1931 ignoratur;
1422 1865 1608 1933 procul
1631 1865 1792 1928 dubio
1825 1860 1872 1921 B
1899 1864 2044 1915 aliter
2071 1864 2288 1937 sentitis.
2323 1875 2368 1917 et
2397 1863 2495 1917 hoc
2524 1865 2659 1918 vobis
2691 1864 2824 1920 Deus
2849 1866 3088 1922 νευιιαυὶι
3122 1868 3169 1922 δ.
3211 1867 3487 1921 Verumta-

209 1957 305 1999 aut
327 1945 515 2001 docilis
541 1947 836 2016 ignorantia
869 1965 974 2004 non
1002 1950 1128 2007 facit
1152 1951 1488 2020 haereticum,
1510 1965 1601 2010 aut
1625 1958 1800 2011 omnis

209 2037 410 2092 Christi
443 2037 734 2107 discipulus
776 2041 877 2094 erit
908 2042 1212 2099 haereticus.
1240 2045 1303 2098 Et
1329 2046 1451 2115 quis
1473 2047 1584 2115 jam
1616 2047 1802 2102 catho-

209 2129 348 2184 licus
389 2145 509 2185 esse
539 2133 769 2200 dicetur,
806 2135 849 2189 si
897 2136 1076 2190 omnis
1103 2136 1194 2208 qui
1241 2135 1310 2192 de
1339 2135 1648 2193 Christiana
1679 2139 1804 2194 reli-

209 2223 375 2292 gione
398 2223 599 2294 aliquid
624 2225 798 2288 discit,
827 2227 1113 2283 haereticus
1140 2240 1220 2284 est
1246 2231 1546 2288 dicendus?
1572 2222 1724 2302 Quod
1751 2235 1795 2289 si

203 2315 378 2370 etiam
425 2318 711 2372 credantur
754 2319 917 2389 aliqui
948 2320 1025 2374 sic
1057 2321 1238 2376 omnia
1267 2323 1545 2393 didicisse,
1583 2335 1638 2380 ut
1671 2323 1801 2379 nihil

203 2406 320 2478 jam
352 2410 556 2476 possint
583 2409 780 2464 habere
804 2411 943 2480 quod
975 2412 1188 2467 discant
1210 2431 1224 2480 ;
1245 2415 1366 2484 quia
1395 2426 1570 2470 tamen
1601 2416 1804 2486 aliquid

207 2503 534 2570 ignorabant
576 2513 861 2573 antequam
903 2504 1202 2570 discerent,
1250 2523 1316 2561 es
1351 2508 1552 2562 barreti:
1577 2509 1622 2562 is
1652 2510 1801 2563 vide-

207 2595 414 2649 buntur
445 2593 567 2650 facti
597 2596 855 2673 catholici
883 2615 896 2649 :
927 2607 1083 2664 atque
1111 2599 1181 2651 ita
1215 2599 1506 2668 colligitur,
1543 2608 1598 2653 ut
1630 2600 1806 2654 nullus

207 2686 522 2741 inveniatur
557 2687 608 2741 in
642 2687 878 2743 Ecclesia
908 2685 1130 2754 Christi,
1159 2689 1248 2758 qui
1300 2706 1405 2745 non
1438 2699 1527 2744 aut
1553 2706 1674 2745 esse
1717 2699 1808 2745 aut

207 2779 383 2837 fuisse
414 2779 755 2846 perhibeatur
787 2779 1102 2834 haereticus:
1135 2791 1187 2834 at
1223 2780 1324 2837 hoc
1353 2782 1536 2837 dicere
1591 2783 1674 2837 vel
1709 2798 1806 2852 pu-

210 2880 334 2924 tare
360 2885 481 2923 cum
527 2869 928 2938 impiissimum,
959 2880 1068 2925 tum
1108 2871 1269 2926 etiam
1311 2873 1470 2927 nimis
1514 2873 1806 2940 absurdum

209 2972 321 3018 est.
353 2962 504 3018 Scire
525 2964 684 3034 igitur
710 2964 970 3019 debemus
998 2965 1139 3035 quod
1170 2966 1481 3022 haereticum
1517 2983 1622 3024 non
1652 2967 1810 3024 faciat

210 3054 522 3125 ignorantia
551 3070 669 3124 quae
696 3054 957 3110 doctrinae
984 3058 1228 3113 veritatis
1255 3058 1542 3114 contumax
1573 3075 1676 3116 non
1703 3070 1806 3129 est,

212 3147 314 3202 sed
347 3147 524 3216 potius
555 3147 824 3204 obstinata
866 3148 1109 3206 defensio
1144 3150 1411 3206 falsitatis.
1446 3153 1525 3207 Ad
1551 3153 1686 3208 hanc
1715 3155 1812 3209 ob-

211 3238 560 3293 Stiuationem
597 3240 866 3309 pertinere
894 3240 1141 3307 dicimus,
1165 3241 1274 3298 imo
1295 3242 1646 3316 principatum
1668 3245 1719 3300 in
1742 3260 1807 3302 ea
1838 3229 1883 3292 C

211 3341 405 3385 tenere
435 3333 725 3397 firmamus,
749 3332 868 3388 illas
906 3334 1064 3390 etiam
1109 3335 1383 3391 doctrinas
1414 3353 1546 3408 quas
1586 3339 1802 3407 quidam

220 3437 332 3477 non
363 3423 516 3491 quasi
549 3423 728 3479 minus
761 3425 1109 3494 intelligendo
1139 3427 1441 3496 Scripturas
1462 3429 1686 3498 divinas,
1717 3431 1810 3486 sed

214 3514 298 3568 e’s
339 3522 524 3582 aperte
581 3515 913 3580 resistendo,
962 3519 1074 3571 sola
1117 3519 1541 3587 praesumptione
1593 3523 1811 3590 spiritus

215 3606 607 3676 condiderunt,
634 3609 774 3664 sicut
820 3609 1142 3666 Manicbreus
1182 3621 1343 3681 atque
1383 3612 1640 3682 Origenes
1675 3624 1729 3680 α,
1757 3626 1812 3672 et

219 3700 432 3770 caeteri,
456 3701 543 3770 qui
575 3715 677 3755 non
709 3710 765 3755 ut
793 3702 884 3756 alii
911 3713 1198 3772 sequentes
1222 3721 1404 3760 earum
1430 3708 1804 3779 intentionem,

215 3793 272 3845 in
302 3791 563 3846 abstrusis
591 3794 976 3862 quaestionibus
1006 3805 1344 3862 erraverunt,
1375 3797 1469 3850 sed
1497 3813 1660 3866 super
1689 3799 1808 3853 illas

219 3884 351 3938 elati
374 3883 564 3938 melius
577 3899 633 3940 se
647 3883 992 3940 crediderunt
1009 3885 1085 3940 vel
1103 3900 1315 3956 sapere,
1333 3888 1413 3942 vel
1429 3888 1610 3943 dicere
1628 3889 1666 3942 ¹.
1681 3887 1811 3943 Natu

217 3975 261 4029 si
292 3975 596 4029 obstinatus
620 3975 709 4030 ille
738 3975 999 4031 dicendus
1025 3985 1106 4031 est
1129 3977 1216 4046 qui
1249 3992 1354 4031 non
1385 3977 1528 4032 cedit
1557 3978 1814 4033 Ecclesiae

216 4065 532 4120 constitutis
578 4067 888 4122 earumdem
931 4066 1331 4137 Scripturarum
1364 4070 1685 4124 auctoritate
1723 4068 1838 4123 fir-»

218 4159 407 4224 matis,
440 4167 638 4226 quanto
682 4158 968 4212 deteriotis
1014 4158 1394 4213 obstinationis
1435 4159 1694 4214 dicendus
1734 4169 1813 4216 est

220 4250 312 4316 qui
345 4250 478 4317 ipsis
526 4248 718 4304 divinis
748 4249 1043 4317 Scripturis
1089 4250 1383 4320 dedignaris
1427 4251 1768 4322 acquiescere
1796 4293 1811 4318 ,

220 4339 515 4394 inviolabili
547 4355 729 4394 earum
761 4340 1075 4410 plenitudini
1117 4350 1210 4395 aut
1236 4342 1458 4411 abrogat
1497 4345 1808 4410 veritatem,

217 4444 309 4486 aut
342 4432 545 4502 aliquid
576 4433 764 4488 deesse
813 4443 961 4503 putat
1000 4435 1138 4503 quod
1189 4435 1399 4504 propria
1431 4435 1627 4491 debeat
1658 4439 1811 4493 adin-

218 4523 484 4577 ventione
528 4525 819 4594 supplere?
851 4525 1054 4592 Quibus
1085 4534 1262 4580 autem
1294 4527 1344 4579 in
1374 4526 1532 4580 rebus
1579 4526 1694 4581 hare
1719 4529 1814 4582 ob-

221 4617 445 4669 stinatio
478 4615 700 4669 haeresis
730 4615 972 4670 habenda
1004 4617 1096 4682 sit,
1131 4616 1347 4686 majoris
1374 4625 1457 4671 est
1479 4619 1808 4687 quaestionis,
1841 4598 1892 4659 Ῑ)

215 4715 270 4759 et
299 4705 602 4760 intentione
628 4706 651 4737 ³
677 4705 833 4776 hujus
865 4707 1043 4775 Operis
1073 4707 1296 4762 alienae:
1329 4724 1470 4764 nunc
1512 4710 1653 4778 quod
1687 4727 1811 4781 pro-

216 4796 505 4866 posuimus
535 4811 911 4866 exsequamur.
938 4798 1170 4853 Dicimus
1201 4813 1350 4868 ergo,
1378 4799 1518 4868 quod
1550 4805 1756 4857 alienus
1782 4817 1810 4856 a

215 4886 443 4944 Christo
474 4890 542 4944 sit
570 4890 745 4945 omnis
795 4890 1096 4946 haereticus.
1144 4892 1433 4947 Corinthiis
1479 4904 1654 4950 autem
1687 4897 1814 4953 dicit

215 4985 520 5049 Apostolus
547 5001 557 5034 :
595 4981 715 5036 Non
751 4984 894 5050 potui
927 4983 1065 5052 loqui
1095 4984 1231 5038 vobis
1253 4993 1490 5054 tanquam
1520 4985 1538 5015 ³
1569 4988 1816 5056 spiritua-

213 5073 376 5137 b'btrs,
406 5075 498 5128 sed
537 5067 684 5144 quasi
711 5075 1041 5128 carnalibus:
1071 5083 1317 5142 tanquam
1345 5076 1574 5144 parvulis
1598 5077 1647 5130 in
1674 5078 1820 5132 C/tri-

297 5242 324 5268 ἰ
349 5230 642 5302 Utriusque
665 5231 872 5302 cognati
903 5232 1081 5302 multis
1110 5232 1161 5286 in
1206 5232 1362 5287 rebus
1390 5245 1602 5286 errores
1628 5247 1690 5287 ac
1710 5232 1806 5286 de-

207 5303 344 5358 liria
393 5300 628 5365 fuerunt,
664 5300 760 5369 pai-
809 5301 1030 5369 proinde
1067 5303 1325 5357 adversus
1369 5317 1551 5358 sacras
1603 5303 1810 5356 litteras

207 5372 477 5427 audacia.
509 5370 657 5437 Quod
687 5386 816 5440 ergo
844 5373 910 5426 de
941 5373 1246 5428 Manichacis
1283 5374 1347 5426 ad
1379 5374 1647 5427 solitarius
1670 5376 1808 5427 seri-

205 5451 410 5513 pserat
457 5443 799 5513 Athanasius,
849 5443 986 5498 fictis
1017 5444 1140 5498 illos
1188 5445 1655 5498 dissertationibus
1700 5445 1811 5498 suis

201 5512 435 5568 divinas
455 5512 758 5579 Seripturas
783 5515 1166 5576 adulterantes.
1196 5514 1403 5568 fabulas
1435 5530 1671 5568 narrare.
1705 5527 1809 5570 M2-

204 5593 418 5654 νεχαῑοι
445 5587 566 5654 γὰρ,
593 5583 781 5660 inquit,
804 5587 1168 5660 καπηλεύοντες
1199 5589 1288 5645 τὰς
1317 5589 1452 5646 Θείας
1477 5592 1673 5660 γραφςὶς
1700 5594 1811 5660 rei:

202 5659 423 5712 ἑαυτῶν
470 5654 796 5715 inﬂictae;
825 5656 982 5725 λὸγθις
1031 5680 1065 5726 μ
1103 5659 1407 5729 Θθῗλονρῦςιν.
1457 5654 1564 5712 Η-ἰιὶ
1588 5654 1662 5712 de
1692 5656 1810 5711 Uti-

301 5815 317 5841 ‘
348 5812 481 5865 Cod.
506 5811 724 5879 Veron.,
760 5813 956 5868 dore-rc.

302 5883 320 5915 ²
346 5882 490 5946 idem
521 5884 666 5954 cod,
691 5887 752 5938 ab
779 5886 1072 5939 intentione.

1906 1968 2020 2006 men
2074 1953 2142 2006 ad
2187 1955 2320 2021 quod
2362 1956 2706 2025 peruenimus,
2734 1958 2787 2010 in
2827 1957 2922 2011 ltoc
2966 1959 3283 2014 ambulemus
3331 1957 3488 2030 (Plii-

1907 2049 1999 2111 fip.
2034 2063 2112 2112 ut,
2145 2047 2355 2117 13-16).
2390 2049 2518 2114 Quae
2548 2064 2668 2104 cum
2716 2050 2784 2104 ita
2839 2053 2970 2118 sint,
3011 2053 3134 2120 quid
3182 2054 3250 2108 de
3281 2053 3487 2109 hisdem

1907 2138 2340 2208 Philippensibus
2367 2139 2656 2206 credimus,
2700 2141 2893 2211 quibus
2921 2143 3134 2198 dicebat
3171 2145 3485 2210 Apostolus.

1883 2230 2044 2300 quod
2078 2231 2233 2285 aliter
2275 2231 2560 2297 scn‘irent,
2590 2242 2646 2286 et
2672 2247 2804 2300 quos
2840 2234 3110 2301 monebat,
3140 2245 3196 2288 ut
3225 2235 3277 2289 iu
3315 2249 3380 2289 eo
3406 2233 3490 2288 in.

1907 2323 2060 2377 terim
2096 2323 2158 2375 ad
2193 2323 2331 2392 φοι]
2367 2325 3096 2394 pervenerantambularent,
3130 2328 3181 2380 id
3217 2336 3298 2382 est
3325 2327 3488 2395 profi-

1906 2425 2086 2468 cerent
2115 2415 2137 2467 ?
2163 2414 2452 2468 llanreticos
2483 2430 2611 2483 ergo
2635 2416 2768 2471 tales
2799 2417 3281 2484 pronuntiahimus,
3313 2433 3380 2471 an
3411 2417 3491 2472 in-

1908 2505 2092 2559 doctos
2137 2505 2276 2559 catln
2300 2503 2476 2561 licos?
2515 2505 2622 2561 Sed
2653 2506 2934 2562 haereticos
2976 2507 3156 2563 dicere
3187 2522 3293 2561 non
3329 2506 3492 2562 aude-

1909 2594 2123 2660 bimus,
2181 2595 2372 2663 quibus
2419 2611 2539 2650 eum
2599 2605 2706 2650 tota
2763 2596 3002 2652 Ecclesia
3055 2598 3494 2654 communicabat

1909 2686 2222 2754 Apostolus.
2238 2687 2417 2741 llesxat
2442 2687 2603 2756 igitur
2628 2697 2684 2741 ut
2705 2678 2818 2753 eos,
2844 2689 3249 2754 licetindoctos,
3267 2699 3321 2743 et
3338 2689 3494 2744 aliter

1909 2796 2068 2851 quam
2087 2782 2244 2836 docet
2265 2781 2461 2837 veritas
2484 2782 2798 2848 sentientes,
2823 2781 3119 2836 catholicos
3142 2791 3316 2851 tamen
3335 2781 3495 2837 fuisre

1910 2876 2170 2930 dicamus.
2202 2875 2310 2930 Nec
2359 2891 2465 2929 non
2495 2885 2551 2930 et
2579 2875 2992 2931 Colossensibus
3024 2876 3093 2930 ita
3123 2876 3309 2929 scribit
3337 2893 3352 2930 :
3383 2874 3495 2928 Et»:

1911 2988 2126 3042 corpore.
2141 2971 2319 3026 absens
2341 2988 2472 3038 sum,
2499 2974 2589 3027 sed
2611 2972 2795 3038 spiritu
2820 2971 3077 3024 vobiscum
3103 2987 3250 3024 sum:
3272 2971 3497 3041 gaudens

1911 3076 1957 3119 et
1986 3065 2161 3118 videns
2188 3063 2422 3118 ordinem
2467 3072 2710 3130 uestrum,
2743 3072 2787 3116 et
2819 3061 2872 3114 id
2906 3063 3044 3132 quod
3077 3063 3213 3116 deest
3261 3061 3497 3114 utilitatis

1919 3158 2040 3226 ﬁdei
2067 3168 2243 3212 vestrm
2276 3155 2498 3228 (Coloss.
2525 3171 2584 3221 tt,
2623 3156 2706 3227 5).
2745 3154 2990 3224 Nunquid
3038 3169 3166 3224 ergo
3217 3151 3500 3209 delmimus

1916 3251 2048 3306 istos
2097 3250 2379 3306 haereticos
2425 3249 2610 3305 dicere
2631 3289 2646 3312 ,
2682 3249 2936 3318 quoniam
2968 3246 3185 3301 videbat
3215 3246 3500 3313 Apostolus

1916 3341 2055 3411 quod
2082 3341 2184 3395 illis
2209 3341 2274 3396 ad
2299 3341 2582 3395 utilitatem
2613 3339 2734 3396 fidei
2769 3339 2997 3394 deerat?
3027 3339 3184 3393 absit.
3211 3337 3340 3392 Nam
3371 3352 3501 3404 ιιιιει⁴

1915 3431 2075 3486 modo
2103 3431 2294 3505 spiritu
2339 3447 2460 3486 eum
2506 3431 2701 3485 talibus
2741 3430 2880 3486 idem
2924 3439 3068 3486 esset
3100 3430 3420 3499 Apostolus,
3451 3437 3502 3484 et

1914 3515 2098 3576 eorum
2144 3522 2317 3576 ordini
2356 3521 2760 3592 congauderel?
2791 3522 2868 3577 De
2899 3522 2984 3576 illa
3017 3539 3228 3592 quoque
3260 3523 3502 3586 muliere,

1916 3629 2034 3682 quae
2066 3623 2183 3668 erat
2207 3613 2260 3668 in
2291 3613 2433 3668 fluxu
2461 3612 2734 3682 sanguinis
2751 3613 2817 3666 ab
2841 3613 2994 3666 annis
3022 3613 3086 3665 12
3115 3621 3169 3666 et
3195 3612 3246 3666 iu
3271 3611 3504 3665 medicos

1917 3714 2238 3772 erogaverat
2282 3717 2497 3758 onmem
2541 3704 2898 3758 substautfam
2947 3717 3121 3764 suam,
3163 3717 3262 3756 nec
3289 3702 3356 3755 ah
3397 3701 3505 3754 ullo

1917 3794 2087 3861 potuit
2119 3795 2314 3860 curari,
2351 3793 2474 3861 quid
2503 3793 2842 3848 sentiendum
2873 3792 2996 3846 est?
3026 3791 3140 3846 Non
3162 3792 3303 3845 enim
3340 3790 3505 3844 Deum

1916 3884 2222 3940 crediderat
2252 3885 2548 3948 Christum,
2582 3899 2702 3938 cum
2749 3883 3009 3938 fimbriam
3050 3879 3358 3936 vestimenti
3387 3877 3504 3948 ejus

1915 3977 2221 4043 attingeret.
2257 3975 2385 4030 Nam
2412 3965 2632 4028 dict-nte
2661 3973 2918 4037 Domino,
2951 3971 3077 4037 Quis
3105 3981 3180 4025 est
3209 3971 3298 4039 qui
3326 3987 3404 4024 me
3435 3981 3504 4025 te-

1917 4073 2030 4137 tigit
2057 4070 2080 4123 ?
2110 4076 2166 4124 et
2196 4055 2557 4132 respondente
2602 4065 2761 4120 Petro
2790 4075 2844 4120 et
2873 4065 2960 4133 qui
3013 4078 3133 4118 cum
3184 4063 3276 4118 illo
3302 4072 3458 4117 erant
3488 4081 3502 4116 :

1917 4161 2230 4231 Praeceptor,
2259 4147 2421 4212 turbt:
2462 4165 2508 4209 te
2553 4155 2896 4224 comprimunt
2939 4164 2985 4208 et
3023 4155 3271 4225 afﬂigunt,
3304 4163 3351 4207 et
3377 4153 3511 4207 dicis

1916 4254 2029 4323 quis
2051 4267 2130 4305 me
2152 4250 2308 4320 tetigit
2335 4247 2486 4319 (Luc.
2513 4261 2628 4312 Vill,
2659 4245 2788 4316 45)?
2821 4260 3142 4314 rursumque
3167 4245 3394 4298 Domino
3424 4244 3502 4298 di-

1916 4352 2070 4398 cente
2101 4359 2112 4394 :
2151 4340 2339 4410 Tetigit
2382 4356 2462 4392 me
2490 4339 2674 4408 aliquis
2703 4355 2720 4392 .°
2761 4354 2880 4391 nam
2912 4354 3002 4410 ego
3032 4338 3149 4391 nari
3187 4338 3417 4390 virtutem
3445 4335 3510 4390 de

1916 4452 1995 4490 me
2019 4435 2182 4489 exisse
2207 4430 2393 4504 (Ibid.,
2423 4428 2540 4497 46‘,
2574 4445 2670 4484 nec
2703 4429 2962 4497 pri-dente
3003 4429 3127 4496 quid
3158 4427 3358 4481 factum
3392 4427 3510 4482 fuco

1919 4529 1987 4583 rit
2026 4535 2084 4582 ut
2111 4526 2200 4580 illa
2231 4523 2405 4594 potius
2448 4536 2568 4592 quae
2593 4528 2775 4576 sanata
2809 4529 2945 4585 erat,
2996 4521 3149 4574 testis
3180 4518 3379 4573 divinae
3404 4518 3512 4573 vir-

1920 4621 2045 4676 tutis
2091 4617 2375 4681 existeret,
2405 4615 2542 4668 sicut
2589 4613 2656 4668 ibi
2704 4622 2922 4667 secutus
2962 4611 3288 4681 evangelista
3336 4609 3503 4665 dicit:

1931 4711 2119 4766 Videns
2164 4717 2332 4762 autem
2375 4705 2560 4759 mulier
2601 4706 2720 4775 quia
2764 4722 2864 4758 non
2919 4705 3064 4758 latuit
3084 4746 3106 4771 ,
3131 4713 3347 4757 tremens
3379 4703 3510 4756 venit

1922 4803 2113 4878 (lbid.,
2137 4802 2250 4870 47),
2282 4810 2327 4852 et
2367 4799 2585 4870 procidit
2625 4807 2745 4852 ante
2771 4799 2922 4870 pedes
2955 4797 3138 4851 illius:
3169 4805 3222 4850 et
3252 4795 3321 4850 ob
3348 4807 3509 4862 quam

1922 4909 2137 4950 causam
2165 4892 2312 4946 illutn
2339 4891 2612 4960 tetigerat,
2643 4889 2895 4944 indicavit
2916 4904 3096 4943 coram
3124 4886 3268 4942 omni
3293 4886 3516 4954 populo,

1924 4994 1981 5042 et
2010 4983 2460 5055 quemadmodum
2487 4981 2767 5037 confestim
2790 4991 2972 5035 sanata
2997 4981 3084 5034 sit.
3117 4979 3276 5048 Igitur
3297 4993 3360 5029 cx
3391 4990 3510 5029 ver-

1925 5079 2006 5134 bis
2039 5079 2193 5132 Lucze
2249 5076 2514 5132 dicentis:
2553 5075 2740 5129 Videtis
2783 5085 2950 5128 autem
3004 5071 3186 5124 mulier
3234 5071 3356 5139 quia
3408 5084 3515 5123 non

1919 5251 2054 5307 certe
2081 5233 2144 5286 ad
2174 5232 2380 5286 Menam
2410 5231 2652 5307 scribens
2681 5229 2850 5281 innuit
2872 5226 3220 5307 Justinianus,
3251 5223 3398 5306 illum
3423 5238 3512 5307 sa-

1917 5295 2036 5362 cras
2061 5307 2268 5358 litteras
2292 5308 2343 5357 in
2370 5303 2604 5365 εριοςίειιι
2633 5299 3061 5364 interpretandas
3085 5295 3387 5364 suscepisse
3407 5297 3513 5360 ,ἵνα

1918 5386 2016 5433 τῶν
2049 5377 2281 5434 Ἑλλήνων
2305 5373 2623 5443 μυθολογίας,
2649 5374 2734 5443 καὶ
2755 5375 2843 5443 τήν
2871 5369 3362 5443 ζιιοινιχαῐκὴιί-αὐτ-οῆ
3385 5367 3512 5443 τιςλά-

1919 5471 2005 5506 una
2053 5437 2344 5516 slew/ityn;
2397 5452 2449 5494 ut
2495 5437 2755 5516 gentilium
2807 5437 3040 5509 fabulas,
3074 5453 3119 5493 et
3162 5437 3511 5492 Munichaicas

1923 5517 2101 5587 quibus
2126 5506 2393 5587 laborabat
2415 5506 2610 5587 errores
2632 5506 2916 5587 induceret.

1996 5590 2019 5627 ι’
2053 5585 2393 5654 ἀποκαλύψει,
2425 5583 2679 5637 reuelabit.

2005 5804 2024 5834 ³
2051 5802 2189 5856 ΙιΙςιιιι
2237 5800 2381 5865 ι“‹ιιΙ.,
2413 5802 2577 5869 quasi.

2007 5875 2026 5904 "
2054 5875 2194 5930 idem
2226 5873 2370 5942 cod.,
2401 5874 2657 5945 tttgstct'lo.
