3998 6194
555 372 650 426 827

1649 381 1945 443 ΕΑΟΕΝΒΙ
1968 389 2150 446 EPlSC

2259 389 2705 448 ERMIANENSIS
3739 393 3825 448 8‘28

557 490 727 558 latuit,
753 488 1101 561 intelligimus
1125 493 1244 562 quia
1267 495 1344 550 sic
1371 497 1616 566 tetigerat
1637 509 1696 554 ttt
1717 501 1944 557 lateret:
1971 505 2136 562 latere
2170 511 2213 568 Λ
2244 509 2468 576 ciperet,
2497 506 2648 576 quasi
2679 505 2964 571 nescienti,
2992 505 3129 560 sicut
3158 514 3212 558 et
3237 505 3327 560 illa
3361 505 3556 562 mulier
3581 524 3698 577 qua:
3723 526 3824 567 san-

557 594 736 640 autem
769 600 1053 653 possenon
1079 586 1320 643 crederet
1353 589 1540 646 Deum.
1575 593 1846 649 Christum
1879 613 2004 667 ergo
2034 615 2137 654 non

563 680 728 733 Deum
751 679 1079 746 crediderat,
1111 698 1270 751 quem
1293 682 1460 739 latere
1487 701 1642 754 posse
1664 690 1981 759 crediderat,
2008 695 2142 749 adeo

559 778 614 822 ut
643 771 786 840 quod
816 769 870 826 in
897 785 956 827 se
1002 771 1196 827 factum
1227 775 1410 842 sciret,
1445 775 1784 834 iudicandum
1817 786 1865 837 ei
1908 795 2140 853 putaret.

558 863 647 916 Sic
680 863 822 917 enim
866 873 920 918 et
944 865 1080 919 alius
1118 867 1280 920 refert
1324 873 1690 938 evangelista:
1729 873 1920 928 Mulier
1972 891 2142 932 autem

560 959 742 1010 timens
769 966 815 1009 et
838 967 1074 1019 tremens,
1107 957 1271 1012 sciens
1298 961 1434 1022 quod
1460 965 1650 1028 factum
1679 975 1807 1018 esset
1834 967 1884 1018 in
1912 983 1984 1032 se,
2011 971 2143 1022 venit

560 1057 607 1101 rt
626 1051 846 1119 procidit
871 1064 992 1102 ante
1010 1066 1144 1112 eum,
1170 1063 1223 1104 et
1245 1053 1374 1105 dixit
1390 1055 1436 1106 ei
1459 1070 1656 1108 onmem
1676 1058 1930 1111 veritatem
1949 1058 2140 1129 (Marc.

561 1158 610 1200 ν,
641 1139 771 1203 35);
806 1151 863 1194 ut
899 1142 1038 1208 quod
1087 1145 1230 1210 prius
1280 1158 1495 1213 aegrota:
1549 1147 1720 1215 pudor
1748 1150 2141 1217 absconderat,

561 1249 702 1287 same
733 1235 948 1288 devotio
973 1237 1057 1288 fat.
1081 1252 1246 1290 rcIur.
1287 1238 1349 1291 Et
1380 1238 1623 1295 fortassis
1653 1242 1776 1296 ideo
1799 1256 1942 1298 retro
1971 1245 2147 1314 tetigit

562 1325 855 1392 Christum,
892 1335 950 1379 ut
997 1328 1115 1394 ipso
1143 1343 1355 1396 quoque
1383 1339 1499 1384 actn
1549 1333 1817 1402 signaret,
1846 1337 1988 1405 quod
2038 1354 2144 1392 non

562 1420 677 1487 ejus
703 1420 966 1484 anterius,
997 1435 1104 1488 quo
1135 1422 1390 1489 prmcedit
1440 1425 1643 1489 omnia,
1679 1428 1970 1482 secundum
2001 1433 2145 1498 quod

560 1513 758 1568 dictum
787 1522 910 1568 est:
946 1511 1010 1566 In
1035 1516 1288 1586 principio
1329 1527 1439 1572 erat
1480 1517 1724 1586 Verbum,
1769 1522 1865 1576 sed
1904 1519 2148 1578 humani-

562 1614 745 1671 tatem,
778 1621 880 1673 qua
913 1615 1095 1674 postea
1135 1605 1355 1662 Verbum
1406 1626 1524 1663 raro
1554 1615 1747 1681 factum
1787 1625 1862 1669 est
1899 1613 2078 1680 (Joan.
2108 1629 2145 1678 ι,

561 1697 615 1760 1,
650 1695 763 1766 l-i),
799 1697 900 1750 fide
929 1699 1231 1768 contigerit.
1281 1699 1430 1755 Sicut
1477 1704 1618 1755 enim
1670 1703 1822 1759 nobis
1873 1706 1938 1759 ad
1967 1722 2145 1762 rerum

559 1788 1002 1855 significationem
1063 1791 1227 1845 verba
1284 1803 1410 1847 sunt
1462 1780 1750 1860 data,°sic
1807 1800 2148 1869 omnipotens

2245 599 2420 666 guinis
2451 599 2595 652 ﬂuxu
2625 606 2810 653 curata
2842 605 2948 660 est,
2981 595 3328 651 indicandum
3381 599 3588 667 putavit
3616 599 3784 656 dicens
3810 620 3822 658 :

2222 685 2488 752 Domine,
2512 690 2626 758 jam
2659 689 2808 758 fetet,
2840 689 3224 757 quatriduanus
3249 687 3388 740 enim
3408 697 3481 742 est
3515 687 3704 761 (Ibid,
3731 691 3821 762 39).

2246 777 2356 832 Cur
2377 793 2504 846 ergo
2535 795 2639 832 non
2665 789 2717 832 et
2742 779 2871 832 istas
2895 778 3189 832 familiares
3211 778 3429 833 Christo
3457 794 3714 848 personas
3734 783 3820 838 itte-

2248 871 2444 925 reticas
2479 873 2645 925 fuisse
2671 871 2936 937 dicamus,
2962 871 3005 926 si
3052 880 3105 926 et
3141 873 3444 940 ignorantia
3477 875 3705 940 simplex
3729 875 3821 930 itte-

2246 963 2474 1015 reticum
2521 963 2692 1016 facit?
2724 963 2829 1015 into
2867 978 2962 1016 cur
2993 979 3100 1016 non
3151 979 3344 1017 omnes
3393 965 3484 1019 Dei
3515 965 3744 1021 cultores
3767 969 3820 1021 ab

2248 1051 2398 1106 initio
2431 1053 2638 1118 mundi,
2673 1054 2761 1122 qtti
2793 1053 2874 1106 vel
2906 1054 3046 1106 sicut
3090 1053 3358 1107 Corinthii
3391 1065 3445 1108 et
3475 1055 3821 1125 Philippenses

2248 1153 2411 1210 atque
2436 1144 2806 1209 Colossenscs,
2832 1145 2916 1197 vel
2949 1145 3086 1196 sicut
3109 1145 3225 1197 i~taa
3259 1146 3535 1210 mulieres,
3560 1151 3726 1201 minus
3745 1151 3821 1202 ali-

2247 1237 2376 1305 quid
2407 1237 2687 1290 credentes
2717 1235 2784 1290 de
2820 1236 2902 1290 bis
2930 1253 3160 1301 quorum
3199 1238 3308 1292 fide
3348 1240 3692 1303 mundamur,
3722 1258 3820 1295 sau-

2248 1339 2386 1381 Ctam
2424 1338 2479 1382 et
2514 1327 2812 1395 simplicem
2853 1326 3019 1380 vitam
3055 1329 3107 1381 itt
3142 1339 3538 1397 praceptorum
3591 1329 3681 1383 Dei
3716 1331 3822 1385 obe-

2249 1421 2449 1475 dietttia
2475 1421 2756 1474 finierunt?
2778 1419 2887 1474 Hoc
2909 1429 2994 1474 est
3021 1431 3197 1475 autem
3225 1422 3445 1485 mirum,
3463 1423 3605 1490 quod
3629 1434 3677 1476 et
3701 1423 3820 1477 illius

2256 1511 2493 1565 mulieris
2523 1525 2641 1579 qum
2674 1509 2772 1563 fuit
2821 1511 2871 1564 in
2912 1509 3057 1564 fluxu
3097 1511 3376 1580 sanguinis
3430 1511 3732 1579 imperfecta
3778 1524 3822 1568 et

2253 1603 2468 1670 parvula
2497 1602 2650 1660 fides.
2680 1602 2968 1671 perfectam
2996 1612 3049 1656 et
3081 1617 3332 1671 magnam
3356 1604 3522 1671 exigit
3557 1603 3625 1657 de
3653 1602 3824 1657 Christi

2254 1692 2466 1762 justitia
2505 1695 2814 1758 sanitatem,
2859 1693 3050 1748 barum
3075 1711 3205 1749 vero
3235 1711 3506 1759 sororum,
3533 1698 3826 1764 smpendaut

2257 1789 2547 1858 promeruit
2577 1789 2918 1858 quatriduani
2949 1788 3131 1843 fratris
3161 1791 3640 1844 resurrectionem.
3670 1792 3732 1843 At
3752 1806 3827 1843 no-

563 1881 728 1948 Deus,
761 1883 915 1950 cujus
947 1888 1193 1952 potestati
1241 1885 1480 1956 subjecta
1521 1900 1644 1942 Sunt
1669 1892 1870 1958 omnia,
1904 1902 1957 1947 et
1997 1895 2150 1965 cujus

2256 1891 2386 1948 stra,
2432 1898 2550 1952 qua:
2579 1883 2732 1936 nobis
2761 1891 2965 1936 tantum
2999 1897 3190 1952 magna
3225 1882 3439 1936 videtur
3487 1892 3656 1951 atque
3681 1884 3826 1952 perfe-

563 1974 828 2044 sapientia
857 1975 1204 2044 singulariter
1253 1980 1398 2033 novit
1439 1983 1487 2035 in
1521 1998 1673 2036 usum
1705 1983 1960 2040 doctrina:
1987 1993 2146 2043 etiam

561 2065 888 2120 voluntarios
913 2068 1266 2124 nescientium
1303 2081 1476 2126 motus
1517 2075 1899 2131 convenienter
1927 2089 2145 2147 aptare,

561 2169 903 2225 quascunque
927 2171 1013 2211 res
1035 2159 1264 2213 voluerit
1289 2173 1409 2215 actu
1437 2174 1698 2219 creatura:
1729 2181 1842 2220 sum
1861 2169 2146 2237 significat.

561 2246 718 2304 Unde
744 2262 848 2301 non
880 2247 1170 2319 incongrue
1201 2263 1328 2321 puto
1354 2255 1493 2322 quod
1537 2256 1657 2310 ideo
1688 2267 1740 2312 et
1787 2260 1853 2313 ad
1885 2260 2146 2317 fimbriam

559 2349 764 2394 tantum
812 2340 1119 2396 vestimenti
1169 2343 1287 2413 ejus
1313 2347 1574 2412 accessit,
1606 2363 1728 2417 qua:
1773 2366 1872 2418 pro
1901 2367 2148 2407 mensura

561 2434 684 2488 fidei
715 2449 826 2488 sua:
857 2449 961 2488 non
994 2436 1165 2504 potuit
1192 2435 1259 2490 ad
1291 2439 1664 2494 excellentiam
1707 2442 2004 2513 majestatis
2035 2447 2150 2512 ejus

563 2525 858 2591 accedere;
887 2525 982 2579 sed
1009 2527 1076 2580 ad
1105 2526 1156 2580 id
1186 2528 1327 2596 quod
1359 2530 1459 2597 pitP.
1489 2531 1873 2588 incarnationis
1911 2535 2027 2602 fuit,
2057 2553 2152 2605 per

563 2633 723 2685 quam
756 2618 1040 2671 inclinatus
1072 2620 1124 2672 in
1157 2629 1328 2673 terras
1361 2619 1646 2676 humilitati
1679 2633 1874 2680 nostrae
1927 2628 2150 2695 Propin-

564 2709 723 2776 quior
753 2708 920 2762 factus
945 2717 1046 2764 est.
1080 2708 1189 2762 Nec
1219 2711 1436 2776 mirum,
1467 2709 1513 2765 si
1563 2713 1693 2766 fides
1725 2715 1880 2785 ltujus
1912 2718 2152 2773 mulieris

564 2799 726 2853 fuerit
759 2799 1094 2867 imperfecta,
1127 2801 1206 2854 vel
1239 2802 1380 2869 quod
1427 2805 1478 2858 in
1509 2803 1619 2873 ipsa
1650 2807 2055 2875 imperfectione
2083 2811 2152 2865 de

543 2889 760 2943 Christi
791 2891 1154 2947 misericordia
1183 2897 1442 2964 receperit
1467 2899 1769 2969 sanitatem,
1800 2916 1919 2956 cum
1945 2905 1996 2956 in
2021 2905 2150 2973 ipsis

565 2999 776 3052 quoque
803 2984 1047 3039 videatur
1093 2991 1347 3056 apostolis
1399 2992 1529 3046 tales
1561 2993 1766 3062 aliquos
1799 2997 1983 3062 fuisse,
2015 2999 2153 3052 sicut

561 3075 670 3144 jam
701 3077 983 3132 deThoma
1012 3089 1065 3134 et
1089 3081 1334 3151 Philippo
1355 3084 1651 3152 docuimus,
1678 3103 1772 3157 per
1796 3105 1953 3159 quam
1974 3101 2150 3147 tamen

568 3168 790 3223 virtutes
823 3171 1165 3236 perficiebant
1216 3174 1267 3226 itt
1302 3177 1522 3242 populo.
1574 3177 1682 3232 Nec
1724 3181 2039 3236 incredibile
2084 3184 2152 3238 sit

2255 1985 2360 2040 cla,
2391 1985 2580 2030 utnon
2621 1991 2902 2043 parcamus
2948 1979 3205 2040 mortuis,
3243 1977 3331 2030 vel
3371 1977 3418 2031 si
3467 1992 3656 2031 verum
3707 1987 3827 2030 esset

2255 2067 2394 2136 qttod
2427 2066 2645 2130 dicitur,
2691 2066 3040 2135 imperfectis,
3093 2083 3191 2122 nec
3226 2082 3450 2136 parvum
3481 2067 3628 2120 valet
3656 2066 3826 2131 aliqud

2261 2161 2568 2227 impetrare.
2601 2159 2946 2226 Disputamas
2997 2160 3337 2214 incessanter
3387 2169 3550 2230 atque
3584 2160 3829 2215 incondite

2253 2249 2320 2303 de
2346 2249 2463 2303 fidet
2489 2250 2806 2304 Christiana:
2830 2250 3188 2318 dogmatibus,
3207 2252 3454 2306 volentes
3479 2253 3528 2305 in
3559 2251 3826 2320 reprehen-

2255 2345 2405 2396 sione
2434 2343 2658 2394 aliorunt
2691 2342 2834 2395 docti
2861 2351 2915 2394 et
2955 2342 3187 2411 religiosi
3221 2343 3390 2396 videri
3421 2359 3433 2396 :
3459 2354 3511 2396 et
3545 2357 3666 2410 quae
3695 2355 3827 2396 reve-

2255 2445 2438 2491 renter
2465 2449 2727 2505 parceque
2753 2436 3026 2488 tractanda
3059 2444 3202 2500 Sunt,
3233 2435 3476 2490 cmleslia
3507 2437 3704 2504 passim
3730 2448 3827 2504 my-

2257 2530 2419 2583 steria
2454 2528 2796 2582 ventilamus.
2827 2527 2984 2583 lnane
3001 2527 3112 2597 jam
3148 2544 3342 2582 nomen
3365 2528 3444 2582 eis
3475 2529 3719 2582 relictum
3741 2536 3829 2586 est,

2256 2635 2362 2687 quo
2395 2631 2518 2672 sunt
2561 2628 2865 2687 nuncupata
2908 2617 3183 2686 mysteria.
3221 2618 3354 2672 Nam
3385 2617 3521 2672 inter
3550 2621 3746 2672 otiosas
3772 2618 3834 2669 ft-

2257 2711 2411 2765 bulas
2429 2721 2481 2764 et
2508 2710 2753 2778 vulgares
2781 2709 3047 2763 habentur
3071 2710 3390 2762 necessaria-
3415 2718 3471 2763 et
3497 2709 3688 2777 paucis
3709 2722 3835 2761 catu-

2257 2804 2530 2858 mittenda:
2553 2803 2672 2857 fidei
2697 2803 3049 2872 qtnestiones.
3080 2803 3142 2855 Et
3168 2804 3218 2856 in
3242 2803 3323 2856 his
3346 2804 3607 2856 omnibus
3623 2802 3836 2856 videmur

2258 2896 2410 2948 nobis
2429 2908 2644 2950 causam
2671 2894 2882 2962 pietatis
2909 2909 3090 2964 agere,
3117 2895 3508 2948 conturbantes
3536 2893 3835 2960 Ecclesiam,

2260 2986 2310 3038 in
2344 2987 2496 3054 cujus
2526 3002 2655 3054 pace
2686 2987 2969 3040 defunctos
2996 3000 3092 3053 pro
3129 2987 3370 3053 parvula,
3396 2987 3535 3040 sicut
3575 2997 3839 3054 putamus,

2262 3076 2363 3129 fide
2389 3077 2536 3131 velut
2561 3076 2843 3130 luereticos
2869 3077 3201 3140 abdit-amns,
3233 3093 3354 3131 eum
3386 3077 3482 3145 ipsi
3511 3077 3741 3147 apostoli
3762 3076 3842 3130 ali-

2259 3167 2472 3236 quando
2508 3168 2703 3222 fuerint
2732 3167 2786 3220 in
2836 3166 2942 3220 fide
2995 3166 3332 3235 imperfecti,
3364 3183 3648 3236 nunquam
3689 3179 3846 3220 tamen

571 3260 709 3327 quod
738 3261 864 3316 licet
896 3264 1060 3317 Deum
1094 3280 1198 3318 non
1231 3266 1476 3321 crederet
1507 3269 1802 3338 Christum,
1835 3273 2045 3328 dicebat
2077 3285 2153 3329 ta-
2179 3280 2221 3338 C
2261 3258 2495 3312 ίιιιὶτειῖίτί
2517 3276 2530 3325 i
2556 3274 2785 3329 cumqne
2812 3259 2988 3314 θάῗιυο
3019 3273 3204 3328 imm“
3230 3260 3297 3314 de
3317 3258 3531 3314 Chris‘o
3559 3259 3845 3322 credere“.

573 3369 695 3407 men
739 3356 864 3422 quia
901 3359 984 3409 vel
1033 3357 1078 3409 si
1127 3358 1498 3412 vestimentum
1542 3361 1659 3428 ejus
1715 3364 1970 3432 tetigero,
2006 3367 2152 3420 salva

570 3459 698 3496 vro:
731 3456 851 3498 cum
900 3448 1158 3514 scriptum
1199 3449 1270 3502 sit
1299 3451 1350 3502 in
1392 3450 1540 3504 Actis
1579 3457 1974 3521 apostolorum,
2010 3460 2150 3526 quod

570 3546 774 3588 tantum
805 3537 987 3592 fideles
1015 3538 1213 3593 Christi
1246 3542 1312 3594 de
1344 3542 1578 3611 ipsorum
1625 3561 1838 3615 quoque
1865 3547 2156 3617 discipulo-

570 3642 686 3677 t'ttttl
720 3626 836 3694 ejus
881 3629 1075 3683 virtute
1127 3631 1486 3697 crediderint,
1522 3645 1578 3688 ut
1625 3652 1728 3689 non
1774 3639 1946 3692 solmn
1995 3657 2156 3710 super

569 3721 844 3786 languidos
900 3721 1294 3778 deferrentttra
1340 3741 1566 3794 corpore
1623 3728 1766 3781 Pauli
1811 3731 2023 3784 sudaria
2073 3734 2155 3787 vel

567 3809 896 3866 senticinetia
925 3828 940 3876 ;
973 3823 1028 3867 et
1059 3816 1382 3871 recedebant
1421 3820 1489 3874 ab
1517 3821 1595 3874 eis
1625 3822 1930 3891 languores,
1960 3835 2013 3878 et
2043 3827 2155 3895 spi-

569 3903 701 3961 ritus
753 3921 978 3976 nequam
1021 3909 1431 3977 egrediebantur
1462 3914 1599 3983 (Act.
1647 3931 1753 3977 XIX.
1799 3918 1898 3986 18)
1929 3937 1940 3970 :
1975 3934 2154 3975 verum

569 3996 728 4050 etiam
747 3997 889 4067 quod
916 4001 1247 4056 credentium
1275 4002 1327 4058 in
1352 4004 1580 4059 Domino
1611 4007 1895 4064 multitudo
1919 4011 2154 4066 virorum

570 4101 632 4144 ne
663 4088 944 4144 mulierum
995 4092 1046 4144 in
1079 4093 1271 4161 plateis
1300 4095 1557 4163 ejicereut
1600 4098 1842 4152 infirmos
1863 4142 1877 4166 ,
1906 4110 1959 4154 et
1991 4117 2154 4170 pone-

569 4190 689 4233 t‘ent
715 4180 766 4233 in
792 4181 1000 4236 lectulis
1023 4193 1076 4237 et
1104 4185 1364 4252 grabatis,
1399 4198 1455 4241 ut
1485 4190 1735 4243 veniente
1779 4191 1939 4246 l'etro
1969 4195 2156 4250 saltem

569 4271 758 4325 umbra
785 4271 932 4326 illius
964 4273 1315 4330 obumbraret
1355 4293 1671 4346 quemquam
1715 4296 1900 4336 eortm
1935 4284 2069 4354 (Act.
2106 4302 2154 4353 ν,

573 4362 765 4432 lli-l6)
793 4381 804 4416 :
835 4363 960 4417 dum
993 4375 1344 4422 concurreret
1385 4369 1669 4425 multitudo
1699 4371 1990 4429 vicinarum
2029 4377 2159 4430 civi-

571 4465 738 4509 tatum
775 4456 1144 4524 Hierusalem,
1179 4460 1462 4518 afferentes
1505 4474 1734 4532 mgrotos
1761 4476 1816 4522 et
1865 4483 2082 4524 vexatos
2127 4490 2155 4526 ει

569 4545 848 4613 spiritibus
896 4547 1206 4618 immundis,
1242 4555 1331 4623 qui
1378 4557 1706 4613 curabantur
1734 4575 1941 4614 omnes.
1977 4563 2155 4619 Placet

2265 3366 2511 3418 magnam
2545 3361 2863 3417 potestatem
2893 3359 3216 3418 acceperunt
3245 3353 3531 3418 spirituum
3567 3351 3847 3404 immundo-

2264 3460 2400 3505 i-utn,
2435 3451 2490 3496 ιιι
2517 3443 2774 3511 ejicereut
2819 3458 2912 3497 eos
2944 3452 2995 3496 et
3027 3451 3282 3496 curarent
3305 3457 3520 3496 omnem
3555 3443 3848 3512 languorem

2261 3547 2311 3586 et
2337 3551 2550 3588 omnem
2586 3536 2616 3588 i:
2645 3537 2976 3598 firmitatem,
3015 3537 3266 3589 mittente
3296 3549 3390 3589 eos
3419 3535 3681 3601 Domino,
3708 3545 3848 3602 atque

2261 3625 2547 3680 mandante
2581 3627 2626 3679 'z
2663 3624 2857 3681 Etmtes
2901 3626 3198 3696 pnedicate,
3229 3627 3455 3679 dicentes
3479 3642 3499 3678 :
3523 3628 3654 3696 quia
3682 3642 3847 3695 appro-

2260 3719 2525 3786 pinquat-it
2557 3734 2769 3786 regnum
2804 3717 3043 3770 caelorum
3071 3734 3088 3767 :
3116 3717 3351 3783 inﬁrmes
3403 3727 3613 3781 curate,
3647 3731 3848 3769 mantat

2259 3809 2523 3872 suscitate,
2555 3810 2784 3872 leprosos
2833 3809 3098 3872 mandate,
3155 3809 3412 3861 devotiones
3440 3809 3664 3879 cjicrte:
3714 3808 3850 3878 grati:

2259 3901 2543 3968 accepistis,
2569 3902 2725 3972 gratia
2747 3901 2869 3952 date
2891 3899 3099 3970 (Matth.
3125 3915 3178 3966 κ,
3203 3900 3258 3964 7,
3289 3899 3376 3969 8).
3407 3899 3464 3954 Si
3490 3915 3628 3955 vero
3649 3898 3850 3968 aj-oswli

2263 4008 2360 4044 nec
2386 3993 2438 4045 iit
2475 3993 2590 4059 ipso
2618 3993 2937 4062 ignorantiae
2961 4007 3069 4046 sua:
3096 4001 3337 4058 tempore
3361 3990 3589 4046 fuerunt
3614 3991 3852 4051 haeretici,

2260 4101 2360 4153 qua
2395 4085 2603 4139 ratione
2629 4087 2910 4154 quisquam
2941 4099 3034 4139 eos
3063 4085 3150 4154 qui
3182 4083 3316 4138 tales
3343 4083 3409 4138 de
3437 4083 3542 4138 hac
3569 4084 3681 4138 vita
3701 4093 3852 4137 trans-

2261 4177 2458 4242 ierunt,
2483 4179 2751 4232 affirmare
2777 4179 2943 4247 pOSsit
2973 4176 3288 4231 ltmretieos?
3312 4186 3367 4230 et
3397 4178 3442 4230 si
3468 4177 3577 4243 illi,
3609 4180 3698 4248 qui
3724 4190 3844 4244 pra:-

2259 4277 2465 4323 scntcm
2499 4269 2764 4324 habebant
2792 4268 2961 4339 ipsam
2990 4270 3292 4338 incorpore
3321 4271 3641 4336 veritatem,
3676 4280 3848 4339 potue-

2261 4372 2384 4414 runt
2415 4362 2620 4429 absque
2661 4361 2889 4416 crimine
2933 4377 3090 4416 secus
3137 4361 3339 4431 aliquid
3382 4363 3450 4416 de
3483 4361 3588 4419 illo
3632 4364 3862 4418 minusve

2260 4451 2506 4516 sentire;
2554 4467 2649 4506 cur
2700 4453 2922 4507 ltazresis
2971 4452 3187 4506 crimini
3236 4453 3574 4522 deputetur,
3635 4456 3682 4508 si
3728 4452 3862 4522 quis-

2259 4557 2418 4609 quam
2450 4544 2501 4596 iu
2537 4543 2778 4598 Ecclesia
2828 4544 3028 4613 pietate
3080 4544 3366 4612 praeditus.
3398 4547 3745 4601 obedientize
3781 4544 3863 4598 de-

572 4639 748 4706 igitur.
777 4655 826 4694 ω
855 4642 1008 4696 ista",
1033 4661 1240 4715 quoque
1267 4649 1544 4704 mulierem
1571 4654 1993 4711 condemnemus
2018 4658 2157 4714 inter
2187 4656 2236 4715 ι)
2262 4645 2438 4706 votus,
2466 4637 2736 4708 subjectus
2753 4648 2808 4693 et
2826 4640 3018 4693 habilis
3041 4639 3108 4694 ad
3129 4639 3474 4707 discendum,
3497 4645 3672 4698 aliter
3697 4643 3766 4698 de
3786 4643 3860 4696 illa

572 4733 856 4786 haereticos
895 4750 989 4802 pro
1020 4741 1080 4789 ca
1116 4736 1219 4791 fide
1249 4755 1352 4806 qua
1381 4742 1558 4796 sanari
1611 4746 1822 4810 meruit,
1857 4756 1909 4802 et
1956 4749 2023 4803 de
2051 4765 2155 4820 qua

568 4825 616 4877 ei
675 4824 927 4880 Dominus
971 4826 1142 4881 diXliZ
1179 4827 1356 4894 Filia,
1391 4832 1518 4899 ﬁdes
1552 4846 1638 4888 tua
1667 4847 1714 4890 te
1756 4837 1946 4892 salvam
1997 4841 2152 4911 fecit,

568 4918 695 4969 rade
727 4919 778 4970 in
805 4935 928 4986 pace
960 4920 1111 4987 (Luc.
1145 4936 1260 4985 vttt,
1293 4921 1386 4995 48)
1414 4925 1436 4978 ?
1485 4928 1538 4982 Si
1573 4930 1714 4982 enim
1745 4930 2044 4986 damnanda
2077 4946 2157 4989 est

570 5009 912 5075 parvulorum
945 5011 1074 5066 fides
1097 5015 1162 5067 ab
1190 5016 1268 5070 eis
1299 5019 1386 5085 qui
1432 5036 1636 5090 magna:
1667 5034 1717 5078 et
1746 5025 1996 5092 perfectae
2029 5028 2151 5083 fidei

567 5099 671 5154 sibi
700 5102 978 5170 videntur,
1010 5120 1108 5158 cur
1152 5122 1256 5160 non
1310 5119 1365 5163 et
1409 5111 1508 5164 ista
1549 5113 1876 5170 damnetur?
1906 5133 2002 5172 cur
2049 5136 2154 5176 non

567 5195 726 5247 etiam
758 5196 919 5250 Maria
941 5206 994 5251 et
1016 5198 1222 5254 Martha
1252 5215 1467 5258 sorores
1494 5204 1703 5274 Lazari,
1729 5210 1979 5274 quoniam
2013 5222 2156 5265 utra-

566 5301 672 5354 que
705 5285 929 5342 Domino
953 5291 1090 5345 dixit
1115 5334 1126 5345 .
1153 5293 1214 5346 Si
1241 5293 1424 5361 fuisses
1453 5294 1558 5363 hic,
1593 5312 1690 5349 non
1717 5298 1894 5366 fuisset
1925 5311 2156 5358 mortuus

569 5379 726 5446 frater
755 5397 896 5433 meus
924 5381 1100 5451 (John.
1138 5401 1211 5453 XI,
1245 5387 1334 5452 2i,
1357 5387 1445 5455 52)
1472 5387 1494 5440 ?
1523 5390 1696 5457 Quod,
1724 5393 1858 5446 sicut
1879 5393 1988 5462 jam
2021 5396 2156 5449 dixi-

2260 4732 2510 4795 senserit,
2542 4731 2681 4800 quod
2714 4731 3101 4800 reprehensum
3155 4733 3426 4801 corrigere
3476 4734 3556 4788 sit
3603 4735 3856 4804 paratus?

2263 4828 2528 4891 Quocirca
2553 4843 2740 4881 omnes
2776 4829 2867 4898 qtti
2899 4830 2948 4882 itt
2984 4830 3306 4901 discipulam
3337 4842 3462 4886 sunt
3493 4835 3772 4898 veritatis,
3817 4841 3864 4886 et

2261 4917 2582 4986 semetipsos
2632 4901 2822 4973 ratio'ni
2861 4920 3066 4974 dociles
3117 4933 3172 4976 ct
3217 4923 3497 4991 subjectos
3554 4922 3867 4980 auctoritati

2263 5009 2501 5077 prtulient
2532 5010 2810 5077 Eeclesicc,
2865 5013 2908 5065 si
2951 5012 3105 5066 aliter
3135 5015 3348 5081 sapiant
3395 5015 3464 5068 de.
3505 5015 3599 5070 his
3643 5028 3867 5086 quorum

2262 5101 2364 5156 fide
2397 5103 2748 5168 inundantur,
2793 5105 2876 5159 vel
2918 5094 3134 5175 propter
3165 5107 3475 5177 incapacem
3513 5125 3688 5164 suam
3721 5106 3872 5163 intel-

2259 5195 2553 5266 ligentiam,
2609 5199 2694 5252 vel
2750 5199 2927 5254 minus
2981 5215 3093 5254 rem
3147 5202 3651 5256 animadvertendo
3708 5217 3868 5271 quam

2259 5303 2394 5356 Opus
2414 5300 2535 5356 est,
2591 5291 2754 5358 impie
2800 5292 3190 5360 proculdubio
3247 5302 3507 5362 tanquam
3570 5293 3874 5350 lmreticos

2260 5395 2611 5438 exsecrantur
2633 5387 2673 5438 ⁸.
2707 5387 2806 5454 Qui
2850 5389 2993 5443 eniut
3026 5391 3212 5445 statuit
3242 5391 3297 5445 in
3337 5391 3503 5447 corde
3531 5408 3648 5446 suo
3683 5393 3872 5446 tirmus

567 5484 723 5534 tnus,
780 5472 1020 5539 profecto
1069 5491 1170 5530 non
1228 5477 1500 5544 dicerent,
1563 5480 1604 5533 si
1655 5480 1819 5535 Deum
1872 5484 2156 5540 crederent

567 5562 862 5618 Christum.
891 5565 1020 5632 Quis
1049 5569 1190 5622 enim
1226 5569 1394 5624 Deum
1428 5570 1623 5626 alicubi
1651 5583 1800 5641 putet
1828 5574 2104 5631 absentem
2130 5578 2153 5631 ἲ

569 5653 773 5707 Martha
819 5669 971 5722 vero,
1005 5659 1164 5712 etiam
1213 5677 1332 5714 cum
1385 5665 1588 5718 veniret
1635 5665 1700 5719 ad
1746 5680 2149 5722 monumentmn

568 5747 824 5802 Detninus
879 5762 926 5804 et
960 5751 1186 5818 lapidein
1214 5755 1301 5822 qui
1333 5759 1702 5827 superpositus
1732 5771 1843 5815 erat
1875 5760 1984 5816 tolli
2018 5779 2148 5831 phu-

2261 5489 2363 5544 lioc
2394 5492 2636 5556 credere,
2685 5493 2827 5561 quod
2857 5493 2909 5547 in
2939 5493 3134 5548 talibus
3164 5493 3407 5548 doctrina
3436 5501 3492 5547 et.
3520 5491 3680 5548 fides
3713 5493 3878 5547 habet

2262 5581 2540 5648 Ecclesia},
2588 5585 2831 5652 quamvis
2871 5602 2975 5639 non
3027 5589 3260 5656 perfecte
3299 5589 3484 5642 omnia
3527 5587 3609 5642 dc
3668 5589 3878 5642 hisdem

2261 5675 2431 5741 δειιιὶηῑ
2463 5676 2542 5730 vel
2578 5677 2854 5745 loquatur;
2905 5681 3027 5748 quia
3077 5687 3255 5735 tamen
3297 5679 3537 5734 scientia:
3597 5695 3725 5734 sua:
3773 5693 3880 5733 non

2261 5769 2503 5833 conlidit,
2547 5779 2599 5821 et
2650 5770 2811 5824 multa
2854 5771 2904 5824 itt
2956 5772 3147 5841 quibus
3192 5783 3334 5829 errat
3381 5781 3470 5827 aut
3506 5770 3770 5838 dubitat,
3814 5772 3879 5824 ab

638 5908 653 5941 ‘
686 5908 816 5964 Cod.
857 5909 1074 5980 Verum,
1109 5913 1181 5966 ita
1209 5915 1362 5968 mund
1384 5926 1497 5970 .nte.
2328 5925 2344 5954 ²
2372 5927 2514 5982 idem
2538 5927 2685 5989 cod..
2719 5943 3057 5984 exsecrantur.
