3998 6202
265 367 378 422 εει)

1058 371 1189 425 PRO
1222 369 1647 427 DEFENSIUNE
1690 373 1904 429 TRIUM
1942 375 2258 433 CAPITUL.
2303 377 2430 432 LIB.
2472 377 2588 433 ΧΗ.

3449 386 3554 441 850

263 481 513 539 Ecclesia
547 489 691 536 recte
720 483 886 536 teucri
920 499 1025 536 non
1071 484 1309 548 dubitat,
1353 485 1438 539 ubi
1484 486 1684 553 positus
1718 488 1862 541 velut
1890 491 1941 549 Α
1968 496 2071 551 tur,
2108 500 2362 557 quantum
2396 490 2446 542 in
2489 489 2586 543 bac
2622 491 2725 544 vita
2754 505 3071 546 concessum
3092 503 3203 560 est,
3236 497 3552 552 evaluerunt

262 576 323 630 in
356 572 538 630 schola
571 574 811 627 veritatis
838 576 981 642 pium
1030 575 1190 630 habet
1230 577 1467 633 dESccndi
1494 582 1857 648 propositum;

260 682 375 720 non
405 679 485 721 est
520 665 782 721 dicendus
813 668 1059 722 inimicus
1099 669 1266 737 ipsius
1292 672 1551 736 veritatis,
1594 673 1738 741 quod
1780 684 1861 728 est

260 758 579 819 lt-zcreticus,
625 760 719 813 sed
766 761 1121 826 perliciendus
1164 763 1339 830 potius
1390 763 1703 831 discipulus.
1755 766 1857 819 lm-

260 851 541 919 pcrfectus
572 852 671 904 iSIc
699 853 943 919 proferto
971 854 1100 907 nibii
1137 856 1218 910 sui
1266 856 1445 909 cordis
1474 856 1855 913 adinventioue

260 944 556 998 conﬁctum
602 946 816 1014 propria
866 948 1094 1015 quadam
1137 950 1457 1005 auctoritate
1495 952 1687 1006 docere
1725 968 1861 1021 pra:-

259 1034 451 1100 sumit,
480 1035 620 1089 sicut
649 1036 867 1105 quidam
922 1040 1190 1106 hazretici,
1240 1056 1414 1110 neque
1454 1043 1576 1096 talia
1604 1044 1858 1099 docentes

261 1127 541 1192 sequitur;
574 1127 666 1180 scd
697 1130 1003 1182 auctoritati
1031 1130 1329 1184 divinarum
1361 1132 1661 1186 litterarum
1684 1136 1698 1165 ¹
1720 1134 1859 1188 inni-

263 1215 417 1285 titur,
477 1226 635 1286 atque
680 1218 767 1272 ubi
815 1234 996 1273 carum
1030 1223 1049 1250 '
1081 1222 1488 1290 intelligentiam
1544 1240 1650 1277 non
1700 1226 1859 1281 fuerit

264 1317 549 1361 assecutus
591 1310 677 1378 (in
717 1310 901 1364 multis
933 1312 1225 1380 siquidem,
1271 1329 1365 1381 pro
1409 1315 1619 1368 illarum
1665 1331 1854 1386 magna

266 1398 658 1467 profunditate,
685 1402 949 1456 humanus
977 1405 1171 1473 caligat
1200 1407 1493 1475 aspectus),
1528 1423 1856 1477 cognoscens

263 1492 399 1559 quid
428 1492 552 1546 inde
600 1495 844 1548 statuerit
876 1496 1195 1550 universalis
1229 1497 1487 1564 Ecclesia,
1542 1502 1713 1555 errori
1757 1518 1853 1559 suo

259 1584 359 1653 pia
398 1585 573 1640 cordis
621 1586 920 1642 humilitate
951 1590 1242 1652 renuntiat,
1293 1594 1417 1659 quia
1446 1609 1716 1662 nunquam
1748 1596 1850 1649 sibi

260 1691 338 1730 ne
378 1676 535 1731 aliter
568 1688 784 1745 saperet
819 1679 1114 1735 interdixit.
1156 1682 1306 1737 Sicut
1346 1698 1474 1753 ergo
1512 1696 1636 1738 sunt
1680 1687 1853 1755 perfe-

259 1769 462 1822 ctiores
491 1770 729 1837 quidam,
776 1773 863 1841 qui
909 1788 1103 1841 magno
1139 1775 1417 1843 sapientia:
1460 1777 1602 1831 dono
1649 1793 1850 1846 praua-

1969 581 2253 647 attingere.
2300 581 2377 634 llli
2428 580 2589 635 etiam
2646 580 2753 635 ﬁde
2802 584 3168 639 tantummodo
3217 587 3434 655 perfecti
3485 587 3550 641 ad

1966 688 2088 726 eum
2122 673 2141 703 ⁷
2171 674 2391 740 propius
2424 682 2791 728 accesserunt.
2819 674 2907 728 Isti
2939 691 3067 731 vero
3089 676 3387 743 inferiores,
3416 693 3549 746 quos

1966 764 2120 817 tertio
2158 766 2325 834 gradu
2371 767 2669 833 posuimus,
2715 782 3016 837 quanquam
3051 784 3145 838 per
3191 770 3402 838 aliquod
3435 770 3547 824 lon~

1962 854 2077 921 gius
2110 856 2475 920 intervallum,
2510 857 2576 909 ad
2615 857 2752 911 idem
2799 870 2976 911 tamen
3014 860 3299 928 aspiciunt,
3341 872 3393 915 et
3425 862 3550 916 illuc

1963 942 2161 997 habent
2202 946 2452 999 veniendi
2505 946 2862 1014 prepositum.
2892 948 2992 1014 Qui
3036 950 3080 1002 si
3124 949 3360 1004 haeretici
3407 951 3550 1018 judi-

1959 1045 2169 1099 centur,
2202 1048 2363 1106 quota
2404 1054 2526 1108 pars
2558 1039 2732 1103 nobis,
2762 1056 2865 1093 non
2901 1043 3073 1095 dicant
3107 1043 3173 1097 de
3202 1045 3345 1097 οηιηί
3372 1045 3546 1111 plebe,

1961 1128 2054 1180 sed
2106 1132 2173 1182 de
2232 1130 2360 1195 ipsis
2437 1112 2803 1185 Ecclesiarum
2864 1134 3164 1200 pra-positis
3217 1135 3547 1203 relinquetur

1960 1235 2076 1284 quae
2103 1221 2369 1274 catholica
2413 1221 2608 1275 debeat
2646 1222 2917 1291 judicari;
2964 1238 3084 1276 cum
3117 1233 3170 1278 ct
3217 1226 3335 1277 illos
3365 1227 3548 1279 excel-

1958 1310 2205 1365 lentiuris
2258 1311 2658 1380 intelligentia,
2721 1314 3043 1367 necessitate
3090 1315 3323 1383 suscepti
3372 1314 3539 1369 oflicii

1957 1419 2053 1473 per
2082 1404 2245 1456 ardua
2270 1404 2598 1473 gradientes,
2634 1421 3018 1474 nonnunquam
3053 1406 3235 1474 lapsos
3258 1407 3406 1460 sinus
3432 1409 3547 1474 pic-

1958 1497 2353 1565 tatisexcipiat,
2404 1512 2511 1566 qua
2551 1513 2610 1552 se
2653 1497 2959 1552 auctoritati
3004 1497 3240 1552 subdunt
3284 1498 3543 1552 Ecclesia:

1953 1587 2107 1656 cujus
2137 1588 2379 1657 magistri
2411 1599 2555 1653 sunt,
2595 1599 2655 1643 ut
2685 1605 2789 1643 non
2828 1589 3088 1659 glorietur
3116 1590 3289 1643 omnis
3319 1604 3448 1642 caro
3488 1588 3540 1642 in

1952 1689 2245 1746 conspectu
2283 1680 2440 1748 ejus?
2468 1680 2583 1734 Non
2615 1681 2773 1749 igitur
2798 1681 3022 1737 baatcsis
3051 1681 3275 1736 dicenda
3304 1691 3407 1746 est,
3442 1682 3543 1735 nisi

1951 1773 2306 1825 contradicuo
2333 1771 2687 1839 superborum
2714 1772 2985 1839 pervicax,
3020 1773 3265 1842 qua-sib:
3302 1788 3369 1826 ne
3393 1771 3534 1825 alzud

261 1859 380 1914 lcnt
415 1870 591 1916 mente
630 1866 1009 1933 contemplari,
1051 1883 1169 1936 qurc
1208 1872 1581 1924 tantummodo
1615 1872 1851 1927 credun—

1952 1862 2121 1931 sapiat
2144 1864 2438 1928 interditit,
2469 1871 2524 1918 et
2562 1865 2832 1919 admonita
2866 1866 3160 1920 contemnit
3200 1865 3479 1933 acquiesce
3513 1881 3543 1917 e

260 1959 354 2004 tur
382 1952 446 2007 ab
475 1953 594 2008 aliis
626 1955 678 2008 in
712 1955 855 2009 vita"
909 1958 1177 2025 perfectis,
1220 1962 1288 2014 ita
1319 1964 1469 2025 multi
1502 1973 1626 2016 sunt
1656 1965 1850 2033 imper-

257 2040 389 2094 fecti
415 2041 466 2095 ia
494 2042 736 2100 Ecclesia
767 2045 987 2109 Christi,
1040 2058 1093 2100 et
1123 2057 1300 2103 tamen
1333 2048 1386 2104 iu
1424 2054 1687 2106 servanda
1728 2056 1845 2123 ejus

259 2134 471 2187 unitate
506 2135 727 2203 perfecti
756 2154 767 2187 :
816 2138 905 2205 qui
934 2153 1054 2192 cum
1091 2156 1187 2208 per
1231 2142 1585 2213 ignorantiam
1619 2161 1765 2201 suam
1798 2153 1847 2203 in

257 2225 509 2296 plurimis
555 2237 759 2293 errent,
796 2228 846 2282 in
882 2232 1027 2283 nullo
1061 2243 1235 2287 tamen
1267 2251 1451 2291 etrarc
1490 2239 1711 2293 credunt
1749 2240 1850 2295 Ec-

257 2316 479 2371 clesi‘am
511 2320 661 2388 cujus
715 2335 774 2375 se
810 2321 1086 2377 cculidunt
1133 2326 1337 2382 unita'e
1380 2330 1593 2384 salvari.
1645 2333 1845 2396 Quam-

255 2408 444 2463 obrem
475 2411 557 2465 vel
585 2414 628 2466 si
661 2413 816 2467 nobis
848 2416 1202 2483 sapientiores
1231 2419 1496 2485 videntur,
1545 2438 1846 2492 quanquam

253 2503 519 2572 scriptum
564 2506 633 2559 sit
671 2506 811 2575 quod
843 2509 1013 2574 pictas
1052 2520 1132 2564 est
1180 2512 1487 2580 sapientia:
1541 2530 1645 2569 non
1685 2516 1846 2572 debe-

254 2611 380 2650 mus
431 2599 559 2652 istos
607 2598 697 2653 Dei
746 2601 983 2655 cultores
1003 2602 1069 2657 ab
1116 2604 1353 2659 Ecclesia
1395 2606 1511 2675 ejus
1556 2608 1843 2676 expellere,

254 2700 360 2741 nec
388 2701 421 2740 a
451 2690 619 2742 muris
652 2690 779 2744 Sion
811 2692 1069 2760 Spiritalis
1098 2694 1299 2763 cjectos
1333 2697 1468 2751 inter
1497 2698 1612 2766 ejus
1659 2700 1849 2753 adi-cr-

253 2778 431 2832 sarios
456 2778 738 2860 deputare.
772 2780 1117 2850 Circumdate,
1173 2785 1344 2855 inquit
1376 2788 1655 2857 propheta,
1691 2790 1844 2858 Sion,

251 2882 302 2928 et
330 2876 727 2945 comptectimini
759 2894 908 2943 emu;
948 2888 1156 2933 narrate
1196 2881 1251 2934 in
1290 2883 1521 2935 turribus
1556 2886 1708 2953 ejus;
1751 2901 1844 2953 po-

251 2964 360 3017 nite
388 2966 542 3018 csrda
569 2976 729 3019 vestra
770 2968 822 3020 in
850 2970 1034 3023 virtute
1061 2974 1192 3041 ejus,
1244 2983 1291 3025 et
1332 2974 1624 3027 distribuite
1668 2976 1846 3030 domos

250 3060 368 3129 ejus
393 3058 566 3126 (Psal.
605 3079 766 3125 XLVII,
804 3065 1057 3133 15);vcl,
1090 3067 1234 3122 sicut
1263 3069 1348 3121 alii
1384 3070 1596 3124 codices
1626 3070 1843 3138 habent,

252 3149 557 3205 Distribuite
582 3154 769 3208 domus
799 3164 823 3192 ιι
850 3156 873 3186 ⁵
901 3157 1097 3227 gradus
1141 3160 1652 3230 ejus.-Circumtlare
1690 3163 1847 3231 igitur

1956 1957 2193 2009 veritati.
2234 1958 2330 2009 Illa
2371 1957 2540 2025 magis
2580 1958 2970 2033 contumaciter
3001 1960 3068 2012 ab
3107 1959 3346 2013 Ecclesia
3390 1975 3543 2027 sepa-

1954 2047 2062 2101 rari
2092 2048 2301 2118 deligit,
2350 2049 2435 2102 vei
2470 2050 2520 2101 in
2552 2049 2832 2104 ea-doluse
2876 2050 3064 2113 latere,
3114 2067 3272 2117 quam
3322 2066 3539 2119 pravam

1953 2149 2162 2194 mutare
2207 2141 2550 2195 sententiam.
2586 2141 2692 2194 Sed
2743 2140 3056 2209 ignorantes
3102 2141 3157 2194 in
3184 2156 3251 2195 eo
3282 2142 3541 2196 discerni-

1953 2247 2072 2285 mus
2098 2247 2127 2285 a
2156 2232 2395 2297 doiosis,
2442 2234 2565 2302 quia
2599 2246 2699 2286 nec
2738 2232 3037 2301 probantur
3073 2232 3407 2286 sufﬁcienter
3442 2233 3538 2285 ali-
3608 2284 3611 2287 ,

1951 2322 2164 2391 quando
2204 2323 2439 2393 correpti
2481 2339 2579 2392 pro
2608 2323 2690 2378 bis
2719 2339 2838 2393 quia
2884 2322 3058 2378 minus
3082 2322 3409 2392 intelligunt,
3439 2340 3539 2379 nec

1953 2416 2065 2470 suis
2096 2416 2392 2470 rationibus
2419 2416 2643 2471 occultis
2666 2424 3019 2485 corrumpunt
3046 2417 3276 2472 facilium
3303 2427 3536 2484 mentes,

1951 2508 2045 2562 sed
2070 2508 2236 2563 libere
2258 2508 2437 2563 solent
2456 2518 2511 2564 et
2541 2509 2857 2578 simpliciter
2886 2510 3097 2579 aperire
3126 2510 3257 2579 quid
3276 2510 3535 2565 sentiunt.

1954 2600 2008 2654 Si
2038 2601 2161 2668 quis
2186 2610 2365 2655 autem
2386 2610 2440 2655 et
2469 2602 2526 2655 in
2555 2601 2684 2670 ipsis
2711 2602 2914 2656 Christi
2942 2603 3242 2672 discipulis,
3272 2616 3407 2671 quos
3438 2602 3537 2656 ha-

1951 2691 2067 2744 buit
2088 2706 2213 2744 cum
2236 2692 2320 2747 hic
2349 2704 2762 2748 com-ersaretur
2795 2696 2844 2747 in
2875 2709 3039 2749 carne
3071 2695 3305 2759 mortali,
3331 2702 3538 2764 qttteral.

1951 2798 2302 2850 cognoscere,
2335 2794 2594 2853 quantum
2638 2785 2850 2840 dili‘erat
2895 2788 3038 2840 inter
3079 2788 3305 2840 rationis
3335 2788 3539 2854 patien-

1956 2883 2082 2938 tem,
2116 2874 2200 2927 rel
2232 2873 2532 2929 auctoritati
2559 2886 2928 2931 contumacem
2961 2876 3209 2946 spiritum
3238 2892 3349 2945 quo
3375 2892 3538 2946 agun-

1952 2974 2038 3017 tur
2062 2966 2319 3031 ltacrctici,
2348 2964 2436 3034 qui
2468 2967 2821 3021 scandalizaii
2856 2976 2911 3020 et
2938 2983 3190 3036 separare
3218 2970 3539 3037 semetipsos

1952 3058 2120 3125 magis
2144 3069 2271 3112 sunt
2316 3060 2568 3127 prompti,
2606 3076 2765 3127 quam
2797 3060 3037 3127 discere;
3093 3072 3148 3115 et
3181 3064 3321 3116 inter
3362 3062 3538 3116 minus

1951 3150 2563 3217 eapacemintcllcetnm
2608 3153 2840 3220 piorum,
2886 3162 3165 3208 mansuete
3214 3154 3529 3222 opportuni-

251 3260 445 3300 omues
474 3246 881 3303 defensionibus
922 3251 1155 3316 nostris,
1198 3262 1252 3307 et
1291 3256 1536 3323 amplecti
1586 3257 1759 3323 potius
1794 3254 1845 3310 in

1955 3247 2119 3294 lutcus
2150 3241 2577 3308 lwazstolantium
2612 3243 2929 3311 disciplinae,
2962 3253 3015 3297 et
3045 3250 3377 3298 scrvantLum
3414 3245 3535 3299 uni-

252 3336 521 3390 cltaritatc
546 3338 824 3405 debemus,
873 3342 965 3409 qui
997 3344 1261 3409 pertinent
1294 3347 1357 3397 ad
1394 3348 1545 3411 Sion,
1583 3362 1679 3403 nec
1710 3365 1846 3419 quo-

250 3426 387 3480 libet
416 3425 533 3493 ejus
573 3432 740 3497 gradu
782 3433 1100 3488 constitutos
1136 3435 1466 3490 excludere:
1502 3438 1595 3491 scd
1637 3438 1707 3493 ita
1750 3457 1840 3493 su-

251 3519 560 3585 periuribus
601 3521 653 3573 in
684 3537 742 3574 ea
780 3522 1038 3578 ltonorem
1070 3541 1319 3595 magnum
1361 3528 1585 3582 reddere
1622 3531 1709 3599 qui
1742 3532 1840 3587 de-

251 3606 432 3673 betur,
467 3618 523 3661 ut
555 3611 714 3664 etiam
757 3612 1103 3669 inferioribus
1138 3616 1255 3682 ejus
1284 3617 1586 3688 quibmque
1626 3620 1840 3678 dilectio

248 3714 362 3754 non
412 3712 657 3770 negetur.
719 3704 828 3759 Hoc
865 3706 1007 3761 enim
1053 3715 1135 3760 est
1181 3708 1320 3777 quod
1372 3710 1447 3761 ait
1488 3727 1499 3761 :
1543 3710 1841 3768 Distribtdte

249 3794 447 3862 gradus
504 3799 654 3867 ejus,
712 3798 851 3867 quod
904 3800 1028 3853 alibi
1085 3801 1326 3854 dicitur:
1362 3802 1608 3857 Ordinate
1664 3806 1717 3858 in
1763 3824 1842 3861 me

250 3884 558 3937 diarilatem
606 3886 789 3956 (Cant.
824 3905 889 3951 ιι,
916 3889 997 3958 lt).
1042 3890 1193 3945 Sicut
1233 3907 1362 3963 ergo
1400 3909 1503 3950 non
1549 3896 1667 3949 ideo
1708 3912 1841 3963 quo-

249 3975 501 4030 rumdam
535 3979 891 4047 perfecturum
919 3984 975 4037 in
1003 3982 1104 4037 fide
1129 3986 1463 4052 spernendus
1492 3995 1574 4041 est
1617 3989 1840 4043 inferi-nr

247 4067 469 4134 gradus,
501 4072 641 4138 quod
664 4070 687 4102 ⁸
709 4088 812 4126 non
847 4083 1071 4141 possunt
1102 4075 1373 4129 intellectu
1420 4092 1613 4144 capere
1646 4079 1837 4132 verita-

250 4167 386 4224 tem,
426 4161 549 4229 quia
599 4163 700 4217 hoc
738 4165 1069 4219 sublimioris
1110 4168 1309 4236 gradus
1343 4166 1433 4221 alii
1465 4178 1687 4237 possunt
1720 4187 1732 4224 :
1767 4170 1833 4223 ita

248 4263 351 4303 nec
380 4251 479 4319 ipsi
507 4251 528 4283 ⁶
560 4256 851 4322 spernendi
892 4266 1038 4323 sunt,
1070 4259 1154 4311 vel
1183 4258 1251 4311 ab
1284 4258 1519 4313 Eccle~ia
1553 4271 1671 4330 post
1696 4276 1838 4315 mor-

244 4351 378 4408 tem,
424 4346 566 4414 quod
603 4358 686 4401 est
714 4350 1005 4417 crudelius,
1056 4352 1155 4403 sub
1184 4356 1527 4407 anathemate
1580 4353 1836 4407 condem-

245 4435 447 4502 nandi,
492 4439 583 4506 qui
629 4441 752 4495 licet
808 4444 1136 4511 itnpcriecttc
1170 4445 1287 4498 fidei
1335 4444 1496 4499 luisse
1527 4447 1832 4512 videantur,

243 4526 370 4590 quia
401 4544 505 4580 nun
536 4532 586 4583 in
613 4533 790 4585 omnia
824 4550 942 4601 quae
984 4546 1087 4588 tam
1134 4536 1296 4589 multa
1339 4546 1392 4591 ct
1422 4552 1613 4607 magna
1656 4542 1831 4592 conti-

1954 3342 2115 3387 tntem
2168 3336 2393 3403 spiritus
2441 3338 2499 3388 in.
2548 3336 2765 3389 vinetle
2808 3336 2987 3405 pacis;
3047 3338 3098 3390 iu
3156 3354 3259 3392 um
3301 3337 3536 3407 capitulo

1945 3424 2171 3480 Joannis
2213 3428 2557 3496 evangelista
2586 3427 2838 3483 similiter
2865 3429 3123 3494 inveniet,
3159 3431 3244 3483 ubi
3284 3429 3538 3485 l‘outiuus

1944 3518 2121 3571 dixit:
2150 3516 2259 3589 Ego
2291 3535 2404 3572 sum
2434 3521 2580 3587 panis
2614 3522 2776 3585 vivus,
2808 3522 2895 3590 qui
2928 3521 2992 3574 de
3024 3522 3151 3575 (aeto
3182 3524 3417 3576 descendi
3451 3539 3466 3576 :
3493 3525 3537 3579 si

1943 3611 2058 3680 quis
2079 3612 2455 3664 mattduatwerit
2479 3626 2541 3663 ex
2560 3610 2656 3663 hoc
2683 3627 2833 3678 pone,
2864 3613 2993 3664 vicet
3025 3613 3076 3664 in
3100 3612 3532 3685 mteraumﬂoan.

1946 3703 2474 3773 Vt,5lt,&).Et:Qui
2518 3704 2794 3755 manducet
2833 3719 2995 3756 meam
3043 3720 3272 3770 carne.n,
3318 3716 3362 3756 et
3413 3704 3543 3756 bibit

1945 3812 2115 3849 meum
2144 3797 2464 3865 sanguinem,
2495 3796 2546 3848 in
2583 3811 2658 3847 me
2683 3805 2872 3857 ntanat,
2925 3806 2976 3847 et
3008 3811 3099 3864 ego
3134 3796 3184 3847 in
3218 3796 3308 3847 illo
3341 3793 3537 3864 (Ibid.,

1944 3888 2058 3958 57).
2087 3890 2231 3943 Sicut
2278 3890 2410 3942 misit
2441 3905 2519 3942 me
2565 3888 2733 3942 vivens
2764 3886 2953 3951 Pater,
2986 3898 3037 3941 et
3062 3905 3153 3958 ego
3182 3889 3289 3940 vivo
3319 3898 3543 3957 propter

1947 3978 2177 4045 Putrem,
2219 3989 2265 4031 et
2293 3981 2378 4045 qui
2406 3979 2689 4031 manducet
2726 3994 2822 4041 me,
2848 3988 2897 4032 et
2925 3980 3033 4048 ipse
3058 3980 3184 4032 viret
3224 3988 3430 4048 propter
3458 3994 3551 4036 me.

1943 4074 1961 4140 (
1993 4072 2154 4139 Ibid,
2188 4072 2301 4143 58-).
2330 4073 2394 4126 Et
2421 4074 2751 4143 litigantibus
2781 4072 3004 4143 Iudicis,
3050 4081 3105 4128 et
3128 4074 3431 4129 dicentibus
3461 4073 3543 4134 ad,

1942 4168 2169 4221 invicem
2218 4167 2539 4233 :Quomodo
2588 4176 2749 4235 potest
2801 4169 2885 4221 lii:
2938 4168 3080 4221 nobis
3126 4183 3331 4221 carnem
3385 4183 3541 4225 suam

1940 4258 2159 4331 darent!
2196 4258 2615 4313 manducandum
2673 4256 2859 4327 (lbid.,
2911 4258 3045 4326 53)?
3076 4260 3225 4314 multi
3260 4261 3416 4314 etiarn
3464 4274 3537 4317 ex

1941 4359 2221 4427 discipulis
2274 4358 2391 4427 ejus
2446 4356 2725 4410 audientes
2770 4356 3068 4409 dixerunt:
3110 4354 3283 4407 Durus
3332 4364 3405 4406 est
3448 4350 3531 4405 It'ic

1938 4467 2124 4510 sermo,
2172 4451 2284 4519 quis
2337 4458 2495 4515 potest
2540 4464 2653 4500 cum
2688 4448 2870 4501 audire
2914 4446 3101 4517 (Ibid.,
3154 4446 3281 4516 (il)?
3316 4456 3531 4515 praplcr

1939 4542 2101 4612 quod,
2156 4541 2293 4595 sicut
2326 4543 2376 4594 in
2416 4541 2871 4609 consequentibus
2919 4550 3138 4593 narrat:
3178 4539 3330 4591 lilulti
3372 4539 3535 4591 elisa?

242 4624 335 4670 uel
376 4616 679 4675 Christiana
730 4624 932 4693 religio,
988 4626 1126 4680 sicut
1179 4628 1395 4697 dignum
1449 4639 1549 4693 est,
1601 4629 1835 4684 animum
1871 4644 1916 4703 D
1944 4635 2181 4701 palorum
2208 4635 2320 4702 ejus
2366 4631 2601 4685 abierunt
2622 4644 2775 4697 retro,
2801 4642 2848 4685 et
2869 4634 2983 4703 jam
3015 4648 3112 4685 non
3146 4648 3261 4685 cum
3295 4631 3390 4684 illo
3413 4647 3529 4683 ant-

241 4716 545 4776 potuerunt
570 4711 869 4785 intendere,
902 4717 1077 4771 omnia
1113 4728 1287 4774 tamen
1313 4736 1435 4775 vera
1463 4729 1517 4775 ct
1542 4731 1687 4776 recta
1716 4738 1835 4777 esse

242 4800 290 4854 in
337 4803 593 4859 Ecclesia:
636 4807 740 4862 ﬁde
783 4824 889 4863 non
928 4811 1327 4878 dubitaverunt,
1375 4824 1433 4867 ut
1468 4813 1519 4869 iu
1564 4831 1624 4870 ea
1671 4818 1831 4885 perli-

237 4894 417 4948 cie:idi
453 4907 765 4965 manerent;
820 4916 881 4956 ac
933 4918 1027 4972 per
1061 4903 1163 4957 huc
1203 4907 1273 4959 ita
1326 4906 1635 4974 credentes,
1676 4908 1826 4976 juxta

235 4989 526 5056 quemdam
557 4992 780 5058 gradum
804 5034 818 5059 ,
875 5004 929 5049 et
952 4994 1050 5065 ipsi
1084 4997 1329 5051 videntur
1359 4997 1411 5051 in
1444 4998 1548 5053 fide
1578 4999 1824 5069 perfecti,

238 5077 328 5143 qui
362 5094 423 5131 se
446 5082 803 5143 perficieudos
837 5100 900 5140 ex
932 5087 1134 5142 unitate
1170 5088 1425 5143 Ecclesia:
1458 5091 1824 5146 crediderunt.

236 5164 317 5222 Illi
372 5184 513 5240 ergo
549 5176 931 5232 excellentium
970 5180 1140 5248 gradu
1173 5181 1541 5249 intelligentiae
1595 5184 1823 5252 prazditi,

1941 4724 2182 4776 bulab::nt
2223 4721 2413 4793 (Μήτι,
2444 4720 2555 4790 67).
2595 4722 2733 4776 Ecce
2778 4732 2860 4777 est
2907 4723 2996 4776 ilic
3040 4723 3256 4788 Spiritus
3307 4718 3528 4773 rationis

1940 4815 2246 4878 impatiens,
2286 4823 2341 4867 et
2371 4815 2676 4867 auctoritati
2707 4823 2992 4868 contumax
3025 4828 3131 4883 quo
3160 4820 3386 4881 aguntur
3413 4807 3525 4861 ha:-

1936 4908 2114 4972 rctici,
2140 4908 2228 4976 qui
2260 4906 2615 4961 scandalizari
2647 4917 2701 4961 et
2729 4922 2977 4976 separare
3006 4905 3321 4973 semetipsos
3355 4900 3525 4967 magis

1932 5011 2058 5055 sunt
2087 5001 2315 5070 prompti
2342 5016 2500 5070 quam
2534 5000 2765 5055 discere.
2815 4997 3114 5068 ignorantia
3148 5009 3276 5049 vero
3312 4993 3520 5061 piorum

1936 5102 2212 5146 mansuete
2252 5093 2704 5162 opportunitatem
2739 5088 3158 5158 pt'mstolantium
3190 5084 3521 5153 disciplinae,

1930 5187 2253 5240 scrvantium
2302 5187 2559 5239 unitatem
2592 5184 2811 5251 spiritus
2844 5181 2893 5232 in
2926 5177 3134 5233 vinculo
3164 5177 3331 5246 pacis,
3364 5174 3436 5230 ita
3468 5176 3520 5230 iu

235 5259 407 5327 ipsum
442 5279 553 5320 rem
594 5268 745 5336 cujus
792 5272 841 5323 in
876 5271 1109 5326 futurum
1142 5274 1406 5330 revelatio
1446 5277 1603 5344 plena
1643 5292 1825 5330 serva-
1930 5278 2384 5348 causrqncutihus
2418 5276 2677 5342 aperitur.
2724 5270 2981 5341 Adjnngit
3028 5270 3170 5326 enim
3220 5269 3329 5325 illic
3361 5284 3520 5324 cvan-

307 5482 335 5508 ⁸
365 5474 614 5529 Abundat
652 5491 752 5530 vox
794 5478 880 5530 illa
912 5480 1135 5543 domus;
1186 5485 1304 5535 nam
1343 5481 1394 5535 in
1437 5481 1624 5538 Grmco
1658 5481 1859 5537 καταδίξ

1954 5503 1971 5535 ε
1999 5485 2090 5542 τὰς
2118 5483 2299 5551 βάσεις
2327 5482 2500 5540 αὐτῆς.

307 5655 323 5726 ξ
353 5652 488 5726 Cod.
520 5655 743 5726 Verum,
770 5655 1180 5726 Srripturarnm.

306 5725 327 5799 ξ
358 5724 498 5799 idem
523 5725 671 5799 cntl.,
702 5743 871 5799 verum
892 5724 1307 5799 intelligentiam.

300 5789 319 5865 ξ
354 5796 497 5865 lilcm
522 5798 667 5860 cnd.,
696 5798 745 5849 in
770 5798 891 5865 ﬁde.

306 5860 321 5888 ⁸
348 5863 408 5923 lu
432 5868 620 5923 eodem
651 5860 789 5939 cudf,
823 5870 955 5924 (tces!
986 5869 1195 5926 domus.

2008 5660 2027 5688 ⁵
2056 5658 2195 5710 Idem
2225 5654 2371 5717 (ειμι,
2396 5655 2501 5722 qni.

2007 5729 2025 5757 ⁶
2058 5729 2194 5780 idem
2224 5728 2365 5791 cod.,
2397 5726 2495 5777 isti.

2006 5796 2021 5825 ⁷
2049 5798 2192 5853 Ιαυιιι
2215 5796 2359 5865 cud.,
2380 5795 2445 5849 ad
2472 5810 2603 5850 eam.
